day;timestamp;product;bid_price_1;bid_volume_1;bid_price_2;bid_volume_2;bid_price_3;bid_volume_3;ask_price_1;ask_volume_1;ask_price_2;ask_volume_2;ask_price_3;ask_volume_3;mid_price;profit_and_loss
-1;0;ASH_COATED_OSMIUM;9990;21;;;;;10008;10;10010;21;;;9999.0;0.0
-1;0;HYDROGEL_PACK;9971;14;9969;30;;;9987;14;9990;30;;;9979.0;0.0
-1;0;INTARIAN_PEPPER_ROOT;13093;11;13090;20;;;13107;11;;;;;13100.0;0.0
-1;0;VELVETFRUIT_EXTRACT;5260;16;5259;35;;;5265;60;;;;;5262.5;0.0
-1;0;VEV_4000;1252;9;1249;25;;;1273;9;1276;25;;;1262.5;0.0
-1;0;VEV_4500;754;8;752;21;;;770;8;772;21;;;762.0;0.0
-1;0;VEV_5000;263;28;262;16;;;269;8;;;;;266.0;0.0
-1;0;VEV_5100;173;6;;;;;177;25;;;;;175.0;0.0
-1;0;VEV_5200;99;22;;;;;102;33;103;32;;;100.5;0.0
-1;0;VEV_5300;49;20;;;;;51;5;;;;;50.0;0.0
-1;0;VEV_5400;;;;;;;17;20;;;;;17.0;0.0
-1;0;VEV_5500;6;24;;;;;7;24;;;;;6.5;0.0
-1;0;VEV_6000;0;28;;;;;1;28;;;;;0.5;0.0
-1;0;VEV_6500;0;20;;;;;1;20;;;;;0.5;0.0
-1;100;ASH_COATED_OSMIUM;9992;10;;;;;10008;10;;;;;10000.0;0.0
-1;100;HYDROGEL_PACK;9967;14;9964;29;;;9983;14;9985;29;;;9975.0;0.0
-1;100;INTARIAN_PEPPER_ROOT;13093;10;13090;16;;;13107;10;;;;;13100.0;0.0
-1;100;VELVETFRUIT_EXTRACT;5259;18;;;;;5264;15;5265;60;5266;41;5261.5;0.0
-1;100;VEV_4000;1251;14;1249;30;;;1273;14;1275;30;;;1262.0;0.0
-1;100;VEV_4500;753;8;751;17;;;769;8;771;17;;;761.0;0.0
-1;100;VEV_5000;264;9;;;;;270;28;;;;;267.0;0.0
-1;100;VEV_5100;173;36;;;;;177;9;;;;;175.0;0.0
-1;100;VEV_5200;98;16;;;;;101;27;102;17;;;99.5;0.0
-1;100;VEV_5300;49;19;;;;;51;17;;;;;50.0;0.0
-1;100;VEV_5400;15;21;;;;;17;26;;;;;16.0;0.0
-1;100;VEV_5500;6;20;;;;;7;23;;;;;6.5;0.0
-1;100;VEV_6000;0;24;;;;;1;24;;;;;0.5;0.0
-1;100;VEV_6500;0;15;;;;;1;15;;;;;0.5;0.0
-1;200;ASH_COATED_OSMIUM;9991;15;9989;27;;;10007;15;;;;;9999.0;0.0
-1;200;HYDROGEL_PACK;9967;10;9964;21;;;9983;10;9985;21;;;9975.0;0.0
-1;200;INTARIAN_PEPPER_ROOT;13093;11;13090;22;;;13107;11;13111;22;;;13100.0;0.0
-1;200;VELVETFRUIT_EXTRACT;5259;37;5259;68;;;5265;19;;;;;5262.0;0.0
-1;200;VEV_4000;1251;11;1249;20;;;1272;11;1275;20;;;1261.5;0.0
-1;200;VEV_4500;753;6;751;18;;;771;18;;;;;762.0;0.0
-1;200;VEV_5000;264;10;263;15;;;270;10;271;22;;;267.0;0.0
-1;200;VEV_5100;172;20;;;;;;;;;;;172.0;0.0
-1;200;VEV_5200;;;;;;;102;33;103;17;;;102.0;0.0
-1;200;VEV_5300;49;21;48;16;;;51;23;;;;;50.0;0.0
-1;200;VEV_5400;15;26;;;;;;;;;;;15.0;0.0
-1;200;VEV_5500;6;20;;;;;7;28;;;;;6.5;0.0
-1;200;VEV_6000;0;21;;;;;1;21;;;;;0.5;0.0
-1;200;VEV_6500;0;16;;;;;1;16;;;;;0.5;0.0
-1;300;ASH_COATED_OSMIUM;9989;26;;;;;10007;12;;;;;9998.0;0.0
-1;300;HYDROGEL_PACK;9970;10;9967;20;;;9986;10;9988;20;;;9978.0;0.0
-1;300;INTARIAN_PEPPER_ROOT;13093;9;13090;16;;;13107;9;13111;16;;;13100.0;0.0
-1;300;VELVETFRUIT_EXTRACT;5258;61;;;;;5264;45;;;;;5261.0;0.0
-1;300;VEV_4000;1250;13;1248;17;;;1271;13;1274;17;;;1260.5;0.0
-1;300;VEV_4500;752;9;750;12;;;768;9;769;7;770;12;760.0;0.0
-1;300;VEV_5000;266;22;265;31;;;272;7;;;;;269.0;0.0
-1;300;VEV_5100;170;17;;;;;175;8;176;29;;;172.5;0.0
-1;300;VEV_5200;99;7;98;28;;;102;27;;;;;100.5;0.0
-1;300;VEV_5300;49;17;;;;;51;20;;;;;50.0;0.0
-1;300;VEV_5400;;;;;;;16;19;17;24;;;16.0;0.0
-1;300;VEV_5500;6;18;;;;;7;21;;;;;6.5;0.0
-1;300;VEV_6000;0;17;;;;;1;17;;;;;0.5;0.0
-1;300;VEV_6500;0;17;;;;;1;17;;;;;0.5;0.0
-1;400;ASH_COATED_OSMIUM;9991;11;9988;29;;;10007;11;10009;29;;;9999.0;0.0
-1;400;HYDROGEL_PACK;9971;11;9968;22;;;9987;11;9989;22;;;9979.0;0.0
-1;400;INTARIAN_PEPPER_ROOT;13093;9;13090;18;;;13107;9;13111;18;;;13100.0;0.0
-1;400;VELVETFRUIT_EXTRACT;5257;33;5257;47;;;5262;25;5263;41;;;5259.5;0.0
-1;400;VEV_4000;1251;11;1249;15;;;1273;11;1275;15;;;1262.0;0.0
-1;400;VEV_4500;753;6;752;6;751;16;769;6;771;16;;;761.0;0.0
-1;400;VEV_5000;265;13;;;;;272;12;;;;;268.5;0.0
-1;400;VEV_5100;172;6;;;;;177;14;;;;;174.5;0.0
-1;400;VEV_5200;99;7;98;26;;;101;21;102;34;;;100.0;0.0
-1;400;VEV_5300;;;;;;;;;;;;;0.0;0.0
-1;400;VEV_5400;15;17;15;21;;;17;17;;;;;16.0;0.0
-1;400;VEV_5500;6;28;;;;;7;24;;;;;6.5;0.0
-1;400;VEV_6000;0;24;;;;;1;24;;;;;0.5;0.0
-1;400;VEV_6500;0;11;;;;;1;11;;;;;0.5;0.0
-1;500;ASH_COATED_OSMIUM;9990;12;9988;22;;;10006;12;10009;22;;;9998.0;0.0
-1;500;HYDROGEL_PACK;9972;12;9970;20;;;9988;12;9991;20;;;9980.0;0.0
-1;500;INTARIAN_PEPPER_ROOT;13090;17;;;;;13108;12;13111;17;;;13099.0;0.0
-1;500;VELVETFRUIT_EXTRACT;5258;23;5257;48;;;5262;23;5263;46;;;5260.0;0.0
-1;500;VEV_4000;1251;13;1249;28;;;1272;13;1275;28;;;1261.5;0.0
-1;500;VEV_4500;750;12;749;11;748;20;766;12;;;;;758.0;0.0
-1;500;VEV_5000;268;12;;;;;275;12;;;;;271.5;0.0
-1;500;VEV_5100;173;12;;;;;177;9;;;;;175.0;0.0
-1;500;VEV_5200;98;23;97;24;;;101;29;;;;;99.5;0.0
-1;500;VEV_5300;49;23;;;;;52;25;;;;;50.5;0.0
-1;500;VEV_5400;15;26;;;;;17;25;;;;;16.0;0.0
-1;500;VEV_5500;6;27;;;;;7;23;;;;;6.5;0.0
-1;500;VEV_6000;0;18;;;;;1;18;;;;;0.5;0.0
-1;500;VEV_6500;0;17;;;;;1;17;;;;;0.5;0.0
-1;600;ASH_COATED_OSMIUM;9991;11;9988;23;;;10007;11;;;;;9999.0;0.0
-1;600;HYDROGEL_PACK;9976;15;9974;27;;;9992;15;9995;27;;;9984.0;0.0
-1;600;INTARIAN_PEPPER_ROOT;13094;12;;;;;13108;12;13111;22;;;13101.0;0.0
-1;600;VELVETFRUIT_EXTRACT;5258;21;5257;51;;;5263;30;;;;;5260.5;0.0
-1;600;VEV_4000;1251;13;1248;24;;;1272;13;1275;24;;;1261.5;0.0
-1;600;VEV_4500;751;9;750;12;749;24;767;9;768;6;769;24;759.0;0.0
-1;600;VEV_5000;267;13;;;;;274;6;275;17;;;270.5;0.0
-1;600;VEV_5100;172;8;171;29;;;176;26;177;21;;;174.0;0.0
-1;600;VEV_5200;96;12;;;;;99;10;;;;;97.5;0.0
-1;600;VEV_5300;48;20;47;16;;;50;18;;;;;49.0;0.0
-1;600;VEV_5400;15;26;;;;;16;21;17;25;;;15.5;0.0
-1;600;VEV_5500;6;29;;;;;7;18;;;;;6.5;0.0
-1;600;VEV_6000;0;18;;;;;1;18;;;;;0.5;0.0
-1;600;VEV_6500;0;16;;;;;1;16;;;;;0.5;0.0
-1;700;ASH_COATED_OSMIUM;9991;12;9988;20;;;10007;12;10009;20;;;9999.0;0.0
-1;700;HYDROGEL_PACK;9976;10;9973;30;;;9992;10;9994;30;;;9984.0;0.0
-1;700;INTARIAN_PEPPER_ROOT;13090;24;;;;;13108;12;13111;24;;;13099.0;0.0
-1;700;VELVETFRUIT_EXTRACT;5257;15;5256;31;5256;63;5262;31;;;;;5259.5;0.0
-1;700;VEV_4000;1251;8;1249;18;;;1272;8;1275;18;;;1261.5;0.0
-1;700;VEV_4500;753;9;751;24;;;769;9;770;24;771;24;761.0;0.0
-1;700;VEV_5000;266;10;;;;;272;9;273;16;;;269.0;0.0
-1;700;VEV_5100;172;11;171;20;;;176;31;177;30;;;174.0;0.0
-1;700;VEV_5200;96;28;;;;;99;33;100;24;;;97.5;0.0
-1;700;VEV_5300;48;25;;;;;50;23;;;;;49.0;0.0
-1;700;VEV_5400;16;21;15;27;;;17;23;;;;;16.5;0.0
-1;700;VEV_5500;6;10;;;;;7;29;;;;;6.5;0.0
-1;700;VEV_6000;0;25;;;;;1;25;;;;;0.5;0.0
-1;700;VEV_6500;0;11;;;;;1;11;;;;;0.5;0.0
-1;800;ASH_COATED_OSMIUM;9990;10;;;;;10006;10;10009;30;;;9998.0;0.0
-1;800;HYDROGEL_PACK;9975;15;9973;27;;;9991;15;9994;27;;;9983.0;0.0
-1;800;INTARIAN_PEPPER_ROOT;13090;24;;;;;13108;11;;;;;13099.0;0.0
-1;800;VELVETFRUIT_EXTRACT;5258;22;5257;50;;;5263;37;;;;;5260.5;0.0
-1;800;VEV_4000;1252;12;1249;26;;;1273;12;1275;26;;;1262.5;0.0
-1;800;VEV_4500;750;22;;;;;770;22;;;;;760.0;0.0
-1;800;VEV_5000;266;6;265;13;;;273;14;;;;;269.5;0.0
-1;800;VEV_5100;171;29;;;;;175;31;176;32;;;173.0;0.0
-1;800;VEV_5200;96;23;;;;;100;22;;;;;98.0;0.0
-1;800;VEV_5300;49;25;;;;;;;;;;;49.0;0.0
-1;800;VEV_5400;16;24;15;25;;;17;27;;;;;16.5;0.0
-1;800;VEV_5500;6;26;;;;;7;16;;;;;6.5;0.0
-1;800;VEV_6000;0;22;;;;;1;22;;;;;0.5;0.0
-1;800;VEV_6500;0;13;;;;;1;13;;;;;0.5;0.0
-1;900;ASH_COATED_OSMIUM;9991;10;9988;30;;;10007;10;10009;30;;;9999.0;0.0
-1;900;HYDROGEL_PACK;9973;10;9970;21;;;9989;10;9991;21;;;9981.0;0.0
-1;900;INTARIAN_PEPPER_ROOT;13094;12;13091;23;;;13108;12;13111;23;;;13101.0;0.0
-1;900;VELVETFRUIT_EXTRACT;5258;24;5258;18;;;5264;68;;;;;5261.0;0.0
-1;900;VEV_4000;1251;11;1249;26;;;1272;11;1275;26;;;1261.5;0.0
-1;900;VEV_4500;753;6;751;22;;;769;6;771;22;;;761.0;0.0
-1;900;VEV_5000;265;10;264;13;;;271;8;272;15;;;268.0;0.0
-1;900;VEV_5100;171;6;170;24;;;175;12;176;20;;;173.0;0.0
-1;900;VEV_5200;97;23;;;;;100;9;101;20;;;98.5;0.0
-1;900;VEV_5300;48;23;;;;;50;22;;;;;49.0;0.0
-1;900;VEV_5400;15;22;;;;;16;29;17;24;;;15.5;0.0
-1;900;VEV_5500;6;17;;;;;7;21;;;;;6.5;0.0
-1;900;VEV_6000;0;23;;;;;1;23;;;;;0.5;0.0
-1;900;VEV_6500;0;13;;;;;1;13;;;;;0.5;0.0
-1;1000;ASH_COATED_OSMIUM;9991;15;9988;27;;;10007;15;10009;27;;;9999.0;0.0
-1;1000;HYDROGEL_PACK;9973;12;9971;23;;;9989;12;9992;23;;;9981.0;0.0
-1;1000;INTARIAN_PEPPER_ROOT;13094;8;13091;20;;;13108;8;13111;20;;;13101.0;0.0
-1;1000;VELVETFRUIT_EXTRACT;5258;67;;;;;5264;67;;;;;5261.0;0.0
-1;1000;VEV_4000;1251;7;1249;28;;;1272;7;1275;28;;;1261.5;0.0
-1;1000;VEV_4500;753;7;752;8;751;21;769;7;771;21;;;761.0;0.0
-1;1000;VEV_5000;264;10;263;13;;;270;12;271;13;;;267.0;0.0
-1;1000;VEV_5100;171;12;170;27;;;175;10;;;;;173.0;0.0
-1;1000;VEV_5200;96;17;;;;;;;;;;;96.0;0.0
-1;1000;VEV_5300;49;26;48;21;;;51;27;;;;;50.0;0.0
-1;1000;VEV_5400;15;29;;;;;;;;;;;15.0;0.0
-1;1000;VEV_5500;6;25;;;;;7;22;;;;;6.5;0.0
-1;1000;VEV_6000;0;29;;;;;1;29;;;;;0.5;0.0
-1;1000;VEV_6500;0;14;;;;;1;14;;;;;0.5;0.0
-1;1100;ASH_COATED_OSMIUM;9991;12;9988;29;;;10007;12;10009;29;;;9999.0;0.0
-1;1100;HYDROGEL_PACK;9972;15;9970;21;;;9988;15;9991;21;;;9980.0;0.0
-1;1100;INTARIAN_PEPPER_ROOT;13091;15;;;;;13108;8;13111;15;;;13099.5;0.0
-1;1100;VELVETFRUIT_EXTRACT;5259;24;5258;17;;;5263;24;5264;49;5265;42;5261.0;0.0
-1;1100;VEV_4000;1250;15;1248;15;;;1272;15;1274;15;;;1261.0;0.0
-1;1100;VEV_4500;750;22;;;;;769;18;770;22;;;759.5;0.0
-1;1100;VEV_5000;264;6;;;;;271;21;;;;;267.5;0.0
-1;1100;VEV_5100;170;20;;;;;175;11;176;15;;;172.5;0.0
-1;1100;VEV_5200;97;8;;;;;;;;;;;97.0;0.0
-1;1100;VEV_5300;49;24;;;;;51;21;;;;;50.0;0.0
-1;1100;VEV_5400;;;;;;;17;25;;;;;17.0;0.0
-1;1100;VEV_5500;6;22;;;;;7;22;;;;;6.5;0.0
-1;1100;VEV_6000;0;23;;;;;1;23;;;;;0.5;0.0
-1;1100;VEV_6500;0;11;;;;;1;11;;;;;0.5;0.0
-1;1200;ASH_COATED_OSMIUM;9991;10;;;;;;;;;;;9991.0;0.0
-1;1200;HYDROGEL_PACK;9974;11;9971;28;;;9990;11;9992;28;;;9982.0;0.0
-1;1200;INTARIAN_PEPPER_ROOT;13091;23;;;;;13108;12;13112;23;;;13099.5;0.0
-1;1200;VELVETFRUIT_EXTRACT;5259;25;5258;49;;;5264;22;;;;;5261.5;0.0
-1;1200;VEV_4000;1251;12;1248;18;;;1272;12;1275;18;;;1261.5;0.0
-1;1200;VEV_4500;752;7;750;20;;;770;20;;;;;761.0;0.0
-1;1200;VEV_5000;263;8;262;20;;;270;22;;;;;266.5;0.0
-1;1200;VEV_5100;170;33;;;;;175;29;;;;;172.5;0.0
-1;1200;VEV_5200;;;;;;;100;20;;;;;100.0;0.0
-1;1200;VEV_5300;50;30;49;15;;;52;12;;;;;51.0;0.0
-1;1200;VEV_5400;16;28;15;16;;;17;26;;;;;16.5;0.0
-1;1200;VEV_5500;6;23;;;;;7;22;;;;;6.5;0.0
-1;1200;VEV_6000;0;22;;;;;1;22;;;;;0.5;0.0
-1;1200;VEV_6500;0;17;;;;;1;17;;;;;0.5;0.0
-1;1300;ASH_COATED_OSMIUM;9988;25;;;;;10007;10;10009;25;;;9997.5;0.0
-1;1300;HYDROGEL_PACK;9973;14;9970;30;;;9989;14;9991;30;;;9981.0;0.0
-1;1300;INTARIAN_PEPPER_ROOT;13091;19;;;;;13108;11;13112;19;;;13099.5;0.0
-1;1300;VELVETFRUIT_EXTRACT;5258;46;;;;;5263;23;5264;47;;;5260.5;0.0
-1;1300;VEV_4000;1251;12;1249;22;;;1272;12;1275;22;;;1261.5;0.0
-1;1300;VEV_4500;752;11;750;24;;;768;11;769;13;770;24;760.0;0.0
-1;1300;VEV_5000;262;8;261;15;;;268;7;269;14;;;265.0;0.0
-1;1300;VEV_5100;170;21;;;;;175;8;;;;;172.5;0.0
-1;1300;VEV_5200;97;8;96;29;;;99;33;100;26;;;98.0;0.0
-1;1300;VEV_5300;51;23;;;;;53;22;;;;;52.0;0.0
-1;1300;VEV_5400;15;24;;;;;17;19;;;;;16.0;0.0
-1;1300;VEV_5500;6;24;;;;;7;20;;;;;6.5;0.0
-1;1300;VEV_6000;0;21;;;;;1;21;;;;;0.5;0.0
-1;1300;VEV_6500;0;12;;;;;1;12;;;;;0.5;0.0
-1;1400;ASH_COATED_OSMIUM;9991;12;9988;28;;;10009;28;;;;;10000.0;0.0
-1;1400;HYDROGEL_PACK;9975;12;9972;27;;;9991;12;9993;27;;;9983.0;0.0
-1;1400;INTARIAN_PEPPER_ROOT;13091;25;;;;;13108;9;13112;25;;;13099.5;0.0
-1;1400;VELVETFRUIT_EXTRACT;5258;15;5257;59;;;5263;68;;;;;5260.5;0.0
-1;1400;VEV_4000;1249;13;1247;24;;;1271;13;1273;24;;;1260.0;0.0
-1;1400;VEV_4500;752;6;750;17;;;768;6;770;17;;;760.0;0.0
-1;1400;VEV_5000;;;;;;;268;10;269;23;;;268.0;0.0
-1;1400;VEV_5100;172;8;171;19;;;176;11;;;;;174.0;0.0
-1;1400;VEV_5200;96;8;95;13;;;98;22;99;13;;;97.0;0.0
-1;1400;VEV_5300;51;7;;;;;53;23;;;;;52.0;0.0
-1;1400;VEV_5400;16;5;15;18;;;17;21;;;;;16.5;0.0
-1;1400;VEV_5500;6;23;;;;;7;25;;;;;6.5;0.0
-1;1400;VEV_6000;0;20;;;;;1;20;;;;;0.5;0.0
-1;1400;VEV_6500;0;16;;;;;1;16;;;;;0.5;0.0
-1;1500;ASH_COATED_OSMIUM;9991;13;9989;27;;;10010;27;;;;;10000.5;0.0
-1;1500;HYDROGEL_PACK;9973;13;9970;30;;;9989;13;9991;30;;;9981.0;0.0
-1;1500;INTARIAN_PEPPER_ROOT;13094;12;13091;23;;;13109;12;;;;;13101.5;0.0
-1;1500;VELVETFRUIT_EXTRACT;5258;18;5257;48;;;5263;42;;;;;5260.5;0.0
-1;1500;VEV_4000;1251;9;1248;27;;;1272;9;;;;;1261.5;0.0
-1;1500;VEV_4500;753;6;751;20;;;771;20;;;;;762.0;0.0
-1;1500;VEV_5000;260;6;259;13;;;266;7;267;20;;;263.0;0.0
-1;1500;VEV_5100;171;27;;;;;176;8;177;20;;;173.5;0.0
-1;1500;VEV_5200;98;6;97;20;;;101;33;;;;;99.5;0.0
-1;1500;VEV_5300;50;19;;;;;;;;;;;50.0;0.0
-1;1500;VEV_5400;16;7;;;;;17;24;18;19;;;16.5;0.0
-1;1500;VEV_5500;6;30;;;;;7;26;;;;;6.5;0.0
-1;1500;VEV_6000;0;24;;;;;1;24;;;;;0.5;0.0
-1;1500;VEV_6500;0;16;;;;;1;16;;;;;0.5;0.0
-1;1600;ASH_COATED_OSMIUM;9991;15;9989;28;;;10007;15;10010;28;;;9999.0;0.0
-1;1600;HYDROGEL_PACK;9972;14;9970;30;;;9988;14;9991;30;;;9980.0;0.0
-1;1600;INTARIAN_PEPPER_ROOT;13095;11;;;;;13109;11;13112;24;;;13102.0;0.0
-1;1600;VELVETFRUIT_EXTRACT;5259;65;5259;16;;;5265;45;;;;;5262.0;0.0
-1;1600;VEV_4000;1250;11;1247;30;;;1271;11;1273;30;;;1260.5;0.0
-1;1600;VEV_4500;753;10;751;22;;;769;10;770;10;771;22;761.0;0.0
-1;1600;VEV_5000;261;23;260;12;;;267;10;;;;;264.0;0.0
-1;1600;VEV_5100;173;11;172;21;;;177;8;178;16;;;175.0;0.0
-1;1600;VEV_5200;99;11;98;29;;;101;9;;;;;100.0;0.0
-1;1600;VEV_5300;50;28;49;11;;;52;25;;;;;51.0;0.0
-1;1600;VEV_5400;16;25;;;;;;;;;;;16.0;0.0
-1;1600;VEV_5500;6;16;;;;;7;25;;;;;6.5;0.0
-1;1600;VEV_6000;0;21;;;;;1;21;;;;;0.5;0.0
-1;1600;VEV_6500;0;15;;;;;1;15;;;;;0.5;0.0
-1;1700;ASH_COATED_OSMIUM;9991;11;9989;22;;;10007;11;10010;22;;;9999.0;0.0
-1;1700;HYDROGEL_PACK;9974;10;9971;25;;;9990;10;9992;25;;;9982.0;0.0
-1;1700;INTARIAN_PEPPER_ROOT;13095;9;13091;16;;;13109;9;13112;16;;;13102.0;0.0
-1;1700;VELVETFRUIT_EXTRACT;5261;20;5260;50;;;5266;62;;;;;5263.5;0.0
-1;1700;VEV_4000;1251;12;1248;26;;;1272;12;1274;26;;;1261.5;0.0
-1;1700;VEV_4500;752;11;750;21;;;768;11;770;21;;;760.0;0.0
-1;1700;VEV_5000;261;6;;;;;267;12;268;12;;;264.0;0.0
-1;1700;VEV_5100;173;28;172;16;;;177;23;178;24;;;175.0;0.0
-1;1700;VEV_5200;98;6;;;;;100;12;101;29;;;99.0;0.0
-1;1700;VEV_5300;51;21;;;;;53;25;;;;;52.0;0.0
-1;1700;VEV_5400;16;28;;;;;18;21;;;;;17.0;0.0
-1;1700;VEV_5500;6;23;;;;;7;27;;;;;6.5;0.0
-1;1700;VEV_6000;0;21;;;;;1;21;;;;;0.5;0.0
-1;1700;VEV_6500;0;16;;;;;1;16;;;;;0.5;0.0
-1;1800;ASH_COATED_OSMIUM;9991;14;9989;20;;;10007;14;10010;20;;;9999.0;0.0
-1;1800;HYDROGEL_PACK;9972;13;9970;25;;;9988;13;9991;25;;;9980.0;0.0
-1;1800;INTARIAN_PEPPER_ROOT;13095;8;13091;15;;;;;;;;;13095.0;0.0
-1;1800;VELVETFRUIT_EXTRACT;5261;33;5261;18;5260;46;5267;46;;;;;5264.0;0.0
-1;1800;VEV_4000;1251;12;1249;30;;;1272;12;1275;30;;;1261.5;0.0
-1;1800;VEV_4500;751;10;749;19;;;767;10;769;19;;;759.0;0.0
-1;1800;VEV_5000;260;7;259;19;;;266;6;267;21;;;263.0;0.0
-1;1800;VEV_5100;173;16;;;;;178;9;179;23;;;175.5;0.0
-1;1800;VEV_5200;100;26;99;19;;;103;22;;;;;101.5;0.0
-1;1800;VEV_5300;51;26;50;13;;;53;18;;;;;52.0;0.0
-1;1800;VEV_5400;16;28;;;;;18;18;;;;;17.0;0.0
-1;1800;VEV_5500;6;21;;;;;7;16;;;;;6.5;0.0
-1;1800;VEV_6000;0;23;;;;;1;23;;;;;0.5;0.0
-1;1800;VEV_6500;0;13;;;;;1;13;;;;;0.5;0.0
-1;1900;ASH_COATED_OSMIUM;9992;12;9989;21;;;10008;12;10010;21;;;10000.0;0.0
-1;1900;HYDROGEL_PACK;9971;15;9969;23;;;9987;15;9990;23;;;9979.0;0.0
-1;1900;INTARIAN_PEPPER_ROOT;13095;12;13092;20;;;13109;12;;;;;13102.0;0.0
-1;1900;VELVETFRUIT_EXTRACT;5262;19;5261;66;;;5267;39;5268;44;;;5264.5;0.0
-1;1900;VEV_4000;1252;9;1250;24;;;1273;9;1276;24;;;1262.5;0.0
-1;1900;VEV_4500;752;7;;;;;768;7;770;13;;;760.0;0.0
-1;1900;VEV_5000;261;12;260;22;;;267;7;268;13;;;264.0;0.0
-1;1900;VEV_5100;173;11;172;24;;;177;10;178;24;;;175.0;0.0
-1;1900;VEV_5200;98;13;;;;;102;31;;;;;100.0;0.0
-1;1900;VEV_5300;51;22;50;22;;;53;28;;;;;52.0;0.0
-1;1900;VEV_5400;16;23;;;;;17;10;18;19;;;16.5;0.0
-1;1900;VEV_5500;6;20;;;;;7;24;;;;;6.5;0.0
-1;1900;VEV_6000;0;26;;;;;1;26;;;;;0.5;0.0
-1;1900;VEV_6500;0;14;;;;;1;14;;;;;0.5;0.0
-1;2000;ASH_COATED_OSMIUM;9991;15;9989;25;;;10010;25;;;;;10000.5;0.0
-1;2000;HYDROGEL_PACK;9969;14;9967;23;;;9985;14;9988;23;;;9977.0;0.0
-1;2000;INTARIAN_PEPPER_ROOT;13095;11;;;;;13109;11;13112;19;;;13102.0;0.0
-1;2000;VELVETFRUIT_EXTRACT;5263;46;5263;24;;;5268;24;5269;19;;;5265.5;0.0
-1;2000;VEV_4000;1251;8;1249;24;;;1273;8;1275;24;;;1262.0;0.0
-1;2000;VEV_4500;753;9;751;15;;;769;9;771;15;;;761.0;0.0
-1;2000;VEV_5000;260;6;259;15;;;266;31;267;12;;;263.0;0.0
-1;2000;VEV_5100;172;31;;;;;176;12;177;14;;;174.0;0.0
-1;2000;VEV_5200;99;6;;;;;102;31;;;;;100.5;0.0
-1;2000;VEV_5300;51;20;;;;;53;29;;;;;52.0;0.0
-1;2000;VEV_5400;16;17;;;;;18;25;;;;;17.0;0.0
-1;2000;VEV_5500;6;19;;;;;7;22;;;;;6.5;0.0
-1;2000;VEV_6000;0;28;;;;;1;28;;;;;0.5;0.0
-1;2000;VEV_6500;0;14;;;;;1;14;;;;;0.5;0.0
-1;2100;ASH_COATED_OSMIUM;9992;15;9989;20;;;10010;20;;;;;10001.0;0.0
-1;2100;HYDROGEL_PACK;9969;14;9967;30;;;9985;14;9988;30;;;9977.0;0.0
-1;2100;INTARIAN_PEPPER_ROOT;13095;11;13092;17;;;13109;11;13112;17;;;13102.0;0.0
-1;2100;VELVETFRUIT_EXTRACT;5263;15;5262;52;;;5267;15;5268;72;;;5265.0;0.0
-1;2100;VEV_4000;1252;12;1250;18;;;1274;12;1276;18;;;1263.0;0.0
-1;2100;VEV_4500;752;7;750;16;;;770;16;;;;;761.0;0.0
-1;2100;VEV_5000;259;12;258;16;;;265;8;266;19;;;262.0;0.0
-1;2100;VEV_5100;174;10;173;12;;;178;6;179;15;;;176.0;0.0
-1;2100;VEV_5200;99;8;98;16;;;101;6;102;29;;;100.0;0.0
-1;2100;VEV_5300;51;8;;;;;53;28;;;;;52.0;0.0
-1;2100;VEV_5400;16;16;;;;;18;27;;;;;17.0;0.0
-1;2100;VEV_5500;6;28;;;;;7;25;;;;;6.5;0.0
-1;2100;VEV_6000;0;19;;;;;1;19;;;;;0.5;0.0
-1;2100;VEV_6500;0;19;;;;;1;19;;;;;0.5;0.0
-1;2200;ASH_COATED_OSMIUM;9992;15;9989;23;;;10008;15;10010;23;;;10000.0;0.0
-1;2200;HYDROGEL_PACK;9969;11;9967;27;;;9985;11;9988;27;;;9977.0;0.0
-1;2200;INTARIAN_PEPPER_ROOT;13095;9;13092;21;;;13109;9;13113;21;;;13102.0;0.0
-1;2200;VELVETFRUIT_EXTRACT;5263;40;5263;17;;;5268;17;5269;36;;;5265.5;0.0
-1;2200;VEV_4000;1251;9;1248;27;;;1272;9;1275;27;;;1261.5;0.0
-1;2200;VEV_4500;753;10;752;10;751;14;769;10;771;14;;;761.0;0.0
-1;2200;VEV_5000;259;31;258;19;;;266;20;;;;;262.5;0.0
-1;2200;VEV_5100;174;25;173;31;;;178;30;179;17;;;176.0;0.0
-1;2200;VEV_5200;98;28;;;;;102;30;;;;;100.0;0.0
-1;2200;VEV_5300;50;23;;;;;52;23;;;;;51.0;0.0
-1;2200;VEV_5400;17;20;16;26;;;18;21;;;;;17.5;0.0
-1;2200;VEV_5500;6;9;;;;;7;24;;;;;6.5;0.0
-1;2200;VEV_6000;0;25;;;;;1;25;;;;;0.5;0.0
-1;2200;VEV_6500;0;18;;;;;1;18;;;;;0.5;0.0
-1;2300;ASH_COATED_OSMIUM;9992;12;9989;20;;;10010;20;;;;;10001.0;0.0
-1;2300;HYDROGEL_PACK;9967;14;9965;24;;;9983;14;9986;24;;;9975.0;0.0
-1;2300;INTARIAN_PEPPER_ROOT;13095;9;13092;20;;;13109;9;13113;20;;;13102.0;0.0
-1;2300;VELVETFRUIT_EXTRACT;5263;16;5262;42;5262;43;5267;16;5268;60;;;5265.0;0.0
-1;2300;VEV_4000;1251;15;1248;22;;;1272;15;1275;22;;;1261.5;0.0
-1;2300;VEV_4500;755;10;753;12;;;773;12;;;;;764.0;0.0
-1;2300;VEV_5000;259;22;258;14;;;265;8;266;20;;;262.0;0.0
-1;2300;VEV_5100;173;7;;;;;178;13;;;;;175.5;0.0
-1;2300;VEV_5200;97;24;;;;;101;15;;;;;99.0;0.0
-1;2300;VEV_5300;51;24;;;;;53;16;;;;;52.0;0.0
-1;2300;VEV_5400;17;20;16;19;;;18;24;;;;;17.5;0.0
-1;2300;VEV_5500;6;22;;;;;7;19;;;;;6.5;0.0
-1;2300;VEV_6000;0;22;;;;;1;22;;;;;0.5;0.0
-1;2300;VEV_6500;0;14;;;;;1;14;;;;;0.5;0.0
-1;2400;ASH_COATED_OSMIUM;9990;21;;;;;10008;11;10011;21;;;9999.0;0.0
-1;2400;HYDROGEL_PACK;9967;12;9965;29;;;9983;12;9986;29;;;9975.0;0.0
-1;2400;INTARIAN_PEPPER_ROOT;13095;10;13092;24;;;;;;;;;13095.0;0.0
-1;2400;VELVETFRUIT_EXTRACT;5264;39;5264;20;;;5270;31;5270;63;;;5267.0;0.0
-1;2400;VEV_4000;1251;15;1249;19;;;1272;15;1275;19;;;1261.5;0.0
-1;2400;VEV_4500;755;9;753;18;;;773;18;;;;;764.0;0.0
-1;2400;VEV_5000;261;6;260;14;;;267;12;268;16;;;264.0;0.0
-1;2400;VEV_5100;174;31;173;21;;;178;12;179;28;;;176.0;0.0
-1;2400;VEV_5200;98;29;97;23;;;100;23;101;17;;;99.0;0.0
-1;2400;VEV_5300;51;28;;;;;53;7;54;17;;;52.0;0.0
-1;2400;VEV_5400;17;19;;;;;;;;;;;17.0;0.0
-1;2400;VEV_5500;6;22;;;;;7;20;;;;;6.5;0.0
-1;2400;VEV_6000;0;26;;;;;1;26;;;;;0.5;0.0
-1;2400;VEV_6500;0;17;;;;;1;17;;;;;0.5;0.0
-1;2500;ASH_COATED_OSMIUM;9992;14;9989;26;;;10008;14;10010;26;;;10000.0;0.0
-1;2500;HYDROGEL_PACK;9964;15;9961;28;;;9980;15;9982;28;;;9972.0;0.0
-1;2500;INTARIAN_PEPPER_ROOT;13100;11;;;;;13113;16;;;;;13106.5;0.0
-1;2500;VELVETFRUIT_EXTRACT;5264;51;;;;;5269;25;5270;35;;;5266.5;0.0
-1;2500;VEV_4000;1251;10;1249;23;;;1272;10;1275;23;;;1261.5;0.0
-1;2500;VEV_4500;755;6;753;23;;;771;6;773;23;;;763.0;0.0
-1;2500;VEV_5000;260;8;259;27;;;266;12;267;24;;;263.0;0.0
-1;2500;VEV_5100;175;12;174;29;;;179;26;180;19;;;177.0;0.0
-1;2500;VEV_5200;98;24;;;;;101;23;;;;;99.5;0.0
-1;2500;VEV_5300;51;24;;;;;53;24;;;;;52.0;0.0
-1;2500;VEV_5400;16;23;;;;;18;13;;;;;17.0;0.0
-1;2500;VEV_5500;6;26;;;;;7;23;;;;;6.5;0.0
-1;2500;VEV_6000;0;16;;;;;1;16;;;;;0.5;0.0
-1;2500;VEV_6500;0;14;;;;;1;14;;;;;0.5;0.0
-1;2600;ASH_COATED_OSMIUM;9992;11;9989;29;;;10008;11;;;;;10000.0;0.0
-1;2600;HYDROGEL_PACK;9967;11;9964;26;;;9983;11;9985;26;;;9975.0;0.0
-1;2600;INTARIAN_PEPPER_ROOT;13096;10;;;;;13110;10;;;;;13103.0;0.0
-1;2600;VELVETFRUIT_EXTRACT;5264;15;;;;;5269;16;5270;42;;;5266.5;0.0
-1;2600;VEV_4000;1250;15;1248;21;;;1271;15;1274;21;;;1260.5;0.0
-1;2600;VEV_4500;755;9;753;16;;;773;16;;;;;764.0;0.0
-1;2600;VEV_5000;261;22;260;16;;;267;8;268;20;;;264.0;0.0
-1;2600;VEV_5100;174;25;173;14;;;;;;;;;174.0;0.0
-1;2600;VEV_5200;97;23;;;;;101;22;;;;;99.0;0.0
-1;2600;VEV_5300;51;22;;;;;53;22;;;;;52.0;0.0
-1;2600;VEV_5400;;;;;;;18;26;;;;;18.0;0.0
-1;2600;VEV_5500;6;19;;;;;7;23;;;;;6.5;0.0
-1;2600;VEV_6000;0;20;;;;;1;20;;;;;0.5;0.0
-1;2600;VEV_6500;0;17;;;;;1;17;;;;;0.5;0.0
-1;2700;ASH_COATED_OSMIUM;9992;10;;;;;10008;10;10011;25;;;10000.0;0.0
-1;2700;HYDROGEL_PACK;9967;14;9964;26;;;9983;14;9985;26;;;9975.0;0.0
-1;2700;INTARIAN_PEPPER_ROOT;13096;9;;;;;13113;16;;;;;13104.5;0.0
-1;2700;VELVETFRUIT_EXTRACT;5264;68;;;;;5269;17;5270;37;5270;40;5266.5;0.0
-1;2700;VEV_4000;1249;13;1247;24;;;1270;13;1273;24;;;1259.5;0.0
-1;2700;VEV_4500;756;12;754;15;;;772;12;774;15;;;764.0;0.0
-1;2700;VEV_5000;262;9;261;20;;;268;11;269;24;;;265.0;0.0
-1;2700;VEV_5100;174;22;;;;;;;;;;;174.0;0.0
-1;2700;VEV_5200;98;10;97;30;;;100;22;101;20;;;99.0;0.0
-1;2700;VEV_5300;51;20;;;;;53;24;;;;;52.0;0.0
-1;2700;VEV_5400;17;24;16;21;;;17;5;;;;;17.0;0.0
-1;2700;VEV_5500;6;27;;;;;7;19;;;;;6.5;0.0
-1;2700;VEV_6000;0;27;;;;;1;27;;;;;0.5;0.0
-1;2700;VEV_6500;0;15;;;;;1;15;;;;;0.5;0.0
-1;2800;ASH_COATED_OSMIUM;9992;10;9989;22;;;10008;10;;;;;10000.0;0.0
-1;2800;HYDROGEL_PACK;9968;14;9965;30;;;9984;14;9986;30;;;9976.0;0.0
-1;2800;INTARIAN_PEPPER_ROOT;13096;10;13092;25;;;13110;10;13113;25;;;13103.0;0.0
-1;2800;VELVETFRUIT_EXTRACT;5263;49;;;;;5269;55;;;;;5266.0;0.0
-1;2800;VEV_4000;1248;7;1246;19;;;1269;7;1272;19;;;1258.5;0.0
-1;2800;VEV_4500;;;;;;;771;9;773;13;;;771.0;0.0
-1;2800;VEV_5000;260;11;259;20;;;266;7;267;15;;;263.0;0.0
-1;2800;VEV_5100;176;7;;;;;181;18;;;;;178.5;0.0
-1;2800;VEV_5200;99;6;;;;;101;6;102;12;;;100.0;0.0
-1;2800;VEV_5300;50;26;;;;;52;27;;;;;51.0;0.0
-1;2800;VEV_5400;17;25;;;;;18;18;19;15;;;17.5;0.0
-1;2800;VEV_5500;6;19;;;;;7;21;;;;;6.5;0.0
-1;2800;VEV_6000;0;20;;;;;1;20;;;;;0.5;0.0
-1;2800;VEV_6500;0;18;;;;;1;18;;;;;0.5;0.0
-1;2900;ASH_COATED_OSMIUM;9992;10;9990;26;;;10008;10;10011;26;;;10000.0;0.0
-1;2900;HYDROGEL_PACK;9971;15;9968;24;;;9987;15;9989;24;;;9979.0;0.0
-1;2900;INTARIAN_PEPPER_ROOT;13096;12;13093;22;;;13110;12;13113;22;;;13103.0;0.0
-1;2900;VELVETFRUIT_EXTRACT;5264;22;5263;51;;;5268;22;5269;60;;;5266.0;0.0
-1;2900;VEV_4000;1249;10;1246;21;;;1270;10;1272;21;;;1259.5;0.0
-1;2900;VEV_4500;753;20;;;;;771;6;772;6;773;20;762.0;0.0
-1;2900;VEV_5000;260;14;;;;;267;12;268;22;;;263.5;0.0
-1;2900;VEV_5100;176;9;175;13;;;180;20;;;;;178.0;0.0
-1;2900;VEV_5200;98;22;;;;;101;24;102;23;;;99.5;0.0
-1;2900;VEV_5300;50;19;;;;;52;24;;;;;51.0;0.0
-1;2900;VEV_5400;17;15;;;;;19;27;;;;;18.0;0.0
-1;2900;VEV_5500;6;19;;;;;7;22;;;;;6.5;0.0
-1;2900;VEV_6000;0;27;;;;;1;27;;;;;0.5;0.0
-1;2900;VEV_6500;0;16;;;;;1;16;;;;;0.5;0.0
-1;3000;ASH_COATED_OSMIUM;9993;12;9990;26;;;10009;12;10011;26;;;10001.0;0.0
-1;3000;HYDROGEL_PACK;9969;10;9967;29;;;9985;10;9988;29;;;9977.0;0.0
-1;3000;INTARIAN_PEPPER_ROOT;13096;11;13093;18;;;13113;18;;;;;13104.5;0.0
-1;3000;VELVETFRUIT_EXTRACT;5264;69;;;;;5270;32;;;;;5267.0;0.0
-1;3000;VEV_4000;1248;10;1245;30;;;1269;10;1271;30;;;1258.5;0.0
-1;3000;VEV_4500;754;8;753;6;752;12;770;8;;;;;762.0;0.0
-1;3000;VEV_5000;262;7;261;12;;;268;7;;;;;265.0;0.0
-1;3000;VEV_5100;178;10;177;27;;;182;8;183;24;;;180.0;0.0
-1;3000;VEV_5200;99;8;;;;;102;27;;;;;100.5;0.0
-1;3000;VEV_5300;50;5;;;;;52;5;;;;;51.0;0.0
-1;3000;VEV_5400;17;20;;;;;19;23;;;;;18.0;0.0
-1;3000;VEV_5500;6;24;;;;;7;17;;;;;6.5;0.0
-1;3000;VEV_6000;0;27;;;;;1;27;;;;;0.5;0.0
-1;3000;VEV_6500;0;17;;;;;1;17;;;;;0.5;0.0
-1;3100;ASH_COATED_OSMIUM;9990;20;;;;;10011;20;;;;;10000.5;0.0
-1;3100;HYDROGEL_PACK;9973;13;9970;26;;;9989;13;9991;26;;;9981.0;0.0
-1;3100;INTARIAN_PEPPER_ROOT;;;;;;;13110;10;13113;21;;;13110.0;0.0
-1;3100;VELVETFRUIT_EXTRACT;5265;63;;;;;5271;42;;;;;5268.0;0.0
-1;3100;VEV_4000;1248;14;1246;21;;;1269;14;1272;21;;;1258.5;0.0
-1;3100;VEV_4500;754;8;752;22;;;770;8;771;6;772;22;762.0;0.0
-1;3100;VEV_5000;263;11;262;16;;;270;22;;;;;266.5;0.0
-1;3100;VEV_5100;177;11;176;14;;;181;7;182;27;;;179.0;0.0
-1;3100;VEV_5200;98;26;97;13;;;101;21;;;;;99.5;0.0
-1;3100;VEV_5300;50;22;49;11;;;52;19;;;;;51.0;0.0
-1;3100;VEV_5400;17;16;;;;;18;6;19;19;;;17.5;0.0
-1;3100;VEV_5500;6;26;;;;;7;26;;;;;6.5;0.0
-1;3100;VEV_6000;0;19;;;;;1;19;;;;;0.5;0.0
-1;3100;VEV_6500;0;17;;;;;1;17;;;;;0.5;0.0
-1;3200;ASH_COATED_OSMIUM;9992;14;9990;29;;;10008;14;10011;29;;;10000.0;0.0
-1;3200;HYDROGEL_PACK;9975;13;9972;24;;;9991;13;9993;24;;;9983.0;0.0
-1;3200;INTARIAN_PEPPER_ROOT;13096;8;;;;;13110;8;13114;15;;;13103.0;0.0
-1;3200;VELVETFRUIT_EXTRACT;5265;15;;;;;5270;17;5271;38;;;5267.5;0.0
-1;3200;VEV_4000;1247;11;1245;30;;;1269;11;1271;30;;;1258.0;0.0
-1;3200;VEV_4500;754;7;;;;;770;7;772;15;;;762.0;0.0
-1;3200;VEV_5000;265;8;264;17;;;271;10;272;14;;;268.0;0.0
-1;3200;VEV_5100;178;28;177;23;;;182;26;183;13;;;180.0;0.0
-1;3200;VEV_5200;99;6;;;;;101;30;102;31;;;100.0;0.0
-1;3200;VEV_5300;50;26;;;;;52;26;53;15;;;51.0;0.0
-1;3200;VEV_5400;;;;;;;19;22;;;;;19.0;0.0
-1;3200;VEV_5500;6;17;;;;;7;17;;;;;6.5;0.0
-1;3200;VEV_6000;0;22;;;;;1;22;;;;;0.5;0.0
-1;3200;VEV_6500;0;15;;;;;1;15;;;;;0.5;0.0
-1;3300;ASH_COATED_OSMIUM;9992;13;9989;23;;;10010;23;;;;;10001.0;0.0
-1;3300;HYDROGEL_PACK;9975;11;9973;21;;;9994;21;;;;;9984.5;0.0
-1;3300;INTARIAN_PEPPER_ROOT;13096;11;13093;16;;;13114;16;;;;;13105.0;0.0
-1;3300;VELVETFRUIT_EXTRACT;5263;47;;;;;5268;23;5269;64;5270;31;5265.5;0.0
-1;3300;VEV_4000;1247;11;1244;20;;;1268;11;1270;20;;;1257.5;0.0
-1;3300;VEV_4500;753;6;751;12;;;769;6;771;12;;;761.0;0.0
-1;3300;VEV_5000;263;24;;;;;270;8;271;24;;;266.5;0.0
-1;3300;VEV_5100;178;28;;;;;;;;;;;178.0;0.0
-1;3300;VEV_5200;98;29;;;;;101;29;102;27;;;99.5;0.0
-1;3300;VEV_5300;49;21;;;;;;;;;;;49.0;0.0
-1;3300;VEV_5400;17;25;;;;;18;20;;;;;17.5;0.0
-1;3300;VEV_5500;6;21;;;;;7;22;;;;;6.5;0.0
-1;3300;VEV_6000;0;26;;;;;1;26;;;;;0.5;0.0
-1;3300;VEV_6500;0;18;;;;;1;18;;;;;0.5;0.0
-1;3400;ASH_COATED_OSMIUM;9993;15;9990;21;;;10009;15;10011;21;;;10001.0;0.0
-1;3400;HYDROGEL_PACK;9978;23;;;;;9996;10;9999;23;;;9987.0;0.0
-1;3400;INTARIAN_PEPPER_ROOT;13093;17;;;;;13110;10;;;;;13101.5;0.0
-1;3400;VELVETFRUIT_EXTRACT;5264;65;;;;;5270;25;;;;;5267.0;0.0
-1;3400;VEV_4000;1247;10;1244;21;;;1268;10;1270;21;;;1257.5;0.0
-1;3400;VEV_4500;753;8;751;20;;;769;8;771;20;;;761.0;0.0
-1;3400;VEV_5000;263;26;262;23;;;269;9;270;13;;;266.0;0.0
-1;3400;VEV_5100;178;11;;;;;182;32;183;27;;;180.0;0.0
-1;3400;VEV_5200;97;29;;;;;101;27;;;;;99.0;0.0
-1;3400;VEV_5300;50;22;;;;;52;20;;;;;51.0;0.0
-1;3400;VEV_5400;17;24;;;;;19;25;;;;;18.0;0.0
-1;3400;VEV_5500;6;25;;;;;7;16;;;;;6.5;0.0
-1;3400;VEV_6000;0;23;;;;;1;23;;;;;0.5;0.0
-1;3400;VEV_6500;0;13;;;;;1;13;;;;;0.5;0.0
-1;3500;ASH_COATED_OSMIUM;9997;4;9992;14;;;;;;;;;9997.0;0.0
-1;3500;HYDROGEL_PACK;9978;30;;;;;9997;15;9999;30;;;9987.5;0.0
-1;3500;INTARIAN_PEPPER_ROOT;13096;8;;;;;13111;8;13114;21;;;13103.5;0.0
-1;3500;VELVETFRUIT_EXTRACT;5265;34;;;;;5271;32;;;;;5268.0;0.0
-1;3500;VEV_4000;1247;11;1245;29;;;1269;11;1271;29;;;1258.0;0.0
-1;3500;VEV_4500;752;6;750;16;;;768;6;770;16;;;760.0;0.0
-1;3500;VEV_5000;264;25;263;19;;;270;7;271;22;;;267.0;0.0
-1;3500;VEV_5100;176;11;175;29;;;180;11;181;34;;;178.0;0.0
-1;3500;VEV_5200;98;7;;;;;101;31;;;;;99.5;0.0
-1;3500;VEV_5300;50;21;;;;;52;19;52;26;;;51.0;0.0
-1;3500;VEV_5400;18;21;;;;;19;18;20;21;;;18.5;0.0
-1;3500;VEV_5500;6;19;;;;;7;20;;;;;6.5;0.0
-1;3500;VEV_6000;0;27;;;;;1;27;;;;;0.5;0.0
-1;3500;VEV_6500;0;14;;;;;1;14;;;;;0.5;0.0
-1;3600;ASH_COATED_OSMIUM;9993;11;9990;28;;;10009;11;10011;28;;;10001.0;0.0
-1;3600;HYDROGEL_PACK;9983;13;9981;29;;;9999;13;10002;29;;;9991.0;0.0
-1;3600;INTARIAN_PEPPER_ROOT;13097;8;13093;22;;;13111;8;;;;;13104.0;0.0
-1;3600;VELVETFRUIT_EXTRACT;5265;41;5265;25;;;5271;67;;;;;5268.0;0.0
-1;3600;VEV_4000;1248;14;1246;22;;;1270;14;1272;22;;;1259.0;0.0
-1;3600;VEV_4500;754;6;753;8;752;19;770;6;772;19;;;762.0;0.0
-1;3600;VEV_5000;265;7;264;34;;;271;7;272;24;;;268.0;0.0
-1;3600;VEV_5100;176;6;175;13;;;180;10;;;;;178.0;0.0
-1;3600;VEV_5200;99;8;;;;;102;23;;;;;100.5;0.0
-1;3600;VEV_5300;50;22;;;;;52;26;;;;;51.0;0.0
-1;3600;VEV_5400;18;24;18;24;;;20;24;;;;;19.0;0.0
-1;3600;VEV_5500;6;27;;;;;7;21;;;;;6.5;0.0
-1;3600;VEV_6000;0;19;;;;;1;19;;;;;0.5;0.0
-1;3600;VEV_6500;0;18;;;;;1;18;;;;;0.5;0.0
-1;3700;ASH_COATED_OSMIUM;9993;13;9990;25;;;10009;13;10011;25;;;10001.0;0.0
-1;3700;HYDROGEL_PACK;9983;15;9980;23;;;9999;15;10001;23;;;9991.0;0.0
-1;3700;INTARIAN_PEPPER_ROOT;13097;8;13093;16;;;13111;8;13114;16;;;13104.0;0.0
-1;3700;VELVETFRUIT_EXTRACT;5264;62;;;;;5270;59;;;;;5267.0;0.0
-1;3700;VEV_4000;1247;10;1245;15;;;1269;10;1271;15;;;1258.0;0.0
-1;3700;VEV_4500;753;12;;;;;771;11;773;12;;;762.0;0.0
-1;3700;VEV_5000;264;22;;;;;271;10;272;16;;;267.5;0.0
-1;3700;VEV_5100;177;12;176;29;;;181;22;182;23;;;179.0;0.0
-1;3700;VEV_5200;100;11;;;;;103;23;;;;;101.5;0.0
-1;3700;VEV_5300;50;18;;;;;52;26;;;;;51.0;0.0
-1;3700;VEV_5400;18;12;;;;;20;18;;;;;19.0;0.0
-1;3700;VEV_5500;6;22;;;;;7;26;;;;;6.5;0.0
-1;3700;VEV_6000;0;23;;;;;1;23;;;;;0.5;0.0
-1;3700;VEV_6500;0;16;;;;;1;16;;;;;0.5;0.0
-1;3800;ASH_COATED_OSMIUM;9992;11;9990;30;;;10008;11;10011;30;;;10000.0;0.0
-1;3800;HYDROGEL_PACK;9983;15;9980;20;;;9999;15;10001;20;;;9991.0;0.0
-1;3800;INTARIAN_PEPPER_ROOT;13097;12;13093;23;;;13111;12;13114;23;;;13104.0;0.0
-1;3800;VELVETFRUIT_EXTRACT;5264;56;;;;;5270;71;;;;;5267.0;0.0
-1;3800;VEV_4000;1248;12;1245;15;;;1269;12;1272;15;;;1258.5;0.0
-1;3800;VEV_4500;754;12;753;6;752;20;772;20;;;;;763.0;0.0
-1;3800;VEV_5000;266;31;265;18;;;273;17;;;;;269.5;0.0
-1;3800;VEV_5100;178;7;177;21;;;182;12;;;;;180.0;0.0
-1;3800;VEV_5200;100;22;;;;;103;7;104;12;;;101.5;0.0
-1;3800;VEV_5300;50;28;;;;;52;24;;;;;51.0;0.0
-1;3800;VEV_5400;18;16;;;;;20;13;;;;;19.0;0.0
-1;3800;VEV_5500;6;25;;;;;7;26;;;;;6.5;0.0
-1;3800;VEV_6000;0;23;;;;;1;23;;;;;0.5;0.0
-1;3800;VEV_6500;0;13;;;;;1;13;;;;;0.5;0.0
-1;3900;ASH_COATED_OSMIUM;9993;14;9990;30;;;10009;14;10011;30;;;10001.0;0.0
-1;3900;HYDROGEL_PACK;9980;10;9977;22;;;9996;10;9998;22;;;9988.0;0.0
-1;3900;INTARIAN_PEPPER_ROOT;;;;;;;13111;9;13114;20;;;13111.0;0.0
-1;3900;VELVETFRUIT_EXTRACT;5265;18;5264;25;;;5270;17;;;;;5267.5;0.0
-1;3900;VEV_4000;1249;7;1247;15;;;1270;7;1273;15;;;1259.5;0.0
-1;3900;VEV_4500;754;9;752;16;;;770;9;772;16;;;762.0;0.0
-1;3900;VEV_5000;264;13;;;;;271;23;272;13;;;267.5;0.0
-1;3900;VEV_5100;178;32;177;22;;;183;28;;;;;180.5;0.0
-1;3900;VEV_5200;100;33;99;18;;;102;24;103;30;;;101.0;0.0
-1;3900;VEV_5300;49;23;;;;;51;5;52;12;;;50.0;0.0
-1;3900;VEV_5400;;;;;;;20;29;;;;;20.0;0.0
-1;3900;VEV_5500;6;21;;;;;7;26;;;;;6.5;0.0
-1;3900;VEV_6000;0;22;;;;;1;22;;;;;0.5;0.0
-1;3900;VEV_6500;0;14;;;;;1;14;;;;;0.5;0.0
-1;4000;ASH_COATED_OSMIUM;9992;10;;;;;10008;10;10011;26;;;10000.0;0.0
-1;4000;HYDROGEL_PACK;9976;10;9974;23;;;9992;10;9995;23;;;9984.0;0.0
-1;4000;INTARIAN_PEPPER_ROOT;13097;9;13094;24;;;13111;9;;;;;13104.0;0.0
-1;4000;VELVETFRUIT_EXTRACT;5263;19;5262;56;;;5267;19;5268;60;;;5265.0;0.0
-1;4000;VEV_4000;1249;14;1246;19;;;1270;14;1273;19;;;1259.5;0.0
-1;4000;VEV_4500;755;9;;;;;771;9;773;13;;;763.0;0.0
-1;4000;VEV_5000;265;12;264;16;;;272;22;;;;;268.5;0.0
-1;4000;VEV_5100;177;6;;;;;181;8;;;;;179.0;0.0
-1;4000;VEV_5200;99;26;;;;;;;;;;;99.0;0.0
-1;4000;VEV_5300;;;;;;;51;25;;;;;51.0;0.0
-1;4000;VEV_5400;18;21;;;;;20;20;;;;;19.0;0.0
-1;4000;VEV_5500;6;24;;;;;7;29;;;;;6.5;0.0
-1;4000;VEV_6000;0;23;;;;;1;23;;;;;0.5;0.0
-1;4000;VEV_6500;0;13;;;;;1;13;;;;;0.5;0.0
-1;4100;ASH_COATED_OSMIUM;9992;12;9990;22;;;10008;12;10011;22;;;10000.0;0.0
-1;4100;HYDROGEL_PACK;9977;12;9974;21;;;9993;12;9995;21;;;9985.0;0.0
-1;4100;INTARIAN_PEPPER_ROOT;13097;9;13094;16;;;13114;16;;;;;13105.5;0.0
-1;4100;VELVETFRUIT_EXTRACT;5261;17;;;;;5267;50;5268;49;;;5264.0;0.0
-1;4100;VEV_4000;1249;9;1246;30;;;1270;9;1272;30;;;1259.5;0.0
-1;4100;VEV_4500;754;19;;;;;772;11;774;19;;;763.0;0.0
-1;4100;VEV_5000;266;23;265;22;;;272;10;273;15;;;269.0;0.0
-1;4100;VEV_5100;177;22;176;16;;;181;25;182;15;;;179.0;0.0
-1;4100;VEV_5200;100;6;99;26;;;103;29;;;;;101.5;0.0
-1;4100;VEV_5300;48;18;;;;;50;17;;;;;49.0;0.0
-1;4100;VEV_5400;;;;;;;20;26;;;;;20.0;0.0
-1;4100;VEV_5500;6;30;;;;;7;27;;;;;6.5;0.0
-1;4100;VEV_6000;0;18;;;;;1;18;;;;;0.5;0.0
-1;4100;VEV_6500;0;18;;;;;1;18;;;;;0.5;0.0
-1;4200;ASH_COATED_OSMIUM;9992;11;9990;30;;;10008;11;;;;;10000.0;0.0
-1;4200;HYDROGEL_PACK;9977;25;;;;;9995;12;9998;25;;;9986.0;0.0
-1;4200;INTARIAN_PEPPER_ROOT;13097;12;13094;21;;;13111;12;13115;21;;;13104.0;0.0
-1;4200;VELVETFRUIT_EXTRACT;5262;70;;;;;5268;40;;;;;5265.0;0.0
-1;4200;VEV_4000;1248;14;1246;21;;;1270;14;1272;21;;;1259.0;0.0
-1;4200;VEV_4500;758;12;756;22;;;774;12;775;8;776;22;766.0;0.0
-1;4200;VEV_5000;267;8;266;23;;;273;8;274;17;;;270.0;0.0
-1;4200;VEV_5100;177;26;176;18;;;;;;;;;177.0;0.0
-1;4200;VEV_5200;100;29;;;;;103;22;;;;;101.5;0.0
-1;4200;VEV_5300;48;10;47;10;;;50;23;;;;;49.0;0.0
-1;4200;VEV_5400;18;22;;;;;20;13;;;;;19.0;0.0
-1;4200;VEV_5500;6;28;;;;;7;22;;;;;6.5;0.0
-1;4200;VEV_6000;0;24;;;;;1;24;;;;;0.5;0.0
-1;4200;VEV_6500;0;15;;;;;1;15;;;;;0.5;0.0
-1;4300;ASH_COATED_OSMIUM;9992;14;;;;;10008;14;10010;24;;;10000.0;0.0
-1;4300;HYDROGEL_PACK;9981;10;9978;24;;;9999;24;;;;;9990.0;0.0
-1;4300;INTARIAN_PEPPER_ROOT;13097;12;13094;22;;;;;;;;;13097.0;0.0
-1;4300;VELVETFRUIT_EXTRACT;5262;52;;;;;5267;23;5268;31;;;5264.5;0.0
-1;4300;VEV_4000;1249;13;1246;18;;;1270;13;1272;18;;;1259.5;0.0
-1;4300;VEV_4500;756;6;754;16;;;772;6;774;16;;;764.0;0.0
-1;4300;VEV_5000;268;7;267;28;;;274;12;275;23;;;271.0;0.0
-1;4300;VEV_5100;;;;;;;182;10;183;22;;;182.0;0.0
-1;4300;VEV_5200;101;12;;;;;104;29;105;13;;;102.5;0.0
-1;4300;VEV_5300;48;29;47;19;;;;;;;;;48.0;0.0
-1;4300;VEV_5400;18;18;;;;;19;19;20;20;;;18.5;0.0
-1;4300;VEV_5500;6;16;;;;;7;23;;;;;6.5;0.0
-1;4300;VEV_6000;0;29;;;;;1;29;;;;;0.5;0.0
-1;4300;VEV_6500;0;11;;;;;1;11;;;;;0.5;0.0
-1;4400;ASH_COATED_OSMIUM;9992;12;9989;29;;;10008;12;10010;29;;;10000.0;0.0
-1;4400;HYDROGEL_PACK;9982;10;9980;23;;;9998;10;10001;23;;;9990.0;0.0
-1;4400;INTARIAN_PEPPER_ROOT;13097;9;13094;24;;;13115;24;;;;;13106.0;0.0
-1;4400;VELVETFRUIT_EXTRACT;5263;17;5262;44;;;5268;36;;;;;5265.5;0.0
-1;4400;VEV_4000;1248;8;1245;15;;;1269;8;1272;15;;;1258.5;0.0
-1;4400;VEV_4500;756;6;755;7;754;14;773;22;774;14;;;764.5;0.0
-1;4400;VEV_5000;269;8;268;12;;;275;12;276;17;;;272.0;0.0
-1;4400;VEV_5100;178;35;177;13;;;182;6;183;15;;;180.0;0.0
-1;4400;VEV_5200;101;24;;;;;104;22;105;27;;;102.5;0.0
-1;4400;VEV_5300;48;24;;;;;50;23;;;;;49.0;0.0
-1;4400;VEV_5400;18;19;18;23;;;;;;;;;18.0;0.0
-1;4400;VEV_5500;6;22;;;;;7;16;;;;;6.5;0.0
-1;4400;VEV_6000;0;30;;;;;1;30;;;;;0.5;0.0
-1;4400;VEV_6500;0;16;;;;;1;16;;;;;0.5;0.0
-1;4500;ASH_COATED_OSMIUM;9992;10;9989;27;;;10008;10;10010;27;;;10000.0;0.0
-1;4500;HYDROGEL_PACK;9982;10;9980;24;;;9998;10;10001;24;;;9990.0;0.0
-1;4500;INTARIAN_PEPPER_ROOT;13097;10;;;;;;;;;;;13097.0;0.0
-1;4500;VELVETFRUIT_EXTRACT;5263;51;;;;;5268;20;5269;33;5269;64;5265.5;0.0
-1;4500;VEV_4000;1248;13;1246;26;;;1269;13;1272;26;;;1258.5;0.0
-1;4500;VEV_4500;755;7;;;;;771;7;773;20;;;763.0;0.0
-1;4500;VEV_5000;270;7;269;21;;;277;21;;;;;273.5;0.0
-1;4500;VEV_5100;178;21;;;;;183;36;184;24;;;180.5;0.0
-1;4500;VEV_5200;103;7;102;23;;;;;;;;;103.0;0.0
-1;4500;VEV_5300;47;24;;;;;49;23;;;;;48.0;0.0
-1;4500;VEV_5400;;;;;;;18;16;;;;;18.0;0.0
-1;4500;VEV_5500;6;29;;;;;7;21;;;;;6.5;0.0
-1;4500;VEV_6000;0;22;;;;;1;22;;;;;0.5;0.0
-1;4500;VEV_6500;0;15;;;;;1;15;;;;;0.5;0.0
-1;4600;ASH_COATED_OSMIUM;9992;15;9989;24;;;10008;15;10010;24;;;10000.0;0.0
-1;4600;HYDROGEL_PACK;9981;13;9979;26;;;9997;13;10000;26;;;9989.0;0.0
-1;4600;INTARIAN_PEPPER_ROOT;13094;24;;;;;13112;12;13115;24;;;13103.0;0.0
-1;4600;VELVETFRUIT_EXTRACT;5263;19;;;;;5268;15;5269;61;;;5265.5;0.0
-1;4600;VEV_4000;1250;14;1247;22;;;1271;14;1274;22;;;1260.5;0.0
-1;4600;VEV_4500;755;10;753;13;;;771;10;773;13;;;763.0;0.0
-1;4600;VEV_5000;269;28;268;12;;;275;12;276;15;;;272.0;0.0
-1;4600;VEV_5100;180;6;179;26;;;;;;;;;180.0;0.0
-1;4600;VEV_5200;102;24;101;12;;;105;12;;;;;103.5;0.0
-1;4600;VEV_5300;47;17;;;;;49;21;;;;;48.0;0.0
-1;4600;VEV_5400;17;25;;;;;19;20;;;;;18.0;0.0
-1;4600;VEV_5500;6;26;;;;;7;26;;;;;6.5;0.0
-1;4600;VEV_6000;0;27;;;;;1;27;;;;;0.5;0.0
-1;4600;VEV_6500;0;21;;;;;1;21;;;;;0.5;0.0
-1;4700;ASH_COATED_OSMIUM;9991;15;9989;24;;;10010;24;;;;;10000.5;0.0
-1;4700;HYDROGEL_PACK;9985;14;9982;29;;;10001;14;10003;29;;;9993.0;0.0
-1;4700;INTARIAN_PEPPER_ROOT;13098;12;13094;17;;;13112;12;13115;17;;;13105.0;0.0
-1;4700;VELVETFRUIT_EXTRACT;5262;32;5262;45;;;5268;39;;;;;5265.0;0.0
-1;4700;VEV_4000;1250;11;1248;24;;;1271;11;1274;24;;;1260.5;0.0
-1;4700;VEV_4500;755;10;754;9;753;12;771;10;773;12;;;763.0;0.0
-1;4700;VEV_5000;269;12;268;25;;;275;31;276;22;;;272.0;0.0
-1;4700;VEV_5100;178;10;177;17;;;182;11;;;;;180.0;0.0
-1;4700;VEV_5200;102;29;;;;;105;28;106;13;;;103.5;0.0
-1;4700;VEV_5300;47;22;;;;;49;21;50;21;;;48.0;0.0
-1;4700;VEV_5400;;;;;;;18;20;19;18;;;18.0;0.0
-1;4700;VEV_5500;6;25;;;;;7;20;;;;;6.5;0.0
-1;4700;VEV_6000;0;28;;;;;1;28;;;;;0.5;0.0
-1;4700;VEV_6500;0;14;;;;;1;14;;;;;0.5;0.0
-1;4800;ASH_COATED_OSMIUM;9991;14;9989;22;;;10007;14;10010;22;;;9999.0;0.0
-1;4800;HYDROGEL_PACK;9986;11;9984;22;;;10002;11;10005;22;;;9994.0;0.0
-1;4800;INTARIAN_PEPPER_ROOT;13098;11;13094;20;;;13112;11;13115;20;;;13105.0;0.0
-1;4800;VELVETFRUIT_EXTRACT;5263;23;;;;;5269;45;;;;;5266.0;0.0
-1;4800;VEV_4000;1249;8;1246;24;;;1270;8;1272;24;;;1259.5;0.0
-1;4800;VEV_4500;755;9;753;19;;;771;9;773;19;;;763.0;0.0
-1;4800;VEV_5000;269;6;268;15;;;275;10;276;18;;;272.0;0.0
-1;4800;VEV_5100;179;27;;;;;183;12;;;;;181.0;0.0
-1;4800;VEV_5200;103;11;;;;;106;26;;;;;104.5;0.0
-1;4800;VEV_5300;47;17;;;;;49;25;;;;;48.0;0.0
-1;4800;VEV_5400;;;;;;;20;23;;;;;20.0;0.0
-1;4800;VEV_5500;6;20;;;;;7;28;;;;;6.5;0.0
-1;4800;VEV_6000;0;26;;;;;1;26;;;;;0.5;0.0
-1;4800;VEV_6500;0;18;;;;;1;18;;;;;0.5;0.0
-1;4900;ASH_COATED_OSMIUM;9991;11;;;;;10007;11;;;;;9999.0;0.0
-1;4900;HYDROGEL_PACK;9987;13;9985;29;;;10003;13;10006;29;;;9995.0;0.0
-1;4900;INTARIAN_PEPPER_ROOT;13098;9;13095;24;;;13112;9;13115;24;;;13105.0;0.0
-1;4900;VELVETFRUIT_EXTRACT;5265;42;;;;;5271;47;5271;51;;;5268.0;0.0
-1;4900;VEV_4000;1248;14;1245;15;;;1269;14;1272;15;;;1258.5;0.0
-1;4900;VEV_4500;754;9;752;17;;;770;9;772;17;;;762.0;0.0
-1;4900;VEV_5000;268;31;267;25;;;274;29;;;;;271.0;0.0
-1;4900;VEV_5100;177;6;176;27;;;181;33;182;36;;;179.0;0.0
-1;4900;VEV_5200;103;24;102;18;;;106;25;;;;;104.5;0.0
-1;4900;VEV_5300;;;;;;;50;23;;;;;50.0;0.0
-1;4900;VEV_5400;18;28;;;;;20;22;;;;;19.0;0.0
-1;4900;VEV_5500;6;24;;;;;7;26;;;;;6.5;0.0
-1;4900;VEV_6000;0;17;;;;;1;17;;;;;0.5;0.0
-1;4900;VEV_6500;0;14;;;;;1;14;;;;;0.5;0.0
-1;5000;ASH_COATED_OSMIUM;;;;;;;10009;28;;;;;10009.0;0.0
-1;5000;HYDROGEL_PACK;9988;12;9986;26;;;10007;26;;;;;9997.5;0.0
-1;5000;INTARIAN_PEPPER_ROOT;13095;16;;;;;13112;8;13115;16;;;13103.5;0.0
-1;5000;VELVETFRUIT_EXTRACT;5265;15;5264;39;5264;38;5270;36;5271;39;;;5267.5;0.0
-1;5000;VEV_4000;1248;11;1245;29;;;1269;11;1272;29;;;1258.5;0.0
-1;5000;VEV_4500;752;10;750;13;;;768;10;770;13;;;760.0;0.0
-1;5000;VEV_5000;269;27;268;19;;;275;18;276;15;;;272.0;0.0
-1;5000;VEV_5100;177;31;176;24;;;181;33;;;;;179.0;0.0
-1;5000;VEV_5200;103;22;102;21;;;105;11;;;;;104.0;0.0
-1;5000;VEV_5300;48;9;47;27;;;50;28;;;;;49.0;0.0
-1;5000;VEV_5400;;;;;;;20;24;;;;;20.0;0.0
-1;5000;VEV_5500;6;27;;;;;7;9;;;;;6.5;0.0
-1;5000;VEV_6000;0;24;;;;;1;24;;;;;0.5;0.0
-1;5000;VEV_6500;0;23;;;;;1;23;;;;;0.5;0.0
-1;5100;ASH_COATED_OSMIUM;9991;14;9989;22;;;10007;14;10010;22;;;9999.0;0.0
-1;5100;HYDROGEL_PACK;9984;15;9982;29;;;10000;15;10003;29;;;9992.0;0.0
-1;5100;INTARIAN_PEPPER_ROOT;13098;11;13095;17;;;13112;11;13115;17;;;13105.0;0.0
-1;5100;VELVETFRUIT_EXTRACT;5265;17;;;;;5270;18;5271;22;;;5267.5;0.0
-1;5100;VEV_4000;1246;15;1244;22;;;1267;15;1270;22;;;1256.5;0.0
-1;5100;VEV_4500;753;6;751;13;;;771;13;;;;;762.0;0.0
-1;5100;VEV_5000;269;20;;;;;276;30;277;19;;;272.5;0.0
-1;5100;VEV_5100;175;11;;;;;179;12;;;;;177.0;0.0
-1;5100;VEV_5200;102;12;;;;;105;20;106;18;;;103.5;0.0
-1;5100;VEV_5300;47;18;46;26;;;50;11;;;;;48.5;0.0
-1;5100;VEV_5400;17;19;;;;;18;17;19;19;;;17.5;0.0
-1;5100;VEV_5500;6;19;;;;;7;27;;;;;6.5;0.0
-1;5100;VEV_6000;0;23;;;;;1;23;;;;;0.5;0.0
-1;5100;VEV_6500;0;17;;;;;1;17;;;;;0.5;0.0
-1;5200;ASH_COATED_OSMIUM;9991;12;9989;29;;;10007;12;10010;29;;;9999.0;0.0
-1;5200;HYDROGEL_PACK;9985;12;9983;27;;;10001;12;10004;27;;;9993.0;0.0
-1;5200;INTARIAN_PEPPER_ROOT;13098;12;13095;25;;;13112;12;13116;25;;;13105.0;0.0
-1;5200;VELVETFRUIT_EXTRACT;5267;58;5267;17;;;5273;35;;;;;5270.0;0.0
-1;5200;VEV_4000;1245;14;1243;18;;;1266;14;1269;18;;;1255.5;0.0
-1;5200;VEV_4500;753;8;752;11;;;769;8;771;15;;;761.0;0.0
-1;5200;VEV_5000;;;;;;;276;11;277;23;;;276.0;0.0
-1;5200;VEV_5100;175;14;;;;;;;;;;;175.0;0.0
-1;5200;VEV_5200;103;32;;;;;;;;;;;103.0;0.0
-1;5200;VEV_5300;47;8;;;;;49;8;;;;;48.0;0.0
-1;5200;VEV_5400;18;24;17;28;;;19;11;;;;;18.5;0.0
-1;5200;VEV_5500;6;20;;;;;7;17;;;;;6.5;0.0
-1;5200;VEV_6000;0;24;;;;;1;24;;;;;0.5;0.0
-1;5200;VEV_6500;0;15;;;;;1;15;;;;;0.5;0.0
-1;5300;ASH_COATED_OSMIUM;9991;15;9989;27;;;10007;15;;;;;9999.0;0.0
-1;5300;HYDROGEL_PACK;9985;13;9982;30;;;10001;13;10003;30;;;9993.0;0.0
-1;5300;INTARIAN_PEPPER_ROOT;13098;11;13095;18;;;13112;11;13116;18;;;13105.0;0.0
-1;5300;VELVETFRUIT_EXTRACT;5268;52;;;;;5273;18;5274;58;;;5270.5;0.0
-1;5300;VEV_4000;1245;11;1242;15;;;1266;11;1268;15;;;1255.5;0.0
-1;5300;VEV_4500;754;9;753;12;752;15;770;9;771;12;772;15;762.0;0.0
-1;5300;VEV_5000;269;7;268;27;;;275;26;276;21;;;272.0;0.0
-1;5300;VEV_5100;175;8;;;;;179;8;180;31;;;177.0;0.0
-1;5300;VEV_5200;103;30;;;;;107;18;;;;;105.0;0.0
-1;5300;VEV_5300;47;26;;;;;49;24;;;;;48.0;0.0
-1;5300;VEV_5400;17;23;;;;;18;5;;;;;17.5;0.0
-1;5300;VEV_5500;6;20;;;;;7;28;;;;;6.5;0.0
-1;5300;VEV_6000;0;22;;;;;1;22;;;;;0.5;0.0
-1;5300;VEV_6500;0;12;;;;;1;12;;;;;0.5;0.0
-1;5400;ASH_COATED_OSMIUM;9991;10;9989;26;;;10007;10;10010;26;;;9999.0;0.0
-1;5400;HYDROGEL_PACK;9988;10;9985;23;;;10004;10;10006;23;;;9996.0;0.0
-1;5400;INTARIAN_PEPPER_ROOT;13098;11;13095;25;;;13112;11;13116;25;;;13105.0;0.0
-1;5400;VELVETFRUIT_EXTRACT;5271;24;5270;44;;;5276;67;;;;;5273.5;0.0
-1;5400;VEV_4000;1244;12;1241;29;;;1265;12;1267;29;;;1254.5;0.0
-1;5400;VEV_4500;756;8;754;15;;;772;8;774;15;;;764.0;0.0
-1;5400;VEV_5000;269;29;268;24;;;275;7;276;16;;;272.0;0.0
-1;5400;VEV_5100;175;31;174;27;;;179;11;180;30;;;177.0;0.0
-1;5400;VEV_5200;105;30;;;;;109;23;;;;;107.0;0.0
-1;5400;VEV_5300;47;5;;;;;49;22;;;;;48.0;0.0
-1;5400;VEV_5400;;;;;;;19;24;;;;;19.0;0.0
-1;5400;VEV_5500;6;22;;;;;7;24;;;;;6.5;0.0
-1;5400;VEV_6000;0;18;;;;;1;18;;;;;0.5;0.0
-1;5400;VEV_6500;0;18;;;;;1;18;;;;;0.5;0.0
-1;5500;ASH_COATED_OSMIUM;9991;12;9988;26;;;10007;12;10009;26;;;9999.0;0.0
-1;5500;HYDROGEL_PACK;9988;13;9985;24;;;10004;13;10006;24;;;9996.0;0.0
-1;5500;INTARIAN_PEPPER_ROOT;13098;11;13095;18;;;13113;11;13116;18;;;13105.5;0.0
-1;5500;VELVETFRUIT_EXTRACT;5271;40;5271;56;;;5277;59;;;;;5274.0;0.0
-1;5500;VEV_4000;1245;13;1242;16;;;1266;13;1268;16;;;1255.5;0.0
-1;5500;VEV_4500;756;10;754;15;;;772;10;773;6;774;15;764.0;0.0
-1;5500;VEV_5000;268;29;267;24;;;274;10;275;14;;;271.0;0.0
-1;5500;VEV_5100;176;10;175;18;;;180;6;;;;;178.0;0.0
-1;5500;VEV_5200;104;29;;;;;107;10;108;25;;;105.5;0.0
-1;5500;VEV_5300;48;19;;;;;50;21;;;;;49.0;0.0
-1;5500;VEV_5400;;;;;;;19;24;;;;;19.0;0.0
-1;5500;VEV_5500;6;27;;;;;7;22;;;;;6.5;0.0
-1;5500;VEV_6000;0;28;;;;;1;28;;;;;0.5;0.0
-1;5500;VEV_6500;0;15;;;;;1;15;;;;;0.5;0.0
-1;5600;ASH_COATED_OSMIUM;9991;10;9988;24;;;10007;10;;;;;9999.0;0.0
-1;5600;HYDROGEL_PACK;9986;13;9983;25;;;10002;13;10004;25;;;9994.0;0.0
-1;5600;INTARIAN_PEPPER_ROOT;13095;25;;;;;13113;9;13116;25;;;13104.0;0.0
-1;5600;VELVETFRUIT_EXTRACT;5270;23;5269;42;5269;44;5275;70;;;;;5272.5;0.0
-1;5600;VEV_4000;1245;12;1243;21;;;1266;12;1269;21;;;1255.5;0.0
-1;5600;VEV_4500;757;12;756;19;755;22;773;12;775;22;;;765.0;0.0
-1;5600;VEV_5000;270;10;;;;;276;7;277;17;;;273.0;0.0
-1;5600;VEV_5100;176;6;175;17;;;180;9;181;22;;;178.0;0.0
-1;5600;VEV_5200;106;29;;;;;109;22;;;;;107.5;0.0
-1;5600;VEV_5300;48;19;;;;;50;21;;;;;49.0;0.0
-1;5600;VEV_5400;17;22;;;;;;;;;;;17.0;0.0
-1;5600;VEV_5500;6;21;;;;;7;21;;;;;6.5;0.0
-1;5600;VEV_6000;0;24;;;;;1;24;;;;;0.5;0.0
-1;5600;VEV_6500;0;12;;;;;1;12;;;;;0.5;0.0
-1;5700;ASH_COATED_OSMIUM;10000;8;9991;14;9988;26;10007;14;10009;26;;;10003.5;0.0
-1;5700;HYDROGEL_PACK;9986;13;9984;22;;;10002;13;10005;22;;;9994.0;0.0
-1;5700;INTARIAN_PEPPER_ROOT;13099;12;13095;17;;;13113;12;13116;17;;;13106.0;0.0
-1;5700;VELVETFRUIT_EXTRACT;5270;64;5270;16;;;5276;62;;;;;5273.0;0.0
-1;5700;VEV_4000;1245;9;1243;22;;;1267;9;1269;22;;;1256.0;0.0
-1;5700;VEV_4500;756;11;754;19;;;772;11;774;19;;;764.0;0.0
-1;5700;VEV_5000;269;32;268;14;;;275;9;276;14;;;272.0;0.0
-1;5700;VEV_5100;177;20;176;31;;;181;31;182;13;;;179.0;0.0
-1;5700;VEV_5200;105;24;;;;;;;;;;;105.0;0.0
-1;5700;VEV_5300;49;20;48;19;;;51;14;51;22;;;50.0;0.0
-1;5700;VEV_5400;17;18;;;;;19;19;;;;;18.0;0.0
-1;5700;VEV_5500;6;29;;;;;7;16;;;;;6.5;0.0
-1;5700;VEV_6000;0;23;;;;;1;23;;;;;0.5;0.0
-1;5700;VEV_6500;0;16;;;;;1;16;;;;;0.5;0.0
-1;5800;ASH_COATED_OSMIUM;9991;10;9988;24;;;10007;10;10009;24;;;9999.0;0.0
-1;5800;HYDROGEL_PACK;9987;10;9985;28;;;10003;10;10006;28;;;9995.0;0.0
-1;5800;INTARIAN_PEPPER_ROOT;13099;9;;;;;13113;9;13116;18;;;13106.0;0.0
-1;5800;VELVETFRUIT_EXTRACT;5270;23;;;;;5275;21;5276;53;;;5272.5;0.0
-1;5800;VEV_4000;1247;13;1244;18;;;1268;13;1270;18;;;1257.5;0.0
-1;5800;VEV_4500;755;9;754;10;753;17;771;9;772;6;773;17;763.0;0.0
-1;5800;VEV_5000;270;10;269;17;;;276;36;;;;;273.0;0.0
-1;5800;VEV_5100;176;23;175;19;;;180;22;;;;;178.0;0.0
-1;5800;VEV_5200;105;27;;;;;108;9;109;13;;;106.5;0.0
-1;5800;VEV_5300;48;23;;;;;50;20;;;;;49.0;0.0
-1;5800;VEV_5400;17;21;;;;;;;;;;;17.0;0.0
-1;5800;VEV_5500;6;18;;;;;7;27;;;;;6.5;0.0
-1;5800;VEV_6000;0;30;;;;;1;30;;;;;0.5;0.0
-1;5800;VEV_6500;0;15;;;;;1;15;;;;;0.5;0.0
-1;5900;ASH_COATED_OSMIUM;;;;;;;10007;12;10009;23;;;10007.0;0.0
-1;5900;HYDROGEL_PACK;9986;10;9983;22;;;10002;10;10004;22;;;9994.0;0.0
-1;5900;INTARIAN_PEPPER_ROOT;13099;11;13096;25;;;13116;25;;;;;13107.5;0.0
-1;5900;VELVETFRUIT_EXTRACT;5271;18;5270;41;;;5275;18;5276;17;;;5273.0;0.0
-1;5900;VEV_4000;1249;15;1247;17;;;1270;15;1273;17;;;1259.5;0.0
-1;5900;VEV_4500;754;12;752;15;;;770;12;771;7;772;15;762.0;0.0
-1;5900;VEV_5000;271;8;270;16;;;277;12;278;12;;;274.0;0.0
-1;5900;VEV_5100;175;36;;;;;180;7;181;14;;;177.5;0.0
-1;5900;VEV_5200;106;12;105;25;;;109;21;;;;;107.5;0.0
-1;5900;VEV_5300;48;20;47;12;;;50;23;51;18;;;49.0;0.0
-1;5900;VEV_5400;;;;;;;18;8;19;19;;;18.0;0.0
-1;5900;VEV_5500;6;18;;;;;7;21;;;;;6.5;0.0
-1;5900;VEV_6000;0;18;;;;;1;18;;;;;0.5;0.0
-1;5900;VEV_6500;0;17;;;;;1;17;;;;;0.5;0.0
-1;6000;ASH_COATED_OSMIUM;9991;14;9988;21;;;10007;14;10009;21;;;9999.0;0.0
-1;6000;HYDROGEL_PACK;9987;14;9985;25;;;10003;14;10006;25;;;9995.0;0.0
-1;6000;INTARIAN_PEPPER_ROOT;13099;10;13096;23;;;13116;23;;;;;13107.5;0.0
-1;6000;VELVETFRUIT_EXTRACT;5271;24;5270;47;;;5275;24;5276;38;;;5273.0;0.0
-1;6000;VEV_4000;1248;15;1245;21;;;1269;15;1272;21;;;1258.5;0.0
-1;6000;VEV_4500;752;7;750;21;;;768;7;770;21;;;760.0;0.0
-1;6000;VEV_5000;272;8;271;17;;;278;9;;;;;275.0;0.0
-1;6000;VEV_5100;175;25;174;12;;;179;7;;;;;177.0;0.0
-1;6000;VEV_5200;104;20;;;;;108;20;;;;;106.0;0.0
-1;6000;VEV_5300;48;24;;;;;51;18;;;;;49.5;0.0
-1;6000;VEV_5400;17;16;;;;;19;21;;;;;18.0;0.0
-1;6000;VEV_5500;6;20;;;;;7;21;;;;;6.5;0.0
-1;6000;VEV_6000;0;22;;;;;1;22;;;;;0.5;0.0
-1;6000;VEV_6500;0;12;;;;;1;12;;;;;0.5;0.0
-1;6100;ASH_COATED_OSMIUM;9991;12;9988;30;;;9996;8;10007;12;10009;30;9993.5;0.0
-1;6100;HYDROGEL_PACK;9988;10;9985;30;;;10004;10;10006;30;;;9996.0;0.0
-1;6100;INTARIAN_PEPPER_ROOT;13099;12;13096;20;;;13113;12;13116;20;;;13106.0;0.0
-1;6100;VELVETFRUIT_EXTRACT;5273;37;;;;;5278;19;5279;21;;;5275.5;0.0
-1;6100;VEV_4000;1250;9;1247;16;;;1271;9;1273;16;;;1260.5;0.0
-1;6100;VEV_4500;751;7;750;6;749;16;767;7;768;15;769;16;759.0;0.0
-1;6100;VEV_5000;271;9;;;;;277;12;278;18;;;274.0;0.0
-1;6100;VEV_5100;176;10;175;30;;;181;22;;;;;178.5;0.0
-1;6100;VEV_5200;105;13;;;;;108;29;109;26;;;106.5;0.0
-1;6100;VEV_5300;;;;;;;;;;;;;0.0;0.0
-1;6100;VEV_5400;18;19;17;23;;;19;24;;;;;18.5;0.0
-1;6100;VEV_5500;6;23;;;;;7;19;;;;;6.5;0.0
-1;6100;VEV_6000;0;27;;;;;1;27;;;;;0.5;0.0
-1;6100;VEV_6500;0;15;;;;;1;15;;;;;0.5;0.0
-1;6200;ASH_COATED_OSMIUM;;;;;;;10009;21;;;;;10009.0;0.0
-1;6200;HYDROGEL_PACK;9986;11;9984;26;;;10002;11;10005;26;;;9994.0;0.0
-1;6200;INTARIAN_PEPPER_ROOT;13099;12;13096;18;;;13113;12;;;;;13106.0;0.0
-1;6200;VELVETFRUIT_EXTRACT;5273;46;;;;;5279;69;;;;;5276.0;0.0
-1;6200;VEV_4000;1251;12;1248;22;;;1272;12;1275;22;;;1261.5;0.0
-1;6200;VEV_4500;751;9;749;19;;;767;9;769;19;;;759.0;0.0
-1;6200;VEV_5000;270;10;269;12;;;276;8;277;22;;;273.0;0.0
-1;6200;VEV_5100;;;;;;;180;20;;;;;180.0;0.0
-1;6200;VEV_5200;106;28;;;;;110;27;;;;;108.0;0.0
-1;6200;VEV_5300;48;28;;;;;50;17;;;;;49.0;0.0
-1;6200;VEV_5400;18;25;;;;;20;21;;;;;19.0;0.0
-1;6200;VEV_5500;6;26;;;;;7;22;;;;;6.5;0.0
-1;6200;VEV_6000;0;21;;;;;1;21;;;;;0.5;0.0
-1;6200;VEV_6500;0;15;;;;;1;15;;;;;0.5;0.0
-1;6300;ASH_COATED_OSMIUM;9991;15;9988;26;;;10009;26;;;;;10000.0;0.0
-1;6300;HYDROGEL_PACK;9985;13;9982;24;;;10001;13;10003;24;;;9993.0;0.0
-1;6300;INTARIAN_PEPPER_ROOT;13099;10;13096;19;;;13108;11;13117;19;;;13103.5;0.0
-1;6300;VELVETFRUIT_EXTRACT;5273;18;5272;30;;;5278;17;;;;;5275.5;0.0
-1;6300;VEV_4000;1251;9;1249;20;;;1272;9;1275;20;;;1261.5;0.0
-1;6300;VEV_4500;749;12;747;22;;;765;12;767;22;;;757.0;0.0
-1;6300;VEV_5000;270;6;269;17;;;276;11;277;18;;;273.0;0.0
-1;6300;VEV_5100;175;29;;;;;181;29;;;;;178.0;0.0
-1;6300;VEV_5200;;;;;;;107;10;108;19;;;107.0;0.0
-1;6300;VEV_5300;47;5;;;;;49;23;;;;;48.0;0.0
-1;6300;VEV_5400;18;25;;;;;;;;;;;18.0;0.0
-1;6300;VEV_5500;6;25;;;;;7;24;;;;;6.5;0.0
-1;6300;VEV_6000;0;24;;;;;1;24;;;;;0.5;0.0
-1;6300;VEV_6500;0;14;;;;;1;14;;;;;0.5;0.0
-1;6400;ASH_COATED_OSMIUM;9988;21;;;;;10006;10;10009;21;;;9997.0;0.0
-1;6400;HYDROGEL_PACK;9982;13;9980;25;;;9998;13;10001;25;;;9990.0;0.0
-1;6400;INTARIAN_PEPPER_ROOT;13099;8;13096;25;;;13113;8;13117;25;;;13106.0;0.0
-1;6400;VELVETFRUIT_EXTRACT;5272;63;;;;;5277;15;5278;46;;;5274.5;0.0
-1;6400;VEV_4000;1253;12;1251;20;;;1274;12;1277;20;;;1263.5;0.0
-1;6400;VEV_4500;750;11;748;17;;;766;11;768;17;;;758.0;0.0
-1;6400;VEV_5000;270;25;269;27;;;276;10;277;12;;;273.0;0.0
-1;6400;VEV_5100;175;6;;;;;179;11;180;12;;;177.0;0.0
-1;6400;VEV_5200;105;21;104;17;;;108;17;;;;;106.5;0.0
-1;6400;VEV_5300;47;29;;;;;49;27;;;;;48.0;0.0
-1;6400;VEV_5400;;;;;;;20;24;;;;;20.0;0.0
-1;6400;VEV_5500;6;23;;;;;7;18;;;;;6.5;0.0
-1;6400;VEV_6000;0;24;;;;;1;24;;;;;0.5;0.0
-1;6400;VEV_6500;0;20;;;;;1;20;;;;;0.5;0.0
-1;6500;ASH_COATED_OSMIUM;9988;27;;;;;10009;27;;;;;9998.5;0.0
-1;6500;HYDROGEL_PACK;9982;10;9979;20;;;9998;10;10000;20;;;9990.0;0.0
-1;6500;INTARIAN_PEPPER_ROOT;13099;8;13096;22;;;13114;8;13117;22;;;13106.5;0.0
-1;6500;VELVETFRUIT_EXTRACT;5272;52;;;;;5277;20;5278;44;;;5274.5;0.0
-1;6500;VEV_4000;1253;12;1250;20;;;1274;12;1277;20;;;1263.5;0.0
-1;6500;VEV_4500;748;24;;;;;766;8;768;24;;;757.0;0.0
-1;6500;VEV_5000;270;9;;;;;276;10;277;12;;;273.0;0.0
-1;6500;VEV_5100;174;9;173;30;;;178;12;179;21;;;176.0;0.0
-1;6500;VEV_5200;106;26;;;;;109;14;;;;;107.5;0.0
-1;6500;VEV_5300;48;25;;;;;50;26;;;;;49.0;0.0
-1;6500;VEV_5400;18;24;;;;;20;19;;;;;19.0;0.0
-1;6500;VEV_5500;6;25;;;;;7;26;;;;;6.5;0.0
-1;6500;VEV_6000;0;23;;;;;1;23;;;;;0.5;0.0
-1;6500;VEV_6500;0;13;;;;;1;13;;;;;0.5;0.0
-1;6600;ASH_COATED_OSMIUM;9991;10;9988;26;;;10007;10;;;;;9999.0;0.0
-1;6600;HYDROGEL_PACK;9983;12;9980;21;;;9999;12;10001;21;;;9991.0;0.0
-1;6600;INTARIAN_PEPPER_ROOT;13100;9;13096;21;;;13114;9;;;;;13107.0;0.0
-1;6600;VELVETFRUIT_EXTRACT;5271;32;;;;;5277;24;5278;48;;;5274.0;0.0
-1;6600;VEV_4000;1253;15;1251;26;;;1274;15;1277;26;;;1263.5;0.0
-1;6600;VEV_4500;749;10;747;20;;;765;10;767;20;;;757.0;0.0
-1;6600;VEV_5000;270;28;;;;;276;12;277;23;;;273.0;0.0
-1;6600;VEV_5100;173;21;;;;;178;18;179;21;;;175.5;0.0
-1;6600;VEV_5200;104;31;;;;;107;7;108;34;;;105.5;0.0
-1;6600;VEV_5300;49;17;;;;;51;9;;;;;50.0;0.0
-1;6600;VEV_5400;18;28;;;;;20;17;;;;;19.0;0.0
-1;6600;VEV_5500;6;26;;;;;7;30;;;;;6.5;0.0
-1;6600;VEV_6000;0;27;;;;;1;27;;;;;0.5;0.0
-1;6600;VEV_6500;0;16;;;;;1;16;;;;;0.5;0.0
-1;6700;ASH_COATED_OSMIUM;9990;11;9988;28;;;10006;11;10009;28;;;9998.0;0.0
-1;6700;HYDROGEL_PACK;9981;12;9978;30;;;9997;12;9999;30;;;9989.0;0.0
-1;6700;INTARIAN_PEPPER_ROOT;13100;12;13096;24;;;13114;12;13117;24;;;13107.0;0.0
-1;6700;VELVETFRUIT_EXTRACT;5274;47;;;;;5280;31;;;;;5277.0;0.0
-1;6700;VEV_4000;1253;7;1250;23;;;1274;7;1277;23;;;1263.5;0.0
-1;6700;VEV_4500;749;7;747;16;;;765;7;767;16;;;757.0;0.0
-1;6700;VEV_5000;268;27;267;15;;;275;16;;;;;271.5;0.0
-1;6700;VEV_5100;175;8;174;12;;;179;31;180;24;;;177.0;0.0
-1;6700;VEV_5200;104;12;103;33;;;106;25;;;;;105.0;0.0
-1;6700;VEV_5300;49;5;;;;;51;26;;;;;50.0;0.0
-1;6700;VEV_5400;;;;;;;20;24;;;;;20.0;0.0
-1;6700;VEV_5500;6;23;;;;;7;21;;;;;6.5;0.0
-1;6700;VEV_6000;0;26;;;;;1;26;;;;;0.5;0.0
-1;6700;VEV_6500;0;19;;;;;1;19;;;;;0.5;0.0
-1;6800;ASH_COATED_OSMIUM;9991;13;;;;;10007;13;10009;25;;;9999.0;0.0
-1;6800;HYDROGEL_PACK;9981;12;9979;29;;;9997;12;9999;29;;;9989.0;0.0
-1;6800;INTARIAN_PEPPER_ROOT;13100;12;13096;16;;;13114;12;;;;;13107.0;0.0
-1;6800;VELVETFRUIT_EXTRACT;5275;23;5274;44;;;5279;23;5280;54;;;5277.0;0.0
-1;6800;VEV_4000;1253;9;1250;22;;;1274;9;1276;22;;;1263.5;0.0
-1;6800;VEV_4500;749;6;747;16;;;765;6;766;9;767;16;757.0;0.0
-1;6800;VEV_5000;269;7;268;14;;;275;8;276;12;;;272.0;0.0
-1;6800;VEV_5100;176;21;175;24;;;181;17;;;;;178.5;0.0
-1;6800;VEV_5200;106;6;;;;;109;19;;;;;107.5;0.0
-1;6800;VEV_5300;49;20;;;;;51;20;51;26;;;50.0;0.0
-1;6800;VEV_5400;;;;;;;19;24;20;23;;;19.0;0.0
-1;6800;VEV_5500;6;25;;;;;7;26;;;;;6.5;0.0
-1;6800;VEV_6000;0;24;;;;;1;24;;;;;0.5;0.0
-1;6800;VEV_6500;0;15;;;;;1;15;;;;;0.5;0.0
-1;6900;ASH_COATED_OSMIUM;9991;13;9989;21;;;10007;13;;;;;9999.0;0.0
-1;6900;HYDROGEL_PACK;9979;13;9977;26;;;9995;13;9998;26;;;9987.0;0.0
-1;6900;INTARIAN_PEPPER_ROOT;13100;9;13097;22;;;13114;9;;;;;13107.0;0.0
-1;6900;VELVETFRUIT_EXTRACT;5275;16;5274;30;;;5280;55;;;;;5277.5;0.0
-1;6900;VEV_4000;1254;11;1251;26;;;1275;11;1277;26;;;1264.5;0.0
-1;6900;VEV_4500;745;12;;;;;763;6;765;12;;;754.0;0.0
-1;6900;VEV_5000;268;6;267;19;;;274;7;275;13;;;271.0;0.0
-1;6900;VEV_5100;176;9;;;;;180;6;181;17;;;178.0;0.0
-1;6900;VEV_5200;105;23;;;;;109;29;;;;;107.0;0.0
-1;6900;VEV_5300;49;21;;;;;51;21;;;;;50.0;0.0
-1;6900;VEV_5400;;;;;;;20;29;;;;;20.0;0.0
-1;6900;VEV_5500;6;23;;;;;7;26;;;;;6.5;0.0
-1;6900;VEV_6000;0;17;;;;;1;17;;;;;0.5;0.0
-1;6900;VEV_6500;0;16;;;;;1;16;;;;;0.5;0.0
-1;7000;ASH_COATED_OSMIUM;9991;15;9988;30;;;10007;15;10009;30;;;9999.0;0.0
-1;7000;HYDROGEL_PACK;9978;13;9976;28;;;9994;13;9997;28;;;9986.0;0.0
-1;7000;INTARIAN_PEPPER_ROOT;13100;9;13097;23;;;13114;9;;;;;13107.0;0.0
-1;7000;VELVETFRUIT_EXTRACT;5273;43;5273;43;;;5278;17;5279;58;;;5275.5;0.0
-1;7000;VEV_4000;1255;10;1253;18;;;1276;10;1279;18;;;1265.5;0.0
-1;7000;VEV_4500;748;9;746;12;;;764;9;766;12;;;756.0;0.0
-1;7000;VEV_5000;269;6;;;;;275;9;276;13;;;272.0;0.0
-1;7000;VEV_5100;177;7;;;;;181;29;;;;;179.0;0.0
-1;7000;VEV_5200;107;24;106;24;;;110;29;;;;;108.5;0.0
-1;7000;VEV_5300;49;23;48;10;;;51;16;;;;;50.0;0.0
-1;7000;VEV_5400;;;;;;;20;20;;;;;20.0;0.0
-1;7000;VEV_5500;6;24;;;;;7;18;;;;;6.5;0.0
-1;7000;VEV_6000;0;20;;;;;1;20;;;;;0.5;0.0
-1;7000;VEV_6500;0;15;;;;;1;15;;;;;0.5;0.0
-1;7100;ASH_COATED_OSMIUM;9991;13;9988;30;;;10007;13;;;;;9999.0;0.0
-1;7100;HYDROGEL_PACK;9977;14;9975;23;;;9996;23;;;;;9986.5;0.0
-1;7100;INTARIAN_PEPPER_ROOT;13100;11;13097;20;;;13117;20;;;;;13108.5;0.0
-1;7100;VELVETFRUIT_EXTRACT;5272;50;;;;;5277;20;5278;61;;;5274.5;0.0
-1;7100;VEV_4000;1256;7;1254;16;;;1278;7;1280;16;;;1267.0;0.0
-1;7100;VEV_4500;748;6;746;14;;;764;6;766;14;;;756.0;0.0
-1;7100;VEV_5000;269;12;268;15;;;275;22;276;33;;;272.0;0.0
-1;7100;VEV_5100;176;8;;;;;180;22;181;30;;;178.0;0.0
-1;7100;VEV_5200;107;20;;;;;110;12;111;24;;;108.5;0.0
-1;7100;VEV_5300;50;26;;;;;52;7;;;;;51.0;0.0
-1;7100;VEV_5400;18;24;;;;;20;12;;;;;19.0;0.0
-1;7100;VEV_5500;6;21;;;;;7;21;;;;;6.5;0.0
-1;7100;VEV_6000;0;24;;;;;1;24;;;;;0.5;0.0
-1;7100;VEV_6500;0;16;;;;;1;16;;;;;0.5;0.0
-1;7200;ASH_COATED_OSMIUM;9991;12;9988;27;;;;;;;;;9991.0;0.0
-1;7200;HYDROGEL_PACK;9974;13;9971;22;;;9990;13;9992;22;;;9982.0;0.0
-1;7200;INTARIAN_PEPPER_ROOT;13100;11;13097;25;;;13114;11;;;;;13107.0;0.0
-1;7200;VELVETFRUIT_EXTRACT;5271;46;;;;;5276;20;5277;32;;;5273.5;0.0
-1;7200;VEV_4000;1256;14;1254;24;;;1278;14;1280;24;;;1267.0;0.0
-1;7200;VEV_4500;748;12;746;18;;;764;12;766;18;;;756.0;0.0
-1;7200;VEV_5000;268;29;;;;;275;27;276;18;;;271.5;0.0
-1;7200;VEV_5100;177;8;;;;;181;28;182;24;;;179.0;0.0
-1;7200;VEV_5200;107;28;;;;;;;;;;;107.0;0.0
-1;7200;VEV_5300;;;;;;;;;;;;;0.0;0.0
-1;7200;VEV_5400;18;12;;;;;;;;;;;18.0;0.0
-1;7200;VEV_5500;6;26;;;;;7;23;;;;;6.5;0.0
-1;7200;VEV_6000;0;27;;;;;1;27;;;;;0.5;0.0
-1;7200;VEV_6500;0;18;;;;;1;18;;;;;0.5;0.0
-1;7300;ASH_COATED_OSMIUM;9991;10;;;;;10007;10;10009;26;;;9999.0;0.0
-1;7300;HYDROGEL_PACK;9970;13;9968;20;;;9986;13;9989;20;;;9978.0;0.0
-1;7300;INTARIAN_PEPPER_ROOT;13097;19;;;;;13114;9;13118;19;;;13105.5;0.0
-1;7300;VELVETFRUIT_EXTRACT;5272;24;5271;65;;;5276;24;5277;67;;;5274.0;0.0
-1;7300;VEV_4000;1255;12;1252;29;;;1276;12;1278;29;;;1265.5;0.0
-1;7300;VEV_4500;748;11;747;11;746;12;764;11;766;12;;;756.0;0.0
-1;7300;VEV_5000;268;22;267;13;;;274;10;275;20;;;271.0;0.0
-1;7300;VEV_5100;176;29;;;;;182;28;;;;;179.0;0.0
-1;7300;VEV_5200;106;33;;;;;109;18;110;20;;;107.5;0.0
-1;7300;VEV_5300;49;20;;;;;51;26;;;;;50.0;0.0
-1;7300;VEV_5400;;;;;;;20;27;;;;;20.0;0.0
-1;7300;VEV_5500;6;19;;;;;7;15;;;;;6.5;0.0
-1;7300;VEV_6000;0;22;;;;;1;22;;;;;0.5;0.0
-1;7300;VEV_6500;0;16;;;;;1;16;;;;;0.5;0.0
-1;7400;ASH_COATED_OSMIUM;9991;13;9988;20;;;10007;13;;;;;9999.0;0.0
-1;7400;HYDROGEL_PACK;9969;15;9966;27;;;9985;15;9987;27;;;9977.0;0.0
-1;7400;INTARIAN_PEPPER_ROOT;13100;8;13097;20;;;13114;8;13118;20;;;13107.0;0.0
-1;7400;VELVETFRUIT_EXTRACT;5272;59;;;;;5277;17;5278;56;;;5274.5;0.0
-1;7400;VEV_4000;1255;10;1253;30;;;1277;10;1279;30;;;1266.0;0.0
-1;7400;VEV_4500;748;12;746;21;;;764;12;766;21;;;756.0;0.0
-1;7400;VEV_5000;266;20;;;;;273;8;274;19;;;269.5;0.0
-1;7400;VEV_5100;177;8;176;22;;;;;;;;;177.0;0.0
-1;7400;VEV_5200;107;11;106;22;;;109;28;110;34;;;108.0;0.0
-1;7400;VEV_5300;49;25;;;;;51;26;;;;;50.0;0.0
-1;7400;VEV_5400;18;19;;;;;20;26;;;;;19.0;0.0
-1;7400;VEV_5500;6;25;;;;;7;25;;;;;6.5;0.0
-1;7400;VEV_6000;0;19;;;;;1;19;;;;;0.5;0.0
-1;7400;VEV_6500;0;16;;;;;1;16;;;;;0.5;0.0
-1;7500;ASH_COATED_OSMIUM;9991;11;9988;21;;;10007;11;10009;21;;;9999.0;0.0
-1;7500;HYDROGEL_PACK;9966;10;9964;30;;;9982;10;9985;30;;;9974.0;0.0
-1;7500;INTARIAN_PEPPER_ROOT;13100;11;13097;18;;;13115;11;13118;18;;;13107.5;0.0
-1;7500;VELVETFRUIT_EXTRACT;5272;43;;;;;5278;42;;;;;5275.0;0.0
-1;7500;VEV_4000;1256;8;1253;19;;;1277;8;1279;19;;;1266.5;0.0
-1;7500;VEV_4500;748;12;746;23;;;766;23;;;;;757.0;0.0
-1;7500;VEV_5000;267;10;266;21;;;273;8;274;17;;;270.0;0.0
-1;7500;VEV_5100;177;26;;;;;181;19;182;13;;;179.0;0.0
-1;7500;VEV_5200;106;29;105;23;;;108;25;109;22;;;107.0;0.0
-1;7500;VEV_5300;48;21;;;;;50;21;;;;;49.0;0.0
-1;7500;VEV_5400;18;28;;;;;20;28;;;;;19.0;0.0
-1;7500;VEV_5500;6;25;;;;;7;24;;;;;6.5;0.0
-1;7500;VEV_6000;0;21;;;;;1;21;;;;;0.5;0.0
-1;7500;VEV_6500;0;14;;;;;1;14;;;;;0.5;0.0
-1;7600;ASH_COATED_OSMIUM;9991;11;9988;20;;;;;;;;;9991.0;0.0
-1;7600;HYDROGEL_PACK;9968;10;9966;23;;;9984;10;9987;23;;;9976.0;0.0
-1;7600;INTARIAN_PEPPER_ROOT;13101;8;13097;24;;;13115;8;13118;24;;;13108.0;0.0
-1;7600;VELVETFRUIT_EXTRACT;5271;49;;;;;5277;32;5278;47;;;5274.0;0.0
-1;7600;VEV_4000;1256;12;1253;24;;;1277;12;1280;24;;;1266.5;0.0
-1;7600;VEV_4500;745;23;;;;;763;6;765;23;;;754.0;0.0
-1;7600;VEV_5000;268;10;267;23;;;274;9;;;;;271.0;0.0
-1;7600;VEV_5100;175;33;;;;;180;10;;;;;177.5;0.0
-1;7600;VEV_5200;106;12;105;27;;;109;35;;;;;107.5;0.0
-1;7600;VEV_5300;48;20;47;18;;;50;17;;;;;49.0;0.0
-1;7600;VEV_5400;;;;;;;;;;;;;0.0;0.0
-1;7600;VEV_5500;6;19;;;;;7;22;;;;;6.5;0.0
-1;7600;VEV_6000;0;24;;;;;1;24;;;;;0.5;0.0
-1;7600;VEV_6500;0;14;;;;;1;14;;;;;0.5;0.0
-1;7700;ASH_COATED_OSMIUM;9990;10;9987;27;;;10006;10;10008;27;;;9998.0;0.0
-1;7700;HYDROGEL_PACK;9968;10;9966;26;;;9984;10;9987;26;;;9976.0;0.0
-1;7700;INTARIAN_PEPPER_ROOT;;;;;;;13115;8;;;;;13115.0;0.0
-1;7700;VELVETFRUIT_EXTRACT;5272;43;5272;20;;;5277;20;5278;58;;;5274.5;0.0
-1;7700;VEV_4000;1256;11;1254;16;;;1277;11;1280;16;;;1266.5;0.0
-1;7700;VEV_4500;747;6;746;12;745;19;763;6;764;8;765;19;755.0;0.0
-1;7700;VEV_5000;267;11;266;13;;;274;23;;;;;270.5;0.0
-1;7700;VEV_5100;177;26;176;25;;;181;6;182;12;;;179.0;0.0
-1;7700;VEV_5200;105;23;;;;;108;32;;;;;106.5;0.0
-1;7700;VEV_5300;48;23;47;17;;;50;21;;;;;49.0;0.0
-1;7700;VEV_5400;17;18;;;;;19;16;;;;;18.0;0.0
-1;7700;VEV_5500;6;24;;;;;7;18;;;;;6.5;0.0
-1;7700;VEV_6000;0;19;;;;;1;19;;;;;0.5;0.0
-1;7700;VEV_6500;0;18;;;;;1;18;;;;;0.5;0.0
-1;7800;ASH_COATED_OSMIUM;9991;13;9988;21;;;10007;13;;;;;9999.0;0.0
-1;7800;HYDROGEL_PACK;9968;14;9966;29;;;9984;14;9987;29;;;9976.0;0.0
-1;7800;INTARIAN_PEPPER_ROOT;13101;12;13097;16;;;13115;12;13118;16;;;13108.0;0.0
-1;7800;VELVETFRUIT_EXTRACT;5271;56;5271;21;;;5277;37;;;;;5274.0;0.0
-1;7800;VEV_4000;1257;8;1254;29;;;1278;8;1280;29;;;1267.5;0.0
-1;7800;VEV_4500;747;12;745;20;;;763;12;765;20;;;755.0;0.0
-1;7800;VEV_5000;265;6;264;21;;;271;7;;;;;268.0;0.0
-1;7800;VEV_5100;178;7;177;22;;;182;31;;;;;180.0;0.0
-1;7800;VEV_5200;;;;;;;109;27;;;;;109.0;0.0
-1;7800;VEV_5300;;;;;;;50;20;;;;;50.0;0.0
-1;7800;VEV_5400;;;;;;;19;16;;;;;19.0;0.0
-1;7800;VEV_5500;;;;;;;7;24;;;;;7.0;0.0
-1;7800;VEV_6000;0;17;;;;;1;17;;;;;0.5;0.0
-1;7800;VEV_6500;0;17;;;;;1;17;;;;;0.5;0.0
-1;7900;ASH_COATED_OSMIUM;9988;28;;;;;10007;14;10009;28;;;9997.5;0.0
-1;7900;HYDROGEL_PACK;9965;15;9963;20;;;9981;15;9984;20;;;9973.0;0.0
-1;7900;INTARIAN_PEPPER_ROOT;13111;7;13098;18;;;13115;10;13118;18;;;13113.0;0.0
-1;7900;VELVETFRUIT_EXTRACT;5272;24;5271;46;5271;19;5277;48;;;;;5274.5;0.0
-1;7900;VEV_4000;1258;12;1255;27;;;1279;12;1281;27;;;1268.5;0.0
-1;7900;VEV_4500;744;14;;;;;762;11;764;14;;;753.0;0.0
-1;7900;VEV_5000;264;9;263;13;;;270;6;271;31;;;267.0;0.0
-1;7900;VEV_5100;178;33;;;;;183;28;184;17;;;180.5;0.0
-1;7900;VEV_5200;106;24;105;26;;;;;;;;;106.0;0.0
-1;7900;VEV_5300;48;29;;;;;50;19;;;;;49.0;0.0
-1;7900;VEV_5400;17;24;;;;;19;16;;;;;18.0;0.0
-1;7900;VEV_5500;6;21;;;;;7;26;;;;;6.5;0.0
-1;7900;VEV_6000;0;23;;;;;1;23;;;;;0.5;0.0
-1;7900;VEV_6500;0;18;;;;;1;18;;;;;0.5;0.0
-1;8000;ASH_COATED_OSMIUM;9990;14;9988;21;;;10006;14;;;;;9998.0;0.0
-1;8000;HYDROGEL_PACK;9965;14;9963;23;;;9981;14;9984;23;;;9973.0;0.0
-1;8000;INTARIAN_PEPPER_ROOT;13101;8;13098;23;;;13115;8;13118;23;;;13108.0;0.0
-1;8000;VELVETFRUIT_EXTRACT;5273;15;5272;16;;;5278;53;;;;;5275.5;0.0
-1;8000;VEV_4000;1259;12;1256;16;;;1280;12;1282;16;;;1269.5;0.0
-1;8000;VEV_4500;747;6;745;15;;;763;6;765;15;;;755.0;0.0
-1;8000;VEV_5000;264;9;263;21;;;270;27;271;23;;;267.0;0.0
-1;8000;VEV_5100;177;30;176;15;;;;;;;;;177.0;0.0
-1;8000;VEV_5200;105;20;;;;;;;;;;;105.0;0.0
-1;8000;VEV_5300;49;22;;;;;51;25;;;;;50.0;0.0
-1;8000;VEV_5400;;;;;;;18;21;19;21;;;18.0;0.0
-1;8000;VEV_5500;6;24;;;;;7;25;;;;;6.5;0.0
-1;8000;VEV_6000;0;21;;;;;1;21;;;;;0.5;0.0
-1;8000;VEV_6500;0;15;;;;;1;15;;;;;0.5;0.0
-1;8100;ASH_COATED_OSMIUM;9990;15;;;;;;;;;;;9990.0;0.0
-1;8100;HYDROGEL_PACK;9963;13;9961;26;;;9979;13;9981;26;;;9971.0;0.0
-1;8100;INTARIAN_PEPPER_ROOT;13098;24;;;;;13110;12;13118;24;;;13104.0;0.0
-1;8100;VELVETFRUIT_EXTRACT;5272;33;;;;;5278;31;;;;;5275.0;0.0
-1;8100;VEV_4000;1258;9;1256;23;;;1279;9;1282;23;;;1268.5;0.0
-1;8100;VEV_4500;749;7;747;21;;;765;7;767;21;;;757.0;0.0
-1;8100;VEV_5000;265;12;264;20;;;272;13;;;;;268.5;0.0
-1;8100;VEV_5100;178;10;;;;;182;8;183;13;;;180.0;0.0
-1;8100;VEV_5200;105;19;;;;;108;23;109;24;;;106.5;0.0
-1;8100;VEV_5300;49;16;48;26;;;51;6;;;;;50.0;0.0
-1;8100;VEV_5400;;;;;;;18;21;19;16;;;18.0;0.0
-1;8100;VEV_5500;6;23;;;;;7;29;;;;;6.5;0.0
-1;8100;VEV_6000;0;26;;;;;1;26;;;;;0.5;0.0
-1;8100;VEV_6500;0;14;;;;;1;14;;;;;0.5;0.0
-1;8200;ASH_COATED_OSMIUM;9990;15;9988;22;;;10006;15;10009;22;;;9998.0;0.0
-1;8200;HYDROGEL_PACK;9962;15;9959;29;;;9978;15;9980;29;;;9970.0;0.0
-1;8200;INTARIAN_PEPPER_ROOT;13101;10;13098;16;;;13119;16;;;;;13110.0;0.0
-1;8200;VELVETFRUIT_EXTRACT;5272;60;;;;;5278;63;;;;;5275.0;0.0
-1;8200;VEV_4000;1256;15;1254;27;;;1278;15;1280;27;;;1267.0;0.0
-1;8200;VEV_4500;749;8;747;17;;;765;8;;;;;757.0;0.0
-1;8200;VEV_5000;;;;;;;269;29;270;17;;;269.0;0.0
-1;8200;VEV_5100;179;22;178;13;;;184;16;;;;;181.5;0.0
-1;8200;VEV_5200;106;30;;;;;109;12;110;27;;;107.5;0.0
-1;8200;VEV_5300;48;20;;;;;;;;;;;48.0;0.0
-1;8200;VEV_5400;17;25;;;;;19;28;;;;;18.0;0.0
-1;8200;VEV_5500;6;21;;;;;7;18;;;;;6.5;0.0
-1;8200;VEV_6000;0;23;;;;;1;23;;;;;0.5;0.0
-1;8200;VEV_6500;0;14;;;;;1;14;;;;;0.5;0.0
-1;8300;ASH_COATED_OSMIUM;9990;11;;;;;10006;11;;;;;9998.0;0.0
-1;8300;HYDROGEL_PACK;9969;15;9966;29;;;9985;15;9987;29;;;9977.0;0.0
-1;8300;INTARIAN_PEPPER_ROOT;13101;11;13098;22;;;13115;11;13119;22;;;13108.0;0.0
-1;8300;VELVETFRUIT_EXTRACT;5272;71;;;;;5277;25;5278;51;;;5274.5;0.0
-1;8300;VEV_4000;1256;8;1254;17;;;1278;8;1280;17;;;1267.0;0.0
-1;8300;VEV_4500;749;12;747;20;;;765;12;766;22;;;757.0;0.0
-1;8300;VEV_5000;262;11;261;23;;;269;12;;;;;265.5;0.0
-1;8300;VEV_5100;178;9;177;31;;;183;15;;;;;180.5;0.0
-1;8300;VEV_5200;106;25;105;20;;;;;;;;;106.0;0.0
-1;8300;VEV_5300;49;21;;;;;51;7;;;;;50.0;0.0
-1;8300;VEV_5400;17;20;;;;;18;21;19;27;;;17.5;0.0
-1;8300;VEV_5500;6;20;;;;;7;29;;;;;6.5;0.0
-1;8300;VEV_6000;0;24;;;;;1;24;;;;;0.5;0.0
-1;8300;VEV_6500;0;17;;;;;1;17;;;;;0.5;0.0
-1;8400;ASH_COATED_OSMIUM;9989;15;9987;25;;;;;;;;;9989.0;0.0
-1;8400;HYDROGEL_PACK;9969;15;9966;25;;;9985;15;9987;25;;;9977.0;0.0
-1;8400;INTARIAN_PEPPER_ROOT;13098;21;;;;;13115;11;13119;21;;;13106.5;0.0
-1;8400;VELVETFRUIT_EXTRACT;5275;17;5274;37;5274;58;5280;63;;;;;5277.5;0.0
-1;8400;VEV_4000;1255;7;1252;28;;;1276;7;1279;28;;;1265.5;0.0
-1;8400;VEV_4500;748;8;747;6;746;19;764;8;766;19;;;756.0;0.0
-1;8400;VEV_5000;260;13;;;;;267;27;268;36;;;263.5;0.0
-1;8400;VEV_5100;175;23;;;;;180;25;181;21;;;177.5;0.0
-1;8400;VEV_5200;107;24;106;33;;;109;2;;;;;108.0;0.0
-1;8400;VEV_5300;49;23;48;11;;;51;20;;;;;50.0;0.0
-1;8400;VEV_5400;18;18;18;19;;;19;6;20;24;;;18.5;0.0
-1;8400;VEV_5500;6;27;;;;;7;23;;;;;6.5;0.0
-1;8400;VEV_6000;0;20;;;;;1;20;;;;;0.5;0.0
-1;8400;VEV_6500;0;20;;;;;1;20;;;;;0.5;0.0
-1;8500;ASH_COATED_OSMIUM;9989;15;9987;22;;;10005;15;10008;22;;;9997.0;0.0
-1;8500;HYDROGEL_PACK;9966;12;9963;24;;;9982;12;9984;24;;;9974.0;0.0
-1;8500;INTARIAN_PEPPER_ROOT;13101;8;13098;18;;;13116;8;13119;18;;;13108.5;0.0
-1;8500;VELVETFRUIT_EXTRACT;5274;53;;;;;5280;34;;;;;5277.0;0.0
-1;8500;VEV_4000;1254;11;1252;15;;;1275;11;1278;15;;;1264.5;0.0
-1;8500;VEV_4500;748;8;746;21;;;764;8;766;21;;;756.0;0.0
-1;8500;VEV_5000;261;10;260;31;;;267;9;268;20;;;264.0;0.0
-1;8500;VEV_5100;176;12;;;;;181;24;;;;;178.5;0.0
-1;8500;VEV_5200;106;24;;;;;109;10;110;21;;;107.5;0.0
-1;8500;VEV_5300;49;20;;;;;51;27;;;;;50.0;0.0
-1;8500;VEV_5400;;;;;;;19;5;;;;;19.0;0.0
-1;8500;VEV_5500;6;23;;;;;7;27;;;;;6.5;0.0
-1;8500;VEV_6000;0;25;;;;;1;25;;;;;0.5;0.0
-1;8500;VEV_6500;0;19;;;;;1;19;;;;;0.5;0.0
-1;8600;ASH_COATED_OSMIUM;9990;15;9987;28;;;10006;15;10008;28;;;9998.0;0.0
-1;8600;HYDROGEL_PACK;9968;14;9966;22;;;9984;14;9987;22;;;9976.0;0.0
-1;8600;INTARIAN_PEPPER_ROOT;13102;8;;;;;13116;8;;;;;13109.0;0.0
-1;8600;VELVETFRUIT_EXTRACT;5275;21;5274;62;;;5280;40;5281;35;;;5277.5;0.0
-1;8600;VEV_4000;1254;11;1252;30;;;1276;11;1278;30;;;1265.0;0.0
-1;8600;VEV_4500;747;12;745;12;;;763;12;764;8;765;12;755.0;0.0
-1;8600;VEV_5000;262;8;;;;;268;12;269;19;;;265.0;0.0
-1;8600;VEV_5100;175;11;174;18;;;180;15;;;;;177.5;0.0
-1;8600;VEV_5200;106;32;;;;;109;9;110;29;;;107.5;0.0
-1;8600;VEV_5300;49;26;;;;;51;28;52;22;;;50.0;0.0
-1;8600;VEV_5400;17;17;;;;;19;27;;;;;18.0;0.0
-1;8600;VEV_5500;6;20;;;;;7;22;;;;;6.5;0.0
-1;8600;VEV_6000;0;29;;;;;1;29;;;;;0.5;0.0
-1;8600;VEV_6500;0;20;;;;;1;20;;;;;0.5;0.0
-1;8700;ASH_COATED_OSMIUM;9990;15;9987;23;;;10006;15;;;;;9998.0;0.0
-1;8700;HYDROGEL_PACK;9967;12;9965;29;;;9983;12;9986;29;;;9975.0;0.0
-1;8700;INTARIAN_PEPPER_ROOT;;;;;;;13116;9;13119;24;;;13116.0;0.0
-1;8700;VELVETFRUIT_EXTRACT;5276;64;;;;;5282;39;5282;36;;;5279.0;0.0
-1;8700;VEV_4000;1254;13;1251;17;;;1275;13;1278;17;;;1264.5;0.0
-1;8700;VEV_4500;747;10;745;20;;;763;10;765;20;;;755.0;0.0
-1;8700;VEV_5000;262;10;261;17;;;268;24;269;12;;;265.0;0.0
-1;8700;VEV_5100;173;21;172;28;;;177;27;;;;;175.0;0.0
-1;8700;VEV_5200;106;28;105;16;;;108;31;109;32;;;107.0;0.0
-1;8700;VEV_5300;49;19;;;;;51;21;;;;;50.0;0.0
-1;8700;VEV_5400;18;25;17;24;;;18;21;;;;;18.0;0.0
-1;8700;VEV_5500;6;18;;;;;7;26;;;;;6.5;0.0
-1;8700;VEV_6000;0;24;;;;;1;24;;;;;0.5;0.0
-1;8700;VEV_6500;0;11;;;;;1;11;;;;;0.5;0.0
-1;8800;ASH_COATED_OSMIUM;9995;2;9990;12;9987;24;10006;12;10008;24;;;10000.5;0.0
-1;8800;HYDROGEL_PACK;9967;15;9965;23;;;9983;15;9986;23;;;9975.0;0.0
-1;8800;INTARIAN_PEPPER_ROOT;;;;;;;13116;8;13119;18;;;13116.0;0.0
-1;8800;VELVETFRUIT_EXTRACT;5274;44;;;;;5279;23;5280;34;;;5276.5;0.0
-1;8800;VEV_4000;1255;7;1252;22;;;1276;7;1279;22;;;1265.5;0.0
-1;8800;VEV_4500;746;6;744;16;;;762;6;764;16;;;754.0;0.0
-1;8800;VEV_5000;262;9;261;20;;;268;7;269;14;;;265.0;0.0
-1;8800;VEV_5100;171;7;170;22;;;175;8;176;18;;;173.0;0.0
-1;8800;VEV_5200;104;24;;;;;108;21;;;;;106.0;0.0
-1;8800;VEV_5300;49;22;;;;;51;24;;;;;50.0;0.0
-1;8800;VEV_5400;18;17;18;18;;;19;20;20;27;;;18.5;0.0
-1;8800;VEV_5500;6;19;;;;;7;19;;;;;6.5;0.0
-1;8800;VEV_6000;0;25;;;;;1;25;;;;;0.5;0.0
-1;8800;VEV_6500;0;20;;;;;1;20;;;;;0.5;0.0
-1;8900;ASH_COATED_OSMIUM;9990;13;9987;23;;;10006;13;10008;23;;;9998.0;0.0
-1;8900;HYDROGEL_PACK;9965;10;9962;29;;;9981;10;9983;29;;;9973.0;0.0
-1;8900;INTARIAN_PEPPER_ROOT;13099;16;;;;;13116;8;13119;16;;;13107.5;0.0
-1;8900;VELVETFRUIT_EXTRACT;5274;50;;;;;5280;66;;;;;5277.0;0.0
-1;8900;VEV_4000;1255;15;1253;23;;;1276;15;1279;23;;;1265.5;0.0
-1;8900;VEV_4500;744;14;;;;;762;12;764;14;;;753.0;0.0
-1;8900;VEV_5000;263;11;262;23;;;269;6;270;21;;;266.0;0.0
-1;8900;VEV_5100;171;12;170;21;;;175;31;;;;;173.0;0.0
-1;8900;VEV_5200;104;27;;;;;108;24;;;;;106.0;0.0
-1;8900;VEV_5300;49;8;;;;;51;25;51;22;;;50.0;0.0
-1;8900;VEV_5400;18;19;;;;;20;17;;;;;19.0;0.0
-1;8900;VEV_5500;6;12;;;;;7;27;;;;;6.5;0.0
-1;8900;VEV_6000;0;21;;;;;1;21;;;;;0.5;0.0
-1;8900;VEV_6500;0;20;;;;;1;20;;;;;0.5;0.0
-1;9000;ASH_COATED_OSMIUM;9990;13;9987;22;;;10006;13;10008;22;;;9998.0;0.0
-1;9000;HYDROGEL_PACK;9964;12;9962;24;;;9980;12;9983;24;;;9972.0;0.0
-1;9000;INTARIAN_PEPPER_ROOT;13102;11;13099;20;;;13116;11;13119;20;;;13109.0;0.0
-1;9000;VELVETFRUIT_EXTRACT;5274;49;;;;;5279;17;5280;41;;;5276.5;0.0
-1;9000;VEV_4000;1256;12;1253;22;;;1277;12;1279;22;;;1266.5;0.0
-1;9000;VEV_4500;746;7;744;13;;;762;7;764;13;;;754.0;0.0
-1;9000;VEV_5000;261;29;;;;;267;8;;;;;264.0;0.0
-1;9000;VEV_5100;172;12;171;23;;;177;22;;;;;174.5;0.0
-1;9000;VEV_5200;105;10;104;27;;;108;23;;;;;106.5;0.0
-1;9000;VEV_5300;48;26;;;;;50;9;51;16;;;49.0;0.0
-1;9000;VEV_5400;18;28;;;;;20;20;;;;;19.0;0.0
-1;9000;VEV_5500;6;24;;;;;7;25;;;;;6.5;0.0
-1;9000;VEV_6000;0;20;;;;;1;20;;;;;0.5;0.0
-1;9000;VEV_6500;0;19;;;;;1;19;;;;;0.5;0.0
-1;9100;ASH_COATED_OSMIUM;;;;;;;10009;25;;;;;10009.0;0.0
-1;9100;HYDROGEL_PACK;9963;12;9961;20;;;9979;12;9981;20;;;9971.0;0.0
-1;9100;INTARIAN_PEPPER_ROOT;13102;8;;;;;13116;8;;;;;13109.0;0.0
-1;9100;VELVETFRUIT_EXTRACT;5274;60;;;;;5279;25;5280;71;5281;31;5276.5;0.0
-1;9100;VEV_4000;1254;7;1251;20;;;1275;7;1278;20;;;1264.5;0.0
-1;9100;VEV_4500;746;7;745;9;744;18;762;7;764;18;;;754.0;0.0
-1;9100;VEV_5000;262;29;261;22;;;269;13;;;;;265.5;0.0
-1;9100;VEV_5100;169;12;;;;;174;9;175;19;;;171.5;0.0
-1;9100;VEV_5200;105;8;104;22;;;107;20;108;23;;;106.0;0.0
-1;9100;VEV_5300;48;19;;;;;;;;;;;48.0;0.0
-1;9100;VEV_5400;18;25;18;19;;;20;16;;;;;19.0;0.0
-1;9100;VEV_5500;6;20;;;;;7;20;;;;;6.5;0.0
-1;9100;VEV_6000;0;19;;;;;1;19;;;;;0.5;0.0
-1;9100;VEV_6500;0;18;;;;;1;18;;;;;0.5;0.0
-1;9200;ASH_COATED_OSMIUM;;;;;;;10006;11;10008;25;;;10006.0;0.0
-1;9200;HYDROGEL_PACK;9964;15;9962;24;;;9980;15;9983;24;;;9972.0;0.0
-1;9200;INTARIAN_PEPPER_ROOT;13102;8;13099;25;;;;;;;;;13102.0;0.0
-1;9200;VELVETFRUIT_EXTRACT;5276;16;5275;48;;;5281;30;;;;;5278.5;0.0
-1;9200;VEV_4000;1253;9;1251;18;;;1275;9;1277;18;;;1264.0;0.0
-1;9200;VEV_4500;748;12;746;24;;;764;12;765;18;766;24;756.0;0.0
-1;9200;VEV_5000;261;12;;;;;268;11;269;20;;;264.5;0.0
-1;9200;VEV_5100;168;21;;;;;;;;;;;168.0;0.0
-1;9200;VEV_5200;104;32;;;;;;;;;;;104.0;0.0
-1;9200;VEV_5300;47;20;;;;;49;22;;;;;48.0;0.0
-1;9200;VEV_5400;18;19;;;;;19;5;20;19;;;18.5;0.0
-1;9200;VEV_5500;6;19;;;;;7;29;;;;;6.5;0.0
-1;9200;VEV_6000;0;23;;;;;1;23;;;;;0.5;0.0
-1;9200;VEV_6500;0;18;;;;;1;18;;;;;0.5;0.0
-1;9300;ASH_COATED_OSMIUM;9988;23;;;;;10006;13;10009;23;;;9997.0;0.0
-1;9300;HYDROGEL_PACK;9969;12;9966;20;;;9985;12;9987;20;;;9977.0;0.0
-1;9300;INTARIAN_PEPPER_ROOT;13102;8;13099;25;;;13116;8;13120;25;;;13109.0;0.0
-1;9300;VELVETFRUIT_EXTRACT;5275;34;5275;19;;;5280;19;5281;44;;;5277.5;0.0
-1;9300;VEV_4000;1253;13;1250;16;;;1274;13;1277;16;;;1263.5;0.0
-1;9300;VEV_4500;748;8;746;15;;;764;8;765;9;766;15;756.0;0.0
-1;9300;VEV_5000;262;8;261;12;;;268;9;269;12;;;265.0;0.0
-1;9300;VEV_5100;168;9;167;19;;;172;11;173;24;;;170.0;0.0
-1;9300;VEV_5200;105;9;104;22;;;107;33;;;;;106.0;0.0
-1;9300;VEV_5300;48;24;47;14;;;50;5;;;;;49.0;0.0
-1;9300;VEV_5400;17;27;;;;;19;20;;;;;18.0;0.0
-1;9300;VEV_5500;6;20;;;;;7;23;;;;;6.5;0.0
-1;9300;VEV_6000;0;20;;;;;1;20;;;;;0.5;0.0
-1;9300;VEV_6500;0;16;;;;;1;16;;;;;0.5;0.0
-1;9400;ASH_COATED_OSMIUM;9990;11;9987;24;;;10006;11;10008;24;;;9998.0;0.0
-1;9400;HYDROGEL_PACK;9970;13;9967;27;;;9986;13;9988;27;;;9978.0;0.0
-1;9400;INTARIAN_PEPPER_ROOT;13099;20;;;;;13116;11;13120;20;;;13107.5;0.0
-1;9400;VELVETFRUIT_EXTRACT;5275;43;;;;;5280;18;5281;71;;;5277.5;0.0
-1;9400;VEV_4000;1253;12;1250;24;;;1274;12;1276;24;;;1263.5;0.0
-1;9400;VEV_4500;749;8;747;12;;;765;8;767;12;;;757.0;0.0
-1;9400;VEV_5000;263;9;262;21;;;269;11;;;;;266.0;0.0
-1;9400;VEV_5100;169;17;;;;;174;12;;;;;171.5;0.0
-1;9400;VEV_5200;104;21;;;;;107;26;;;;;105.5;0.0
-1;9400;VEV_5300;48;18;;;;;50;30;;;;;49.0;0.0
-1;9400;VEV_5400;18;20;;;;;20;25;;;;;19.0;0.0
-1;9400;VEV_5500;6;18;;;;;7;22;;;;;6.5;0.0
-1;9400;VEV_6000;0;18;;;;;1;18;;;;;0.5;0.0
-1;9400;VEV_6500;0;17;;;;;1;17;;;;;0.5;0.0
-1;9500;ASH_COATED_OSMIUM;9990;14;9988;30;;;10006;14;10009;30;;;9998.0;0.0
-1;9500;HYDROGEL_PACK;9970;24;;;;;9989;15;9991;24;;;9979.5;0.0
-1;9500;INTARIAN_PEPPER_ROOT;13102;9;13099;21;;;13117;9;13120;21;;;13109.5;0.0
-1;9500;VELVETFRUIT_EXTRACT;5275;19;5274;49;;;5279;19;5280;56;5281;47;5277.0;0.0
-1;9500;VEV_4000;1254;12;1252;30;;;1276;12;1278;30;;;1265.0;0.0
-1;9500;VEV_4500;748;6;746;14;;;764;6;766;14;;;756.0;0.0
-1;9500;VEV_5000;262;6;261;24;;;268;10;269;19;;;265.0;0.0
-1;9500;VEV_5100;171;31;170;21;;;175;27;;;;;173.0;0.0
-1;9500;VEV_5200;104;22;;;;;;;;;;;104.0;0.0
-1;9500;VEV_5300;48;20;;;;;50;22;51;26;;;49.0;0.0
-1;9500;VEV_5400;18;29;;;;;20;16;;;;;19.0;0.0
-1;9500;VEV_5500;6;22;;;;;7;29;;;;;6.5;0.0
-1;9500;VEV_6000;0;24;;;;;1;24;;;;;0.5;0.0
-1;9500;VEV_6500;0;17;;;;;1;17;;;;;0.5;0.0
-1;9600;ASH_COATED_OSMIUM;9990;13;9988;28;;;10006;13;10009;28;;;9998.0;0.0
-1;9600;HYDROGEL_PACK;9973;11;9971;20;;;9989;11;9992;20;;;9981.0;0.0
-1;9600;INTARIAN_PEPPER_ROOT;13103;9;13099;21;;;13117;9;13120;21;;;13110.0;0.0
-1;9600;VELVETFRUIT_EXTRACT;5273;74;;;;;5278;16;5279;30;;;5275.5;0.0
-1;9600;VEV_4000;1255;9;1253;24;;;1276;9;1279;24;;;1265.5;0.0
-1;9600;VEV_4500;748;10;746;19;;;764;10;766;19;;;756.0;0.0
-1;9600;VEV_5000;262;7;261;12;;;268;28;269;15;;;265.0;0.0
-1;9600;VEV_5100;172;7;171;21;;;177;14;;;;;174.5;0.0
-1;9600;VEV_5200;105;21;104;28;;;107;31;108;22;;;106.0;0.0
-1;9600;VEV_5300;47;17;46;16;;;49;22;;;;;48.0;0.0
-1;9600;VEV_5400;18;19;;;;;20;23;;;;;19.0;0.0
-1;9600;VEV_5500;6;22;;;;;7;20;;;;;6.5;0.0
-1;9600;VEV_6000;0;20;;;;;1;20;;;;;0.5;0.0
-1;9600;VEV_6500;0;12;;;;;1;12;;;;;0.5;0.0
-1;9700;ASH_COATED_OSMIUM;9989;10;9987;25;;;10008;25;;;;;9998.5;0.0
-1;9700;HYDROGEL_PACK;9975;12;9972;24;;;9991;12;9993;24;;;9983.0;0.0
-1;9700;INTARIAN_PEPPER_ROOT;13103;10;13099;17;;;13117;10;13120;17;;;13110.0;0.0
-1;9700;VELVETFRUIT_EXTRACT;5273;45;;;;;5279;75;;;;;5276.0;0.0
-1;9700;VEV_4000;1254;9;1251;18;;;1275;9;1278;18;;;1264.5;0.0
-1;9700;VEV_4500;749;6;747;14;;;767;14;;;;;758.0;0.0
-1;9700;VEV_5000;261;8;260;22;;;267;8;268;12;;;264.0;0.0
-1;9700;VEV_5100;172;9;171;19;;;176;30;177;24;;;174.0;0.0
-1;9700;VEV_5200;105;24;;;;;109;18;;;;;107.0;0.0
-1;9700;VEV_5300;48;25;;;;;50;25;;;;;49.0;0.0
-1;9700;VEV_5400;;;;;;;20;16;;;;;20.0;0.0
-1;9700;VEV_5500;6;22;;;;;7;22;;;;;6.5;0.0
-1;9700;VEV_6000;0;15;;;;;1;15;;;;;0.5;0.0
-1;9700;VEV_6500;0;10;;;;;1;10;;;;;0.5;0.0
-1;9800;ASH_COATED_OSMIUM;9987;25;;;;;10006;13;10008;25;;;9996.5;0.0
-1;9800;HYDROGEL_PACK;9972;15;9970;21;;;9988;15;9991;21;;;9980.0;0.0
-1;9800;INTARIAN_PEPPER_ROOT;13103;9;;;;;13117;9;13120;15;;;13110.0;0.0
-1;9800;VELVETFRUIT_EXTRACT;5274;65;;;;;5280;15;;;;;5277.0;0.0
-1;9800;VEV_4000;1252;13;1249;17;;;1273;13;1276;17;;;1262.5;0.0
-1;9800;VEV_4500;748;11;746;21;;;764;11;766;21;;;756.0;0.0
-1;9800;VEV_5000;263;6;262;24;;;269;9;270;13;;;266.0;0.0
-1;9800;VEV_5100;172;11;171;21;;;176;8;;;;;174.0;0.0
-1;9800;VEV_5200;106;35;105;28;;;109;23;;;;;107.5;0.0
-1;9800;VEV_5300;48;23;;;;;50;19;;;;;49.0;0.0
-1;9800;VEV_5400;17;20;;;;;18;23;19;23;;;17.5;0.0
-1;9800;VEV_5500;6;21;;;;;7;19;;;;;6.5;0.0
-1;9800;VEV_6000;0;19;;;;;1;19;;;;;0.5;0.0
-1;9800;VEV_6500;0;18;;;;;1;18;;;;;0.5;0.0
-1;9900;ASH_COATED_OSMIUM;9990;14;9987;22;;;10006;14;10008;22;;;9998.0;0.0
-1;9900;HYDROGEL_PACK;9970;11;9968;21;;;9986;11;9989;21;;;9978.0;0.0
-1;9900;INTARIAN_PEPPER_ROOT;13103;12;;;;;13120;20;;;;;13111.5;0.0
-1;9900;VELVETFRUIT_EXTRACT;5273;61;;;;;5279;59;;;;;5276.0;0.0
-1;9900;VEV_4000;1252;9;1249;15;;;1273;9;1276;15;;;1262.5;0.0
-1;9900;VEV_4500;749;8;747;19;;;765;8;767;19;;;757.0;0.0
-1;9900;VEV_5000;264;12;263;17;;;270;8;271;25;;;267.0;0.0
-1;9900;VEV_5100;;;;;;;176;21;;;;;176.0;0.0
-1;9900;VEV_5200;106;7;105;23;;;109;23;;;;;107.5;0.0
-1;9900;VEV_5300;47;29;;;;;49;23;50;16;;;48.0;0.0
-1;9900;VEV_5400;18;18;;;;;19;24;;;;;18.5;0.0
-1;9900;VEV_5500;6;27;;;;;7;16;;;;;6.5;0.0
-1;9900;VEV_6000;0;27;;;;;1;27;;;;;0.5;0.0
-1;9900;VEV_6500;0;17;;;;;1;17;;;;;0.5;0.0
-1;10000;ASH_COATED_OSMIUM;9987;26;;;;;10005;10;;;;;9996.0;0.0
-1;10000;HYDROGEL_PACK;9969;15;9966;23;;;9985;15;9987;23;;;9977.0;0.0
-1;10000;INTARIAN_PEPPER_ROOT;13103;12;;;;;13117;12;13120;25;;;13110.0;0.0
-1;10000;VELVETFRUIT_EXTRACT;5274;56;;;;;5280;52;;;;;5277.0;0.0
-1;10000;VEV_4000;1254;13;1251;28;;;1275;13;1278;28;;;1264.5;0.0
-1;10000;VEV_4500;749;10;747;14;;;765;10;767;14;;;757.0;0.0
-1;10000;VEV_5000;265;31;264;20;;;271;12;272;14;;;268.0;0.0
-1;10000;VEV_5100;172;10;171;35;;;177;18;;;;;174.5;0.0
-1;10000;VEV_5200;107;10;106;24;;;110;23;;;;;108.5;0.0
-1;10000;VEV_5300;46;18;;;;;48;25;49;25;;;47.0;0.0
-1;10000;VEV_5400;17;19;;;;;19;21;;;;;18.0;0.0
-1;10000;VEV_5500;6;19;;;;;7;24;;;;;6.5;0.0
-1;10000;VEV_6000;0;22;;;;;1;22;;;;;0.5;0.0
-1;10000;VEV_6500;0;16;;;;;1;16;;;;;0.5;0.0
-1;10100;ASH_COATED_OSMIUM;9987;24;;;;;10006;11;10008;24;;;9996.5;0.0
-1;10100;HYDROGEL_PACK;9969;15;9966;20;;;9985;15;9987;20;;;9977.0;0.0
-1;10100;INTARIAN_PEPPER_ROOT;13103;12;13100;24;;;13112;5;13120;24;;;13107.5;0.0
-1;10100;VELVETFRUIT_EXTRACT;5275;45;5275;19;;;5280;19;5281;25;;;5277.5;0.0
-1;10100;VEV_4000;1255;7;1252;28;;;1276;7;1279;28;;;1265.5;0.0
-1;10100;VEV_4500;749;6;748;8;747;18;765;6;766;9;767;18;757.0;0.0
-1;10100;VEV_5000;264;6;263;21;;;270;8;271;14;;;267.0;0.0
-1;10100;VEV_5100;171;29;170;20;;;176;24;;;;;173.5;0.0
-1;10100;VEV_5200;108;10;;;;;110;9;;;;;109.0;0.0
-1;10100;VEV_5300;46;24;;;;;48;20;;;;;47.0;0.0
-1;10100;VEV_5400;17;18;;;;;19;20;;;;;18.0;0.0
-1;10100;VEV_5500;6;23;;;;;7;24;;;;;6.5;0.0
-1;10100;VEV_6000;0;28;;;;;1;28;;;;;0.5;0.0
-1;10100;VEV_6500;0;18;;;;;1;18;;;;;0.5;0.0
-1;10200;ASH_COATED_OSMIUM;9990;10;9987;29;;;10006;10;10008;29;;;9998.0;0.0
-1;10200;HYDROGEL_PACK;9968;14;9965;30;;;9984;14;9986;30;;;9976.0;0.0
-1;10200;INTARIAN_PEPPER_ROOT;13103;10;13100;24;;;13117;10;13121;24;;;13110.0;0.0
-1;10200;VELVETFRUIT_EXTRACT;5276;33;;;;;5281;17;5282;40;;;5278.5;0.0
-1;10200;VEV_4000;1254;9;1252;19;;;1276;9;1278;19;;;1265.0;0.0
-1;10200;VEV_4500;749;10;747;17;;;765;10;767;17;;;757.0;0.0
-1;10200;VEV_5000;265;10;264;20;;;271;10;;;;;268.0;0.0
-1;10200;VEV_5100;173;7;172;27;;;;;;;;;173.0;0.0
-1;10200;VEV_5200;107;26;;;;;111;28;;;;;109.0;0.0
-1;10200;VEV_5300;46;26;;;;;48;27;;;;;47.0;0.0
-1;10200;VEV_5400;17;19;;;;;19;29;;;;;18.0;0.0
-1;10200;VEV_5500;6;20;;;;;7;23;;;;;6.5;0.0
-1;10200;VEV_6000;0;18;;;;;1;18;;;;;0.5;0.0
-1;10200;VEV_6500;0;17;;;;;1;17;;;;;0.5;0.0
-1;10300;ASH_COATED_OSMIUM;;;;;;;10006;12;10008;20;;;10006.0;0.0
-1;10300;HYDROGEL_PACK;9969;12;9966;26;;;9985;12;9987;26;;;9977.0;0.0
-1;10300;INTARIAN_PEPPER_ROOT;13103;11;13100;25;;;13121;25;;;;;13112.0;0.0
-1;10300;VELVETFRUIT_EXTRACT;5277;25;5276;51;;;5282;66;;;;;5279.5;0.0
-1;10300;VEV_4000;1256;14;1254;25;;;1277;14;1280;25;;;1266.5;0.0
-1;10300;VEV_4500;750;12;748;12;;;766;12;768;12;;;758.0;0.0
-1;10300;VEV_5000;264;9;263;21;;;270;11;271;16;;;267.0;0.0
-1;10300;VEV_5100;174;17;;;;;;;;;;;174.0;0.0
-1;10300;VEV_5200;107;27;;;;;111;14;;;;;109.0;0.0
-1;10300;VEV_5300;46;25;;;;;48;24;49;20;;;47.0;0.0
-1;10300;VEV_5400;18;5;17;10;;;;;;;;;18.0;0.0
-1;10300;VEV_5500;6;10;;;;;7;21;;;;;6.5;0.0
-1;10300;VEV_6000;0;19;;;;;1;19;;;;;0.5;0.0
-1;10300;VEV_6500;0;11;;;;;1;11;;;;;0.5;0.0
-1;10400;ASH_COATED_OSMIUM;9988;21;;;;;10009;21;;;;;9998.5;0.0
-1;10400;HYDROGEL_PACK;9967;13;9965;23;;;9983;13;9986;23;;;9975.0;0.0
-1;10400;INTARIAN_PEPPER_ROOT;13103;12;13100;20;;;13121;20;;;;;13112.0;0.0
-1;10400;VELVETFRUIT_EXTRACT;5277;20;5276;47;;;5281;20;5282;54;;;5279.0;0.0
-1;10400;VEV_4000;1256;13;1254;19;;;1277;13;1280;19;;;1266.5;0.0
-1;10400;VEV_4500;749;8;747;21;;;765;8;767;21;;;757.0;0.0
-1;10400;VEV_5000;265;22;264;17;;;271;9;272;15;;;268.0;0.0
-1;10400;VEV_5100;174;30;173;23;;;;;;;;;174.0;0.0
-1;10400;VEV_5200;;;;;;;110;29;;;;;110.0;0.0
-1;10400;VEV_5300;46;5;;;;;48;20;48;8;;;47.0;0.0
-1;10400;VEV_5400;17;25;;;;;18;22;19;22;;;17.5;0.0
-1;10400;VEV_5500;6;20;;;;;7;17;;;;;6.5;0.0
-1;10400;VEV_6000;0;16;;;;;1;16;;;;;0.5;0.0
-1;10400;VEV_6500;0;14;;;;;1;14;;;;;0.5;0.0
-1;10500;ASH_COATED_OSMIUM;9990;13;9987;30;;;9999;4;10006;13;10008;30;9994.5;0.0
-1;10500;HYDROGEL_PACK;9970;10;9967;24;;;9986;10;9988;24;;;9978.0;0.0
-1;10500;INTARIAN_PEPPER_ROOT;13103;8;13100;24;;;13118;8;13121;24;;;13110.5;0.0
-1;10500;VELVETFRUIT_EXTRACT;5276;62;;;;;5282;42;5283;32;;;5279.0;0.0
-1;10500;VEV_4000;1255;13;1252;19;;;1276;13;1279;19;;;1265.5;0.0
-1;10500;VEV_4500;748;6;746;18;;;764;6;766;18;;;756.0;0.0
-1;10500;VEV_5000;264;10;263;12;;;270;7;271;15;;;267.0;0.0
-1;10500;VEV_5100;174;31;;;;;178;10;179;27;;;176.0;0.0
-1;10500;VEV_5200;108;6;107;25;;;110;8;;;;;109.0;0.0
-1;10500;VEV_5300;46;24;45;18;;;48;25;49;20;;;47.0;0.0
-1;10500;VEV_5400;18;25;17;28;;;;;;;;;18.0;0.0
-1;10500;VEV_5500;6;21;;;;;7;23;;;;;6.5;0.0
-1;10500;VEV_6000;0;19;;;;;1;19;;;;;0.5;0.0
-1;10500;VEV_6500;0;14;;;;;1;14;;;;;0.5;0.0
-1;10600;ASH_COATED_OSMIUM;9990;12;9987;22;;;10008;22;;;;;9999.0;0.0
-1;10600;HYDROGEL_PACK;9971;11;9968;27;;;9987;11;9989;27;;;9979.0;0.0
-1;10600;INTARIAN_PEPPER_ROOT;;;;;;;13118;9;13121;19;;;13118.0;0.0
-1;10600;VELVETFRUIT_EXTRACT;5278;20;5277;61;;;5283;49;;;;;5280.5;0.0
-1;10600;VEV_4000;1256;10;1253;27;;;1277;10;1279;27;;;1266.5;0.0
-1;10600;VEV_4500;747;9;745;17;;;763;9;765;17;;;755.0;0.0
-1;10600;VEV_5000;265;7;264;24;;;271;8;272;23;;;268.0;0.0
-1;10600;VEV_5100;175;20;174;19;;;180;12;;;;;177.5;0.0
-1;10600;VEV_5200;106;26;;;;;110;16;;;;;108.0;0.0
-1;10600;VEV_5300;46;22;;;;;48;22;;;;;47.0;0.0
-1;10600;VEV_5400;18;18;;;;;19;17;;;;;18.5;0.0
-1;10600;VEV_5500;6;24;;;;;7;27;;;;;6.5;0.0
-1;10600;VEV_6000;0;25;;;;;1;25;;;;;0.5;0.0
-1;10600;VEV_6500;0;14;;;;;1;14;;;;;0.5;0.0
-1;10700;ASH_COATED_OSMIUM;9990;14;9987;26;;;10006;14;;;;;9998.0;0.0
-1;10700;HYDROGEL_PACK;9971;30;;;;;9990;11;9992;30;;;9980.5;0.0
-1;10700;INTARIAN_PEPPER_ROOT;13104;11;13100;17;;;13118;11;;;;;13111.0;0.0
-1;10700;VELVETFRUIT_EXTRACT;5277;48;5277;15;;;5283;63;;;;;5280.0;0.0
-1;10700;VEV_4000;1256;14;1253;22;;;1277;14;1279;22;;;1266.5;0.0
-1;10700;VEV_4500;748;8;746;12;;;764;8;765;8;766;12;756.0;0.0
-1;10700;VEV_5000;263;16;;;;;270;11;271;19;;;266.5;0.0
-1;10700;VEV_5100;174;24;173;20;;;178;6;179;32;;;176.0;0.0
-1;10700;VEV_5200;107;23;;;;;110;8;111;27;;;108.5;0.0
-1;10700;VEV_5300;46;24;;;;;48;23;;;;;47.0;0.0
-1;10700;VEV_5400;17;17;;;;;19;25;;;;;18.0;0.0
-1;10700;VEV_5500;6;23;;;;;7;25;;;;;6.5;0.0
-1;10700;VEV_6000;0;18;;;;;1;18;;;;;0.5;0.0
-1;10700;VEV_6500;0;17;;;;;1;17;;;;;0.5;0.0
-1;10800;ASH_COATED_OSMIUM;9990;11;;;;;10006;11;10008;27;;;9998.0;0.0
-1;10800;HYDROGEL_PACK;9974;15;9971;20;;;9990;15;9992;20;;;9982.0;0.0
-1;10800;INTARIAN_PEPPER_ROOT;13104;9;;;;;13118;9;13121;23;;;13111.0;0.0
-1;10800;VELVETFRUIT_EXTRACT;5276;72;;;;;5282;64;;;;;5279.0;0.0
-1;10800;VEV_4000;1256;7;1254;22;;;1277;7;1280;22;;;1266.5;0.0
-1;10800;VEV_4500;748;7;746;18;;;764;7;766;18;;;756.0;0.0
-1;10800;VEV_5000;263;12;262;20;;;269;6;270;24;;;266.0;0.0
-1;10800;VEV_5100;175;6;;;;;180;17;;;;;177.5;0.0
-1;10800;VEV_5200;106;17;;;;;109;7;110;28;;;107.5;0.0
-1;10800;VEV_5300;47;26;46;21;;;49;29;;;;;48.0;0.0
-1;10800;VEV_5400;17;27;;;;;;;;;;;17.0;0.0
-1;10800;VEV_5500;6;24;;;;;7;24;;;;;6.5;0.0
-1;10800;VEV_6000;0;23;;;;;1;23;;;;;0.5;0.0
-1;10800;VEV_6500;0;17;;;;;1;17;;;;;0.5;0.0
-1;10900;ASH_COATED_OSMIUM;9986;29;;;;;10005;12;;;;;9995.5;0.0
-1;10900;HYDROGEL_PACK;9972;10;9970;22;;;9988;10;9991;22;;;9980.0;0.0
-1;10900;INTARIAN_PEPPER_ROOT;13104;12;13101;23;;;13118;12;;;;;13111.0;0.0
-1;10900;VELVETFRUIT_EXTRACT;5275;44;;;;;5281;34;;;;;5278.0;0.0
-1;10900;VEV_4000;1257;8;1254;24;;;1278;8;1280;24;;;1267.5;0.0
-1;10900;VEV_4500;749;9;;;;;765;9;767;23;;;757.0;0.0
-1;10900;VEV_5000;263;8;262;30;;;269;32;270;13;;;266.0;0.0
-1;10900;VEV_5100;175;12;174;13;;;179;31;;;;;177.0;0.0
-1;10900;VEV_5200;108;8;;;;;111;33;;;;;109.5;0.0
-1;10900;VEV_5300;47;28;;;;;49;17;49;18;;;48.0;0.0
-1;10900;VEV_5400;17;29;;;;;;;;;;;17.0;0.0
-1;10900;VEV_5500;6;16;;;;;7;19;;;;;6.5;0.0
-1;10900;VEV_6000;0;25;;;;;1;25;;;;;0.5;0.0
-1;10900;VEV_6500;0;13;;;;;1;13;;;;;0.5;0.0
-1;11000;ASH_COATED_OSMIUM;9989;14;9986;28;;;10005;14;10007;28;;;9997.0;0.0
-1;11000;HYDROGEL_PACK;9974;10;9971;22;;;9990;10;9992;22;;;9982.0;0.0
-1;11000;INTARIAN_PEPPER_ROOT;13104;10;13101;24;;;13118;10;13121;24;;;13111.0;0.0
-1;11000;VELVETFRUIT_EXTRACT;5276;23;5276;25;;;5281;25;5282;33;;;5278.5;0.0
-1;11000;VEV_4000;1257;10;1254;16;;;1278;10;1281;16;;;1267.5;0.0
-1;11000;VEV_4500;749;9;;;;;767;21;;;;;758.0;0.0
-1;11000;VEV_5000;264;12;263;18;;;270;11;;;;;267.0;0.0
-1;11000;VEV_5100;173;24;;;;;178;21;179;23;;;175.5;0.0
-1;11000;VEV_5200;106;24;;;;;;;;;;;106.0;0.0
-1;11000;VEV_5300;46;24;;;;;48;24;;;;;47.0;0.0
-1;11000;VEV_5400;17;24;;;;;19;20;;;;;18.0;0.0
-1;11000;VEV_5500;6;9;;;;;7;26;;;;;6.5;0.0
-1;11000;VEV_6000;0;26;;;;;1;26;;;;;0.5;0.0
-1;11000;VEV_6500;0;17;;;;;1;17;;;;;0.5;0.0
-1;11100;ASH_COATED_OSMIUM;9988;10;9986;20;;;10004;10;10007;20;;;9996.0;0.0
-1;11100;HYDROGEL_PACK;9974;14;9972;28;;;9990;14;9993;28;;;9982.0;0.0
-1;11100;INTARIAN_PEPPER_ROOT;13104;10;13101;17;;;13118;10;;;;;13111.0;0.0
-1;11100;VELVETFRUIT_EXTRACT;5276;68;;;;;5282;35;;;;;5279.0;0.0
-1;11100;VEV_4000;1256;12;1254;25;;;1278;12;1280;25;;;1267.0;0.0
-1;11100;VEV_4500;748;8;746;14;;;764;8;;;;;756.0;0.0
-1;11100;VEV_5000;262;6;261;33;;;268;26;269;22;;;265.0;0.0
-1;11100;VEV_5100;173;28;172;14;;;177;6;178;32;;;175.0;0.0
-1;11100;VEV_5200;105;23;;;;;109;30;;;;;107.0;0.0
-1;11100;VEV_5300;46;28;;;;;48;21;;;;;47.0;0.0
-1;11100;VEV_5400;18;23;17;18;;;;;;;;;18.0;0.0
-1;11100;VEV_5500;6;18;;;;;7;21;;;;;6.5;0.0
-1;11100;VEV_6000;0;24;;;;;1;24;;;;;0.5;0.0
-1;11100;VEV_6500;0;17;;;;;1;17;;;;;0.5;0.0
-1;11200;ASH_COATED_OSMIUM;9988;13;9986;27;;;10004;13;;;;;9996.0;0.0
-1;11200;HYDROGEL_PACK;9972;11;9970;24;;;9988;11;9991;24;;;9980.0;0.0
-1;11200;INTARIAN_PEPPER_ROOT;13104;11;13101;15;;;13118;11;;;;;13111.0;0.0
-1;11200;VELVETFRUIT_EXTRACT;5276;21;5275;54;;;5281;65;5282;44;;;5278.5;0.0
-1;11200;VEV_4000;1258;14;1256;30;;;1279;14;1282;30;;;1268.5;0.0
-1;11200;VEV_4500;750;9;748;15;;;766;9;767;20;768;15;758.0;0.0
-1;11200;VEV_5000;262;12;261;14;;;268;7;269;12;;;265.0;0.0
-1;11200;VEV_5100;173;6;;;;;177;36;;;;;175.0;0.0
-1;11200;VEV_5200;108;32;107;34;;;110;31;111;32;;;109.0;0.0
-1;11200;VEV_5300;46;21;;;;;48;17;;;;;47.0;0.0
-1;11200;VEV_5400;17;19;;;;;19;21;;;;;18.0;0.0
-1;11200;VEV_5500;6;19;;;;;7;23;;;;;6.5;0.0
-1;11200;VEV_6000;0;20;;;;;1;20;;;;;0.5;0.0
-1;11200;VEV_6500;0;12;;;;;1;12;;;;;0.5;0.0
-1;11300;ASH_COATED_OSMIUM;9988;11;9986;26;;;10004;11;;;;;9996.0;0.0
-1;11300;HYDROGEL_PACK;9969;12;9967;21;;;9985;12;9988;21;;;9977.0;0.0
-1;11300;INTARIAN_PEPPER_ROOT;13104;10;13101;21;;;13118;10;13122;21;;;13111.0;0.0
-1;11300;VELVETFRUIT_EXTRACT;5275;25;5274;63;;;5280;43;;;;;5277.5;0.0
-1;11300;VEV_4000;1256;11;1254;15;;;1278;11;1280;15;;;1267.0;0.0
-1;11300;VEV_4500;746;23;;;;;;;;;;;746.0;0.0
-1;11300;VEV_5000;262;7;261;23;;;268;10;269;21;;;265.0;0.0
-1;11300;VEV_5100;173;20;;;;;177;8;;;;;175.0;0.0
-1;11300;VEV_5200;107;27;106;29;;;110;20;;;;;108.5;0.0
-1;11300;VEV_5300;46;20;;;;;48;24;49;21;;;47.0;0.0
-1;11300;VEV_5400;17;26;;;;;19;18;;;;;18.0;0.0
-1;11300;VEV_5500;6;29;;;;;7;20;;;;;6.5;0.0
-1;11300;VEV_6000;0;28;;;;;1;28;;;;;0.5;0.0
-1;11300;VEV_6500;0;21;;;;;1;21;;;;;0.5;0.0
-1;11400;ASH_COATED_OSMIUM;9986;25;;;;;10004;12;10007;25;;;9995.0;0.0
-1;11400;HYDROGEL_PACK;9968;13;9966;28;;;9984;13;9987;28;;;9976.0;0.0
-1;11400;INTARIAN_PEPPER_ROOT;13104;10;13101;22;;;13118;10;13122;22;;;13111.0;0.0
-1;11400;VELVETFRUIT_EXTRACT;5274;39;;;;;5280;35;;;;;5277.0;0.0
-1;11400;VEV_4000;1256;7;1253;22;;;1277;7;1280;22;;;1266.5;0.0
-1;11400;VEV_4500;748;12;;;;;764;12;765;8;766;15;756.0;0.0
-1;11400;VEV_5000;262;6;261;16;;;268;12;269;12;;;265.0;0.0
-1;11400;VEV_5100;173;10;172;22;;;178;19;;;;;175.5;0.0
-1;11400;VEV_5200;;;;;;;110;14;;;;;110.0;0.0
-1;11400;VEV_5300;46;18;45;17;;;48;22;;;;;47.0;0.0
-1;11400;VEV_5400;18;19;18;23;;;20;23;;;;;19.0;0.0
-1;11400;VEV_5500;6;25;;;;;7;20;;;;;6.5;0.0
-1;11400;VEV_6000;0;26;;;;;1;26;;;;;0.5;0.0
-1;11400;VEV_6500;0;15;;;;;1;15;;;;;0.5;0.0
-1;11500;ASH_COATED_OSMIUM;9988;11;9986;24;;;10004;11;;;;;9996.0;0.0
-1;11500;HYDROGEL_PACK;9971;10;9968;24;;;9987;10;9989;24;;;9979.0;0.0
-1;11500;INTARIAN_PEPPER_ROOT;13104;10;13101;17;;;13119;10;13122;17;;;13111.5;0.0
-1;11500;VELVETFRUIT_EXTRACT;5274;38;;;;;5280;21;;;;;5277.0;0.0
-1;11500;VEV_4000;1256;14;1254;28;;;1277;14;1280;28;;;1266.5;0.0
-1;11500;VEV_4500;746;13;;;;;766;13;;;;;756.0;0.0
-1;11500;VEV_5000;263;23;262;16;;;269;8;270;17;;;266.0;0.0
-1;11500;VEV_5100;172;22;171;24;;;176;7;177;24;;;174.0;0.0
-1;11500;VEV_5200;107;11;106;15;;;109;9;110;33;;;108.0;0.0
-1;11500;VEV_5300;47;26;;;;;49;21;;;;;48.0;0.0
-1;11500;VEV_5400;18;22;18;27;;;20;23;;;;;19.0;0.0
-1;11500;VEV_5500;5;20;;;;;7;20;;;;;6.0;0.0
-1;11500;VEV_6000;0;19;;;;;1;19;;;;;0.5;0.0
-1;11500;VEV_6500;0;14;;;;;1;14;;;;;0.5;0.0
-1;11600;ASH_COATED_OSMIUM;9988;13;9986;27;;;9997;5;;;;;9992.5;0.0
-1;11600;HYDROGEL_PACK;9968;14;9966;29;;;9984;14;9987;29;;;9976.0;0.0
-1;11600;INTARIAN_PEPPER_ROOT;13105;9;;;;;;;;;;;13105.0;0.0
-1;11600;VELVETFRUIT_EXTRACT;5273;47;5273;15;;;5279;58;;;;;5276.0;0.0
-1;11600;VEV_4000;1257;9;1254;15;;;1278;9;1281;15;;;1267.5;0.0
-1;11600;VEV_4500;747;9;;;;;763;9;765;23;;;755.0;0.0
-1;11600;VEV_5000;262;35;261;13;;;268;31;269;21;;;265.0;0.0
-1;11600;VEV_5100;;;;;;;176;6;;;;;176.0;0.0
-1;11600;VEV_5200;105;20;;;;;108;22;109;27;;;106.5;0.0
-1;11600;VEV_5300;47;23;;;;;49;23;;;;;48.0;0.0
-1;11600;VEV_5400;18;29;18;24;;;20;19;;;;;19.0;0.0
-1;11600;VEV_5500;5;15;;;;;7;19;;;;;6.0;0.0
-1;11600;VEV_6000;0;27;;;;;1;27;;;;;0.5;0.0
-1;11600;VEV_6500;0;11;;;;;1;11;;;;;0.5;0.0
-1;11700;ASH_COATED_OSMIUM;9988;15;9985;21;;;10004;15;10006;21;;;9996.0;0.0
-1;11700;HYDROGEL_PACK;9972;12;9970;23;;;9988;12;9991;23;;;9980.0;0.0
-1;11700;INTARIAN_PEPPER_ROOT;13105;11;13101;15;;;13119;11;13122;15;;;13112.0;0.0
-1;11700;VELVETFRUIT_EXTRACT;5272;64;;;;;5278;53;;;;;5275.0;0.0
-1;11700;VEV_4000;1257;8;1254;17;;;1278;8;1280;17;;;1267.5;0.0
-1;11700;VEV_4500;748;10;746;15;;;764;10;766;15;;;756.0;0.0
-1;11700;VEV_5000;262;7;261;14;;;268;29;269;13;;;265.0;0.0
-1;11700;VEV_5100;171;28;170;24;;;175;10;176;24;;;173.0;0.0
-1;11700;VEV_5200;106;12;105;19;;;108;10;;;;;107.0;0.0
-1;11700;VEV_5300;47;19;;;;;49;21;;;;;48.0;0.0
-1;11700;VEV_5400;18;16;;;;;20;15;;;;;19.0;0.0
-1;11700;VEV_5500;6;23;;;;;7;23;;;;;6.5;0.0
-1;11700;VEV_6000;0;22;;;;;1;22;;;;;0.5;0.0
-1;11700;VEV_6500;0;16;;;;;1;16;;;;;0.5;0.0
-1;11800;ASH_COATED_OSMIUM;9993;1;9988;13;;;10004;13;10006;30;;;9998.5;0.0
-1;11800;HYDROGEL_PACK;9972;13;9969;24;;;9988;13;9990;24;;;9980.0;0.0
-1;11800;INTARIAN_PEPPER_ROOT;13101;22;;;;;13119;11;;;;;13110.0;0.0
-1;11800;VELVETFRUIT_EXTRACT;5272;55;;;;;5277;18;5278;56;5279;43;5274.5;0.0
-1;11800;VEV_4000;1256;12;1253;20;;;1277;12;1280;20;;;1266.5;0.0
-1;11800;VEV_4500;749;12;747;15;;;765;12;766;21;767;15;757.0;0.0
-1;11800;VEV_5000;262;10;261;24;;;269;13;;;;;265.5;0.0
-1;11800;VEV_5100;172;28;;;;;176;25;177;23;;;174.0;0.0
-1;11800;VEV_5200;;;;;;;107;31;108;18;;;107.0;0.0
-1;11800;VEV_5300;47;25;46;14;;;49;9;;;;;48.0;0.0
-1;11800;VEV_5400;18;19;;;;;18;20;19;20;;;18.0;0.0
-1;11800;VEV_5500;5;28;;;;;7;23;;;;;6.0;0.0
-1;11800;VEV_6000;0;25;;;;;1;25;;;;;0.5;0.0
-1;11800;VEV_6500;0;14;;;;;1;14;;;;;0.5;0.0
-1;11900;ASH_COATED_OSMIUM;9996;4;9987;12;9985;26;10003;12;10006;26;;;9999.5;0.0
-1;11900;HYDROGEL_PACK;9971;14;9968;20;;;9987;14;9989;20;;;9979.0;0.0
-1;11900;INTARIAN_PEPPER_ROOT;13105;8;13102;15;;;13122;15;;;;;13113.5;0.0
-1;11900;VELVETFRUIT_EXTRACT;5273;67;;;;;5279;44;;;;;5276.0;0.0
-1;11900;VEV_4000;1253;11;1250;23;;;1274;11;1277;23;;;1263.5;0.0
-1;11900;VEV_4500;749;9;747;19;;;765;9;766;6;767;19;757.0;0.0
-1;11900;VEV_5000;261;21;;;;;269;12;;;;;265.0;0.0
-1;11900;VEV_5100;172;11;;;;;176;7;;;;;174.0;0.0
-1;11900;VEV_5200;106;32;105;22;;;109;24;;;;;107.5;0.0
-1;11900;VEV_5300;47;24;;;;;49;23;;;;;48.0;0.0
-1;11900;VEV_5400;17;11;;;;;19;12;;;;;18.0;0.0
-1;11900;VEV_5500;5;21;;;;;6;17;;;;;5.5;0.0
-1;11900;VEV_6000;0;23;;;;;1;23;;;;;0.5;0.0
-1;11900;VEV_6500;0;17;;;;;1;17;;;;;0.5;0.0
-1;12000;ASH_COATED_OSMIUM;9987;13;9985;22;;;10006;22;;;;;9996.5;0.0
-1;12000;HYDROGEL_PACK;9970;11;9967;23;;;9986;11;9988;23;;;9978.0;0.0
-1;12000;INTARIAN_PEPPER_ROOT;13105;11;13102;16;;;13119;11;13122;16;;;13112.0;0.0
-1;12000;VELVETFRUIT_EXTRACT;5272;17;;;;;5277;24;5278;45;;;5274.5;0.0
-1;12000;VEV_4000;1253;15;1251;23;;;1274;15;1277;23;;;1263.5;0.0
-1;12000;VEV_4500;747;6;745;17;;;763;6;765;17;;;755.0;0.0
-1;12000;VEV_5000;260;22;;;;;267;7;268;24;;;263.5;0.0
-1;12000;VEV_5100;172;29;171;19;;;177;21;;;;;174.5;0.0
-1;12000;VEV_5200;;;;;;;108;7;109;28;;;108.0;0.0
-1;12000;VEV_5300;47;30;;;;;49;24;;;;;48.0;0.0
-1;12000;VEV_5400;18;13;18;21;;;19;28;;;;;18.5;0.0
-1;12000;VEV_5500;5;25;;;;;6;16;;;;;5.5;0.0
-1;12000;VEV_6000;0;22;;;;;1;22;;;;;0.5;0.0
-1;12000;VEV_6500;0;21;;;;;1;21;;;;;0.5;0.0
-1;12100;ASH_COATED_OSMIUM;9987;10;9985;27;;;;;;;;;9987.0;0.0
-1;12100;HYDROGEL_PACK;9967;10;9965;20;;;9983;10;9986;20;;;9975.0;0.0
-1;12100;INTARIAN_PEPPER_ROOT;13105;8;;;;;13119;8;13122;18;;;13112.0;0.0
-1;12100;VELVETFRUIT_EXTRACT;5272;40;5272;15;;;5278;56;;;;;5275.0;0.0
-1;12100;VEV_4000;1252;10;1250;29;;;1273;10;1276;29;;;1262.5;0.0
-1;12100;VEV_4500;746;12;744;14;;;762;12;763;11;764;14;754.0;0.0
-1;12100;VEV_5000;261;22;260;21;;;267;22;268;24;;;264.0;0.0
-1;12100;VEV_5100;172;8;;;;;;;;;;;172.0;0.0
-1;12100;VEV_5200;107;33;;;;;110;19;;;;;108.5;0.0
-1;12100;VEV_5300;46;18;;;;;;;;;;;46.0;0.0
-1;12100;VEV_5400;18;24;;;;;20;10;;;;;19.0;0.0
-1;12100;VEV_5500;5;24;;;;;6;20;;;;;5.5;0.0
-1;12100;VEV_6000;0;20;;;;;1;20;;;;;0.5;0.0
-1;12100;VEV_6500;0;15;;;;;1;15;;;;;0.5;0.0
-1;12200;ASH_COATED_OSMIUM;9987;14;9985;20;;;10006;20;;;;;9996.5;0.0
-1;12200;HYDROGEL_PACK;9966;12;9963;20;;;9982;12;9984;20;;;9974.0;0.0
-1;12200;INTARIAN_PEPPER_ROOT;;;;;;;13119;10;13123;25;;;13119.0;0.0
-1;12200;VELVETFRUIT_EXTRACT;5272;25;;;;;5278;71;;;;;5275.0;0.0
-1;12200;VEV_4000;1253;14;1251;25;;;1274;14;1277;25;;;1263.5;0.0
-1;12200;VEV_4500;746;9;744;12;;;762;9;763;23;764;12;754.0;0.0
-1;12200;VEV_5000;260;7;259;19;;;267;17;;;;;263.5;0.0
-1;12200;VEV_5100;172;8;;;;;176;6;177;21;;;174.0;0.0
-1;12200;VEV_5200;107;10;106;22;;;110;22;;;;;108.5;0.0
-1;12200;VEV_5300;47;25;;;;;49;26;50;22;;;48.0;0.0
-1;12200;VEV_5400;18;17;;;;;20;25;;;;;19.0;0.0
-1;12200;VEV_5500;5;24;;;;;6;21;;;;;5.5;0.0
-1;12200;VEV_6000;0;30;;;;;1;30;;;;;0.5;0.0
-1;12200;VEV_6500;0;17;;;;;1;17;;;;;0.5;0.0
-1;12300;ASH_COATED_OSMIUM;;;;;;;10004;12;10006;29;;;10004.0;0.0
-1;12300;HYDROGEL_PACK;9967;14;9965;21;;;9983;14;9986;21;;;9975.0;0.0
-1;12300;INTARIAN_PEPPER_ROOT;13105;12;13102;19;;;13123;19;;;;;13114.0;0.0
-1;12300;VELVETFRUIT_EXTRACT;5273;17;5273;22;;;5279;49;5279;66;;;5276.0;0.0
-1;12300;VEV_4000;1253;7;1251;26;;;1274;7;1277;26;;;1263.5;0.0
-1;12300;VEV_4500;746;11;744;12;;;762;11;764;12;;;754.0;0.0
-1;12300;VEV_5000;260;8;259;24;;;266;11;267;18;;;263.0;0.0
-1;12300;VEV_5100;171;21;170;19;;;175;31;176;14;;;173.0;0.0
-1;12300;VEV_5200;107;28;106;31;;;;;;;;;107.0;0.0
-1;12300;VEV_5300;47;24;;;;;49;21;50;22;;;48.0;0.0
-1;12300;VEV_5400;18;25;18;21;;;20;20;;;;;19.0;0.0
-1;12300;VEV_5500;5;20;;;;;6;29;;;;;5.5;0.0
-1;12300;VEV_6000;0;19;;;;;1;19;;;;;0.5;0.0
-1;12300;VEV_6500;0;16;;;;;1;16;;;;;0.5;0.0
-1;12400;ASH_COATED_OSMIUM;9993;3;9988;12;;;10004;12;;;;;9998.5;0.0
-1;12400;HYDROGEL_PACK;9965;10;9963;30;;;9981;10;9984;30;;;9973.0;0.0
-1;12400;INTARIAN_PEPPER_ROOT;13105;8;13102;25;;;13123;25;;;;;13114.0;0.0
-1;12400;VELVETFRUIT_EXTRACT;5272;40;5272;64;;;5278;66;;;;;5275.0;0.0
-1;12400;VEV_4000;1256;11;1253;24;;;1277;11;1280;24;;;1266.5;0.0
-1;12400;VEV_4500;746;12;;;;;764;6;766;12;;;755.0;0.0
-1;12400;VEV_5000;260;8;259;18;;;266;34;267;21;;;263.0;0.0
-1;12400;VEV_5100;170;27;169;24;;;175;19;;;;;172.5;0.0
-1;12400;VEV_5200;;;;;;;108;11;109;32;;;108.0;0.0
-1;12400;VEV_5300;46;20;;;;;48;26;;;;;47.0;0.0
-1;12400;VEV_5400;;;;;;;19;26;20;16;;;19.0;0.0
-1;12400;VEV_5500;5;27;;;;;6;24;;;;;5.5;0.0
-1;12400;VEV_6000;0;26;;;;;1;26;;;;;0.5;0.0
-1;12400;VEV_6500;0;15;;;;;1;15;;;;;0.5;0.0
-1;12500;ASH_COATED_OSMIUM;9988;10;9985;22;;;10006;22;;;;;9997.0;0.0
-1;12500;HYDROGEL_PACK;9964;12;9962;23;;;9980;12;9983;23;;;9972.0;0.0
-1;12500;INTARIAN_PEPPER_ROOT;13105;10;13102;20;;;13120;10;;;;;13112.5;0.0
-1;12500;VELVETFRUIT_EXTRACT;5272;72;5272;15;;;5277;15;5278;34;;;5274.5;0.0
-1;12500;VEV_4000;1258;14;1256;23;;;1280;14;1282;23;;;1269.0;0.0
-1;12500;VEV_4500;747;6;745;21;;;763;6;765;21;;;755.0;0.0
-1;12500;VEV_5000;;;;;;;265;28;266;18;;;265.0;0.0
-1;12500;VEV_5100;168;23;;;;;173;9;174;15;;;170.5;0.0
-1;12500;VEV_5200;104;17;;;;;;;;;;;104.0;0.0
-1;12500;VEV_5300;47;10;;;;;49;24;;;;;48.0;0.0
-1;12500;VEV_5400;18;12;18;24;;;19;21;;;;;18.5;0.0
-1;12500;VEV_5500;5;25;;;;;6;28;;;;;5.5;0.0
-1;12500;VEV_6000;0;21;;;;;1;21;;;;;0.5;0.0
-1;12500;VEV_6500;0;14;;;;;1;14;;;;;0.5;0.0
-1;12600;ASH_COATED_OSMIUM;9988;12;9986;21;;;10004;12;10007;21;;;9996.0;0.0
-1;12600;HYDROGEL_PACK;9962;13;9960;21;;;9978;13;9981;21;;;9970.0;0.0
-1;12600;INTARIAN_PEPPER_ROOT;;;;;;;13120;10;13123;23;;;13120.0;0.0
-1;12600;VELVETFRUIT_EXTRACT;5271;53;;;;;5277;33;5278;46;;;5274.0;0.0
-1;12600;VEV_4000;1257;14;1254;25;;;1278;14;1281;25;;;1267.5;0.0
-1;12600;VEV_4500;748;11;746;18;;;766;18;;;;;757.0;0.0
-1;12600;VEV_5000;260;9;;;;;266;10;267;19;;;263.0;0.0
-1;12600;VEV_5100;170;12;169;22;;;174;11;;;;;172.0;0.0
-1;12600;VEV_5200;106;33;105;21;;;109;24;;;;;107.5;0.0
-1;12600;VEV_5300;46;22;;;;;48;20;;;;;47.0;0.0
