timestamp;buyer;seller;symbol;currency;price;quantity
0;BOT_TAKER;BOT_MAKER;HYDROGEL_PACK;XIRECS;9987.0;3
0;BOT_MAKER;BOT_TAKER;VELVETFRUIT_EXTRACT;XIRECS;5260.0;6
0;SUBMISSION;BOT;INTARIAN_PEPPER_ROOT;XIRECS;13107.0;11
100;BOT_MAKER;BOT_TAKER;HYDROGEL_PACK;XIRECS;9967.0;2
100;SUBMISSION;BOT;INTARIAN_PEPPER_ROOT;XIRECS;13107.0;10
100;SUBMISSION;BOT_TAKER;HYDROGEL_PACK;XIRECS;9968.0;4
200;SUBMISSION;BOT;INTARIAN_PEPPER_ROOT;XIRECS;13107.0;11
200;BOT_TAKER;SUBMISSION;VELVETFRUIT_EXTRACT;XIRECS;5264.0;5
200;BOT_TAKER;BOT_MAKER;VELVETFRUIT_EXTRACT;XIRECS;5265.0;3
300;BOT_TAKER;BOT_MAKER;VELVETFRUIT_EXTRACT;XIRECS;5264.0;3
300;SUBMISSION;BOT;INTARIAN_PEPPER_ROOT;XIRECS;13107.0;9
300;BOT_TAKER;SUBMISSION;VELVETFRUIT_EXTRACT;XIRECS;5263.0;3
400;BOT_MAKER;BOT_TAKER;HYDROGEL_PACK;XIRECS;9971.0;5
400;BOT_MAKER;BOT_TAKER;VELVETFRUIT_EXTRACT;XIRECS;5257.0;6
400;SUBMISSION;BOT;INTARIAN_PEPPER_ROOT;XIRECS;13107.0;9
400;SUBMISSION;BOT_TAKER;VELVETFRUIT_EXTRACT;XIRECS;5258.0;4
500;SUBMISSION;BOT;INTARIAN_PEPPER_ROOT;XIRECS;13108.0;12
600;BOT_MAKER;BOT_TAKER;VEV_4000;XIRECS;1251.0;3
600;SUBMISSION;BOT;INTARIAN_PEPPER_ROOT;XIRECS;13108.0;12
600;BOT_TAKER;SUBMISSION;VEV_4000;XIRECS;1271.0;1
700;BOT_TAKER;BOT_MAKER;VELVETFRUIT_EXTRACT;XIRECS;5262.0;10
700;SUBMISSION;BOT;INTARIAN_PEPPER_ROOT;XIRECS;13108.0;6
800;BOT_TAKER;BOT_MAKER;HYDROGEL_PACK;XIRECS;9991.0;4
800;BOT_TAKER;BOT_MAKER;HYDROGEL_PACK;XIRECS;9991.0;3
900;BOT_TAKER;BOT_MAKER;VELVETFRUIT_EXTRACT;XIRECS;5264.0;10
1100;BOT_TAKER;BOT_MAKER;VELVETFRUIT_EXTRACT;XIRECS;5263.0;3
1200;BOT_MAKER;BOT_TAKER;VELVETFRUIT_EXTRACT;XIRECS;5259.0;10
1200;BOT_TAKER;SUBMISSION;VELVETFRUIT_EXTRACT;XIRECS;5263.0;5
1200;BOT_TAKER;BOT_MAKER;VELVETFRUIT_EXTRACT;XIRECS;5264.0;1
1300;BOT_TAKER;BOT_MAKER;HYDROGEL_PACK;XIRECS;9989.0;6
1300;SUBMISSION;BOT_TAKER;ASH_COATED_OSMIUM;XIRECS;9989.0;4
1400;BOT_TAKER;BOT_MAKER;ASH_COATED_OSMIUM;XIRECS;10009.0;4
1400;BOT_MAKER;BOT_TAKER;HYDROGEL_PACK;XIRECS;9975.0;3
1400;BOT_TAKER;BOT_MAKER;VEV_5400;XIRECS;17.0;2
1400;BOT_TAKER;BOT_MAKER;VEV_5500;XIRECS;7.0;4
1400;BOT_MAKER;BOT_TAKER;VEV_6500;XIRECS;0.0;2
1500;BOT_TAKER;BOT_MAKER;VEV_5500;XIRECS;7.0;4
1600;BOT_MAKER;BOT_TAKER;VELVETFRUIT_EXTRACT;XIRECS;5259.0;6
1600;SUBMISSION;BOT_TAKER;HYDROGEL_PACK;XIRECS;9973.0;5
1700;SUBMISSION;BOT_TAKER;HYDROGEL_PACK;XIRECS;9975.0;5
1900;BOT_TAKER;BOT_MAKER;VEV_5300;XIRECS;53.0;4
2100;BOT_TAKER;BOT_MAKER;HYDROGEL_PACK;XIRECS;9985.0;2
2100;BOT_MAKER;BOT_TAKER;HYDROGEL_PACK;XIRECS;9969.0;3
2100;BOT_TAKER;SUBMISSION;HYDROGEL_PACK;XIRECS;9984.0;2
2300;BOT_TAKER;BOT_MAKER;VEV_5200;XIRECS;101.0;5
2300;BOT_MAKER;BOT_TAKER;VEV_6500;XIRECS;0.0;4
2400;BOT_MAKER;BOT_TAKER;HYDROGEL_PACK;XIRECS;9967.0;3
2400;BOT_MAKER;BOT_TAKER;VELVETFRUIT_EXTRACT;XIRECS;5264.0;6
2400;BOT_TAKER;SUBMISSION;HYDROGEL_PACK;XIRECS;9982.0;3
2600;BOT_MAKER;BOT_TAKER;HYDROGEL_PACK;XIRECS;9967.0;4
2600;BOT_TAKER;BOT_MAKER;VELVETFRUIT_EXTRACT;XIRECS;5269.0;10
2600;BOT_TAKER;BOT_MAKER;VEV_4000;XIRECS;1271.0;2
2600;BOT_MAKER;BOT_TAKER;VEV_6000;XIRECS;0.0;3
2700;SUBMISSION;BOT_TAKER;ASH_COATED_OSMIUM;XIRECS;9993.0;3
2800;BOT_TAKER;BOT_MAKER;VELVETFRUIT_EXTRACT;XIRECS;5269.0;7
2800;BOT_TAKER;BOT_MAKER;VEV_5300;XIRECS;52.0;2
2800;BOT_TAKER;SUBMISSION;ASH_COATED_OSMIUM;XIRECS;10007.0;5
2900;BOT_MAKER;BOT_TAKER;HYDROGEL_PACK;XIRECS;9971.0;6
3000;BOT_MAKER;BOT_TAKER;VELVETFRUIT_EXTRACT;XIRECS;5264.0;6
3000;BOT_TAKER;BOT_MAKER;VEV_4000;XIRECS;1269.0;2
3100;BOT_TAKER;BOT_MAKER;VEV_5400;XIRECS;18.0;5
3200;BOT_TAKER;BOT_MAKER;VELVETFRUIT_EXTRACT;XIRECS;5270.0;9
3400;BOT_MAKER;BOT_TAKER;VEV_5300;XIRECS;50.0;3
3400;BOT_MAKER;BOT_TAKER;VEV_5500;XIRECS;6.0;2
3500;BOT_MAKER;BOT_TAKER;HYDROGEL_PACK;XIRECS;9978.0;5
3500;BOT_MAKER;BOT_TAKER;ASH_COATED_OSMIUM;XIRECS;9997.0;3
3700;BOT_TAKER;BOT_MAKER;HYDROGEL_PACK;XIRECS;9999.0;4
3700;BOT_TAKER;BOT_MAKER;VELVETFRUIT_EXTRACT;XIRECS;5270.0;3
3800;BOT_TAKER;BOT_MAKER;HYDROGEL_PACK;XIRECS;9999.0;3
3800;BOT_TAKER;BOT_MAKER;VEV_5500;XIRECS;7.0;3
3800;SUBMISSION;BOT_TAKER;VELVETFRUIT_EXTRACT;XIRECS;5265.0;4
3900;BOT_TAKER;BOT_MAKER;VELVETFRUIT_EXTRACT;XIRECS;5270.0;7
3900;BOT_TAKER;SUBMISSION;ASH_COATED_OSMIUM;XIRECS;10008.0;8
3900;SUBMISSION;BOT_TAKER;VELVETFRUIT_EXTRACT;XIRECS;5266.0;4
4000;BOT_MAKER;BOT_TAKER;HYDROGEL_PACK;XIRECS;9976.0;5
4000;BOT_TAKER;BOT_MAKER;VEV_4000;XIRECS;1270.0;2
4000;SUBMISSION;BOT_TAKER;HYDROGEL_PACK;XIRECS;9977.0;4
4100;BOT_TAKER;BOT_MAKER;HYDROGEL_PACK;XIRECS;9993.0;5
4100;BOT_TAKER;BOT_MAKER;VELVETFRUIT_EXTRACT;XIRECS;5267.0;8
4100;BOT_TAKER;BOT_MAKER;VEV_4000;XIRECS;1270.0;1
4100;BOT_TAKER;BOT_MAKER;VEV_5500;XIRECS;7.0;5
4200;BOT_MAKER;BOT_TAKER;HYDROGEL_PACK;XIRECS;9977.0;5
4200;BOT_TAKER;BOT_MAKER;VELVETFRUIT_EXTRACT;XIRECS;5268.0;8
4300;BOT_MAKER;BOT_TAKER;HYDROGEL_PACK;XIRECS;9981.0;2
4300;BOT_TAKER;SUBMISSION;VELVETFRUIT_EXTRACT;XIRECS;5266.0;5
4500;BOT_MAKER;BOT_TAKER;VEV_4000;XIRECS;1248.0;2
4600;SUBMISSION;BOT_TAKER;HYDROGEL_PACK;XIRECS;9982.0;5
4600;BOT_MAKER;BOT_TAKER;HYDROGEL_PACK;XIRECS;9981.0;1
4700;BOT_TAKER;BOT_MAKER;HYDROGEL_PACK;XIRECS;10001.0;4
4700;BOT_TAKER;BOT_MAKER;VEV_4000;XIRECS;1271.0;1
4700;BOT_TAKER;BOT_MAKER;VEV_6500;XIRECS;1.0;4
4800;BOT_MAKER;BOT_TAKER;VEV_6500;XIRECS;0.0;4
5000;BOT_MAKER;BOT_TAKER;HYDROGEL_PACK;XIRECS;9988.0;6
5000;BOT_MAKER;BOT_TAKER;VELVETFRUIT_EXTRACT;XIRECS;5265.0;5
5000;BOT_MAKER;BOT_TAKER;VEV_4000;XIRECS;1248.0;1
5100;BOT_TAKER;BOT_MAKER;HYDROGEL_PACK;XIRECS;10000.0;4
5200;BOT_TAKER;BOT_MAKER;HYDROGEL_PACK;XIRECS;10001.0;6
5200;BOT_TAKER;BOT_MAKER;VEV_4000;XIRECS;1266.0;2
5400;BOT_TAKER;BOT_MAKER;HYDROGEL_PACK;XIRECS;10004.0;3
5400;SUBMISSION;BOT_TAKER;HYDROGEL_PACK;XIRECS;9989.0;3
5500;BOT_TAKER;BOT_MAKER;VELVETFRUIT_EXTRACT;XIRECS;5277.0;5
5500;BOT_TAKER;BOT_MAKER;VEV_4000;XIRECS;1266.0;2
5600;BOT_TAKER;BOT_MAKER;VELVETFRUIT_EXTRACT;XIRECS;5275.0;8
5700;SUBMISSION;BOT_TAKER;VEV_4000;XIRECS;1246.0;3
5800;BOT_TAKER;BOT_MAKER;INTARIAN_PEPPER_ROOT;XIRECS;13113.0;3
5900;BOT_MAKER;BOT_TAKER;HYDROGEL_PACK;XIRECS;9986.0;2
5900;BOT_TAKER;BOT_MAKER;VELVETFRUIT_EXTRACT;XIRECS;5275.0;5
5900;BOT_TAKER;SUBMISSION;HYDROGEL_PACK;XIRECS;10001.0;2
6000;BOT_TAKER;BOT_MAKER;HYDROGEL_PACK;XIRECS;10003.0;4
6000;BOT_MAKER;BOT_TAKER;VEV_4000;XIRECS;1248.0;1
6100;BOT_MAKER;BOT_TAKER;VELVETFRUIT_EXTRACT;XIRECS;5273.0;4
6100;BOT_TAKER;BOT_MAKER;VEV_4000;XIRECS;1271.0;2
6100;BOT_TAKER;BOT_MAKER;VEV_6500;XIRECS;1.0;3
6100;SUBMISSION;BOT;ASH_COATED_OSMIUM;XIRECS;9996.0;8
6100;SUBMISSION;BOT_TAKER;HYDROGEL_PACK;XIRECS;9989.0;4
6200;BOT_TAKER;SUBMISSION;HYDROGEL_PACK;XIRECS;10001.0;5
6300;BOT_MAKER;BOT_TAKER;VELVETFRUIT_EXTRACT;XIRECS;5273.0;13
6300;BOT_MAKER;BOT_TAKER;VEV_5400;XIRECS;18.0;2
6400;BOT_MAKER;BOT_TAKER;ASH_COATED_OSMIUM;XIRECS;9988.0;3
6400;BOT_TAKER;BOT_MAKER;VELVETFRUIT_EXTRACT;XIRECS;5277.0;7
6400;BOT_TAKER;BOT_MAKER;VEV_4000;XIRECS;1274.0;1
6400;SUBMISSION;BOT_TAKER;HYDROGEL_PACK;XIRECS;9983.0;5
6400;BOT_MAKER;BOT_TAKER;HYDROGEL_PACK;XIRECS;9982.0;1
6500;BOT_MAKER;BOT_TAKER;VELVETFRUIT_EXTRACT;XIRECS;5272.0;8
6600;BOT_MAKER;BOT_TAKER;VELVETFRUIT_EXTRACT;XIRECS;5271.0;6
6600;BOT_TAKER;BOT_MAKER;VEV_4000;XIRECS;1274.0;1
6600;SUBMISSION;BOT_TAKER;ASH_COATED_OSMIUM;XIRECS;9992.0;3
6700;BOT_MAKER;BOT_TAKER;HYDROGEL_PACK;XIRECS;9981.0;3
6700;BOT_TAKER;BOT_MAKER;VELVETFRUIT_EXTRACT;XIRECS;5280.0;7
6700;SUBMISSION;BOT_TAKER;VELVETFRUIT_EXTRACT;XIRECS;5275.0;5
6700;BOT_MAKER;BOT_TAKER;VELVETFRUIT_EXTRACT;XIRECS;5274.0;1
6800;BOT_MAKER;BOT_TAKER;VELVETFRUIT_EXTRACT;XIRECS;5275.0;8
6800;BOT_TAKER;BOT_MAKER;VEV_4000;XIRECS;1274.0;3
6900;BOT_TAKER;BOT_MAKER;HYDROGEL_PACK;XIRECS;9995.0;2
6900;BOT_TAKER;BOT_MAKER;VELVETFRUIT_EXTRACT;XIRECS;5280.0;7
6900;BOT_TAKER;BOT_MAKER;VEV_6500;XIRECS;1.0;2
6900;SUBMISSION;BOT_TAKER;HYDROGEL_PACK;XIRECS;9980.0;2
7000;BOT_TAKER;BOT_MAKER;HYDROGEL_PACK;XIRECS;9994.0;4
7000;BOT_TAKER;SUBMISSION;HYDROGEL_PACK;XIRECS;9993.0;2
7100;BOT_MAKER;BOT_TAKER;ASH_COATED_OSMIUM;XIRECS;9991.0;5
7100;BOT_TAKER;BOT_MAKER;VELVETFRUIT_EXTRACT;XIRECS;5277.0;5
7100;BOT_TAKER;BOT_MAKER;VEV_5400;XIRECS;20.0;2
7200;BOT_MAKER;BOT_TAKER;VEV_4000;XIRECS;1256.0;2
7200;BOT_MAKER;BOT_TAKER;VEV_6000;XIRECS;0.0;5
7400;SUBMISSION;BOT_TAKER;ASH_COATED_OSMIUM;XIRECS;9992.0;9
7500;BOT_TAKER;BOT_MAKER;VELVETFRUIT_EXTRACT;XIRECS;5278.0;13
7500;BOT_TAKER;BOT_MAKER;VEV_4000;XIRECS;1277.0;3
7500;BOT_TAKER;SUBMISSION;ASH_COATED_OSMIUM;XIRECS;10006.0;2
7500;SUBMISSION;BOT_TAKER;VELVETFRUIT_EXTRACT;XIRECS;5273.0;5
7500;BOT_MAKER;BOT_TAKER;VELVETFRUIT_EXTRACT;XIRECS;5272.0;3
7700;BOT_TAKER;BOT_MAKER;VEV_4000;XIRECS;1277.0;3
7800;BOT_TAKER;BOT_MAKER;INTARIAN_PEPPER_ROOT;XIRECS;13115.0;7
7900;BOT_MAKER;BOT_TAKER;VELVETFRUIT_EXTRACT;XIRECS;5272.0;6
7900;BOT_MAKER;BOT_TAKER;VEV_6500;XIRECS;0.0;3
8000;BOT_MAKER;BOT_TAKER;ASH_COATED_OSMIUM;XIRECS;9990.0;4
8000;BOT_MAKER;BOT_TAKER;HYDROGEL_PACK;XIRECS;9965.0;4
8000;BOT_TAKER;BOT_MAKER;VELVETFRUIT_EXTRACT;XIRECS;5278.0;5
8400;BOT_TAKER;BOT_MAKER;HYDROGEL_PACK;XIRECS;9985.0;5
8400;BOT_MAKER;BOT_TAKER;VEV_6000;XIRECS;0.0;4
8400;SUBMISSION;BOT_TAKER;VELVETFRUIT_EXTRACT;XIRECS;5276.0;4
8500;BOT_MAKER;BOT_TAKER;HYDROGEL_PACK;XIRECS;9966.0;4
8500;BOT_TAKER;BOT_MAKER;INTARIAN_PEPPER_ROOT;XIRECS;13116.0;6
8500;BOT_TAKER;BOT_MAKER;VELVETFRUIT_EXTRACT;XIRECS;5280.0;13
8700;BOT_MAKER;BOT_TAKER;HYDROGEL_PACK;XIRECS;9967.0;4
8700;BOT_MAKER;BOT_TAKER;VEV_5400;XIRECS;18.0;4
8800;BOT_MAKER;BOT_TAKER;VEV_5400;XIRECS;18.0;4
8900;BOT_MAKER;BOT_TAKER;HYDROGEL_PACK;XIRECS;9965.0;5
8900;SUBMISSION;BOT_TAKER;ASH_COATED_OSMIUM;XIRECS;9991.0;5
9000;BOT_TAKER;BOT_MAKER;VELVETFRUIT_EXTRACT;XIRECS;5279.0;7
9100;BOT_MAKER;BOT_TAKER;VELVETFRUIT_EXTRACT;XIRECS;5274.0;5
9100;BOT_TAKER;BOT_MAKER;VEV_5400;XIRECS;20.0;3
9100;BOT_TAKER;BOT_MAKER;VEV_6500;XIRECS;1.0;5
9300;BOT_TAKER;BOT_MAKER;ASH_COATED_OSMIUM;XIRECS;10006.0;2
9300;BOT_MAKER;BOT_TAKER;HYDROGEL_PACK;XIRECS;9969.0;3
9300;BOT_MAKER;BOT_TAKER;VEV_5500;XIRECS;6.0;3
9400;BOT_MAKER;BOT_TAKER;VELVETFRUIT_EXTRACT;XIRECS;5275.0;8
9500;BOT_TAKER;BOT_MAKER;HYDROGEL_PACK;XIRECS;9989.0;4
9500;BOT_MAKER;BOT_TAKER;VEV_4000;XIRECS;1254.0;2
9500;BOT_TAKER;BOT_MAKER;VEV_6000;XIRECS;1.0;2
9600;BOT_MAKER;BOT_TAKER;INTARIAN_PEPPER_ROOT;XIRECS;13103.0;7
9600;SUBMISSION;BOT_TAKER;HYDROGEL_PACK;XIRECS;9974.0;5
9800;BOT_TAKER;BOT_MAKER;HYDROGEL_PACK;XIRECS;9988.0;5
9900;BOT_MAKER;BOT_TAKER;VEV_4000;XIRECS;1252.0;3
9900;BOT_MAKER;BOT_TAKER;VEV_6000;XIRECS;0.0;2
10000;BOT_TAKER;BOT_MAKER;VEV_4000;XIRECS;1275.0;2
10200;BOT_MAKER;BOT_TAKER;HYDROGEL_PACK;XIRECS;9968.0;5
10200;BOT_TAKER;BOT_MAKER;VELVETFRUIT_EXTRACT;XIRECS;5281.0;8
10200;BOT_MAKER;BOT_TAKER;VEV_4000;XIRECS;1254.0;3
10300;BOT_TAKER;BOT_MAKER;VEV_6000;XIRECS;1.0;5
10400;BOT_TAKER;BOT_MAKER;HYDROGEL_PACK;XIRECS;9983.0;3
10400;BOT_TAKER;BOT_MAKER;VEV_4000;XIRECS;1277.0;3
10400;BOT_MAKER;BOT_TAKER;VEV_6000;XIRECS;0.0;4
10400;BOT_TAKER;SUBMISSION;HYDROGEL_PACK;XIRECS;9982.0;3
10500;BOT_TAKER;BOT_MAKER;ASH_COATED_OSMIUM;XIRECS;9999.0;4
10500;BOT_TAKER;BOT_MAKER;ASH_COATED_OSMIUM;XIRECS;10006.0;2
10500;BOT_MAKER;BOT_TAKER;VELVETFRUIT_EXTRACT;XIRECS;5276.0;4
10500;SUBMISSION;BOT_TAKER;HYDROGEL_PACK;XIRECS;9971.0;5
10500;BOT_MAKER;BOT_TAKER;HYDROGEL_PACK;XIRECS;9970.0;1
10700;BOT_MAKER;BOT_TAKER;VEV_5500;XIRECS;6.0;4
10800;BOT_MAKER;BOT_TAKER;VELVETFRUIT_EXTRACT;XIRECS;5276.0;7
10800;BOT_MAKER;BOT_TAKER;VEV_5400;XIRECS;17.0;3
10800;BOT_MAKER;BOT_TAKER;VEV_6500;XIRECS;0.0;4
10900;BOT_MAKER;BOT_TAKER;HYDROGEL_PACK;XIRECS;9972.0;4
10900;BOT_MAKER;BOT_TAKER;VEV_4000;XIRECS;1257.0;1
10900;BOT_MAKER;BOT_TAKER;VEV_5400;XIRECS;17.0;2
10900;BOT_MAKER;BOT_TAKER;VEV_6500;XIRECS;0.0;5
11000;BOT_TAKER;BOT_MAKER;VELVETFRUIT_EXTRACT;XIRECS;5281.0;5
11100;BOT_MAKER;BOT_TAKER;VELVETFRUIT_EXTRACT;XIRECS;5276.0;6
11200;BOT_MAKER;BOT_TAKER;INTARIAN_PEPPER_ROOT;XIRECS;13104.0;7
11200;BOT_TAKER;BOT_MAKER;VEV_5500;XIRECS;7.0;2
11200;BOT_TAKER;BOT_MAKER;VEV_6500;XIRECS;1.0;4
11300;BOT_TAKER;BOT_MAKER;VELVETFRUIT_EXTRACT;XIRECS;5280.0;5
11300;BOT_TAKER;BOT_MAKER;VEV_4000;XIRECS;1278.0;3
11300;BOT_TAKER;BOT_MAKER;VEV_6000;XIRECS;1.0;4
11400;BOT_MAKER;BOT_TAKER;VELVETFRUIT_EXTRACT;XIRECS;5274.0;8
11400;BOT_MAKER;BOT_TAKER;VELVETFRUIT_EXTRACT;XIRECS;5274.0;11
11400;BOT_TAKER;BOT_MAKER;VEV_4000;XIRECS;1277.0;1
11400;BOT_TAKER;BOT_MAKER;VEV_5400;XIRECS;20.0;3
11400;BOT_MAKER;BOT_TAKER;VEV_6500;XIRECS;0.0;2
11500;BOT_MAKER;BOT_TAKER;VELVETFRUIT_EXTRACT;XIRECS;5274.0;9
11500;BOT_TAKER;BOT_MAKER;VEV_4000;XIRECS;1277.0;2
11500;BOT_TAKER;BOT_MAKER;VEV_5500;XIRECS;7.0;2
11500;BOT_TAKER;SUBMISSION;VEV_4000;XIRECS;1276.0;2
11600;BOT_MAKER;BOT_TAKER;VELVETFRUIT_EXTRACT;XIRECS;5273.0;6
11600;BOT_TAKER;BOT_MAKER;VEV_6500;XIRECS;1.0;3
11700;BOT_MAKER;BOT_TAKER;HYDROGEL_PACK;XIRECS;9972.0;3
11800;BOT_MAKER;BOT_TAKER;VEV_6000;XIRECS;0.0;4
11800;SUBMISSION;BOT_TAKER;HYDROGEL_PACK;XIRECS;9973.0;5
11800;BOT_MAKER;BOT_TAKER;HYDROGEL_PACK;XIRECS;9972.0;1
11800;SUBMISSION;BOT_TAKER;VELVETFRUIT_EXTRACT;XIRECS;5273.0;4
11900;BOT_MAKER;BOT_TAKER;VELVETFRUIT_EXTRACT;XIRECS;5273.0;6
11900;BOT_TAKER;BOT_MAKER;VEV_4000;XIRECS;1274.0;1
11900;BOT;SUBMISSION;ASH_COATED_OSMIUM;XIRECS;9996.0;4
12000;BOT_MAKER;BOT_TAKER;HYDROGEL_PACK;XIRECS;9970.0;6
12000;SUBMISSION;BOT_TAKER;VELVETFRUIT_EXTRACT;XIRECS;5273.0;5
12000;BOT_MAKER;BOT_TAKER;VELVETFRUIT_EXTRACT;XIRECS;5272.0;3
12100;BOT_TAKER;BOT_MAKER;HYDROGEL_PACK;XIRECS;9983.0;6
12100;BOT_MAKER;BOT_TAKER;VELVETFRUIT_EXTRACT;XIRECS;5272.0;4
12200;BOT_MAKER;BOT_TAKER;HYDROGEL_PACK;XIRECS;9966.0;2
12200;BOT_TAKER;BOT_MAKER;VELVETFRUIT_EXTRACT;XIRECS;5278.0;5
12300;BOT_TAKER;BOT_MAKER;ASH_COATED_OSMIUM;XIRECS;10004.0;3
12300;BOT_MAKER;BOT_TAKER;VELVETFRUIT_EXTRACT;XIRECS;5273.0;7
12400;SUBMISSION;BOT_TAKER;HYDROGEL_PACK;XIRECS;9966.0;2
12500;BOT_TAKER;BOT_MAKER;HYDROGEL_PACK;XIRECS;9980.0;5
12500;BOT_TAKER;BOT_MAKER;VELVETFRUIT_EXTRACT;XIRECS;5277.0;4
12500;BOT_TAKER;SUBMISSION;VELVETFRUIT_EXTRACT;XIRECS;5276.0;5
12500;BOT_TAKER;BOT_MAKER;VELVETFRUIT_EXTRACT;XIRECS;5277.0;1
12600;BOT_MAKER;BOT_TAKER;HYDROGEL_PACK;XIRECS;9962.0;2
12800;BOT_TAKER;SUBMISSION;VELVETFRUIT_EXTRACT;XIRECS;5278.0;5
12800;BOT_TAKER;BOT_MAKER;VELVETFRUIT_EXTRACT;XIRECS;5279.0;2
12900;BOT_TAKER;BOT_MAKER;HYDROGEL_PACK;XIRECS;9976.0;5
12900;BOT_MAKER;BOT_TAKER;VEV_4000;XIRECS;1256.0;3
13000;BOT_TAKER;BOT_MAKER;VELVETFRUIT_EXTRACT;XIRECS;5279.0;6
13000;BOT_TAKER;SUBMISSION;VELVETFRUIT_EXTRACT;XIRECS;5278.0;5
13100;BOT_MAKER;BOT_TAKER;HYDROGEL_PACK;XIRECS;9966.0;5
13200;BOT_MAKER;BOT_TAKER;HYDROGEL_PACK;XIRECS;9965.0;5
13200;BOT_TAKER;BOT_MAKER;INTARIAN_PEPPER_ROOT;XIRECS;13120.0;3
13200;SUBMISSION;BOT_TAKER;HYDROGEL_PACK;XIRECS;9966.0;5
13200;BOT_TAKER;SUBMISSION;VELVETFRUIT_EXTRACT;XIRECS;5279.0;5
13200;BOT_TAKER;BOT_MAKER;VELVETFRUIT_EXTRACT;XIRECS;5280.0;3
13300;BOT_MAKER;BOT_TAKER;VELVETFRUIT_EXTRACT;XIRECS;5274.0;3
13400;BOT_MAKER;BOT_TAKER;VEV_5500;XIRECS;5.0;2
13400;SUBMISSION;BOT_TAKER;VELVETFRUIT_EXTRACT;XIRECS;5275.0;5
13400;BOT_MAKER;BOT_TAKER;VELVETFRUIT_EXTRACT;XIRECS;5274.0;2
13500;BOT_MAKER;BOT_TAKER;VEV_6000;XIRECS;0.0;5
13600;BOT_TAKER;BOT_MAKER;HYDROGEL_PACK;XIRECS;9973.0;6
13700;BOT_MAKER;BOT_TAKER;VEV_4000;XIRECS;1255.0;1
13800;BOT_TAKER;BOT_MAKER;HYDROGEL_PACK;XIRECS;9978.0;6
13900;BOT_MAKER;BOT_TAKER;VELVETFRUIT_EXTRACT;XIRECS;5273.0;4
13900;BOT_MAKER;BOT_TAKER;VEV_5500;XIRECS;6.0;3
13900;BOT_MAKER;BOT_TAKER;VEV_6500;XIRECS;0.0;2
14000;BOT_MAKER;BOT_TAKER;INTARIAN_PEPPER_ROOT;XIRECS;13104.0;6
14000;BOT_MAKER;BOT_TAKER;VELVETFRUIT_EXTRACT;XIRECS;5274.0;6
14100;BOT_MAKER;BOT_TAKER;VEV_4000;XIRECS;1253.0;1
14100;BOT_MAKER;BOT_TAKER;VEV_5000;XIRECS;256.0;1
14300;BOT_MAKER;BOT_TAKER;INTARIAN_PEPPER_ROOT;XIRECS;13104.0;6
14300;BOT_MAKER;BOT_TAKER;VEV_6500;XIRECS;0.0;5
14300;SUBMISSION;BOT_TAKER;VEV_4000;XIRECS;1255.0;3
14400;BOT_MAKER;BOT_TAKER;HYDROGEL_PACK;XIRECS;9967.0;2
14400;BOT_MAKER;BOT_TAKER;VELVETFRUIT_EXTRACT;XIRECS;5277.0;6
14500;SUBMISSION;BOT_TAKER;VEV_4000;XIRECS;1255.0;3
14600;BOT_TAKER;BOT_MAKER;HYDROGEL_PACK;XIRECS;9989.0;2
14600;BOT_MAKER;BOT_TAKER;VELVETFRUIT_EXTRACT;XIRECS;5282.0;6
14600;SUBMISSION;BOT_TAKER;VELVETFRUIT_EXTRACT;XIRECS;5283.0;5
14600;BOT_MAKER;BOT_TAKER;VELVETFRUIT_EXTRACT;XIRECS;5282.0;2
14800;BOT_MAKER;BOT_TAKER;HYDROGEL_PACK;XIRECS;9973.0;3
14800;BOT_MAKER;BOT_TAKER;VELVETFRUIT_EXTRACT;XIRECS;5283.0;8
14800;BOT_MAKER;BOT_TAKER;VEV_5300;XIRECS;46.0;4
14900;BOT_MAKER;BOT_TAKER;VELVETFRUIT_EXTRACT;XIRECS;5283.0;4
15000;BOT_MAKER;BOT_TAKER;VEV_4000;XIRECS;1255.0;1
15000;BOT_TAKER;SUBMISSION;HYDROGEL_PACK;XIRECS;9985.0;5
15100;BOT_MAKER;BOT_TAKER;VELVETFRUIT_EXTRACT;XIRECS;5283.0;4
15100;BOT_TAKER;BOT_MAKER;VEV_4000;XIRECS;1277.0;1
15100;BOT_TAKER;BOT_MAKER;VEV_5400;XIRECS;19.0;5
15100;BOT_TAKER;BOT_MAKER;VEV_6000;XIRECS;1.0;4
15200;BOT_TAKER;BOT_MAKER;HYDROGEL_PACK;XIRECS;9986.0;6
15200;BOT_MAKER;BOT_TAKER;VEV_4000;XIRECS;1256.0;2
15200;SUBMISSION;BOT_TAKER;VELVETFRUIT_EXTRACT;XIRECS;5285.0;4
15400;BOT_TAKER;BOT_MAKER;HYDROGEL_PACK;XIRECS;9984.0;2
15400;BOT_TAKER;BOT_MAKER;VELVETFRUIT_EXTRACT;XIRECS;5292.0;7
15500;SUBMISSION;BOT_TAKER;VELVETFRUIT_EXTRACT;XIRECS;5287.0;5
15500;BOT_MAKER;BOT_TAKER;VELVETFRUIT_EXTRACT;XIRECS;5286.0;2
15600;BOT_TAKER;BOT_MAKER;VEV_5500;XIRECS;7.0;2
15700;BOT_TAKER;BOT_MAKER;HYDROGEL_PACK;XIRECS;9984.0;6
15700;BOT_MAKER;BOT_TAKER;VELVETFRUIT_EXTRACT;XIRECS;5285.0;9
15700;BOT_TAKER;SUBMISSION;HYDROGEL_PACK;XIRECS;9983.0;5
15700;BOT_TAKER;BOT_MAKER;HYDROGEL_PACK;XIRECS;9984.0;1
15800;BOT_TAKER;BOT_MAKER;VELVETFRUIT_EXTRACT;XIRECS;5291.0;5
15900;BOT_TAKER;BOT_MAKER;HYDROGEL_PACK;XIRECS;9985.0;4
15900;BOT_TAKER;BOT_MAKER;VEV_6500;XIRECS;1.0;2
16000;BOT_TAKER;BOT_MAKER;VELVETFRUIT_EXTRACT;XIRECS;5290.0;8
16000;BOT_TAKER;BOT_MAKER;VELVETFRUIT_EXTRACT;XIRECS;5290.0;4
16000;BOT_MAKER;BOT_TAKER;VEV_6500;XIRECS;0.0;3
16000;BOT_TAKER;SUBMISSION;VELVETFRUIT_EXTRACT;XIRECS;5289.0;5
16000;BOT_TAKER;BOT_MAKER;VELVETFRUIT_EXTRACT;XIRECS;5290.0;3
16100;BOT_MAKER;BOT_TAKER;VELVETFRUIT_EXTRACT;XIRECS;5285.0;3
16100;BOT_TAKER;SUBMISSION;ASH_COATED_OSMIUM;XIRECS;10002.0;5
16300;BOT_TAKER;BOT_MAKER;VEV_6000;XIRECS;1.0;4
16400;BOT_MAKER;BOT_TAKER;VELVETFRUIT_EXTRACT;XIRECS;5285.0;4
16400;BOT_MAKER;BOT_TAKER;VEV_6500;XIRECS;0.0;2
16500;BOT_MAKER;BOT_TAKER;HYDROGEL_PACK;XIRECS;9964.0;5
16600;BOT_MAKER;BOT_TAKER;ASH_COATED_OSMIUM;XIRECS;9993.0;3
16600;BOT_MAKER;BOT_TAKER;ASH_COATED_OSMIUM;XIRECS;9987.0;1
16600;BOT_TAKER;BOT_MAKER;HYDROGEL_PACK;XIRECS;9984.0;6
16600;BOT_TAKER;BOT_MAKER;VELVETFRUIT_EXTRACT;XIRECS;5292.0;15
16700;BOT_MAKER;BOT_TAKER;HYDROGEL_PACK;XIRECS;9967.0;6
16700;BOT_MAKER;BOT_TAKER;VELVETFRUIT_EXTRACT;XIRECS;5286.0;8
16700;BOT_MAKER;BOT_TAKER;VEV_5400;XIRECS;18.0;2
16700;SUBMISSION;BOT_TAKER;ASH_COATED_OSMIUM;XIRECS;9984.0;3
16800;BOT_MAKER;BOT_TAKER;HYDROGEL_PACK;XIRECS;9964.0;5
16800;BOT_TAKER;BOT_MAKER;VELVETFRUIT_EXTRACT;XIRECS;5290.0;7
16800;BOT_TAKER;BOT_MAKER;VEV_4000;XIRECS;1279.0;2
16800;BOT_TAKER;BOT_MAKER;VEV_5500;XIRECS;6.0;3
16800;BOT_TAKER;BOT_MAKER;VEV_6500;XIRECS;1.0;4
16900;BOT_MAKER;BOT_TAKER;HYDROGEL_PACK;XIRECS;9965.0;2
16900;BOT_MAKER;BOT_TAKER;VELVETFRUIT_EXTRACT;XIRECS;5285.0;6
16900;BOT_MAKER;BOT_TAKER;VELVETFRUIT_EXTRACT;XIRECS;5285.0;7
16900;BOT_TAKER;BOT_MAKER;VEV_6000;XIRECS;1.0;2
16900;BOT_TAKER;SUBMISSION;VELVETFRUIT_EXTRACT;XIRECS;5289.0;5
16900;BOT_TAKER;BOT_MAKER;VELVETFRUIT_EXTRACT;XIRECS;5290.0;2
17000;BOT_TAKER;BOT_MAKER;VELVETFRUIT_EXTRACT;XIRECS;5290.0;4
17100;BOT_TAKER;BOT_MAKER;HYDROGEL_PACK;XIRECS;9980.0;4
17100;BOT_TAKER;BOT_MAKER;VELVETFRUIT_EXTRACT;XIRECS;5288.0;4
17200;BOT_TAKER;BOT_MAKER;VEV_4000;XIRECS;1278.0;2
17200;SUBMISSION;BOT_TAKER;VELVETFRUIT_EXTRACT;XIRECS;5285.0;5
17200;BOT_MAKER;BOT_TAKER;VELVETFRUIT_EXTRACT;XIRECS;5284.0;2
17300;BOT_TAKER;BOT_MAKER;HYDROGEL_PACK;XIRECS;9977.0;5
17300;BOT_MAKER;BOT_TAKER;VEV_5500;XIRECS;6.0;3
17400;BOT_TAKER;BOT_MAKER;VELVETFRUIT_EXTRACT;XIRECS;5288.0;5
17500;BOT_TAKER;BOT_MAKER;INTARIAN_PEPPER_ROOT;XIRECS;13125.0;6
17600;BOT_TAKER;BOT_MAKER;HYDROGEL_PACK;XIRECS;9973.0;4
17600;BOT_TAKER;BOT_MAKER;VELVETFRUIT_EXTRACT;XIRECS;5289.0;7
17700;BOT_MAKER;BOT_TAKER;VELVETFRUIT_EXTRACT;XIRECS;5284.0;4
17700;BOT_TAKER;BOT_MAKER;VEV_4000;XIRECS;1275.0;2
17700;BOT_TAKER;BOT_MAKER;VEV_6500;XIRECS;1.0;2
17800;BOT_MAKER;BOT_TAKER;VELVETFRUIT_EXTRACT;XIRECS;5283.0;5
17900;BOT_TAKER;BOT_MAKER;VELVETFRUIT_EXTRACT;XIRECS;5289.0;6
17900;BOT_MAKER;BOT_TAKER;VEV_5500;XIRECS;6.0;5
17900;SUBMISSION;BOT_TAKER;HYDROGEL_PACK;XIRECS;9964.0;5
17900;BOT_MAKER;BOT_TAKER;HYDROGEL_PACK;XIRECS;9963.0;1
17900;BOT_TAKER;SUBMISSION;VELVETFRUIT_EXTRACT;XIRECS;5288.0;5
18000;BOT_TAKER;BOT_MAKER;ASH_COATED_OSMIUM;XIRECS;10002.0;6
18000;BOT_MAKER;BOT_TAKER;VELVETFRUIT_EXTRACT;XIRECS;5284.0;3
18000;BOT_TAKER;BOT_MAKER;VEV_4000;XIRECS;1275.0;2
18200;BOT_TAKER;BOT_MAKER;HYDROGEL_PACK;XIRECS;9977.0;5
18400;BOT_TAKER;BOT_MAKER;HYDROGEL_PACK;XIRECS;9972.0;6
18500;BOT_MAKER;BOT_TAKER;VELVETFRUIT_EXTRACT;XIRECS;5283.0;13
18500;BOT_TAKER;SUBMISSION;ASH_COATED_OSMIUM;XIRECS;10002.0;2
18600;BOT_MAKER;BOT_TAKER;HYDROGEL_PACK;XIRECS;9957.0;3
18700;BOT_TAKER;BOT_MAKER;VEV_4000;XIRECS;1279.0;3
18700;BOT_MAKER;BOT_TAKER;VEV_6500;XIRECS;0.0;2
18800;BOT_TAKER;BOT_MAKER;VELVETFRUIT_EXTRACT;XIRECS;5285.0;3
18800;BOT_MAKER;BOT_TAKER;VELVETFRUIT_EXTRACT;XIRECS;5280.0;8
18800;BOT_MAKER;BOT_TAKER;VEV_5500;XIRECS;7.0;4
18800;SUBMISSION;BOT_TAKER;ASH_COATED_OSMIUM;XIRECS;9985.0;4
18800;BOT_TAKER;SUBMISSION;HYDROGEL_PACK;XIRECS;9973.0;5
18800;BOT_TAKER;BOT_MAKER;HYDROGEL_PACK;XIRECS;9974.0;1
19100;BOT_TAKER;BOT_MAKER;VEV_6000;XIRECS;1.0;4
19100;BOT_TAKER;BOT_MAKER;VEV_6500;XIRECS;1.0;4
19200;BOT_MAKER;BOT_TAKER;VEV_4000;XIRECS;1258.0;2
19200;BOT_TAKER;BOT_MAKER;VEV_6000;XIRECS;1.0;5
19300;BOT_MAKER;BOT_TAKER;HYDROGEL_PACK;XIRECS;9959.0;2
19300;BOT_TAKER;BOT_MAKER;VELVETFRUIT_EXTRACT;XIRECS;5287.0;9
19300;BOT_MAKER;BOT_TAKER;VEV_4000;XIRECS;1258.0;2
19300;BOT_MAKER;BOT_TAKER;VEV_5400;XIRECS;18.0;2
19300;BOT_MAKER;BOT_TAKER;VEV_6500;XIRECS;0.0;4
19400;BOT_MAKER;BOT_TAKER;HYDROGEL_PACK;XIRECS;9960.0;6
19400;BOT_MAKER;BOT_TAKER;VELVETFRUIT_EXTRACT;XIRECS;5280.0;5
19400;BOT_TAKER;BOT_MAKER;VEV_4000;XIRECS;1280.0;3
19400;BOT_TAKER;SUBMISSION;VELVETFRUIT_EXTRACT;XIRECS;5284.0;5
19400;BOT_TAKER;BOT_MAKER;VELVETFRUIT_EXTRACT;XIRECS;5285.0;3
19500;BOT_TAKER;BOT_MAKER;VELVETFRUIT_EXTRACT;XIRECS;5284.0;6
19600;BOT_TAKER;BOT_MAKER;VEV_6500;XIRECS;1.0;4
19700;BOT_MAKER;BOT_TAKER;HYDROGEL_PACK;XIRECS;9959.0;4
19700;BOT_TAKER;BOT_MAKER;VELVETFRUIT_EXTRACT;XIRECS;5285.0;8
19700;SUBMISSION;BOT_TAKER;VEV_4000;XIRECS;1262.0;3
19800;BOT_MAKER;BOT_TAKER;HYDROGEL_PACK;XIRECS;9961.0;3
19900;BOT_TAKER;BOT_MAKER;HYDROGEL_PACK;XIRECS;9976.0;2
19900;BOT_MAKER;BOT_TAKER;VELVETFRUIT_EXTRACT;XIRECS;5279.0;7
19900;SUBMISSION;BOT_TAKER;VELVETFRUIT_EXTRACT;XIRECS;5280.0;3
20000;BOT_MAKER;BOT_TAKER;HYDROGEL_PACK;XIRECS;9959.0;4
20000;BOT_TAKER;BOT_MAKER;VELVETFRUIT_EXTRACT;XIRECS;5288.0;6
20000;BOT_TAKER;BOT_MAKER;VEV_6000;XIRECS;1.0;4
20000;SUBMISSION;BOT_TAKER;VELVETFRUIT_EXTRACT;XIRECS;5283.0;5
20000;BOT_MAKER;BOT_TAKER;VELVETFRUIT_EXTRACT;XIRECS;5282.0;1
20100;BOT_MAKER;BOT_TAKER;VELVETFRUIT_EXTRACT;XIRECS;5284.0;3
20200;BOT_TAKER;BOT_MAKER;HYDROGEL_PACK;XIRECS;9982.0;5
20200;BOT_MAKER;BOT_TAKER;VELVETFRUIT_EXTRACT;XIRECS;5285.0;11
20300;BOT_MAKER;BOT_TAKER;VELVETFRUIT_EXTRACT;XIRECS;5284.0;8
20300;BOT_TAKER;SUBMISSION;HYDROGEL_PACK;XIRECS;9978.0;2
20400;SUBMISSION;BOT_TAKER;ASH_COATED_OSMIUM;XIRECS;9988.0;10
20500;BOT_MAKER;BOT_TAKER;VEV_5500;XIRECS;7.0;2
20700;BOT_MAKER;BOT_TAKER;VELVETFRUIT_EXTRACT;XIRECS;5284.0;6
20700;SUBMISSION;BOT_TAKER;VELVETFRUIT_EXTRACT;XIRECS;5285.0;5
20700;BOT_MAKER;BOT_TAKER;VELVETFRUIT_EXTRACT;XIRECS;5284.0;2
20800;BOT_TAKER;BOT_MAKER;VELVETFRUIT_EXTRACT;XIRECS;5291.0;4
20800;BOT;SUBMISSION;ASH_COATED_OSMIUM;XIRECS;9995.0;4
20800;BOT_TAKER;SUBMISSION;HYDROGEL_PACK;XIRECS;9980.0;5
20800;BOT_TAKER;BOT_MAKER;HYDROGEL_PACK;XIRECS;9981.0;1
20900;BOT_TAKER;BOT_MAKER;VEV_4000;XIRECS;1278.0;3
20900;BOT_TAKER;SUBMISSION;VELVETFRUIT_EXTRACT;XIRECS;5293.0;5
20900;BOT_TAKER;BOT_MAKER;VELVETFRUIT_EXTRACT;XIRECS;5294.0;3
21000;BOT_TAKER;BOT_MAKER;VEV_6000;XIRECS;1.0;4
21100;BOT_TAKER;BOT_MAKER;INTARIAN_PEPPER_ROOT;XIRECS;13128.0;5
21100;BOT_MAKER;BOT_TAKER;VELVETFRUIT_EXTRACT;XIRECS;5289.0;6
21200;BOT_TAKER;BOT_MAKER;VEV_5500;XIRECS;8.0;4
21200;SUBMISSION;BOT_TAKER;VELVETFRUIT_EXTRACT;XIRECS;5288.0;5
21200;BOT_MAKER;BOT_TAKER;VELVETFRUIT_EXTRACT;XIRECS;5287.0;4
21400;BOT_MAKER;BOT_TAKER;VELVETFRUIT_EXTRACT;XIRECS;5289.0;7
21400;BOT_TAKER;BOT_MAKER;VEV_4000;XIRECS;1278.0;1
21500;BOT_TAKER;BOT_MAKER;HYDROGEL_PACK;XIRECS;9976.0;2
21600;BOT_MAKER;BOT_TAKER;VELVETFRUIT_EXTRACT;XIRECS;5288.0;4
21700;BOT_MAKER;BOT_TAKER;VEV_6500;XIRECS;0.0;5
21800;BOT_TAKER;BOT_MAKER;VELVETFRUIT_EXTRACT;XIRECS;5295.0;8
21800;BOT_MAKER;BOT_TAKER;VEV_5500;XIRECS;7.0;4
21900;BOT_MAKER;BOT_TAKER;VEV_5300;XIRECS;49.0;5
22100;BOT_TAKER;BOT_MAKER;VEV_6000;XIRECS;1.0;3
22100;BOT;SUBMISSION;ASH_COATED_OSMIUM;XIRECS;9998.0;8
22200;BOT_MAKER;BOT_TAKER;VELVETFRUIT_EXTRACT;XIRECS;5290.0;3
22200;BOT_TAKER;SUBMISSION;VELVETFRUIT_EXTRACT;XIRECS;5295.0;5
22400;BOT_MAKER;BOT_TAKER;HYDROGEL_PACK;XIRECS;9952.0;5
22400;BOT_MAKER;BOT_TAKER;VELVETFRUIT_EXTRACT;XIRECS;5290.0;7
22500;BOT_TAKER;BOT_MAKER;VEV_5300;XIRECS;51.0;4
22600;BOT_TAKER;BOT_MAKER;HYDROGEL_PACK;XIRECS;9965.0;4
22700;BOT_MAKER;BOT_TAKER;VELVETFRUIT_EXTRACT;XIRECS;5291.0;5
22800;BOT_MAKER;BOT_TAKER;VELVETFRUIT_EXTRACT;XIRECS;5290.0;8
22900;BOT_MAKER;BOT_TAKER;HYDROGEL_PACK;XIRECS;9945.0;3
23000;BOT_MAKER;BOT_TAKER;HYDROGEL_PACK;XIRECS;9946.0;4
23000;BOT_TAKER;BOT_MAKER;VELVETFRUIT_EXTRACT;XIRECS;5296.0;9
23100;BOT_TAKER;BOT_MAKER;VELVETFRUIT_EXTRACT;XIRECS;5295.0;4
23200;BOT_TAKER;BOT_MAKER;HYDROGEL_PACK;XIRECS;9962.0;4
23200;BOT_MAKER;BOT_TAKER;VELVETFRUIT_EXTRACT;XIRECS;5290.0;6
23200;BOT_MAKER;BOT_TAKER;VEV_4000;XIRECS;1265.0;3
23200;BOT_MAKER;BOT_TAKER;VEV_5500;XIRECS;7.0;4
23200;BOT_MAKER;BOT_TAKER;VEV_6000;XIRECS;0.0;4
23400;BOT_TAKER;BOT_MAKER;HYDROGEL_PACK;XIRECS;9960.0;4
23400;BOT_MAKER;BOT_TAKER;VEV_5500;XIRECS;7.0;4
23600;BOT_TAKER;BOT_MAKER;VELVETFRUIT_EXTRACT;XIRECS;5296.0;5
23600;BOT;SUBMISSION;ASH_COATED_OSMIUM;XIRECS;9998.0;6
23700;BOT_MAKER;BOT_TAKER;VELVETFRUIT_EXTRACT;XIRECS;5292.0;6
23900;BOT_TAKER;BOT_MAKER;HYDROGEL_PACK;XIRECS;9960.0;4
23900;BOT_TAKER;BOT_MAKER;VELVETFRUIT_EXTRACT;XIRECS;5297.0;8
23900;BOT_TAKER;BOT_MAKER;VEV_6500;XIRECS;1.0;4
24000;BOT_MAKER;BOT_TAKER;VEV_4000;XIRECS;1268.0;3
24100;BOT_TAKER;BOT_MAKER;VELVETFRUIT_EXTRACT;XIRECS;5297.0;3
24100;BOT_TAKER;BOT_MAKER;VEV_4000;XIRECS;1290.0;1
24200;BOT_TAKER;BOT_MAKER;VELVETFRUIT_EXTRACT;XIRECS;5297.0;5
24200;BOT_MAKER;BOT_TAKER;VEV_5500;XIRECS;7.0;2
24200;BOT_TAKER;SUBMISSION;VELVETFRUIT_EXTRACT;XIRECS;5296.0;3
24300;BOT_MAKER;BOT_TAKER;HYDROGEL_PACK;XIRECS;9945.0;4
24300;BOT_MAKER;BOT_TAKER;VEV_4000;XIRECS;1267.0;1
24500;SUBMISSION;BOT_TAKER;VELVETFRUIT_EXTRACT;XIRECS;5295.0;3
24600;BOT_TAKER;BOT_MAKER;VEV_6000;XIRECS;1.0;4
24600;BOT;SUBMISSION;ASH_COATED_OSMIUM;XIRECS;9998.0;5
24700;BOT_MAKER;BOT_TAKER;HYDROGEL_PACK;XIRECS;9949.0;6
24700;BOT_TAKER;BOT_MAKER;VEV_5500;XIRECS;8.0;4
25000;BOT_TAKER;BOT_MAKER;VEV_5400;XIRECS;17.0;4
25100;BOT_MAKER;BOT_TAKER;VELVETFRUIT_EXTRACT;XIRECS;5288.0;5
25200;BOT_TAKER;BOT_MAKER;VELVETFRUIT_EXTRACT;XIRECS;5295.0;6
25300;BOT_TAKER;SUBMISSION;VELVETFRUIT_EXTRACT;XIRECS;5294.0;3
25400;BOT_MAKER;BOT_TAKER;VELVETFRUIT_EXTRACT;XIRECS;5289.0;5
25500;BOT_MAKER;BOT_TAKER;VELVETFRUIT_EXTRACT;XIRECS;5289.0;6
25600;BOT_MAKER;BOT_TAKER;VELVETFRUIT_EXTRACT;XIRECS;5290.0;3
25700;BOT_TAKER;BOT_MAKER;VEV_5500;XIRECS;8.0;2
25700;BOT_MAKER;BOT_TAKER;VEV_6500;XIRECS;0.0;4
25700;SUBMISSION;BOT_TAKER;VELVETFRUIT_EXTRACT;XIRECS;5290.0;5
25700;BOT_MAKER;BOT_TAKER;VELVETFRUIT_EXTRACT;XIRECS;5289.0;1
25800;BOT_MAKER;BOT_TAKER;HYDROGEL_PACK;XIRECS;9953.0;3
25800;BOT_TAKER;BOT_MAKER;VELVETFRUIT_EXTRACT;XIRECS;5294.0;4
25800;BOT_TAKER;BOT_MAKER;VEV_4000;XIRECS;1288.0;1
25800;BOT_MAKER;BOT_TAKER;VEV_6000;XIRECS;0.0;5
25900;SUBMISSION;BOT_TAKER;HYDROGEL_PACK;XIRECS;9954.0;4
26000;BOT_MAKER;BOT_TAKER;VEV_5300;XIRECS;50.0;4
26000;BOT_TAKER;BOT_MAKER;VEV_6000;XIRECS;1.0;2
26000;BOT_TAKER;BOT_MAKER;VEV_6000;XIRECS;1.0;3
26100;BOT_MAKER;BOT_TAKER;HYDROGEL_PACK;XIRECS;9958.0;4
26200;BOT_TAKER;BOT_MAKER;VELVETFRUIT_EXTRACT;XIRECS;5298.0;5
26200;BOT_TAKER;BOT_MAKER;VEV_5500;XIRECS;8.0;4
26200;BOT_MAKER;BOT_TAKER;VEV_6500;XIRECS;0.0;5
26300;BOT_MAKER;BOT_TAKER;VELVETFRUIT_EXTRACT;XIRECS;5291.0;6
26400;BOT_TAKER;BOT_MAKER;VELVETFRUIT_EXTRACT;XIRECS;5298.0;4
26400;BOT_MAKER;BOT_TAKER;VELVETFRUIT_EXTRACT;XIRECS;5292.0;3
26500;BOT_MAKER;BOT_TAKER;VEV_5500;XIRECS;7.0;4
26500;BOT_MAKER;BOT_TAKER;VEV_6500;XIRECS;0.0;2
26600;BOT_TAKER;BOT_MAKER;VELVETFRUIT_EXTRACT;XIRECS;5298.0;5
26700;BOT_TAKER;BOT_MAKER;VELVETFRUIT_EXTRACT;XIRECS;5297.0;10
26800;BOT_MAKER;BOT_TAKER;HYDROGEL_PACK;XIRECS;9952.0;6
26900;BOT_MAKER;BOT_TAKER;HYDROGEL_PACK;XIRECS;9953.0;4
26900;BOT_TAKER;BOT_MAKER;VELVETFRUIT_EXTRACT;XIRECS;5297.0;5
26900;BOT_MAKER;BOT_TAKER;VEV_5500;XIRECS;7.0;4
27000;BOT_TAKER;BOT_MAKER;VELVETFRUIT_EXTRACT;XIRECS;5297.0;4
27000;BOT_TAKER;BOT_MAKER;VEV_4000;XIRECS;1292.0;2
27100;BOT_TAKER;BOT_MAKER;VEV_4000;XIRECS;1292.0;2
27200;BOT_TAKER;BOT_MAKER;VELVETFRUIT_EXTRACT;XIRECS;5299.0;4
27200;SUBMISSION;BOT_TAKER;HYDROGEL_PACK;XIRECS;9952.0;4
27200;BOT_TAKER;SUBMISSION;VELVETFRUIT_EXTRACT;XIRECS;5298.0;5
27400;BOT_MAKER;BOT_TAKER;VEV_5400;XIRECS;15.0;4
27400;BOT_TAKER;SUBMISSION;HYDROGEL_PACK;XIRECS;9967.0;5
27500;BOT_MAKER;BOT_TAKER;HYDROGEL_PACK;XIRECS;9953.0;6
27500;BOT_TAKER;BOT_MAKER;VELVETFRUIT_EXTRACT;XIRECS;5300.0;8
27500;SUBMISSION;BOT_TAKER;VELVETFRUIT_EXTRACT;XIRECS;5295.0;5
27500;BOT_MAKER;BOT_TAKER;VELVETFRUIT_EXTRACT;XIRECS;5294.0;1
27600;BOT_TAKER;BOT_MAKER;HYDROGEL_PACK;XIRECS;9968.0;3
27600;BOT_TAKER;BOT_MAKER;VELVETFRUIT_EXTRACT;XIRECS;5301.0;4
27700;BOT_TAKER;BOT_MAKER;HYDROGEL_PACK;XIRECS;9969.0;6
27800;BOT_MAKER;BOT_TAKER;VEV_4000;XIRECS;1273.0;3
27900;BOT_MAKER;BOT_TAKER;ASH_COATED_OSMIUM;XIRECS;9988.0;4
27900;BOT_MAKER;BOT_TAKER;HYDROGEL_PACK;XIRECS;9953.0;2
27900;BOT_TAKER;BOT_MAKER;HYDROGEL_PACK;XIRECS;9969.0;6
27900;BOT_TAKER;BOT_MAKER;VELVETFRUIT_EXTRACT;XIRECS;5300.0;10
28000;BOT_MAKER;BOT_TAKER;HYDROGEL_PACK;XIRECS;9952.0;5
28000;BOT_TAKER;BOT_MAKER;VELVETFRUIT_EXTRACT;XIRECS;5299.0;4
28000;BOT_TAKER;BOT_MAKER;VEV_6500;XIRECS;1.0;4
28100;BOT_TAKER;BOT_MAKER;HYDROGEL_PACK;XIRECS;9967.0;5
28100;BOT_MAKER;BOT_TAKER;VEV_4000;XIRECS;1274.0;2
28200;BOT_MAKER;BOT_TAKER;VELVETFRUIT_EXTRACT;XIRECS;5293.0;6
28300;BOT_MAKER;BOT_TAKER;HYDROGEL_PACK;XIRECS;9952.0;5
28300;BOT_MAKER;BOT_TAKER;HYDROGEL_PACK;XIRECS;9952.0;2
28300;BOT_MAKER;BOT_TAKER;VELVETFRUIT_EXTRACT;XIRECS;5293.0;7
28400;BOT_MAKER;BOT_TAKER;VEV_6000;XIRECS;0.0;2
28500;BOT_MAKER;BOT_TAKER;VELVETFRUIT_EXTRACT;XIRECS;5291.0;3
28600;BOT_MAKER;BOT_TAKER;VELVETFRUIT_EXTRACT;XIRECS;5290.0;5
28700;BOT_TAKER;BOT_MAKER;ASH_COATED_OSMIUM;XIRECS;10004.0;2
28700;BOT_TAKER;BOT_MAKER;VELVETFRUIT_EXTRACT;XIRECS;5294.0;8
28800;BOT_MAKER;BOT_TAKER;HYDROGEL_PACK;XIRECS;9948.0;4
28800;BOT_TAKER;BOT_MAKER;VEV_6000;XIRECS;1.0;3
29000;BOT_TAKER;SUBMISSION;HYDROGEL_PACK;XIRECS;9966.0;3
29100;BOT_TAKER;BOT_MAKER;VEV_5500;XIRECS;8.0;4
29200;BOT_TAKER;BOT_MAKER;HYDROGEL_PACK;XIRECS;9971.0;2
29200;BOT_MAKER;BOT_TAKER;VELVETFRUIT_EXTRACT;XIRECS;5289.0;5
29200;BOT_MAKER;BOT_TAKER;VEV_5400;XIRECS;14.0;3
29200;SUBMISSION;BOT;ASH_COATED_OSMIUM;XIRECS;9994.0;8
29200;BOT_TAKER;SUBMISSION;VELVETFRUIT_EXTRACT;XIRECS;5294.0;3
29300;BOT_MAKER;BOT_TAKER;VELVETFRUIT_EXTRACT;XIRECS;5289.0;10
29400;BOT_TAKER;BOT_MAKER;VEV_6500;XIRECS;1.0;2
29500;BOT_MAKER;BOT_TAKER;VEV_6000;XIRECS;0.0;4
29500;BOT_TAKER;SUBMISSION;VELVETFRUIT_EXTRACT;XIRECS;5292.0;3
29600;BOT_TAKER;BOT_MAKER;VEV_6000;XIRECS;1.0;5
29700;BOT_TAKER;BOT_MAKER;ASH_COATED_OSMIUM;XIRECS;10004.0;5
29700;BOT_MAKER;BOT_TAKER;INTARIAN_PEPPER_ROOT;XIRECS;13119.0;3
29700;BOT_MAKER;BOT_TAKER;VELVETFRUIT_EXTRACT;XIRECS;5290.0;7
29700;BOT_TAKER;BOT_MAKER;VEV_4000;XIRECS;1287.0;1
29800;BOT_TAKER;BOT_MAKER;HYDROGEL_PACK;XIRECS;9968.0;2
29800;BOT_MAKER;BOT_TAKER;VEV_6500;XIRECS;0.0;3
29900;BOT_MAKER;BOT_TAKER;VEV_6500;XIRECS;0.0;2
30000;BOT_MAKER;BOT_TAKER;VELVETFRUIT_EXTRACT;XIRECS;5288.0;6
30100;BOT_MAKER;BOT_TAKER;VEV_5500;XIRECS;8.0;2
30100;BOT_TAKER;BOT_MAKER;VEV_6000;XIRECS;1.0;2
30200;BOT_MAKER;BOT_TAKER;VELVETFRUIT_EXTRACT;XIRECS;5288.0;7
30200;BOT_TAKER;SUBMISSION;VELVETFRUIT_EXTRACT;XIRECS;5292.0;5
30200;BOT_TAKER;BOT_MAKER;VELVETFRUIT_EXTRACT;XIRECS;5293.0;3
30400;BOT_TAKER;BOT_MAKER;HYDROGEL_PACK;XIRECS;9967.0;4
30500;BOT_MAKER;BOT_TAKER;VELVETFRUIT_EXTRACT;XIRECS;5288.0;4
30500;SUBMISSION;BOT_TAKER;VEV_4000;XIRECS;1267.0;3
30600;BOT_MAKER;BOT_TAKER;ASH_COATED_OSMIUM;XIRECS;9988.0;9
30600;BOT_MAKER;BOT_TAKER;VELVETFRUIT_EXTRACT;XIRECS;5290.0;6
30700;BOT_MAKER;BOT_TAKER;VEV_5400;XIRECS;14.0;5
30800;BOT_TAKER;BOT_MAKER;HYDROGEL_PACK;XIRECS;9967.0;4
30800;BOT_TAKER;BOT_MAKER;VELVETFRUIT_EXTRACT;XIRECS;5295.0;8
30800;BOT_TAKER;BOT_MAKER;VEV_5500;XIRECS;9.0;4
30900;BOT_TAKER;BOT_MAKER;HYDROGEL_PACK;XIRECS;9968.0;5
30900;BOT_MAKER;BOT_TAKER;INTARIAN_PEPPER_ROOT;XIRECS;13124.0;8
30900;BOT_MAKER;BOT_TAKER;VELVETFRUIT_EXTRACT;XIRECS;5292.0;5
31000;BOT_TAKER;BOT_MAKER;VEV_6500;XIRECS;1.0;4
31400;BOT_MAKER;BOT_TAKER;VEV_4000;XIRECS;1263.0;2
31500;BOT_TAKER;BOT_MAKER;VEV_4000;XIRECS;1286.0;3
31500;BOT_MAKER;BOT_TAKER;ASH_COATED_OSMIUM;XIRECS;9994.0;3
31500;SUBMISSION;BOT_TAKER;ASH_COATED_OSMIUM;XIRECS;9989.0;3
31600;BOT_MAKER;BOT_TAKER;VELVETFRUIT_EXTRACT;XIRECS;5291.0;6
31700;BOT_TAKER;BOT_MAKER;VELVETFRUIT_EXTRACT;XIRECS;5296.0;7
31800;BOT_MAKER;BOT_TAKER;VEV_5400;XIRECS;14.0;4
31800;BOT_MAKER;BOT_TAKER;VEV_5500;XIRECS;8.0;2
31800;SUBMISSION;BOT_TAKER;HYDROGEL_PACK;XIRECS;9963.0;5
31800;BOT_MAKER;BOT_TAKER;HYDROGEL_PACK;XIRECS;9962.0;1
32000;BOT_MAKER;BOT_TAKER;VEV_4000;XIRECS;1266.0;3
32100;BOT_TAKER;BOT_MAKER;VELVETFRUIT_EXTRACT;XIRECS;5294.0;8
32300;BOT_MAKER;BOT_TAKER;VEV_4000;XIRECS;1269.0;1
32400;BOT_TAKER;BOT_MAKER;HYDROGEL_PACK;XIRECS;9974.0;3
32400;BOT;SUBMISSION;ASH_COATED_OSMIUM;XIRECS;9996.0;10
32500;BOT_MAKER;BOT_TAKER;VELVETFRUIT_EXTRACT;XIRECS;5290.0;5
32700;BOT_MAKER;BOT_TAKER;HYDROGEL_PACK;XIRECS;9961.0;2
32800;BOT_TAKER;SUBMISSION;VELVETFRUIT_EXTRACT;XIRECS;5295.0;5
32900;BOT_MAKER;BOT_TAKER;VEV_4000;XIRECS;1269.0;2
32900;BOT_MAKER;BOT_TAKER;VEV_5500;XIRECS;8.0;2
33000;BOT_TAKER;BOT_MAKER;VELVETFRUIT_EXTRACT;XIRECS;5295.0;4
33100;BOT_TAKER;BOT_MAKER;VELVETFRUIT_EXTRACT;XIRECS;5294.0;4
33100;BOT_TAKER;BOT_MAKER;VEV_6000;XIRECS;1.0;5
33200;BOT_TAKER;BOT_MAKER;VELVETFRUIT_EXTRACT;XIRECS;5294.0;4
33300;BOT_MAKER;BOT_TAKER;VELVETFRUIT_EXTRACT;XIRECS;5289.0;8
33500;BOT_TAKER;BOT_MAKER;VELVETFRUIT_EXTRACT;XIRECS;5293.0;8
33600;BOT_MAKER;BOT_TAKER;HYDROGEL_PACK;XIRECS;9949.0;5
33600;BOT_MAKER;BOT_TAKER;VEV_5500;XIRECS;8.0;2
33700;BOT_TAKER;BOT_MAKER;HYDROGEL_PACK;XIRECS;9964.0;4
33800;BOT_TAKER;BOT_MAKER;VELVETFRUIT_EXTRACT;XIRECS;5293.0;6
33900;BOT_TAKER;BOT_MAKER;HYDROGEL_PACK;XIRECS;9966.0;4
34000;BOT_MAKER;BOT_TAKER;HYDROGEL_PACK;XIRECS;9946.0;4
34000;BOT_MAKER;BOT_TAKER;VELVETFRUIT_EXTRACT;XIRECS;5289.0;3
34000;BOT_TAKER;SUBMISSION;HYDROGEL_PACK;XIRECS;9961.0;5
34100;SUBMISSION;BOT_TAKER;VELVETFRUIT_EXTRACT;XIRECS;5289.0;5
34100;BOT_MAKER;BOT_TAKER;VELVETFRUIT_EXTRACT;XIRECS;5288.0;2
34200;BOT_MAKER;BOT_TAKER;VELVETFRUIT_EXTRACT;XIRECS;5288.0;7
34200;BOT_TAKER;SUBMISSION;VEV_4000;XIRECS;1290.0;3
34300;BOT_MAKER;BOT_TAKER;HYDROGEL_PACK;XIRECS;9948.0;5
34300;BOT_MAKER;BOT_TAKER;INTARIAN_PEPPER_ROOT;XIRECS;13127.0;7
34300;BOT_TAKER;BOT_MAKER;VELVETFRUIT_EXTRACT;XIRECS;5295.0;4
34400;BOT_TAKER;BOT_MAKER;VEV_5500;XIRECS;9.0;5
34500;BOT_MAKER;BOT_TAKER;HYDROGEL_PACK;XIRECS;9950.0;3
34500;BOT_MAKER;BOT_TAKER;VELVETFRUIT_EXTRACT;XIRECS;5288.0;7
34500;BOT_TAKER;BOT_MAKER;VEV_4000;XIRECS;1291.0;3
34600;BOT_TAKER;BOT_MAKER;HYDROGEL_PACK;XIRECS;9970.0;6
34700;BOT_TAKER;BOT_MAKER;HYDROGEL_PACK;XIRECS;9970.0;4
34700;BOT_TAKER;BOT_MAKER;VEV_5500;XIRECS;9.0;2
34800;BOT_MAKER;BOT_TAKER;VEV_4000;XIRECS;1270.0;2
34900;BOT_MAKER;BOT_TAKER;VELVETFRUIT_EXTRACT;XIRECS;5289.0;3
34900;BOT_TAKER;BOT_MAKER;VELVETFRUIT_EXTRACT;XIRECS;5293.0;6
34900;BOT_TAKER;BOT_MAKER;VEV_5500;XIRECS;9.0;3
34900;BOT_TAKER;SUBMISSION;ASH_COATED_OSMIUM;XIRECS;10002.0;6
35000;BOT_TAKER;BOT_MAKER;VELVETFRUIT_EXTRACT;XIRECS;5294.0;6
35000;BOT_MAKER;BOT_TAKER;VEV_4000;XIRECS;1272.0;3
35000;BOT_TAKER;SUBMISSION;HYDROGEL_PACK;XIRECS;9970.0;3
35100;BOT_MAKER;BOT_TAKER;VEV_4000;XIRECS;1273.0;3
35100;BOT_TAKER;BOT_MAKER;VEV_4000;XIRECS;1294.0;1
35300;BOT_TAKER;BOT_MAKER;HYDROGEL_PACK;XIRECS;9969.0;3
35300;BOT_MAKER;BOT_TAKER;VELVETFRUIT_EXTRACT;XIRECS;5288.0;4
35300;BOT_TAKER;BOT_MAKER;VEV_4000;XIRECS;1294.0;3
35400;BOT_TAKER;BOT_MAKER;VELVETFRUIT_EXTRACT;XIRECS;5291.0;8
35400;BOT_MAKER;BOT_TAKER;VEV_6000;XIRECS;0.0;5
35500;BOT_MAKER;BOT_TAKER;ASH_COATED_OSMIUM;XIRECS;9987.0;5
35500;BOT_TAKER;BOT_MAKER;HYDROGEL_PACK;XIRECS;9966.0;5
35500;BOT_MAKER;BOT_TAKER;VELVETFRUIT_EXTRACT;XIRECS;5285.0;3
35500;BOT_MAKER;BOT_TAKER;VEV_6000;XIRECS;0.0;2
35600;BOT_MAKER;BOT_TAKER;HYDROGEL_PACK;XIRECS;9952.0;6
35600;BOT_TAKER;BOT_MAKER;VEV_5500;XIRECS;9.0;4
35700;BOT_MAKER;BOT_TAKER;VELVETFRUIT_EXTRACT;XIRECS;5286.0;8
35700;BOT_TAKER;SUBMISSION;ASH_COATED_OSMIUM;XIRECS;10002.0;7
35700;BOT_TAKER;SUBMISSION;VELVETFRUIT_EXTRACT;XIRECS;5290.0;5
35700;BOT_TAKER;BOT_MAKER;VELVETFRUIT_EXTRACT;XIRECS;5291.0;1
35800;BOT_TAKER;BOT_MAKER;HYDROGEL_PACK;XIRECS;9968.0;4
35800;BOT_MAKER;BOT_TAKER;VEV_4000;XIRECS;1273.0;1
35800;BOT_TAKER;BOT_MAKER;VEV_5500;XIRECS;9.0;5
35900;BOT_TAKER;BOT_MAKER;VEV_6500;XIRECS;1.0;2
36000;BOT_MAKER;BOT_TAKER;ASH_COATED_OSMIUM;XIRECS;9987.0;5
36000;SUBMISSION;BOT_TAKER;VELVETFRUIT_EXTRACT;XIRECS;5288.0;5
36000;BOT_MAKER;BOT_TAKER;VELVETFRUIT_EXTRACT;XIRECS;5287.0;2
36100;BOT_MAKER;BOT_TAKER;HYDROGEL_PACK;XIRECS;9948.0;6
36200;BOT_MAKER;BOT_TAKER;VELVETFRUIT_EXTRACT;XIRECS;5286.0;7
36300;BOT_MAKER;BOT_TAKER;HYDROGEL_PACK;XIRECS;9952.0;6
36300;BOT_MAKER;BOT_TAKER;INTARIAN_PEPPER_ROOT;XIRECS;13126.0;5
36300;BOT_TAKER;SUBMISSION;VELVETFRUIT_EXTRACT;XIRECS;5291.0;5
36300;BOT_TAKER;BOT_MAKER;VELVETFRUIT_EXTRACT;XIRECS;5292.0;2
36500;BOT_TAKER;BOT_MAKER;VELVETFRUIT_EXTRACT;XIRECS;5294.0;6
36500;BOT;SUBMISSION;ASH_COATED_OSMIUM;XIRECS;9997.0;5
36700;BOT_MAKER;BOT_TAKER;HYDROGEL_PACK;XIRECS;9954.0;2
36800;BOT_MAKER;BOT_TAKER;VEV_4000;XIRECS;1274.0;3
36900;BOT_MAKER;BOT_TAKER;ASH_COATED_OSMIUM;XIRECS;9986.0;9
37000;BOT_MAKER;BOT_TAKER;HYDROGEL_PACK;XIRECS;9955.0;4
37000;BOT_MAKER;BOT_TAKER;VEV_5400;XIRECS;13.0;3
37100;BOT_TAKER;BOT_MAKER;VEV_5500;XIRECS;9.0;5
37100;BOT_TAKER;BOT_MAKER;VEV_5500;XIRECS;9.0;4
37100;SUBMISSION;BOT_TAKER;VELVETFRUIT_EXTRACT;XIRECS;5291.0;5
37100;BOT_MAKER;BOT_TAKER;VELVETFRUIT_EXTRACT;XIRECS;5290.0;3
37200;BOT_MAKER;BOT_TAKER;HYDROGEL_PACK;XIRECS;9954.0;5
37200;BOT_MAKER;BOT_TAKER;VEV_6000;XIRECS;0.0;3
37300;BOT_TAKER;BOT_MAKER;VEV_6000;XIRECS;1.0;3
37400;BOT_TAKER;BOT_MAKER;HYDROGEL_PACK;XIRECS;9970.0;6
37400;BOT_TAKER;BOT_MAKER;VEV_6000;XIRECS;1.0;5
37400;SUBMISSION;BOT_TAKER;VELVETFRUIT_EXTRACT;XIRECS;5287.0;5
37400;BOT_MAKER;BOT_TAKER;VELVETFRUIT_EXTRACT;XIRECS;5286.0;3
37500;BOT_MAKER;BOT_TAKER;VELVETFRUIT_EXTRACT;XIRECS;5287.0;5
37500;BOT_TAKER;SUBMISSION;VELVETFRUIT_EXTRACT;XIRECS;5292.0;5
37500;BOT_TAKER;BOT_MAKER;VELVETFRUIT_EXTRACT;XIRECS;5293.0;3
37600;BOT_MAKER;BOT_TAKER;VEV_5300;XIRECS;53.0;2
37600;BOT_TAKER;SUBMISSION;HYDROGEL_PACK;XIRECS;9969.0;4
37700;BOT_TAKER;BOT_MAKER;VEV_4000;XIRECS;1296.0;2
37700;SUBMISSION;BOT;ASH_COATED_OSMIUM;XIRECS;9992.0;6
37800;BOT_MAKER;BOT_TAKER;VELVETFRUIT_EXTRACT;XIRECS;5286.0;5
37800;BOT_TAKER;BOT_MAKER;VEV_4000;XIRECS;1297.0;1
37800;BOT_TAKER;SUBMISSION;HYDROGEL_PACK;XIRECS;9966.0;4
37900;BOT_TAKER;BOT_MAKER;HYDROGEL_PACK;XIRECS;9966.0;6
37900;BOT_MAKER;BOT_TAKER;VEV_4000;XIRECS;1276.0;1
37900;BOT;SUBMISSION;ASH_COATED_OSMIUM;XIRECS;9997.0;4
38000;BOT_TAKER;BOT_MAKER;HYDROGEL_PACK;XIRECS;9965.0;2
38000;BOT_TAKER;BOT_MAKER;VELVETFRUIT_EXTRACT;XIRECS;5289.0;8
38000;BOT_TAKER;BOT_MAKER;VEV_6500;XIRECS;1.0;4
38100;BOT_MAKER;BOT_TAKER;INTARIAN_PEPPER_ROOT;XIRECS;13131.0;7
38100;BOT_MAKER;BOT_TAKER;VELVETFRUIT_EXTRACT;XIRECS;5282.0;9
38200;BOT_MAKER;BOT_TAKER;VEV_5500;XIRECS;7.0;5
38300;BOT_TAKER;BOT_MAKER;HYDROGEL_PACK;XIRECS;9965.0;6
38300;BOT_MAKER;BOT_TAKER;VEV_5300;XIRECS;53.0;2
38300;BOT_TAKER;BOT_MAKER;VEV_5500;XIRECS;9.0;3
38300;BOT_TAKER;BOT_MAKER;VEV_6000;XIRECS;1.0;5
38400;BOT_TAKER;BOT_MAKER;VELVETFRUIT_EXTRACT;XIRECS;5290.0;3
38500;BOT_MAKER;BOT_TAKER;VELVETFRUIT_EXTRACT;XIRECS;5284.0;8
38600;BOT_TAKER;BOT_MAKER;HYDROGEL_PACK;XIRECS;9964.0;3
38600;BOT_TAKER;SUBMISSION;VELVETFRUIT_EXTRACT;XIRECS;5287.0;5
38600;BOT_TAKER;BOT_MAKER;VELVETFRUIT_EXTRACT;XIRECS;5288.0;4
38700;BOT_MAKER;BOT_TAKER;HYDROGEL_PACK;XIRECS;9949.0;3
38700;BOT_TAKER;BOT_MAKER;VELVETFRUIT_EXTRACT;XIRECS;5288.0;7
38700;BOT_MAKER;BOT_TAKER;VEV_6500;XIRECS;0.0;2
38800;BOT_TAKER;BOT_MAKER;VEV_6500;XIRECS;1.0;4
38900;BOT_MAKER;BOT_TAKER;HYDROGEL_PACK;XIRECS;9948.0;5
39000;BOT_MAKER;BOT_TAKER;HYDROGEL_PACK;XIRECS;9948.0;3
39100;BOT_MAKER;BOT_TAKER;HYDROGEL_PACK;XIRECS;9948.0;3
39100;BOT_MAKER;BOT_TAKER;VELVETFRUIT_EXTRACT;XIRECS;5280.0;7
39200;BOT_TAKER;BOT_MAKER;VEV_6500;XIRECS;1.0;2
39400;BOT_MAKER;BOT_TAKER;HYDROGEL_PACK;XIRECS;9949.0;2
39400;SUBMISSION;BOT_TAKER;VELVETFRUIT_EXTRACT;XIRECS;5284.0;5
39400;BOT_MAKER;BOT_TAKER;VELVETFRUIT_EXTRACT;XIRECS;5283.0;3
39500;BOT_MAKER;BOT_TAKER;HYDROGEL_PACK;XIRECS;9951.0;4
39500;BOT_MAKER;BOT_TAKER;VELVETFRUIT_EXTRACT;XIRECS;5282.0;8
39500;SUBMISSION;BOT_TAKER;VELVETFRUIT_EXTRACT;XIRECS;5283.0;5
39500;BOT_MAKER;BOT_TAKER;VELVETFRUIT_EXTRACT;XIRECS;5282.0;5
39600;BOT_MAKER;BOT_TAKER;ASH_COATED_OSMIUM;XIRECS;9987.0;2
39600;BOT_TAKER;BOT_MAKER;HYDROGEL_PACK;XIRECS;9973.0;5
39600;BOT_TAKER;BOT_MAKER;VEV_5300;XIRECS;55.0;2
39700;BOT_MAKER;BOT_TAKER;VELVETFRUIT_EXTRACT;XIRECS;5282.0;5
39700;BOT_TAKER;SUBMISSION;HYDROGEL_PACK;XIRECS;9968.0;5
39700;BOT_TAKER;BOT_MAKER;HYDROGEL_PACK;XIRECS;9969.0;1
39800;BOT_MAKER;BOT_TAKER;VELVETFRUIT_EXTRACT;XIRECS;5280.0;6
39900;SUBMISSION;BOT_TAKER;HYDROGEL_PACK;XIRECS;9955.0;2
40000;BOT_TAKER;BOT_MAKER;VELVETFRUIT_EXTRACT;XIRECS;5287.0;5
40000;BOT_MAKER;BOT_TAKER;VEV_5500;XIRECS;8.0;5
40300;BOT_TAKER;BOT_MAKER;VELVETFRUIT_EXTRACT;XIRECS;5287.0;8
40300;BOT_MAKER;BOT_TAKER;VEV_4000;XIRECS;1274.0;3
40500;BOT_TAKER;BOT_MAKER;VELVETFRUIT_EXTRACT;XIRECS;5288.0;7
40700;BOT_MAKER;BOT_TAKER;HYDROGEL_PACK;XIRECS;9951.0;3
40800;BOT_MAKER;BOT_TAKER;VELVETFRUIT_EXTRACT;XIRECS;5282.0;5
40800;BOT_TAKER;BOT_MAKER;VEV_4000;XIRECS;1292.0;1
40800;SUBMISSION;BOT_TAKER;HYDROGEL_PACK;XIRECS;9949.0;4
40900;BOT_TAKER;BOT_MAKER;HYDROGEL_PACK;XIRECS;9965.0;6
41000;BOT_MAKER;BOT_TAKER;VELVETFRUIT_EXTRACT;XIRECS;5280.0;3
41100;BOT_TAKER;BOT_MAKER;VELVETFRUIT_EXTRACT;XIRECS;5285.0;5
41200;BOT_MAKER;BOT_TAKER;VELVETFRUIT_EXTRACT;XIRECS;5281.0;3
41200;BOT_TAKER;BOT_MAKER;VEV_4000;XIRECS;1291.0;1
41200;BOT_MAKER;BOT_TAKER;VEV_5400;XIRECS;14.0;2
41300;BOT_MAKER;BOT_TAKER;VELVETFRUIT_EXTRACT;XIRECS;5279.0;7
41400;BOT_TAKER;SUBMISSION;HYDROGEL_PACK;XIRECS;9971.0;5
41400;BOT_TAKER;SUBMISSION;VELVETFRUIT_EXTRACT;XIRECS;5284.0;5
41400;BOT_TAKER;BOT_MAKER;VELVETFRUIT_EXTRACT;XIRECS;5285.0;3
41500;BOT_TAKER;BOT_MAKER;HYDROGEL_PACK;XIRECS;9972.0;4
41500;BOT_MAKER;BOT_TAKER;VEV_4000;XIRECS;1268.0;3
41500;BOT_MAKER;BOT_TAKER;VEV_5200;XIRECS;118.0;2
41600;BOT_TAKER;BOT_MAKER;VELVETFRUIT_EXTRACT;XIRECS;5285.0;10
41800;BOT_MAKER;BOT_TAKER;HYDROGEL_PACK;XIRECS;9958.0;5
41800;BOT_TAKER;BOT_MAKER;VEV_5400;XIRECS;15.0;4
41900;BOT_MAKER;BOT_TAKER;HYDROGEL_PACK;XIRECS;9960.0;2
41900;BOT_TAKER;BOT_MAKER;VELVETFRUIT_EXTRACT;XIRECS;5285.0;5
42000;BOT_TAKER;BOT_MAKER;HYDROGEL_PACK;XIRECS;9973.0;4
42000;BOT_MAKER;BOT_TAKER;VELVETFRUIT_EXTRACT;XIRECS;5281.0;8
42100;BOT_MAKER;BOT_TAKER;VELVETFRUIT_EXTRACT;XIRECS;5281.0;9
42100;BOT_TAKER;BOT_MAKER;VEV_5500;XIRECS;9.0;2
42100;BOT_TAKER;BOT_MAKER;VEV_6500;XIRECS;1.0;4
42200;BOT_MAKER;BOT_TAKER;VELVETFRUIT_EXTRACT;XIRECS;5280.0;6
42200;BOT_MAKER;BOT_TAKER;VEV_4000;XIRECS;1272.0;3
42200;BOT_TAKER;BOT_MAKER;VEV_5400;XIRECS;16.0;5
42300;BOT_TAKER;BOT_MAKER;VELVETFRUIT_EXTRACT;XIRECS;5286.0;3
42300;SUBMISSION;BOT_TAKER;HYDROGEL_PACK;XIRECS;9962.0;3
42500;SUBMISSION;BOT;ASH_COATED_OSMIUM;XIRECS;9995.0;10
42700;BOT_TAKER;BOT_MAKER;VELVETFRUIT_EXTRACT;XIRECS;5285.0;14
42800;BOT_TAKER;BOT_MAKER;VELVETFRUIT_EXTRACT;XIRECS;5284.0;8
42900;BOT_MAKER;BOT_TAKER;VELVETFRUIT_EXTRACT;XIRECS;5279.0;4
42900;BOT_TAKER;BOT_MAKER;VEV_4000;XIRECS;1292.0;3
43000;BOT_MAKER;BOT_TAKER;VEV_4000;XIRECS;1272.0;2
43000;BOT_MAKER;BOT_TAKER;VEV_6000;XIRECS;0.0;3
43000;BOT_MAKER;BOT_TAKER;VEV_6500;XIRECS;0.0;3
43200;BOT_MAKER;BOT_TAKER;HYDROGEL_PACK;XIRECS;9965.0;3
43300;BOT_TAKER;BOT_MAKER;HYDROGEL_PACK;XIRECS;9979.0;6
43300;BOT_MAKER;BOT_TAKER;VELVETFRUIT_EXTRACT;XIRECS;5279.0;4
43400;BOT_TAKER;SUBMISSION;ASH_COATED_OSMIUM;XIRECS;10004.0;3
43500;BOT_MAKER;BOT_TAKER;HYDROGEL_PACK;XIRECS;9968.0;3
43500;BOT_MAKER;BOT_TAKER;VEV_6500;XIRECS;0.0;2
43600;BOT_MAKER;BOT_TAKER;HYDROGEL_PACK;XIRECS;9966.0;6
43600;BOT_TAKER;BOT_MAKER;VEV_4000;XIRECS;1294.0;3
43700;BOT_TAKER;BOT_MAKER;VEV_6000;XIRECS;1.0;5
43700;BOT_MAKER;BOT_TAKER;VEV_6000;XIRECS;0.0;4
43800;BOT_MAKER;BOT_TAKER;VELVETFRUIT_EXTRACT;XIRECS;5280.0;3
43900;BOT_MAKER;BOT_TAKER;VEV_6000;XIRECS;0.0;2
43900;BOT_TAKER;SUBMISSION;HYDROGEL_PACK;XIRECS;9977.0;4
44000;BOT_MAKER;BOT_TAKER;VELVETFRUIT_EXTRACT;XIRECS;5278.0;5
44000;BOT_TAKER;BOT_MAKER;VEV_5500;XIRECS;9.0;2
44100;BOT_MAKER;BOT_TAKER;HYDROGEL_PACK;XIRECS;9960.0;2
44100;SUBMISSION;BOT_TAKER;HYDROGEL_PACK;XIRECS;9961.0;5
44100;BOT_MAKER;BOT_TAKER;HYDROGEL_PACK;XIRECS;9960.0;1
44200;BOT_MAKER;BOT_TAKER;HYDROGEL_PACK;XIRECS;9961.0;2
44200;BOT_TAKER;BOT_MAKER;VELVETFRUIT_EXTRACT;XIRECS;5282.0;4
44200;BOT_MAKER;BOT_TAKER;VEV_6000;XIRECS;0.0;4
44400;BOT_MAKER;BOT_TAKER;VELVETFRUIT_EXTRACT;XIRECS;5273.0;5
44500;BOT_MAKER;BOT_TAKER;VELVETFRUIT_EXTRACT;XIRECS;5272.0;3
44700;BOT_MAKER;BOT_TAKER;HYDROGEL_PACK;XIRECS;9957.0;2
44700;BOT_TAKER;BOT_MAKER;VELVETFRUIT_EXTRACT;XIRECS;5279.0;5
44700;BOT_MAKER;BOT_TAKER;VEV_4000;XIRECS;1272.0;1
44800;BOT_MAKER;BOT_TAKER;VELVETFRUIT_EXTRACT;XIRECS;5274.0;8
44800;BOT_MAKER;BOT_TAKER;VELVETFRUIT_EXTRACT;XIRECS;5274.0;4
44800;SUBMISSION;BOT_TAKER;VELVETFRUIT_EXTRACT;XIRECS;5275.0;5
44800;BOT_MAKER;BOT_TAKER;VELVETFRUIT_EXTRACT;XIRECS;5274.0;2
44900;BOT_TAKER;BOT_MAKER;VELVETFRUIT_EXTRACT;XIRECS;5281.0;6
44900;BOT_TAKER;BOT_MAKER;VELVETFRUIT_EXTRACT;XIRECS;5281.0;4
45000;BOT_TAKER;BOT_MAKER;HYDROGEL_PACK;XIRECS;9974.0;4
45000;BOT_MAKER;BOT_TAKER;VELVETFRUIT_EXTRACT;XIRECS;5276.0;10
45100;BOT_MAKER;BOT_TAKER;HYDROGEL_PACK;XIRECS;9956.0;3
45100;BOT_MAKER;BOT_TAKER;VELVETFRUIT_EXTRACT;XIRECS;5276.0;8
45200;BOT_TAKER;BOT_MAKER;VEV_4000;XIRECS;1294.0;1
45300;BOT_MAKER;BOT_TAKER;HYDROGEL_PACK;XIRECS;9954.0;6
45400;BOT_TAKER;BOT_MAKER;VELVETFRUIT_EXTRACT;XIRECS;5280.0;6
45500;BOT_TAKER;BOT_MAKER;VELVETFRUIT_EXTRACT;XIRECS;5279.0;11
45700;BOT_MAKER;BOT_TAKER;VEV_6000;XIRECS;0.0;5
45800;BOT_TAKER;BOT_MAKER;VEV_6000;XIRECS;1.0;2
45900;BOT_TAKER;BOT_MAKER;VELVETFRUIT_EXTRACT;XIRECS;5279.0;8
46000;BOT_TAKER;BOT_MAKER;ASH_COATED_OSMIUM;XIRECS;10003.0;6
46000;BOT_MAKER;BOT_TAKER;VELVETFRUIT_EXTRACT;XIRECS;5274.0;8
46100;BOT_TAKER;BOT_MAKER;HYDROGEL_PACK;XIRECS;9973.0;4
46100;BOT_MAKER;BOT_TAKER;VELVETFRUIT_EXTRACT;XIRECS;5275.0;3
46100;BOT_TAKER;BOT_MAKER;VEV_4000;XIRECS;1293.0;2
46100;BOT_TAKER;BOT_MAKER;VEV_5400;XIRECS;16.0;3
46200;BOT_TAKER;BOT_MAKER;HYDROGEL_PACK;XIRECS;9972.0;4
46200;BOT_TAKER;BOT_MAKER;VEV_5400;XIRECS;17.0;5
46300;BOT_TAKER;SUBMISSION;VELVETFRUIT_EXTRACT;XIRECS;5278.0;5
46400;BOT_TAKER;BOT_MAKER;VELVETFRUIT_EXTRACT;XIRECS;5278.0;6
46500;BOT_MAKER;BOT_TAKER;VELVETFRUIT_EXTRACT;XIRECS;5273.0;4
46500;BOT_MAKER;BOT_TAKER;VEV_6500;XIRECS;0.0;4
46600;BOT_TAKER;BOT_MAKER;VELVETFRUIT_EXTRACT;XIRECS;5277.0;3
46600;BOT_MAKER;BOT_TAKER;VEV_4000;XIRECS;1270.0;1
46600;BOT_TAKER;BOT_MAKER;VEV_5400;XIRECS;17.0;3
46600;BOT;SUBMISSION;ASH_COATED_OSMIUM;XIRECS;9996.0;4
46700;BOT_TAKER;BOT_MAKER;VELVETFRUIT_EXTRACT;XIRECS;5277.0;14
46700;BOT_MAKER;BOT_TAKER;VEV_5500;XIRECS;9.0;4
46800;SUBMISSION;BOT;ASH_COATED_OSMIUM;XIRECS;9991.0;8
46900;BOT_TAKER;BOT_MAKER;VEV_4000;XIRECS;1289.0;3
46900;BOT_TAKER;BOT_MAKER;VEV_5400;XIRECS;17.0;5
46900;SUBMISSION;BOT;ASH_COATED_OSMIUM;XIRECS;9991.0;8
47000;BOT_TAKER;BOT_MAKER;INTARIAN_PEPPER_ROOT;XIRECS;13157.0;6
47100;BOT_MAKER;BOT_TAKER;VELVETFRUIT_EXTRACT;XIRECS;5271.0;3
47400;BOT_MAKER;BOT_TAKER;VELVETFRUIT_EXTRACT;XIRECS;5269.0;8
47400;BOT_TAKER;BOT_MAKER;VEV_4000;XIRECS;1289.0;1
47600;BOT_MAKER;BOT_TAKER;VELVETFRUIT_EXTRACT;XIRECS;5267.0;8
47600;BOT_MAKER;BOT_TAKER;VEV_6000;XIRECS;0.0;3
47700;BOT_TAKER;BOT_MAKER;VELVETFRUIT_EXTRACT;XIRECS;5274.0;7
47800;BOT_TAKER;BOT_MAKER;VELVETFRUIT_EXTRACT;XIRECS;5273.0;6
47900;BOT_TAKER;BOT_MAKER;VEV_5300;XIRECS;62.0;4
47900;BOT_MAKER;BOT_TAKER;VEV_5500;XIRECS;9.0;2
48100;BOT_TAKER;BOT_MAKER;VELVETFRUIT_EXTRACT;XIRECS;5273.0;5
48200;BOT_MAKER;BOT_TAKER;HYDROGEL_PACK;XIRECS;9965.0;4
48200;BOT_MAKER;BOT_TAKER;VELVETFRUIT_EXTRACT;XIRECS;5268.0;4
48200;BOT_TAKER;BOT_MAKER;VEV_6000;XIRECS;1.0;4
48200;BOT_TAKER;SUBMISSION;VELVETFRUIT_EXTRACT;XIRECS;5272.0;5
48200;BOT_TAKER;BOT_MAKER;VELVETFRUIT_EXTRACT;XIRECS;5273.0;3
48400;BOT_TAKER;BOT_MAKER;VELVETFRUIT_EXTRACT;XIRECS;5273.0;4
48600;BOT_TAKER;BOT_MAKER;VELVETFRUIT_EXTRACT;XIRECS;5274.0;7
48600;BOT_MAKER;BOT_TAKER;VEV_4000;XIRECS;1264.0;3
48700;BOT_TAKER;BOT_MAKER;HYDROGEL_PACK;XIRECS;9987.0;5
48700;BOT_TAKER;BOT_MAKER;HYDROGEL_PACK;XIRECS;9987.0;2
48700;BOT_TAKER;BOT_MAKER;VELVETFRUIT_EXTRACT;XIRECS;5273.0;3
48700;BOT_TAKER;SUBMISSION;VELVETFRUIT_EXTRACT;XIRECS;5272.0;5
48700;BOT_TAKER;BOT_MAKER;VELVETFRUIT_EXTRACT;XIRECS;5273.0;3
48900;BOT_TAKER;BOT_MAKER;HYDROGEL_PACK;XIRECS;9986.0;5
48900;BOT_MAKER;BOT_TAKER;VEV_4000;XIRECS;1264.0;2
49000;BOT_TAKER;BOT_MAKER;HYDROGEL_PACK;XIRECS;9986.0;4
49000;BOT_MAKER;BOT_TAKER;VELVETFRUIT_EXTRACT;XIRECS;5266.0;8
49000;BOT_TAKER;BOT_MAKER;VEV_5300;XIRECS;61.0;5
49000;BOT_TAKER;SUBMISSION;VELVETFRUIT_EXTRACT;XIRECS;5271.0;5
49000;BOT_TAKER;BOT_MAKER;VELVETFRUIT_EXTRACT;XIRECS;5272.0;3
49100;BOT_TAKER;BOT_MAKER;HYDROGEL_PACK;XIRECS;9986.0;6
49100;BOT_TAKER;BOT_MAKER;VELVETFRUIT_EXTRACT;XIRECS;5271.0;7
49200;BOT_TAKER;BOT_MAKER;VEV_6500;XIRECS;1.0;2
49200;SUBMISSION;BOT_TAKER;VEV_4000;XIRECS;1266.0;2
49300;BOT_MAKER;BOT_TAKER;HYDROGEL_PACK;XIRECS;9968.0;5
49300;BOT_MAKER;BOT_TAKER;VELVETFRUIT_EXTRACT;XIRECS;5266.0;6
49400;BOT_MAKER;BOT_TAKER;VEV_5400;XIRECS;18.0;2
49500;BOT_MAKER;BOT_TAKER;VEV_6500;XIRECS;0.0;3
49600;BOT_MAKER;BOT_TAKER;ASH_COATED_OSMIUM;XIRECS;9985.0;6
49700;BOT_MAKER;BOT_TAKER;HYDROGEL_PACK;XIRECS;9968.0;4
49700;BOT_TAKER;BOT_MAKER;VELVETFRUIT_EXTRACT;XIRECS;5269.0;3
49700;BOT_TAKER;BOT_MAKER;VEV_5400;XIRECS;20.0;4
49800;BOT_MAKER;BOT_TAKER;VEV_5500;XIRECS;9.0;5
49800;SUBMISSION;BOT_TAKER;ASH_COATED_OSMIUM;XIRECS;9986.0;2
49800;BOT_TAKER;SUBMISSION;HYDROGEL_PACK;XIRECS;9984.0;3
49800;SUBMISSION;BOT_TAKER;VEV_4000;XIRECS;1267.0;3
49900;BOT_TAKER;BOT_MAKER;VELVETFRUIT_EXTRACT;XIRECS;5267.0;8
49900;BOT_TAKER;BOT_MAKER;VEV_6000;XIRECS;1.0;4
50100;SUBMISSION;BOT_TAKER;HYDROGEL_PACK;XIRECS;9975.0;2
50200;BOT_TAKER;BOT_MAKER;VELVETFRUIT_EXTRACT;XIRECS;5268.0;8
50300;BOT_MAKER;BOT_TAKER;VEV_4000;XIRECS;1264.0;1
50400;BOT_TAKER;BOT_MAKER;VELVETFRUIT_EXTRACT;XIRECS;5265.0;4
50400;BOT_MAKER;BOT_TAKER;VEV_6000;XIRECS;0.0;2
50500;BOT_MAKER;BOT_TAKER;HYDROGEL_PACK;XIRECS;9974.0;5
50700;BOT_TAKER;BOT_MAKER;VELVETFRUIT_EXTRACT;XIRECS;5264.0;8
50700;SUBMISSION;BOT_TAKER;VELVETFRUIT_EXTRACT;XIRECS;5259.0;5
50900;BOT_MAKER;BOT_TAKER;VEV_6000;XIRECS;0.0;3
51200;BOT_MAKER;BOT_TAKER;VELVETFRUIT_EXTRACT;XIRECS;5259.0;4
51200;BOT_MAKER;BOT_TAKER;VEV_5300;XIRECS;58.0;5
51300;BOT_MAKER;BOT_TAKER;VELVETFRUIT_EXTRACT;XIRECS;5260.0;5
51400;BOT_TAKER;BOT_MAKER;VELVETFRUIT_EXTRACT;XIRECS;5265.0;10
51400;BOT_TAKER;BOT_MAKER;VEV_4000;XIRECS;1286.0;1
51500;BOT_TAKER;BOT_MAKER;VELVETFRUIT_EXTRACT;XIRECS;5265.0;7
51500;BOT_MAKER;BOT_TAKER;VELVETFRUIT_EXTRACT;XIRECS;5260.0;8
51500;BOT_TAKER;BOT_MAKER;VEV_4000;XIRECS;1286.0;3
51600;BOT_MAKER;BOT_TAKER;INTARIAN_PEPPER_ROOT;XIRECS;13145.0;5
51700;BOT_MAKER;BOT_TAKER;HYDROGEL_PACK;XIRECS;9968.0;4
51700;BOT_MAKER;BOT_TAKER;VELVETFRUIT_EXTRACT;XIRECS;5261.0;8
51800;BOT_MAKER;BOT_TAKER;HYDROGEL_PACK;XIRECS;9963.0;4
51800;BOT_MAKER;BOT_TAKER;VELVETFRUIT_EXTRACT;XIRECS;5260.0;3
51900;BOT_MAKER;BOT_TAKER;HYDROGEL_PACK;XIRECS;9961.0;2
51900;BOT_TAKER;BOT_MAKER;VELVETFRUIT_EXTRACT;XIRECS;5265.0;4
51900;BOT_TAKER;BOT_MAKER;VEV_5400;XIRECS;19.0;3
52000;BOT_MAKER;BOT_TAKER;VEV_5300;XIRECS;57.0;3
52100;BOT_TAKER;BOT_MAKER;VELVETFRUIT_EXTRACT;XIRECS;5266.0;6
52100;BOT_MAKER;BOT_TAKER;VEV_5400;XIRECS;19.0;4
52100;BOT_TAKER;SUBMISSION;HYDROGEL_PACK;XIRECS;9975.0;5
52200;BOT_MAKER;BOT_TAKER;VELVETFRUIT_EXTRACT;XIRECS;5260.0;8
52200;BOT_MAKER;BOT_TAKER;VEV_5400;XIRECS;18.0;2
52200;BOT_TAKER;BOT_MAKER;VEV_5400;XIRECS;20.0;2
52200;BOT_MAKER;BOT_TAKER;VEV_6000;XIRECS;0.0;3
52400;BOT_TAKER;BOT_MAKER;VELVETFRUIT_EXTRACT;XIRECS;5264.0;8
52500;BOT_TAKER;BOT_MAKER;VEV_5400;XIRECS;20.0;3
52600;BOT_TAKER;SUBMISSION;VELVETFRUIT_EXTRACT;XIRECS;5265.0;5
52800;BOT_TAKER;BOT_MAKER;VEV_5400;XIRECS;19.0;3
53000;BOT_TAKER;BOT_MAKER;HYDROGEL_PACK;XIRECS;9977.0;3
53000;BOT_TAKER;BOT_MAKER;VELVETFRUIT_EXTRACT;XIRECS;5262.0;5
53100;BOT_MAKER;BOT_TAKER;VEV_4000;XIRECS;1263.0;1
53100;SUBMISSION;BOT_TAKER;VELVETFRUIT_EXTRACT;XIRECS;5257.0;5
53100;BOT_MAKER;BOT_TAKER;VELVETFRUIT_EXTRACT;XIRECS;5256.0;3
53200;BOT_MAKER;BOT_TAKER;HYDROGEL_PACK;XIRECS;9959.0;3
53200;BOT_TAKER;BOT_MAKER;VEV_6500;XIRECS;1.0;2
53200;SUBMISSION;BOT_TAKER;HYDROGEL_PACK;XIRECS;9960.0;5
53300;BOT_TAKER;BOT_MAKER;HYDROGEL_PACK;XIRECS;9975.0;4
53300;BOT_TAKER;BOT_MAKER;VELVETFRUIT_EXTRACT;XIRECS;5260.0;7
53300;BOT_TAKER;BOT_MAKER;VEV_4000;XIRECS;1283.0;1
53400;BOT_MAKER;BOT_TAKER;VELVETFRUIT_EXTRACT;XIRECS;5254.0;8
53400;BOT_MAKER;BOT_TAKER;VEV_5500;XIRECS;9.0;2
53500;BOT_TAKER;BOT_MAKER;HYDROGEL_PACK;XIRECS;9978.0;3
53500;BOT_MAKER;BOT_TAKER;VEV_5500;XIRECS;9.0;5
53600;BOT_TAKER;BOT_MAKER;HYDROGEL_PACK;XIRECS;9980.0;5
53600;BOT_TAKER;BOT_MAKER;VELVETFRUIT_EXTRACT;XIRECS;5259.0;4
53600;SUBMISSION;BOT_TAKER;VELVETFRUIT_EXTRACT;XIRECS;5255.0;5
53600;BOT_MAKER;BOT_TAKER;VELVETFRUIT_EXTRACT;XIRECS;5254.0;2
53800;BOT_TAKER;BOT_MAKER;VELVETFRUIT_EXTRACT;XIRECS;5260.0;6
53800;BOT_MAKER;BOT_TAKER;VELVETFRUIT_EXTRACT;XIRECS;5254.0;5
54000;BOT_TAKER;BOT_MAKER;HYDROGEL_PACK;XIRECS;9976.0;5
54100;BOT_MAKER;BOT_TAKER;HYDROGEL_PACK;XIRECS;9961.0;2
54200;BOT_TAKER;BOT_MAKER;HYDROGEL_PACK;XIRECS;9977.0;5
54200;BOT_TAKER;BOT_MAKER;VEV_5300;XIRECS;58.0;4
54400;BOT_TAKER;BOT_MAKER;VELVETFRUIT_EXTRACT;XIRECS;5260.0;8
54500;BOT_TAKER;BOT_MAKER;VEV_4000;XIRECS;1283.0;2
54600;BOT_TAKER;BOT_MAKER;VELVETFRUIT_EXTRACT;XIRECS;5261.0;3
54600;BOT_TAKER;BOT_MAKER;VEV_4000;XIRECS;1283.0;3
54600;BOT_MAKER;BOT_TAKER;VEV_5400;XIRECS;18.0;3
54700;BOT_MAKER;BOT_TAKER;VEV_6500;XIRECS;0.0;5
54800;BOT_TAKER;BOT_MAKER;HYDROGEL_PACK;XIRECS;9972.0;3
54800;BOT_MAKER;BOT_TAKER;VEV_4000;XIRECS;1259.0;2
54800;SUBMISSION;BOT_TAKER;HYDROGEL_PACK;XIRECS;9957.0;2
54900;BOT_MAKER;BOT_TAKER;HYDROGEL_PACK;XIRECS;9957.0;6
54900;BOT_TAKER;SUBMISSION;HYDROGEL_PACK;XIRECS;9972.0;2
55000;BOT_MAKER;BOT_TAKER;HYDROGEL_PACK;XIRECS;9959.0;6
55000;BOT_MAKER;BOT_TAKER;VELVETFRUIT_EXTRACT;XIRECS;5258.0;4
55000;BOT_TAKER;BOT_MAKER;VEV_4000;XIRECS;1279.0;3
55100;BOT_TAKER;BOT_MAKER;HYDROGEL_PACK;XIRECS;9974.0;6
55100;BOT_TAKER;SUBMISSION;VELVETFRUIT_EXTRACT;XIRECS;5262.0;4
55200;BOT_MAKER;BOT_TAKER;ASH_COATED_OSMIUM;XIRECS;9992.0;2
55200;BOT_MAKER;BOT_TAKER;ASH_COATED_OSMIUM;XIRECS;9987.0;4
55200;BOT_TAKER;BOT_MAKER;VEV_6000;XIRECS;1.0;5
55500;BOT_MAKER;BOT_TAKER;VELVETFRUIT_EXTRACT;XIRECS;5258.0;14
55500;BOT_TAKER;SUBMISSION;ASH_COATED_OSMIUM;XIRECS;10002.0;5
55600;BOT_MAKER;BOT_TAKER;VEV_4000;XIRECS;1256.0;3
55600;BOT_MAKER;BOT_TAKER;VEV_6500;XIRECS;0.0;4
55700;BOT_TAKER;BOT_MAKER;HYDROGEL_PACK;XIRECS;9973.0;2
55800;BOT_MAKER;BOT_TAKER;VEV_4000;XIRECS;1257.0;1
55900;BOT_TAKER;BOT_MAKER;VELVETFRUIT_EXTRACT;XIRECS;5262.0;7
55900;BOT_MAKER;BOT_TAKER;VEV_6000;XIRECS;0.0;5
56000;BOT_TAKER;BOT_MAKER;VELVETFRUIT_EXTRACT;XIRECS;5262.0;3
56100;BOT_MAKER;BOT_TAKER;INTARIAN_PEPPER_ROOT;XIRECS;13149.0;4
56100;BOT_TAKER;BOT_MAKER;VELVETFRUIT_EXTRACT;XIRECS;5262.0;4
56200;BOT_TAKER;BOT_MAKER;VELVETFRUIT_EXTRACT;XIRECS;5262.0;6
56300;BOT_MAKER;BOT_TAKER;HYDROGEL_PACK;XIRECS;9956.0;3
56300;BOT_TAKER;BOT_MAKER;VELVETFRUIT_EXTRACT;XIRECS;5260.0;5
56500;BOT_TAKER;BOT_MAKER;VEV_5500;XIRECS;10.0;2
56500;SUBMISSION;BOT_TAKER;ASH_COATED_OSMIUM;XIRECS;9987.0;5
56500;BOT_TAKER;SUBMISSION;HYDROGEL_PACK;XIRECS;9964.0;5
56600;SUBMISSION;BOT_TAKER;ASH_COATED_OSMIUM;XIRECS;9984.0;4
56800;BOT_MAKER;BOT_TAKER;VELVETFRUIT_EXTRACT;XIRECS;5257.0;8
56800;BOT_MAKER;BOT_TAKER;VEV_6500;XIRECS;0.0;5
56900;BOT_MAKER;BOT_TAKER;HYDROGEL_PACK;XIRECS;9948.0;6
56900;BOT_TAKER;SUBMISSION;VEV_4000;XIRECS;1281.0;2
57000;BOT_MAKER;BOT_TAKER;HYDROGEL_PACK;XIRECS;9946.0;3
57000;BOT_MAKER;BOT_TAKER;VEV_5500;XIRECS;8.0;2
57100;BOT_TAKER;BOT_MAKER;VEV_5500;XIRECS;10.0;2
57100;BOT_MAKER;BOT_TAKER;VEV_6500;XIRECS;0.0;3
57100;SUBMISSION;BOT;ASH_COATED_OSMIUM;XIRECS;9992.0;7
57200;BOT_TAKER;BOT_MAKER;VELVETFRUIT_EXTRACT;XIRECS;5260.0;8
57200;BOT_TAKER;SUBMISSION;ASH_COATED_OSMIUM;XIRECS;10001.0;3
57300;BOT_MAKER;BOT_TAKER;HYDROGEL_PACK;XIRECS;9946.0;6
57300;BOT_MAKER;BOT_TAKER;VELVETFRUIT_EXTRACT;XIRECS;5256.0;6
57600;BOT_MAKER;BOT_TAKER;ASH_COATED_OSMIUM;XIRECS;9984.0;5
57600;BOT_TAKER;BOT_MAKER;HYDROGEL_PACK;XIRECS;9960.0;4
57700;BOT_TAKER;BOT_MAKER;VEV_5500;XIRECS;10.0;4
57800;BOT_MAKER;BOT_TAKER;VELVETFRUIT_EXTRACT;XIRECS;5257.0;5
57800;BOT_TAKER;BOT_MAKER;VEV_4000;XIRECS;1286.0;1
57900;BOT_MAKER;BOT_TAKER;HYDROGEL_PACK;XIRECS;9946.0;2
58000;BOT_MAKER;BOT_TAKER;VEV_5500;XIRECS;8.0;3
58000;BOT_TAKER;BOT_MAKER;VEV_6500;XIRECS;1.0;2
58000;BOT_TAKER;SUBMISSION;VEV_4000;XIRECS;1288.0;2
58100;BOT_TAKER;BOT_MAKER;VEV_4000;XIRECS;1289.0;3
58100;BOT_TAKER;BOT_MAKER;VEV_5200;XIRECS;115.0;5
58200;BOT_MAKER;BOT_TAKER;VELVETFRUIT_EXTRACT;XIRECS;5255.0;6
58200;BOT_TAKER;SUBMISSION;VELVETFRUIT_EXTRACT;XIRECS;5260.0;4
58300;BOT_TAKER;BOT_MAKER;VELVETFRUIT_EXTRACT;XIRECS;5260.0;7
58300;BOT_MAKER;BOT_TAKER;VELVETFRUIT_EXTRACT;XIRECS;5255.0;7
58300;BOT_TAKER;BOT_MAKER;INTARIAN_PEPPER_ROOT;XIRECS;13165.0;5
58500;BOT_MAKER;BOT_TAKER;VELVETFRUIT_EXTRACT;XIRECS;5254.0;7
58500;BOT_TAKER;BOT_MAKER;VEV_5400;XIRECS;17.0;3
58600;BOT_TAKER;BOT_MAKER;HYDROGEL_PACK;XIRECS;9964.0;5
58600;BOT_MAKER;BOT_TAKER;VELVETFRUIT_EXTRACT;XIRECS;5253.0;6
58700;BOT_MAKER;BOT_TAKER;VELVETFRUIT_EXTRACT;XIRECS;5253.0;5
58800;BOT_TAKER;BOT_MAKER;HYDROGEL_PACK;XIRECS;9969.0;4
58800;BOT_TAKER;BOT_MAKER;VELVETFRUIT_EXTRACT;XIRECS;5258.0;8
58900;BOT_TAKER;BOT_MAKER;HYDROGEL_PACK;XIRECS;9965.0;4
58900;BOT_TAKER;BOT_MAKER;VEV_4000;XIRECS;1289.0;3
59000;BOT_MAKER;BOT_TAKER;VELVETFRUIT_EXTRACT;XIRECS;5254.0;5
59100;BOT_TAKER;BOT_MAKER;VELVETFRUIT_EXTRACT;XIRECS;5258.0;7
59200;BOT_MAKER;BOT_TAKER;VEV_4000;XIRECS;1265.0;1
59300;BOT_MAKER;BOT_TAKER;ASH_COATED_OSMIUM;XIRECS;9987.0;4
59400;BOT_TAKER;BOT_MAKER;ASH_COATED_OSMIUM;XIRECS;10003.0;9
59500;BOT_MAKER;BOT_TAKER;VELVETFRUIT_EXTRACT;XIRECS;5252.0;3
59500;BOT_TAKER;BOT_MAKER;VEV_6500;XIRECS;1.0;4
59500;SUBMISSION;BOT_TAKER;VEV_4000;XIRECS;1266.0;1
59600;BOT_MAKER;BOT_TAKER;HYDROGEL_PACK;XIRECS;9942.0;5
59700;BOT_TAKER;BOT_MAKER;VEV_5300;XIRECS;54.0;3
59900;BOT_TAKER;BOT_MAKER;HYDROGEL_PACK;XIRECS;9953.0;3
59900;BOT_MAKER;BOT_TAKER;VELVETFRUIT_EXTRACT;XIRECS;5252.0;8
60000;BOT_MAKER;BOT_TAKER;VEV_6000;XIRECS;0.0;4
60000;BOT_MAKER;BOT_TAKER;VEV_6500;XIRECS;0.0;2
60000;BOT_TAKER;SUBMISSION;HYDROGEL_PACK;XIRECS;9952.0;5
60100;BOT_TAKER;BOT_MAKER;VELVETFRUIT_EXTRACT;XIRECS;5258.0;5
60200;SUBMISSION;BOT_TAKER;ASH_COATED_OSMIUM;XIRECS;9987.0;4
60200;BOT_TAKER;SUBMISSION;HYDROGEL_PACK;XIRECS;9952.0;3
60300;BOT_TAKER;SUBMISSION;ASH_COATED_OSMIUM;XIRECS;10002.0;6
60300;BOT_TAKER;BOT_MAKER;INTARIAN_PEPPER_ROOT;XIRECS;13167.0;5
60400;BOT_TAKER;BOT_MAKER;HYDROGEL_PACK;XIRECS;9953.0;5
60400;BOT_MAKER;BOT_TAKER;VELVETFRUIT_EXTRACT;XIRECS;5251.0;3
60400;BOT_TAKER;BOT_MAKER;VEV_4000;XIRECS;1289.0;3
60500;BOT_TAKER;BOT_MAKER;VEV_6500;XIRECS;1.0;2
60600;BOT_TAKER;BOT_MAKER;VELVETFRUIT_EXTRACT;XIRECS;5258.0;4
60600;BOT_TAKER;BOT_MAKER;VEV_5400;XIRECS;18.0;2
60600;BOT_TAKER;SUBMISSION;HYDROGEL_PACK;XIRECS;9954.0;5
60600;BOT_TAKER;BOT_MAKER;HYDROGEL_PACK;XIRECS;9955.0;1
60700;BOT_MAKER;BOT_TAKER;VELVETFRUIT_EXTRACT;XIRECS;5253.0;4
60800;BOT_TAKER;BOT_MAKER;INTARIAN_PEPPER_ROOT;XIRECS;13168.0;6
61000;BOT_TAKER;BOT_MAKER;VELVETFRUIT_EXTRACT;XIRECS;5257.0;9
61100;SUBMISSION;BOT_TAKER;VEV_4000;XIRECS;1269.0;2
61200;BOT_TAKER;BOT_MAKER;VELVETFRUIT_EXTRACT;XIRECS;5256.0;7
61300;BOT_TAKER;BOT_MAKER;HYDROGEL_PACK;XIRECS;9963.0;2
61300;BOT_MAKER;BOT_TAKER;VEV_4000;XIRECS;1269.0;3
61600;BOT_TAKER;BOT_MAKER;VELVETFRUIT_EXTRACT;XIRECS;5254.0;8
61800;BOT_MAKER;BOT_TAKER;HYDROGEL_PACK;XIRECS;9952.0;2
61800;BOT_MAKER;BOT_TAKER;VELVETFRUIT_EXTRACT;XIRECS;5247.0;7
61800;BOT_MAKER;BOT_TAKER;VEV_4000;XIRECS;1268.0;3
62000;BOT_TAKER;BOT_MAKER;VELVETFRUIT_EXTRACT;XIRECS;5252.0;4
62200;BOT_TAKER;BOT_MAKER;HYDROGEL_PACK;XIRECS;9961.0;3
62200;BOT_MAKER;BOT_TAKER;VELVETFRUIT_EXTRACT;XIRECS;5245.0;6
62300;BOT_MAKER;BOT_TAKER;VEV_5500;XIRECS;8.0;4
62400;BOT_MAKER;BOT_TAKER;HYDROGEL_PACK;XIRECS;9943.0;6
62500;BOT_TAKER;BOT_MAKER;VEV_4000;XIRECS;1288.0;2
62700;BOT_TAKER;BOT_MAKER;VELVETFRUIT_EXTRACT;XIRECS;5250.0;3
62700;BOT_TAKER;BOT_MAKER;VELVETFRUIT_EXTRACT;XIRECS;5250.0;4
62800;BOT_MAKER;BOT_TAKER;VEV_5500;XIRECS;8.0;2
62900;BOT_TAKER;BOT_MAKER;HYDROGEL_PACK;XIRECS;9959.0;6
63200;BOT_TAKER;BOT_MAKER;HYDROGEL_PACK;XIRECS;9958.0;4
63200;BOT_MAKER;BOT_TAKER;VEV_6500;XIRECS;0.0;3
63200;SUBMISSION;BOT_TAKER;ASH_COATED_OSMIUM;XIRECS;9989.0;3
63300;BOT_TAKER;BOT_MAKER;VELVETFRUIT_EXTRACT;XIRECS;5248.0;3
63300;BOT_TAKER;BOT_MAKER;VEV_4000;XIRECS;1289.0;3
63300;BOT_TAKER;SUBMISSION;HYDROGEL_PACK;XIRECS;9957.0;2
63400;BOT_TAKER;BOT_MAKER;HYDROGEL_PACK;XIRECS;9956.0;3
63500;BOT_TAKER;BOT_MAKER;HYDROGEL_PACK;XIRECS;9958.0;5
63500;BOT_TAKER;BOT_MAKER;VELVETFRUIT_EXTRACT;XIRECS;5249.0;7
63600;BOT_MAKER;BOT_TAKER;VEV_6000;XIRECS;0.0;2
63700;BOT_TAKER;BOT_MAKER;ASH_COATED_OSMIUM;XIRECS;10005.0;4
63700;BOT_TAKER;BOT_MAKER;HYDROGEL_PACK;XIRECS;9960.0;5
63700;BOT_TAKER;BOT_MAKER;VEV_6500;XIRECS;1.0;3
63800;BOT_TAKER;BOT_MAKER;HYDROGEL_PACK;XIRECS;9956.0;6
63800;BOT_MAKER;BOT_TAKER;VELVETFRUIT_EXTRACT;XIRECS;5241.0;7
64000;BOT_TAKER;BOT_MAKER;HYDROGEL_PACK;XIRECS;9957.0;4
64000;BOT_TAKER;BOT_MAKER;VELVETFRUIT_EXTRACT;XIRECS;5247.0;12
64100;BOT_MAKER;BOT_TAKER;HYDROGEL_PACK;XIRECS;9942.0;5
64200;BOT_MAKER;BOT_TAKER;HYDROGEL_PACK;XIRECS;9939.0;5
64200;BOT_MAKER;BOT_TAKER;INTARIAN_PEPPER_ROOT;XIRECS;13157.0;6
64400;BOT_TAKER;BOT_MAKER;HYDROGEL_PACK;XIRECS;9960.0;4
64500;BOT_MAKER;BOT_TAKER;VEV_4000;XIRECS;1272.0;1
64500;BOT_TAKER;BOT_MAKER;VEV_5500;XIRECS;8.0;3
64500;BOT_TAKER;BOT_MAKER;VEV_6000;XIRECS;1.0;4
64500;BOT_TAKER;BOT_MAKER;VEV_6500;XIRECS;1.0;2
64600;BOT_TAKER;BOT_MAKER;VELVETFRUIT_EXTRACT;XIRECS;5247.0;12
64600;BOT_TAKER;BOT_MAKER;VEV_4000;XIRECS;1293.0;2
64600;SUBMISSION;BOT_TAKER;VELVETFRUIT_EXTRACT;XIRECS;5242.0;5
64600;BOT_MAKER;BOT_TAKER;VELVETFRUIT_EXTRACT;XIRECS;5241.0;5
64700;BOT_MAKER;BOT_TAKER;VELVETFRUIT_EXTRACT;XIRECS;5240.0;5
64700;BOT_TAKER;BOT_MAKER;VELVETFRUIT_EXTRACT;XIRECS;5245.0;3
64700;SUBMISSION;BOT_TAKER;HYDROGEL_PACK;XIRECS;9939.0;5
64900;BOT_TAKER;BOT_MAKER;HYDROGEL_PACK;XIRECS;9958.0;6
64900;BOT_TAKER;BOT_MAKER;VELVETFRUIT_EXTRACT;XIRECS;5246.0;7
64900;BOT_MAKER;BOT_TAKER;VEV_5300;XIRECS;52.0;4
64900;BOT_TAKER;BOT_MAKER;VEV_6000;XIRECS;1.0;5
64900;BOT_TAKER;SUBMISSION;ASH_COATED_OSMIUM;XIRECS;10003.0;6
64900;BOT_TAKER;SUBMISSION;VELVETFRUIT_EXTRACT;XIRECS;5245.0;5
64900;BOT_TAKER;BOT_MAKER;VELVETFRUIT_EXTRACT;XIRECS;5246.0;2
65000;BOT_TAKER;BOT_MAKER;VEV_6000;XIRECS;1.0;4
65100;SUBMISSION;BOT_TAKER;HYDROGEL_PACK;XIRECS;9938.0;2
65200;BOT_MAKER;BOT_TAKER;VELVETFRUIT_EXTRACT;XIRECS;5240.0;12
65300;BOT_TAKER;BOT_MAKER;ASH_COATED_OSMIUM;XIRECS;10004.0;6
65300;BOT_TAKER;BOT_MAKER;VEV_5500;XIRECS;8.0;2
65300;BOT_MAKER;BOT_TAKER;VEV_6500;XIRECS;0.0;4
65500;BOT_MAKER;BOT_TAKER;HYDROGEL_PACK;XIRECS;9944.0;4
65500;BOT_TAKER;BOT_MAKER;VELVETFRUIT_EXTRACT;XIRECS;5244.0;5
65500;BOT_TAKER;BOT_MAKER;VEV_4000;XIRECS;1293.0;3
65600;BOT_MAKER;BOT_TAKER;HYDROGEL_PACK;XIRECS;9945.0;2
65600;BOT_TAKER;BOT_MAKER;VEV_6000;XIRECS;1.0;5
65700;BOT_MAKER;BOT_TAKER;VEV_5500;XIRECS;7.0;4
65700;BOT_TAKER;SUBMISSION;VELVETFRUIT_EXTRACT;XIRECS;5244.0;5
65900;BOT_TAKER;BOT_MAKER;VELVETFRUIT_EXTRACT;XIRECS;5244.0;4
66100;BOT_TAKER;BOT_MAKER;VEV_4000;XIRECS;1294.0;1
66200;BOT_MAKER;BOT_TAKER;HYDROGEL_PACK;XIRECS;9951.0;3
66200;BOT_MAKER;BOT_TAKER;VELVETFRUIT_EXTRACT;XIRECS;5237.0;7
66200;BOT_TAKER;BOT_MAKER;VEV_5400;XIRECS;17.0;2
66200;BOT_MAKER;BOT_TAKER;VEV_6500;XIRECS;0.0;3
66200;SUBMISSION;BOT_TAKER;HYDROGEL_PACK;XIRECS;9952.0;5
66400;BOT_TAKER;BOT_MAKER;VELVETFRUIT_EXTRACT;XIRECS;5239.0;7
66400;BOT_MAKER;BOT_TAKER;VEV_5500;XIRECS;7.0;5
66400;BOT_TAKER;BOT_MAKER;VEV_6000;XIRECS;1.0;3
66400;BOT_TAKER;SUBMISSION;HYDROGEL_PACK;XIRECS;9965.0;3
66500;BOT_MAKER;BOT_TAKER;VELVETFRUIT_EXTRACT;XIRECS;5233.0;6
66500;BOT_MAKER;BOT_TAKER;VEV_6000;XIRECS;0.0;4
66600;BOT_MAKER;BOT_TAKER;VEV_5400;XIRECS;15.0;4
66700;BOT_TAKER;BOT_MAKER;ASH_COATED_OSMIUM;XIRECS;10005.0;9
66700;BOT_TAKER;BOT_MAKER;HYDROGEL_PACK;XIRECS;9960.0;2
66700;BOT_TAKER;BOT_MAKER;VEV_5500;XIRECS;8.0;2
66800;SUBMISSION;BOT_TAKER;ASH_COATED_OSMIUM;XIRECS;9991.0;6
66900;BOT_TAKER;BOT_MAKER;HYDROGEL_PACK;XIRECS;9962.0;5
66900;BOT_MAKER;BOT_TAKER;VEV_6500;XIRECS;0.0;4
67000;BOT_MAKER;BOT_TAKER;HYDROGEL_PACK;XIRECS;9944.0;2
67100;BOT_MAKER;BOT_TAKER;VELVETFRUIT_EXTRACT;XIRECS;5234.0;6
67200;SUBMISSION;BOT_TAKER;ASH_COATED_OSMIUM;XIRECS;9988.0;7
67200;BOT_TAKER;SUBMISSION;HYDROGEL_PACK;XIRECS;9962.0;5
67300;BOT_MAKER;BOT_TAKER;HYDROGEL_PACK;XIRECS;9951.0;2
67300;BOT_MAKER;BOT_TAKER;VELVETFRUIT_EXTRACT;XIRECS;5235.0;10
67300;BOT_MAKER;BOT_TAKER;VEV_4000;XIRECS;1274.0;1
67400;BOT_TAKER;BOT_MAKER;VELVETFRUIT_EXTRACT;XIRECS;5242.0;10
67400;BOT_TAKER;BOT_MAKER;VEV_4000;XIRECS;1296.0;2
67500;BOT_TAKER;SUBMISSION;VELVETFRUIT_EXTRACT;XIRECS;5240.0;4
67600;BOT_TAKER;BOT_MAKER;VELVETFRUIT_EXTRACT;XIRECS;5240.0;8
67700;BOT_MAKER;BOT_TAKER;HYDROGEL_PACK;XIRECS;9952.0;6
67700;BOT_TAKER;BOT_MAKER;VELVETFRUIT_EXTRACT;XIRECS;5238.0;5
67700;BOT_MAKER;BOT_TAKER;VEV_5500;XIRECS;6.0;2
67700;BOT_MAKER;BOT_TAKER;VEV_6500;XIRECS;0.0;4
67800;BOT_TAKER;BOT_MAKER;VEV_6500;XIRECS;1.0;2
67800;SUBMISSION;BOT_TAKER;HYDROGEL_PACK;XIRECS;9953.0;4
67900;BOT_MAKER;BOT_TAKER;HYDROGEL_PACK;XIRECS;9951.0;5
67900;BOT_MAKER;BOT_TAKER;VELVETFRUIT_EXTRACT;XIRECS;5231.0;5
67900;BOT_TAKER;BOT_MAKER;VEV_5400;XIRECS;16.0;4
68000;BOT_TAKER;BOT_MAKER;HYDROGEL_PACK;XIRECS;9964.0;6
68100;BOT_TAKER;BOT_MAKER;VELVETFRUIT_EXTRACT;XIRECS;5234.0;7
68100;BOT_TAKER;BOT_MAKER;VEV_4000;XIRECS;1292.0;1
68100;BOT_TAKER;SUBMISSION;VEV_4000;XIRECS;1291.0;1
68200;BOT_TAKER;BOT_MAKER;VELVETFRUIT_EXTRACT;XIRECS;5235.0;6
68200;BOT_MAKER;BOT_TAKER;VELVETFRUIT_EXTRACT;XIRECS;5231.0;4
68200;BOT_TAKER;BOT_MAKER;VEV_4000;XIRECS;1291.0;1
68300;BOT_TAKER;BOT_MAKER;VEV_5300;XIRECS;57.0;4
68300;BOT_TAKER;BOT_MAKER;VEV_5400;XIRECS;16.0;3
68300;BOT_TAKER;SUBMISSION;VELVETFRUIT_EXTRACT;XIRECS;5235.0;5
68300;BOT_TAKER;BOT_MAKER;VELVETFRUIT_EXTRACT;XIRECS;5236.0;10
68400;BOT_TAKER;BOT_MAKER;ASH_COATED_OSMIUM;XIRECS;10005.0;6
68400;BOT_MAKER;BOT_TAKER;HYDROGEL_PACK;XIRECS;9951.0;3
68500;BOT_MAKER;BOT_TAKER;ASH_COATED_OSMIUM;XIRECS;9987.0;3
68500;BOT_MAKER;BOT_TAKER;VEV_4000;XIRECS;1271.0;1
68500;BOT_MAKER;BOT_TAKER;VEV_5500;XIRECS;6.0;4
68600;BOT_TAKER;BOT_MAKER;VEV_5400;XIRECS;16.0;2
68600;BOT_TAKER;BOT_MAKER;VEV_6500;XIRECS;1.0;4
68700;BOT_TAKER;BOT_MAKER;VELVETFRUIT_EXTRACT;XIRECS;5239.0;3
68800;BOT_MAKER;BOT_TAKER;VELVETFRUIT_EXTRACT;XIRECS;5234.0;5
68800;BOT_MAKER;BOT_TAKER;VEV_5500;XIRECS;6.0;4
68900;BOT_TAKER;BOT_MAKER;VELVETFRUIT_EXTRACT;XIRECS;5239.0;11
69000;BOT_MAKER;BOT_TAKER;HYDROGEL_PACK;XIRECS;9953.0;5
69000;BOT_MAKER;BOT_TAKER;VELVETFRUIT_EXTRACT;XIRECS;5237.0;3
69000;SUBMISSION;BOT_TAKER;VELVETFRUIT_EXTRACT;XIRECS;5238.0;3
69100;BOT_TAKER;BOT_MAKER;VEV_4000;XIRECS;1291.0;2
69100;BOT_MAKER;BOT_TAKER;VEV_5400;XIRECS;14.0;3
69200;BOT_MAKER;BOT_TAKER;VELVETFRUIT_EXTRACT;XIRECS;5240.0;4
69200;BOT_MAKER;BOT_TAKER;VEV_5400;XIRECS;15.0;5
69200;BOT_TAKER;SUBMISSION;ASH_COATED_OSMIUM;XIRECS;10003.0;7
69300;BOT_TAKER;BOT_MAKER;HYDROGEL_PACK;XIRECS;9967.0;4
69300;BOT_TAKER;BOT_MAKER;HYDROGEL_PACK;XIRECS;9967.0;2
69300;BOT_MAKER;BOT_TAKER;VEV_4000;XIRECS;1269.0;1
69300;BOT_MAKER;BOT_TAKER;VEV_6000;XIRECS;0.0;2
69400;BOT_TAKER;BOT_MAKER;VELVETFRUIT_EXTRACT;XIRECS;5245.0;7
69400;BOT;SUBMISSION;ASH_COATED_OSMIUM;XIRECS;9998.0;9
69500;BOT_TAKER;BOT_MAKER;VEV_6000;XIRECS;1.0;2
69600;BOT_TAKER;BOT_MAKER;VEV_5400;XIRECS;17.0;2
69600;BOT_TAKER;BOT_MAKER;VEV_6000;XIRECS;1.0;5
69600;BOT_TAKER;SUBMISSION;VEV_4000;XIRECS;1290.0;3
69700;BOT_MAKER;BOT_TAKER;VEV_5500;XIRECS;6.0;5
69800;BOT_MAKER;BOT_TAKER;HYDROGEL_PACK;XIRECS;9949.0;5
69800;BOT_TAKER;BOT_MAKER;VELVETFRUIT_EXTRACT;XIRECS;5243.0;4
69800;BOT_TAKER;BOT_MAKER;VEV_4000;XIRECS;1289.0;2
69900;BOT_MAKER;BOT_TAKER;VEV_5500;XIRECS;6.0;4
70000;BOT_MAKER;BOT_TAKER;HYDROGEL_PACK;XIRECS;9950.0;4
70000;BOT_TAKER;BOT_MAKER;VEV_4000;XIRECS;1290.0;1
70000;BOT_TAKER;BOT_MAKER;VEV_5400;XIRECS;16.0;4
70100;BOT_MAKER;BOT_TAKER;HYDROGEL_PACK;XIRECS;9949.0;2
70100;BOT_TAKER;BOT_MAKER;VEV_5300;XIRECS;56.0;4
70100;BOT_TAKER;SUBMISSION;ASH_COATED_OSMIUM;XIRECS;10003.0;4
70200;BOT_TAKER;BOT_MAKER;VELVETFRUIT_EXTRACT;XIRECS;5242.0;8
70200;BOT_MAKER;BOT_TAKER;VEV_4000;XIRECS;1266.0;3
70200;BOT_TAKER;BOT_MAKER;VEV_5500;XIRECS;7.0;5
70200;BOT_TAKER;BOT_MAKER;VEV_6500;XIRECS;1.0;2
70300;BOT_MAKER;BOT_TAKER;VEV_5500;XIRECS;6.0;4
70300;BOT_TAKER;BOT_MAKER;VEV_6500;XIRECS;1.0;2
70400;BOT_TAKER;BOT_MAKER;HYDROGEL_PACK;XIRECS;9973.0;6
70500;BOT_TAKER;BOT_MAKER;VELVETFRUIT_EXTRACT;XIRECS;5241.0;6
70500;BOT_TAKER;BOT_MAKER;VELVETFRUIT_EXTRACT;XIRECS;5241.0;7
70500;BOT_TAKER;BOT_MAKER;VEV_5500;XIRECS;7.0;5
70600;BOT_MAKER;BOT_TAKER;VELVETFRUIT_EXTRACT;XIRECS;5238.0;4
70600;BOT_MAKER;BOT_TAKER;VEV_5400;XIRECS;15.0;4
70600;SUBMISSION;BOT_TAKER;VELVETFRUIT_EXTRACT;XIRECS;5239.0;5
70800;BOT_TAKER;BOT_MAKER;VEV_6500;XIRECS;1.0;4
70900;BOT_MAKER;BOT_TAKER;ASH_COATED_OSMIUM;XIRECS;9988.0;4
70900;BOT_MAKER;BOT_TAKER;VELVETFRUIT_EXTRACT;XIRECS;5236.0;10
71000;BOT_TAKER;SUBMISSION;VELVETFRUIT_EXTRACT;XIRECS;5242.0;3
71100;SUBMISSION;BOT_TAKER;VELVETFRUIT_EXTRACT;XIRECS;5238.0;5
71100;BOT_MAKER;BOT_TAKER;VELVETFRUIT_EXTRACT;XIRECS;5237.0;4
71200;BOT_TAKER;BOT_MAKER;HYDROGEL_PACK;XIRECS;9973.0;3
71500;BOT_MAKER;BOT_TAKER;VEV_5300;XIRECS;51.0;2
71600;BOT_TAKER;BOT_MAKER;VELVETFRUIT_EXTRACT;XIRECS;5242.0;6
71700;BOT_TAKER;BOT_MAKER;VELVETFRUIT_EXTRACT;XIRECS;5240.0;7
71800;BOT_TAKER;BOT_MAKER;ASH_COATED_OSMIUM;XIRECS;10004.0;6
71800;BOT_TAKER;BOT_MAKER;VEV_4000;XIRECS;1293.0;2
71800;SUBMISSION;BOT_TAKER;VELVETFRUIT_EXTRACT;XIRECS;5236.0;4
71900;BOT_TAKER;BOT_MAKER;VELVETFRUIT_EXTRACT;XIRECS;5239.0;12
71900;BOT_TAKER;BOT_MAKER;VEV_5500;XIRECS;8.0;4
72000;BOT_MAKER;BOT_TAKER;VELVETFRUIT_EXTRACT;XIRECS;5237.0;7
72000;BOT_TAKER;BOT_MAKER;VEV_5400;XIRECS;16.0;3
72100;BOT_TAKER;BOT_MAKER;ASH_COATED_OSMIUM;XIRECS;10004.0;5
72100;BOT_MAKER;BOT_TAKER;HYDROGEL_PACK;XIRECS;9962.0;6
72100;BOT_MAKER;BOT_TAKER;VEV_6000;XIRECS;0.0;5
72100;SUBMISSION;BOT_TAKER;VEV_5200;XIRECS;118.0;4
72200;SUBMISSION;BOT_TAKER;VELVETFRUIT_EXTRACT;XIRECS;5237.0;5
72300;BOT_MAKER;BOT_TAKER;VEV_6000;XIRECS;0.0;4
72300;BOT_TAKER;SUBMISSION;VELVETFRUIT_EXTRACT;XIRECS;5240.0;5
72300;BOT_TAKER;BOT_MAKER;VELVETFRUIT_EXTRACT;XIRECS;5241.0;3
72400;BOT_MAKER;BOT_TAKER;HYDROGEL_PACK;XIRECS;9966.0;6
72400;BOT_TAKER;BOT_MAKER;VEV_4000;XIRECS;1293.0;1
72400;BOT_MAKER;BOT_TAKER;VEV_6000;XIRECS;0.0;5
72400;BOT_MAKER;BOT_TAKER;VEV_6500;XIRECS;0.0;4
72400;SUBMISSION;BOT_TAKER;VELVETFRUIT_EXTRACT;XIRECS;5233.0;4
72500;BOT_MAKER;BOT_TAKER;INTARIAN_PEPPER_ROOT;XIRECS;13162.0;6
72600;BOT_MAKER;BOT_TAKER;VEV_5500;XIRECS;6.0;3
72700;BOT_TAKER;BOT_MAKER;HYDROGEL_PACK;XIRECS;9983.0;6
72700;BOT_TAKER;BOT_MAKER;INTARIAN_PEPPER_ROOT;XIRECS;13183.0;7
72700;BOT_MAKER;BOT_TAKER;VELVETFRUIT_EXTRACT;XIRECS;5231.0;5
72700;BOT_TAKER;SUBMISSION;VELVETFRUIT_EXTRACT;XIRECS;5236.0;5
72700;BOT_TAKER;BOT_MAKER;VELVETFRUIT_EXTRACT;XIRECS;5237.0;8
72800;BOT_TAKER;SUBMISSION;HYDROGEL_PACK;XIRECS;9982.0;5
72800;BOT_TAKER;BOT_MAKER;HYDROGEL_PACK;XIRECS;9983.0;1
73000;BOT_TAKER;BOT_MAKER;VELVETFRUIT_EXTRACT;XIRECS;5236.0;4
73200;BOT_TAKER;BOT_MAKER;VEV_6000;XIRECS;1.0;4
73300;BOT_MAKER;BOT_TAKER;VEV_6000;XIRECS;0.0;2
73400;BOT_TAKER;BOT_MAKER;HYDROGEL_PACK;XIRECS;9983.0;5
73600;BOT;SUBMISSION;ASH_COATED_OSMIUM;XIRECS;9999.0;7
73700;BOT_TAKER;BOT_MAKER;INTARIAN_PEPPER_ROOT;XIRECS;13181.0;6
73900;BOT_MAKER;BOT_TAKER;VELVETFRUIT_EXTRACT;XIRECS;5228.0;8
73900;BOT_TAKER;BOT_MAKER;VEV_5300;XIRECS;57.0;5
73900;BOT_MAKER;BOT_TAKER;VEV_5500;XIRECS;6.0;4
73900;BOT_MAKER;BOT_TAKER;VEV_6000;XIRECS;0.0;3
74000;BOT_MAKER;BOT_TAKER;VEV_6500;XIRECS;0.0;5
74100;BOT_TAKER;BOT_MAKER;ASH_COATED_OSMIUM;XIRECS;10007.0;6
74100;BOT_MAKER;BOT_TAKER;VELVETFRUIT_EXTRACT;XIRECS;5229.0;8
74200;BOT_MAKER;BOT_TAKER;VELVETFRUIT_EXTRACT;XIRECS;5228.0;5
74200;BOT_TAKER;BOT_MAKER;VEV_4000;XIRECS;1292.0;2
74200;BOT_TAKER;BOT_MAKER;VEV_5200;XIRECS;123.0;2
74200;BOT_TAKER;BOT_MAKER;VEV_5500;XIRECS;7.0;5
74200;BOT_MAKER;BOT_TAKER;VEV_6000;XIRECS;0.0;5
74200;BOT_TAKER;SUBMISSION;VEV_4000;XIRECS;1291.0;3
74300;BOT_MAKER;BOT_TAKER;VEV_6500;XIRECS;0.0;2
74400;BOT_MAKER;BOT_TAKER;VELVETFRUIT_EXTRACT;XIRECS;5226.0;4
74500;BOT_TAKER;BOT_MAKER;HYDROGEL_PACK;XIRECS;9987.0;4
74500;BOT_TAKER;BOT_MAKER;HYDROGEL_PACK;XIRECS;9987.0;5
74500;BOT_MAKER;BOT_TAKER;VEV_5300;XIRECS;54.0;4
74700;BOT_TAKER;SUBMISSION;VELVETFRUIT_EXTRACT;XIRECS;5230.0;5
74700;BOT_TAKER;BOT_MAKER;VELVETFRUIT_EXTRACT;XIRECS;5231.0;1
74900;BOT_MAKER;BOT_TAKER;HYDROGEL_PACK;XIRECS;9967.0;5
74900;BOT_MAKER;BOT_TAKER;VELVETFRUIT_EXTRACT;XIRECS;5224.0;13
74900;BOT_TAKER;SUBMISSION;VELVETFRUIT_EXTRACT;XIRECS;5229.0;5
74900;BOT_TAKER;BOT_MAKER;VELVETFRUIT_EXTRACT;XIRECS;5230.0;1
75100;BOT_MAKER;BOT_TAKER;VELVETFRUIT_EXTRACT;XIRECS;5223.0;6
75200;BOT_TAKER;BOT_MAKER;VELVETFRUIT_EXTRACT;XIRECS;5227.0;10
75300;BOT_MAKER;BOT_TAKER;HYDROGEL_PACK;XIRECS;9967.0;3
75300;BOT_MAKER;BOT_TAKER;VELVETFRUIT_EXTRACT;XIRECS;5223.0;4
75300;BOT_MAKER;BOT_TAKER;VEV_5500;XIRECS;6.0;4
75400;BOT_MAKER;BOT_TAKER;VEV_6500;XIRECS;0.0;4
75400;SUBMISSION;BOT;ASH_COATED_OSMIUM;XIRECS;9997.0;5
75500;BOT_TAKER;BOT_MAKER;VELVETFRUIT_EXTRACT;XIRECS;5228.0;4
75500;SUBMISSION;BOT;ASH_COATED_OSMIUM;XIRECS;9997.0;4
75600;BOT_MAKER;BOT_TAKER;HYDROGEL_PACK;XIRECS;9966.0;3
75600;BOT_MAKER;BOT_TAKER;VEV_5500;XIRECS;6.0;5
75600;SUBMISSION;BOT_TAKER;VELVETFRUIT_EXTRACT;XIRECS;5223.0;5
75600;BOT_MAKER;BOT_TAKER;VELVETFRUIT_EXTRACT;XIRECS;5222.0;3
75700;BOT_TAKER;BOT_MAKER;HYDROGEL_PACK;XIRECS;9983.0;6
75700;BOT_TAKER;BOT_MAKER;VELVETFRUIT_EXTRACT;XIRECS;5226.0;5
75700;BOT_MAKER;BOT_TAKER;VEV_4000;XIRECS;1267.0;3
75800;BOT;SUBMISSION;ASH_COATED_OSMIUM;XIRECS;10001.0;4
75900;BOT_TAKER;BOT_MAKER;VELVETFRUIT_EXTRACT;XIRECS;5228.0;3
76000;BOT_MAKER;BOT_TAKER;VELVETFRUIT_EXTRACT;XIRECS;5223.0;7
76000;BOT_TAKER;BOT_MAKER;VEV_5400;XIRECS;17.0;2
76200;BOT_TAKER;BOT_MAKER;HYDROGEL_PACK;XIRECS;9977.0;2
76200;BOT_MAKER;BOT_TAKER;VELVETFRUIT_EXTRACT;XIRECS;5223.0;6
76300;BOT_MAKER;BOT_TAKER;INTARIAN_PEPPER_ROOT;XIRECS;13169.0;3
76300;BOT_TAKER;BOT_MAKER;VELVETFRUIT_EXTRACT;XIRECS;5229.0;3
76400;BOT_MAKER;BOT_TAKER;HYDROGEL_PACK;XIRECS;9958.0;6
76400;BOT_MAKER;BOT_TAKER;VELVETFRUIT_EXTRACT;XIRECS;5223.0;7
76500;BOT_MAKER;BOT_TAKER;VELVETFRUIT_EXTRACT;XIRECS;5223.0;6
76600;BOT_MAKER;BOT_TAKER;VELVETFRUIT_EXTRACT;XIRECS;5222.0;6
76600;BOT_TAKER;BOT_MAKER;VEV_4000;XIRECS;1291.0;3
76600;BOT_TAKER;BOT_MAKER;VEV_5500;XIRECS;8.0;4
76600;BOT_TAKER;SUBMISSION;VEV_4000;XIRECS;1290.0;2
76700;BOT_TAKER;BOT_MAKER;HYDROGEL_PACK;XIRECS;9980.0;3
76800;BOT_TAKER;BOT_MAKER;VEV_5500;XIRECS;8.0;5
76800;BOT_TAKER;BOT_MAKER;VEV_6000;XIRECS;1.0;4
76900;BOT_MAKER;BOT_TAKER;ASH_COATED_OSMIUM;XIRECS;9992.0;5
76900;BOT_TAKER;BOT_MAKER;HYDROGEL_PACK;XIRECS;9979.0;4
77000;BOT_TAKER;BOT_MAKER;HYDROGEL_PACK;XIRECS;9979.0;2
77000;BOT_TAKER;SUBMISSION;VEV_5000;XIRECS;283.0;1
77200;BOT_TAKER;SUBMISSION;ASH_COATED_OSMIUM;XIRECS;10006.0;2
77300;BOT_TAKER;BOT_MAKER;VEV_4000;XIRECS;1289.0;2
77400;BOT_TAKER;BOT_MAKER;HYDROGEL_PACK;XIRECS;9978.0;6
77400;BOT_MAKER;BOT_TAKER;VELVETFRUIT_EXTRACT;XIRECS;5218.0;5
77400;BOT_MAKER;BOT_TAKER;VELVETFRUIT_EXTRACT;XIRECS;5218.0;6
77400;BOT_MAKER;BOT_TAKER;VEV_5400;XIRECS;16.0;2
77500;BOT_MAKER;BOT_TAKER;VEV_4000;XIRECS;1266.0;2
77600;BOT_TAKER;BOT_MAKER;VELVETFRUIT_EXTRACT;XIRECS;5221.0;5
77600;BOT_MAKER;BOT_TAKER;VEV_5300;XIRECS;55.0;3
77700;BOT_TAKER;BOT_MAKER;VELVETFRUIT_EXTRACT;XIRECS;5220.0;10
77800;BOT_TAKER;BOT_MAKER;VELVETFRUIT_EXTRACT;XIRECS;5222.0;4
77800;BOT_MAKER;BOT_TAKER;VELVETFRUIT_EXTRACT;XIRECS;5217.0;5
77800;BOT_TAKER;BOT_MAKER;VEV_4000;XIRECS;1285.0;2
77800;BOT_TAKER;BOT_MAKER;VEV_5500;XIRECS;8.0;2
77900;BOT_TAKER;BOT_MAKER;VELVETFRUIT_EXTRACT;XIRECS;5223.0;5
77900;SUBMISSION;BOT_TAKER;VEV_4000;XIRECS;1264.0;1
78000;SUBMISSION;BOT_TAKER;VELVETFRUIT_EXTRACT;XIRECS;5218.0;4
78100;BOT_TAKER;BOT_MAKER;HYDROGEL_PACK;XIRECS;9979.0;4
78100;BOT_MAKER;BOT_TAKER;VELVETFRUIT_EXTRACT;XIRECS;5216.0;3
78300;BOT_TAKER;BOT_MAKER;HYDROGEL_PACK;XIRECS;9975.0;5
78300;BOT_MAKER;BOT_TAKER;VELVETFRUIT_EXTRACT;XIRECS;5219.0;5
78400;BOT_MAKER;BOT_TAKER;VEV_6000;XIRECS;0.0;2
78500;BOT_TAKER;BOT_MAKER;HYDROGEL_PACK;XIRECS;9978.0;4
78500;BOT_TAKER;BOT_MAKER;VEV_4000;XIRECS;1284.0;3
78500;BOT_TAKER;BOT_MAKER;VEV_6500;XIRECS;1.0;2
78600;BOT_MAKER;BOT_TAKER;VELVETFRUIT_EXTRACT;XIRECS;5219.0;4
78700;BOT_TAKER;BOT_MAKER;VELVETFRUIT_EXTRACT;XIRECS;5225.0;8
78800;BOT_TAKER;BOT_MAKER;VEV_6500;XIRECS;1.0;3
78900;BOT_MAKER;BOT_TAKER;VEV_4000;XIRECS;1267.0;1
78900;BOT_TAKER;BOT_MAKER;VEV_5400;XIRECS;17.0;2
78900;SUBMISSION;BOT_TAKER;VELVETFRUIT_EXTRACT;XIRECS;5220.0;5
78900;BOT_MAKER;BOT_TAKER;VELVETFRUIT_EXTRACT;XIRECS;5219.0;7
79000;BOT_MAKER;BOT_TAKER;HYDROGEL_PACK;XIRECS;9966.0;5
79000;BOT_TAKER;BOT_MAKER;HYDROGEL_PACK;XIRECS;9982.0;3
79000;BOT_TAKER;BOT_MAKER;VEV_4000;XIRECS;1287.0;3
79000;BOT_TAKER;BOT_MAKER;VEV_6500;XIRECS;1.0;3
79100;BOT_TAKER;BOT_MAKER;HYDROGEL_PACK;XIRECS;9982.0;2
79200;BOT_TAKER;BOT_MAKER;VEV_4000;XIRECS;1288.0;3
79300;BOT_MAKER;BOT_TAKER;VELVETFRUIT_EXTRACT;XIRECS;5217.0;5
79300;BOT_TAKER;BOT_MAKER;VEV_5500;XIRECS;8.0;3
79300;BOT_TAKER;SUBMISSION;VELVETFRUIT_EXTRACT;XIRECS;5221.0;5
79300;BOT_TAKER;BOT_MAKER;VELVETFRUIT_EXTRACT;XIRECS;5222.0;6
79400;BOT_MAKER;BOT_TAKER;VELVETFRUIT_EXTRACT;XIRECS;5216.0;12
79400;BOT_TAKER;BOT_MAKER;VEV_6500;XIRECS;1.0;5
79500;BOT_TAKER;BOT_MAKER;VEV_5500;XIRECS;7.0;2
79600;BOT_TAKER;BOT_MAKER;HYDROGEL_PACK;XIRECS;9983.0;4
79600;BOT_MAKER;BOT_TAKER;VELVETFRUIT_EXTRACT;XIRECS;5218.0;7
79600;SUBMISSION;BOT;ASH_COATED_OSMIUM;XIRECS;9998.0;10
79700;BOT_TAKER;BOT_MAKER;INTARIAN_PEPPER_ROOT;XIRECS;13187.0;3
79800;BOT_TAKER;BOT_MAKER;HYDROGEL_PACK;XIRECS;9982.0;3
79900;BOT_MAKER;BOT_TAKER;VEV_6000;XIRECS;0.0;3
79900;BOT_MAKER;BOT_TAKER;VEV_6500;XIRECS;0.0;3
80000;BOT_TAKER;BOT_MAKER;VEV_4000;XIRECS;1287.0;1
80000;BOT_TAKER;BOT_MAKER;VEV_6000;XIRECS;1.0;2
80100;BOT_MAKER;BOT_TAKER;VEV_5500;XIRECS;6.0;4
80200;BOT_TAKER;BOT_MAKER;HYDROGEL_PACK;XIRECS;9984.0;3
80200;BOT_MAKER;BOT_TAKER;VEV_5400;XIRECS;16.0;5
80300;SUBMISSION;BOT_TAKER;VELVETFRUIT_EXTRACT;XIRECS;5220.0;3
80700;BOT_MAKER;BOT_TAKER;VELVETFRUIT_EXTRACT;XIRECS;5221.0;6
80700;BOT_MAKER;BOT_TAKER;VEV_5500;XIRECS;6.0;2
80900;BOT_TAKER;BOT_MAKER;HYDROGEL_PACK;XIRECS;9989.0;4
81100;BOT_TAKER;BOT_MAKER;HYDROGEL_PACK;XIRECS;9985.0;5
81200;BOT_MAKER;BOT_TAKER;HYDROGEL_PACK;XIRECS;9972.0;2
81200;BOT_MAKER;BOT_TAKER;VEV_5500;XIRECS;6.0;2
81300;BOT_TAKER;BOT_MAKER;HYDROGEL_PACK;XIRECS;9988.0;4
81300;BOT;SUBMISSION;ASH_COATED_OSMIUM;XIRECS;10002.0;7
81400;BOT_MAKER;BOT_TAKER;VELVETFRUIT_EXTRACT;XIRECS;5217.0;8
81500;BOT_MAKER;BOT_TAKER;INTARIAN_PEPPER_ROOT;XIRECS;13174.0;6
81500;BOT_TAKER;BOT_MAKER;INTARIAN_PEPPER_ROOT;XIRECS;13189.0;4
81500;BOT_MAKER;BOT_TAKER;VELVETFRUIT_EXTRACT;XIRECS;5218.0;8
81600;BOT_MAKER;BOT_TAKER;VELVETFRUIT_EXTRACT;XIRECS;5218.0;8
81700;BOT_TAKER;BOT_MAKER;HYDROGEL_PACK;XIRECS;9984.0;2
81700;BOT_TAKER;BOT_MAKER;HYDROGEL_PACK;XIRECS;9984.0;3
81800;BOT_TAKER;BOT_MAKER;ASH_COATED_OSMIUM;XIRECS;10007.0;10
81900;BOT_MAKER;BOT_TAKER;VELVETFRUIT_EXTRACT;XIRECS;5216.0;6
82000;BOT_MAKER;BOT_TAKER;VEV_4000;XIRECS;1263.0;1
82000;SUBMISSION;BOT_TAKER;ASH_COATED_OSMIUM;XIRECS;9993.0;9
82200;BOT_MAKER;BOT_TAKER;VELVETFRUIT_EXTRACT;XIRECS;5215.0;10
82200;BOT_MAKER;BOT_TAKER;VEV_6500;XIRECS;0.0;4
82200;BOT_TAKER;SUBMISSION;HYDROGEL_PACK;XIRECS;9982.0;3
82500;BOT_TAKER;BOT_MAKER;VEV_5400;XIRECS;15.0;2
82500;BOT_MAKER;BOT_TAKER;VEV_5500;XIRECS;6.0;3
82600;BOT_TAKER;BOT_MAKER;VEV_4000;XIRECS;1283.0;3
82600;BOT_MAKER;BOT_TAKER;VEV_6000;XIRECS;0.0;2
82600;BOT_TAKER;BOT_MAKER;VEV_6500;XIRECS;1.0;2
82800;BOT_TAKER;BOT_MAKER;VEV_4000;XIRECS;1282.0;3
82800;SUBMISSION;BOT_TAKER;VELVETFRUIT_EXTRACT;XIRECS;5213.0;5
82800;BOT_MAKER;BOT_TAKER;VELVETFRUIT_EXTRACT;XIRECS;5212.0;2
82900;BOT_MAKER;BOT_TAKER;HYDROGEL_PACK;XIRECS;9964.0;5
82900;BOT_MAKER;BOT_TAKER;VEV_5200;XIRECS;117.0;4
83000;BOT_TAKER;SUBMISSION;HYDROGEL_PACK;XIRECS;9981.0;2
83000;BOT_TAKER;SUBMISSION;VELVETFRUIT_EXTRACT;XIRECS;5216.0;3
83100;BOT_TAKER;BOT_MAKER;HYDROGEL_PACK;XIRECS;9984.0;2
83100;BOT_TAKER;SUBMISSION;ASH_COATED_OSMIUM;XIRECS;10007.0;5
83300;BOT_MAKER;BOT_TAKER;VELVETFRUIT_EXTRACT;XIRECS;5213.0;6
83400;BOT_TAKER;BOT_MAKER;HYDROGEL_PACK;XIRECS;9984.0;3
83400;SUBMISSION;BOT;ASH_COATED_OSMIUM;XIRECS;9996.0;6
83400;BOT_TAKER;SUBMISSION;VELVETFRUIT_EXTRACT;XIRECS;5216.0;5
83500;BOT_MAKER;BOT_TAKER;VELVETFRUIT_EXTRACT;XIRECS;5211.0;8
83500;BOT_TAKER;BOT_MAKER;ASH_COATED_OSMIUM;XIRECS;10000.0;4
83600;BOT_MAKER;BOT_TAKER;INTARIAN_PEPPER_ROOT;XIRECS;13177.0;4
83700;BOT_MAKER;BOT_TAKER;VEV_5400;XIRECS;15.0;3
83800;BOT_MAKER;BOT_TAKER;HYDROGEL_PACK;XIRECS;9967.0;3
83800;BOT_MAKER;BOT_TAKER;VELVETFRUIT_EXTRACT;XIRECS;5209.0;7
83900;BOT_TAKER;BOT_MAKER;VELVETFRUIT_EXTRACT;XIRECS;5215.0;4
84000;BOT_TAKER;BOT_MAKER;VEV_4000;XIRECS;1287.0;1
84100;BOT_MAKER;BOT_TAKER;VELVETFRUIT_EXTRACT;XIRECS;5211.0;5
84100;BOT_TAKER;BOT_MAKER;VEV_4000;XIRECS;1288.0;3
84200;BOT_TAKER;BOT_MAKER;HYDROGEL_PACK;XIRECS;9985.0;3
84300;BOT_MAKER;BOT_TAKER;VELVETFRUIT_EXTRACT;XIRECS;5211.0;3
84300;BOT_MAKER;BOT_TAKER;VEV_5500;XIRECS;6.0;2
84400;BOT_TAKER;BOT_MAKER;VEV_5300;XIRECS;55.0;5
84500;BOT_TAKER;BOT_MAKER;HYDROGEL_PACK;XIRECS;9986.0;3
84500;BOT_MAKER;BOT_TAKER;INTARIAN_PEPPER_ROOT;XIRECS;13177.0;6
84600;BOT_TAKER;BOT_MAKER;HYDROGEL_PACK;XIRECS;9984.0;3
84600;SUBMISSION;BOT_TAKER;VELVETFRUIT_EXTRACT;XIRECS;5213.0;4
84700;BOT_MAKER;BOT_TAKER;VELVETFRUIT_EXTRACT;XIRECS;5212.0;13
84800;BOT_TAKER;BOT_MAKER;VEV_5500;XIRECS;6.0;3
84900;BOT_MAKER;BOT_TAKER;VELVETFRUIT_EXTRACT;XIRECS;5213.0;6
85000;BOT_MAKER;BOT_TAKER;ASH_COATED_OSMIUM;XIRECS;9991.0;9
85000;BOT_MAKER;BOT_TAKER;VEV_6000;XIRECS;0.0;4
85100;BOT_MAKER;BOT_TAKER;HYDROGEL_PACK;XIRECS;9962.0;4
85100;BOT_TAKER;BOT_MAKER;VEV_5400;XIRECS;17.0;5
85200;BOT;SUBMISSION;ASH_COATED_OSMIUM;XIRECS;10001.0;7
85300;BOT_MAKER;BOT_TAKER;VEV_4000;XIRECS;1266.0;3
85300;BOT_TAKER;BOT_MAKER;VEV_5400;XIRECS;17.0;3
85300;BOT_MAKER;BOT_TAKER;VEV_5500;XIRECS;5.0;2
85400;BOT_TAKER;BOT_MAKER;VELVETFRUIT_EXTRACT;XIRECS;5217.0;5
85600;BOT_TAKER;BOT_MAKER;VELVETFRUIT_EXTRACT;XIRECS;5218.0;6
85700;BOT_MAKER;BOT_TAKER;HYDROGEL_PACK;XIRECS;9960.0;4
85700;BOT_TAKER;BOT_MAKER;VELVETFRUIT_EXTRACT;XIRECS;5215.0;12
85900;BOT_MAKER;BOT_TAKER;VEV_5400;XIRECS;15.0;2
86000;BOT_MAKER;BOT_TAKER;HYDROGEL_PACK;XIRECS;9963.0;3
86000;BOT_TAKER;SUBMISSION;ASH_COATED_OSMIUM;XIRECS;10007.0;4
86100;BOT_MAKER;BOT_TAKER;HYDROGEL_PACK;XIRECS;9963.0;4
86400;BOT_TAKER;SUBMISSION;HYDROGEL_PACK;XIRECS;9973.0;2
86500;BOT_MAKER;BOT_TAKER;VELVETFRUIT_EXTRACT;XIRECS;5211.0;8
86500;BOT_TAKER;BOT_MAKER;VEV_4000;XIRECS;1282.0;2
86600;BOT_TAKER;BOT_MAKER;HYDROGEL_PACK;XIRECS;9973.0;3
86600;BOT_MAKER;BOT_TAKER;VELVETFRUIT_EXTRACT;XIRECS;5212.0;4
86600;BOT_MAKER;BOT_TAKER;VEV_4000;XIRECS;1260.0;2
86600;BOT_MAKER;BOT_TAKER;VEV_6000;XIRECS;0.0;4
86600;SUBMISSION;BOT_TAKER;VELVETFRUIT_EXTRACT;XIRECS;5213.0;5
86600;BOT_MAKER;BOT_TAKER;VELVETFRUIT_EXTRACT;XIRECS;5212.0;3
86700;BOT_TAKER;BOT_MAKER;HYDROGEL_PACK;XIRECS;9972.0;3
86800;BOT_MAKER;BOT_TAKER;VEV_6500;XIRECS;0.0;3
86800;SUBMISSION;BOT_TAKER;HYDROGEL_PACK;XIRECS;9957.0;4
86900;BOT_MAKER;BOT_TAKER;VELVETFRUIT_EXTRACT;XIRECS;5211.0;5
86900;BOT_TAKER;SUBMISSION;HYDROGEL_PACK;XIRECS;9974.0;5
87100;BOT_TAKER;BOT_MAKER;VEV_4000;XIRECS;1280.0;1
87100;BOT_TAKER;SUBMISSION;HYDROGEL_PACK;XIRECS;9975.0;5
87200;BOT;SUBMISSION;ASH_COATED_OSMIUM;XIRECS;10002.0;6
87300;BOT_TAKER;SUBMISSION;VELVETFRUIT_EXTRACT;XIRECS;5212.0;5
87300;BOT_TAKER;BOT_MAKER;VELVETFRUIT_EXTRACT;XIRECS;5213.0;3
87400;BOT_TAKER;BOT_MAKER;HYDROGEL_PACK;XIRECS;9975.0;6
87500;BOT_MAKER;BOT_TAKER;HYDROGEL_PACK;XIRECS;9959.0;3
87600;BOT_MAKER;BOT_TAKER;VELVETFRUIT_EXTRACT;XIRECS;5207.0;8
87700;BOT_MAKER;BOT_TAKER;VELVETFRUIT_EXTRACT;XIRECS;5206.0;8
87800;BOT_TAKER;BOT_MAKER;VELVETFRUIT_EXTRACT;XIRECS;5211.0;7
87800;BOT_MAKER;BOT_TAKER;VEV_5400;XIRECS;16.0;5
87900;BOT_TAKER;BOT_MAKER;VELVETFRUIT_EXTRACT;XIRECS;5211.0;8
87900;SUBMISSION;BOT_TAKER;HYDROGEL_PACK;XIRECS;9966.0;3
88000;BOT_MAKER;BOT_TAKER;VELVETFRUIT_EXTRACT;XIRECS;5205.0;5
88100;BOT_MAKER;BOT_TAKER;VELVETFRUIT_EXTRACT;XIRECS;5204.0;5
88300;BOT_MAKER;BOT_TAKER;VELVETFRUIT_EXTRACT;XIRECS;5203.0;8
88400;BOT_MAKER;BOT_TAKER;HYDROGEL_PACK;XIRECS;9960.0;3
88400;BOT_TAKER;BOT_MAKER;INTARIAN_PEPPER_ROOT;XIRECS;13190.0;5
88500;BOT_TAKER;SUBMISSION;VEV_4000;XIRECS;1281.0;3
88600;BOT_MAKER;BOT_TAKER;VEV_4000;XIRECS;1262.0;2
88600;BOT_MAKER;BOT_TAKER;VEV_5500;XIRECS;4.0;5
88700;BOT_TAKER;BOT_MAKER;VELVETFRUIT_EXTRACT;XIRECS;5209.0;6
88900;BOT_TAKER;BOT_MAKER;HYDROGEL_PACK;XIRECS;9984.0;4
88900;BOT_TAKER;BOT_MAKER;VEV_4000;XIRECS;1280.0;3
88900;BOT_TAKER;SUBMISSION;HYDROGEL_PACK;XIRECS;9983.0;5
89000;BOT_MAKER;BOT_TAKER;VEV_4000;XIRECS;1258.0;2
89000;BOT_MAKER;BOT_TAKER;VEV_5300;XIRECS;54.0;3
89100;BOT_MAKER;BOT_TAKER;VELVETFRUIT_EXTRACT;XIRECS;5207.0;8
89100;SUBMISSION;BOT_TAKER;ASH_COATED_OSMIUM;XIRECS;9994.0;3
89200;BOT_TAKER;BOT_MAKER;HYDROGEL_PACK;XIRECS;9988.0;5
89200;BOT_TAKER;BOT_MAKER;VEV_4000;XIRECS;1281.0;1
89200;BOT_MAKER;BOT_TAKER;VEV_4000;XIRECS;1260.0;2
89200;BOT_MAKER;BOT_TAKER;VEV_6000;XIRECS;0.0;5
89300;BOT_MAKER;BOT_TAKER;HYDROGEL_PACK;XIRECS;9968.0;2
89400;BOT_TAKER;BOT_MAKER;HYDROGEL_PACK;XIRECS;9985.0;4
89400;BOT_MAKER;BOT_TAKER;INTARIAN_PEPPER_ROOT;XIRECS;13182.0;6
89400;BOT_MAKER;BOT_TAKER;VEV_6500;XIRECS;0.0;5
89600;BOT_MAKER;BOT_TAKER;HYDROGEL_PACK;XIRECS;9964.0;4
89900;BOT_TAKER;BOT_MAKER;HYDROGEL_PACK;XIRECS;9980.0;5
89900;BOT_MAKER;BOT_TAKER;VELVETFRUIT_EXTRACT;XIRECS;5208.0;6
89900;BOT_MAKER;BOT_TAKER;VEV_6500;XIRECS;0.0;4
90000;BOT_TAKER;BOT_MAKER;ASH_COATED_OSMIUM;XIRECS;10010.0;3
90000;BOT_MAKER;BOT_TAKER;VEV_5500;XIRECS;4.0;2
90100;BOT_TAKER;BOT_MAKER;HYDROGEL_PACK;XIRECS;9985.0;6
90100;BOT_TAKER;BOT_MAKER;VELVETFRUIT_EXTRACT;XIRECS;5214.0;5
90200;BOT_MAKER;BOT_TAKER;VELVETFRUIT_EXTRACT;XIRECS;5208.0;7
90200;BOT_TAKER;BOT_MAKER;VEV_5500;XIRECS;5.0;2
90300;BOT_MAKER;BOT_TAKER;HYDROGEL_PACK;XIRECS;9969.0;3
90300;BOT_TAKER;BOT_MAKER;VELVETFRUIT_EXTRACT;XIRECS;5214.0;3
90300;BOT_MAKER;BOT_TAKER;VEV_5400;XIRECS;16.0;2
90500;BOT_MAKER;BOT_TAKER;VEV_4000;XIRECS;1257.0;3
90500;SUBMISSION;BOT_TAKER;VELVETFRUIT_EXTRACT;XIRECS;5209.0;5
90500;BOT_MAKER;BOT_TAKER;VELVETFRUIT_EXTRACT;XIRECS;5208.0;3
90600;BOT_TAKER;BOT_MAKER;HYDROGEL_PACK;XIRECS;9983.0;4
90600;BOT_MAKER;BOT_TAKER;VELVETFRUIT_EXTRACT;XIRECS;5208.0;7
90600;BOT_TAKER;SUBMISSION;VELVETFRUIT_EXTRACT;XIRECS;5212.0;5
90600;BOT_TAKER;BOT_MAKER;VELVETFRUIT_EXTRACT;XIRECS;5213.0;1
90700;BOT_TAKER;BOT_MAKER;VEV_4000;XIRECS;1279.0;2
90700;BOT_MAKER;BOT_TAKER;VEV_5300;XIRECS;55.0;4
90700;BOT_TAKER;BOT_MAKER;VEV_6000;XIRECS;1.0;5
90700;BOT_TAKER;BOT_MAKER;VEV_6500;XIRECS;1.0;2
90800;BOT_MAKER;BOT_TAKER;HYDROGEL_PACK;XIRECS;9967.0;6
90800;BOT_MAKER;BOT_TAKER;VELVETFRUIT_EXTRACT;XIRECS;5210.0;6
90900;BOT_TAKER;BOT_MAKER;INTARIAN_PEPPER_ROOT;XIRECS;13198.0;3
90900;BOT_TAKER;BOT_MAKER;VELVETFRUIT_EXTRACT;XIRECS;5212.0;7
90900;BOT_TAKER;BOT_MAKER;VEV_5500;XIRECS;5.0;2
90900;BOT_MAKER;BOT_TAKER;VEV_6000;XIRECS;0.0;3
91000;BOT_MAKER;BOT_TAKER;INTARIAN_PEPPER_ROOT;XIRECS;13184.0;7
91100;BOT_TAKER;BOT_MAKER;VEV_6000;XIRECS;1.0;2
91100;BOT_TAKER;BOT_MAKER;VEV_6500;XIRECS;1.0;3
91100;BOT_TAKER;SUBMISSION;ASH_COATED_OSMIUM;XIRECS;10009.0;3
91200;BOT_MAKER;BOT_TAKER;VELVETFRUIT_EXTRACT;XIRECS;5206.0;3
91200;BOT_TAKER;BOT_MAKER;VEV_4000;XIRECS;1280.0;3
91200;BOT_MAKER;BOT_TAKER;VEV_6000;XIRECS;0.0;3
91300;BOT_MAKER;BOT_TAKER;HYDROGEL_PACK;XIRECS;9963.0;5
91300;BOT_TAKER;BOT_MAKER;VELVETFRUIT_EXTRACT;XIRECS;5210.0;5
91300;BOT_MAKER;BOT_TAKER;VEV_5400;XIRECS;15.0;4
91300;BOT_TAKER;BOT_MAKER;VEV_6000;XIRECS;1.0;3
91300;SUBMISSION;BOT_TAKER;ASH_COATED_OSMIUM;XIRECS;9996.0;6
91400;BOT_TAKER;BOT_MAKER;VELVETFRUIT_EXTRACT;XIRECS;5209.0;7
91500;BOT_MAKER;BOT_TAKER;VEV_5300;XIRECS;55.0;5
91600;BOT_MAKER;BOT_TAKER;VEV_5500;XIRECS;4.0;3
91700;BOT_MAKER;BOT_TAKER;VEV_6500;XIRECS;0.0;3
91800;BOT_MAKER;BOT_TAKER;HYDROGEL_PACK;XIRECS;9964.0;6
91800;BOT_TAKER;SUBMISSION;HYDROGEL_PACK;XIRECS;9979.0;4
92000;BOT_TAKER;BOT_MAKER;HYDROGEL_PACK;XIRECS;9980.0;3
92100;BOT_MAKER;BOT_TAKER;VEV_5500;XIRECS;4.0;5
92100;BOT_TAKER;BOT_MAKER;VEV_6500;XIRECS;1.0;2
92200;BOT_MAKER;BOT_TAKER;VELVETFRUIT_EXTRACT;XIRECS;5203.0;12
92300;BOT_TAKER;BOT_MAKER;HYDROGEL_PACK;XIRECS;9977.0;6
92300;BOT_MAKER;BOT_TAKER;VELVETFRUIT_EXTRACT;XIRECS;5203.0;7
92300;BOT_MAKER;BOT_TAKER;VEV_6500;XIRECS;0.0;2
92400;BOT_TAKER;BOT_MAKER;VELVETFRUIT_EXTRACT;XIRECS;5208.0;8
92500;BOT_TAKER;BOT_MAKER;HYDROGEL_PACK;XIRECS;9977.0;4
92500;BOT_MAKER;BOT_TAKER;VELVETFRUIT_EXTRACT;XIRECS;5202.0;4
92800;BOT_TAKER;BOT_MAKER;HYDROGEL_PACK;XIRECS;9981.0;3
92800;BOT_MAKER;BOT_TAKER;VELVETFRUIT_EXTRACT;XIRECS;5204.0;4
92800;SUBMISSION;BOT_TAKER;HYDROGEL_PACK;XIRECS;9966.0;2
92900;BOT_TAKER;BOT_MAKER;VEV_4000;XIRECS;1277.0;1
93000;BOT_MAKER;BOT_TAKER;HYDROGEL_PACK;XIRECS;9968.0;3
93000;BOT_MAKER;BOT_TAKER;INTARIAN_PEPPER_ROOT;XIRECS;13186.0;7
93100;BOT_MAKER;BOT_TAKER;HYDROGEL_PACK;XIRECS;9967.0;4
93200;BOT_TAKER;BOT_MAKER;VEV_6500;XIRECS;1.0;2
93300;BOT_MAKER;BOT_TAKER;HYDROGEL_PACK;XIRECS;9969.0;3
93300;BOT_TAKER;BOT_MAKER;VEV_6000;XIRECS;1.0;2
93300;BOT_TAKER;BOT_MAKER;VEV_6500;XIRECS;1.0;4
93400;BOT_MAKER;BOT_TAKER;HYDROGEL_PACK;XIRECS;9967.0;4
93400;BOT_TAKER;BOT_MAKER;VELVETFRUIT_EXTRACT;XIRECS;5210.0;4
93400;BOT_TAKER;BOT_MAKER;VEV_4000;XIRECS;1275.0;2
93400;BOT_TAKER;BOT_MAKER;VEV_6000;XIRECS;1.0;2
93400;BOT_TAKER;SUBMISSION;ASH_COATED_OSMIUM;XIRECS;10010.0;3
93500;BOT_MAKER;BOT_TAKER;VEV_6000;XIRECS;0.0;3
93500;BOT_TAKER;BOT_MAKER;VEV_6500;XIRECS;1.0;2
93600;BOT_TAKER;BOT_MAKER;HYDROGEL_PACK;XIRECS;9978.0;2
93800;BOT_TAKER;BOT_MAKER;HYDROGEL_PACK;XIRECS;9978.0;5
93900;BOT_TAKER;BOT_MAKER;HYDROGEL_PACK;XIRECS;9976.0;4
94000;SUBMISSION;BOT_TAKER;VELVETFRUIT_EXTRACT;XIRECS;5207.0;5
94000;BOT_MAKER;BOT_TAKER;VELVETFRUIT_EXTRACT;XIRECS;5206.0;3
94100;BOT_MAKER;BOT_TAKER;ASH_COATED_OSMIUM;XIRECS;9995.0;7
94100;BOT_TAKER;BOT_MAKER;INTARIAN_PEPPER_ROOT;XIRECS;13201.0;7
94100;BOT_TAKER;BOT_MAKER;VELVETFRUIT_EXTRACT;XIRECS;5210.0;3
94100;BOT_TAKER;BOT_MAKER;VELVETFRUIT_EXTRACT;XIRECS;5210.0;8
94300;BOT_TAKER;BOT_MAKER;HYDROGEL_PACK;XIRECS;9983.0;2
94300;BOT_MAKER;BOT_TAKER;VEV_4000;XIRECS;1253.0;2
94500;BOT_MAKER;BOT_TAKER;VEV_6000;XIRECS;0.0;3
94600;BOT_MAKER;BOT_TAKER;VELVETFRUIT_EXTRACT;XIRECS;5209.0;6
94600;BOT_TAKER;SUBMISSION;VELVETFRUIT_EXTRACT;XIRECS;5213.0;5
94600;BOT_TAKER;BOT_MAKER;VELVETFRUIT_EXTRACT;XIRECS;5214.0;2
94700;BOT_MAKER;BOT_TAKER;VEV_5500;XIRECS;4.0;2
94800;BOT_TAKER;BOT_MAKER;HYDROGEL_PACK;XIRECS;9979.0;4
94800;BOT_TAKER;BOT_MAKER;VEV_5400;XIRECS;17.0;2
94800;BOT_TAKER;SUBMISSION;HYDROGEL_PACK;XIRECS;9978.0;5
94800;BOT_TAKER;BOT_MAKER;HYDROGEL_PACK;XIRECS;9979.0;1
95000;BOT_MAKER;BOT_TAKER;VELVETFRUIT_EXTRACT;XIRECS;5209.0;8
95200;BOT_TAKER;BOT_MAKER;HYDROGEL_PACK;XIRECS;9983.0;4
95200;BOT_MAKER;BOT_TAKER;VELVETFRUIT_EXTRACT;XIRECS;5208.0;7
95200;BOT_MAKER;BOT_TAKER;VEV_5500;XIRECS;4.0;3
95300;BOT_MAKER;BOT_TAKER;HYDROGEL_PACK;XIRECS;9968.0;4
95300;BOT_MAKER;BOT_TAKER;VELVETFRUIT_EXTRACT;XIRECS;5208.0;8
95300;BOT_TAKER;SUBMISSION;VELVETFRUIT_EXTRACT;XIRECS;5212.0;5
95500;BOT_MAKER;BOT_TAKER;VEV_4000;XIRECS;1250.0;3
95600;BOT_MAKER;BOT_TAKER;VELVETFRUIT_EXTRACT;XIRECS;5207.0;5
95600;SUBMISSION;BOT_TAKER;HYDROGEL_PACK;XIRECS;9968.0;4
95900;BOT_TAKER;BOT_MAKER;HYDROGEL_PACK;XIRECS;9982.0;2
95900;BOT_TAKER;BOT_MAKER;VELVETFRUIT_EXTRACT;XIRECS;5213.0;8
96000;BOT_TAKER;BOT_MAKER;HYDROGEL_PACK;XIRECS;9984.0;6
96000;SUBMISSION;BOT_TAKER;VELVETFRUIT_EXTRACT;XIRECS;5209.0;5
96000;BOT_MAKER;BOT_TAKER;VELVETFRUIT_EXTRACT;XIRECS;5208.0;5
96100;BOT_MAKER;BOT_TAKER;VELVETFRUIT_EXTRACT;XIRECS;5209.0;4
96200;BOT_TAKER;BOT_MAKER;VEV_6000;XIRECS;1.0;5
96200;BOT_TAKER;SUBMISSION;HYDROGEL_PACK;XIRECS;9983.0;5
96300;BOT_TAKER;BOT_MAKER;HYDROGEL_PACK;XIRECS;9982.0;5
96300;BOT_MAKER;BOT_TAKER;VELVETFRUIT_EXTRACT;XIRECS;5210.0;8
96300;BOT_TAKER;BOT_MAKER;VEV_5300;XIRECS;59.0;4
96400;BOT_MAKER;BOT_TAKER;HYDROGEL_PACK;XIRECS;9968.0;3
96400;BOT_TAKER;BOT_MAKER;VELVETFRUIT_EXTRACT;XIRECS;5215.0;8
96400;BOT_MAKER;BOT_TAKER;VEV_5300;XIRECS;57.0;2
96400;BOT_TAKER;BOT_MAKER;VEV_6000;XIRECS;1.0;2
96500;BOT_TAKER;BOT_MAKER;HYDROGEL_PACK;XIRECS;9984.0;5
96500;BOT_MAKER;BOT_TAKER;VEV_5400;XIRECS;16.0;2
96700;BOT_TAKER;BOT_MAKER;VELVETFRUIT_EXTRACT;XIRECS;5216.0;10
96700;BOT_TAKER;BOT_MAKER;VEV_5500;XIRECS;5.0;2
96800;BOT_MAKER;BOT_TAKER;HYDROGEL_PACK;XIRECS;9963.0;3
96800;BOT_TAKER;BOT_MAKER;VELVETFRUIT_EXTRACT;XIRECS;5215.0;6
96900;BOT_TAKER;BOT_MAKER;VELVETFRUIT_EXTRACT;XIRECS;5217.0;5
97000;BOT_MAKER;BOT_TAKER;HYDROGEL_PACK;XIRECS;9962.0;3
97000;BOT_TAKER;BOT_MAKER;VELVETFRUIT_EXTRACT;XIRECS;5216.0;5
97000;BOT_TAKER;BOT_MAKER;VEV_6000;XIRECS;1.0;2
97300;BOT_MAKER;BOT_TAKER;HYDROGEL_PACK;XIRECS;9968.0;5
97300;BOT_MAKER;BOT_TAKER;VELVETFRUIT_EXTRACT;XIRECS;5209.0;5
97400;BOT_MAKER;BOT_TAKER;HYDROGEL_PACK;XIRECS;9972.0;2
97400;BOT_MAKER;BOT_TAKER;VELVETFRUIT_EXTRACT;XIRECS;5208.0;3
97400;BOT_MAKER;BOT_TAKER;VEV_6500;XIRECS;0.0;3
97500;BOT_TAKER;BOT_MAKER;HYDROGEL_PACK;XIRECS;9991.0;3
97500;BOT_MAKER;BOT_TAKER;HYDROGEL_PACK;XIRECS;9975.0;3
97700;BOT_TAKER;BOT_MAKER;HYDROGEL_PACK;XIRECS;9993.0;5
97800;BOT_TAKER;BOT_MAKER;VEV_4000;XIRECS;1264.0;1
97800;BOT_TAKER;BOT_MAKER;VEV_5300;XIRECS;59.0;3
97900;BOT_TAKER;BOT_MAKER;VEV_5500;XIRECS;5.0;4
97900;SUBMISSION;BOT;ASH_COATED_OSMIUM;XIRECS;10001.0;7
98000;BOT_MAKER;BOT_TAKER;HYDROGEL_PACK;XIRECS;9973.0;2
98000;BOT_MAKER;BOT_TAKER;VEV_4000;XIRECS;1243.0;1
98100;BOT_MAKER;BOT_TAKER;VEV_6000;XIRECS;0.0;4
98200;BOT_TAKER;BOT_MAKER;HYDROGEL_PACK;XIRECS;9987.0;6
98200;BOT_TAKER;BOT_MAKER;VELVETFRUIT_EXTRACT;XIRECS;5218.0;5
98200;BOT_TAKER;BOT_MAKER;VEV_5300;XIRECS;60.0;5
98300;BOT_TAKER;BOT_MAKER;ASH_COATED_OSMIUM;XIRECS;10010.0;3
98300;BOT_MAKER;BOT_TAKER;HYDROGEL_PACK;XIRECS;9968.0;2
98300;BOT_TAKER;BOT_MAKER;VELVETFRUIT_EXTRACT;XIRECS;5220.0;8
98500;BOT_MAKER;BOT_TAKER;VELVETFRUIT_EXTRACT;XIRECS;5216.0;14
98600;BOT_MAKER;BOT_TAKER;VELVETFRUIT_EXTRACT;XIRECS;5215.0;6
98600;BOT_TAKER;BOT_MAKER;VEV_4000;XIRECS;1262.0;3
98700;BOT_MAKER;BOT_TAKER;VELVETFRUIT_EXTRACT;XIRECS;5214.0;5
98800;BOT_TAKER;BOT_MAKER;VELVETFRUIT_EXTRACT;XIRECS;5220.0;7
98800;BOT;SUBMISSION;ASH_COATED_OSMIUM;XIRECS;10003.0;10
98900;BOT_TAKER;BOT_MAKER;VELVETFRUIT_EXTRACT;XIRECS;5220.0;8
98900;BOT_MAKER;BOT_TAKER;VEV_5200;XIRECS;133.0;2
99000;BOT_MAKER;BOT_TAKER;VELVETFRUIT_EXTRACT;XIRECS;5214.0;7
99100;BOT_TAKER;BOT_MAKER;HYDROGEL_PACK;XIRECS;9983.0;5
99100;BOT_TAKER;BOT_MAKER;VELVETFRUIT_EXTRACT;XIRECS;5220.0;6
99200;BOT_TAKER;BOT_MAKER;HYDROGEL_PACK;XIRECS;9981.0;2
99300;BOT_TAKER;BOT_MAKER;HYDROGEL_PACK;XIRECS;9980.0;5
99400;BOT_TAKER;BOT_MAKER;VEV_6500;XIRECS;1.0;3
99600;BOT_MAKER;BOT_TAKER;VEV_4000;XIRECS;1241.0;3
99700;BOT_TAKER;BOT_MAKER;HYDROGEL_PACK;XIRECS;9977.0;2
99700;BOT_TAKER;BOT_MAKER;VEV_5400;XIRECS;16.0;2
99700;BOT_TAKER;BOT_MAKER;VEV_6500;XIRECS;1.0;3
99800;BOT_TAKER;BOT_MAKER;VEV_4000;XIRECS;1261.0;2
99900;BOT_TAKER;BOT_MAKER;VELVETFRUIT_EXTRACT;XIRECS;5222.0;6
99900;BOT_TAKER;BOT_MAKER;VEV_4000;XIRECS;1260.0;2
99900;BOT_MAKER;BOT_TAKER;VEV_5400;XIRECS;13.0;2
