day;timestamp;product;bid_price_1;bid_volume_1;bid_price_2;bid_volume_2;bid_price_3;bid_volume_3;ask_price_1;ask_volume_1;ask_price_2;ask_volume_2;ask_price_3;ask_volume_3;mid_price;profit_and_loss
-2;0;ASH_COATED_OSMIUM;9992;13;;;;;10008;13;10010;29;;;10000.0;0.0
-2;0;HYDROGEL_PACK;9971;12;9969;24;;;9987;12;9990;24;;;9979.0;0.0
-2;0;INTARIAN_PEPPER_ROOT;12993;12;12990;21;;;13007;12;13010;21;;;13000.0;0.0
-2;0;VELVETFRUIT_EXTRACT;5259;58;;;;;5265;41;;;;;5262.0;0.0
-2;0;VEV_4000;1252;15;1249;27;;;1273;15;1276;27;;;1262.5;0.0
-2;0;VEV_4500;753;9;752;24;;;770;11;771;10;772;24;761.5;0.0
-2;0;VEV_5000;263;8;;;;;269;12;270;18;;;266.0;0.0
-2;0;VEV_5100;173;21;;;;;177;9;178;16;;;175.0;0.0
-2;0;VEV_5200;100;33;;;;;102;10;103;24;;;101.0;0.0
-2;0;VEV_5300;49;24;48;16;;;51;25;52;24;;;50.0;0.0
-2;0;VEV_5400;;;;;;;16;5;17;25;;;16.0;0.0
-2;0;VEV_5500;6;26;;;;;7;18;;;;;6.5;0.0
-2;0;VEV_6000;0;20;;;;;1;20;;;;;0.5;0.0
-2;0;VEV_6500;0;18;;;;;1;18;;;;;0.5;0.0
-2;100;ASH_COATED_OSMIUM;9992;14;9990;23;;;10008;14;;;;;10000.0;0.0
-2;100;HYDROGEL_PACK;9976;12;9973;24;;;9992;12;9994;24;;;9984.0;0.0
-2;100;INTARIAN_PEPPER_ROOT;12993;11;12990;22;;;13007;11;13010;22;;;13000.0;0.0
-2;100;VELVETFRUIT_EXTRACT;5260;50;5260;34;;;5266;53;;;;;5263.0;0.0
-2;100;VEV_4000;1251;11;1249;20;;;1273;11;1275;20;;;1262.0;0.0
-2;100;VEV_4500;755;7;753;22;;;771;7;773;22;;;763.0;0.0
-2;100;VEV_5000;263;8;;;;;270;12;;;;;266.5;0.0
-2;100;VEV_5100;173;24;172;24;;;178;21;;;;;175.5;0.0
-2;100;VEV_5200;101;9;100;21;;;104;21;;;;;102.5;0.0
-2;100;VEV_5300;49;23;;;;;51;6;52;18;;;50.0;0.0
-2;100;VEV_5400;15;27;;;;;17;25;;;;;16.0;0.0
-2;100;VEV_5500;6;18;;;;;7;23;;;;;6.5;0.0
-2;100;VEV_6000;0;15;;;;;1;15;;;;;0.5;0.0
-2;100;VEV_6500;0;17;;;;;1;17;;;;;0.5;0.0
-2;200;ASH_COATED_OSMIUM;9990;20;;;;;10008;14;10011;20;;;9999.0;0.0
-2;200;HYDROGEL_PACK;9975;11;9972;27;;;9991;11;9993;27;;;9983.0;0.0
-2;200;INTARIAN_PEPPER_ROOT;12993;8;12990;20;;;13007;8;;;;;13000.0;0.0
-2;200;VELVETFRUIT_EXTRACT;5261;16;5260;33;;;5265;16;5266;55;;;5263.0;0.0
-2;200;VEV_4000;1253;8;1250;20;;;1274;8;1277;20;;;1263.5;0.0
-2;200;VEV_4500;754;9;752;15;;;770;9;772;15;;;762.0;0.0
-2;200;VEV_5000;264;7;;;;;271;20;;;;;267.5;0.0
-2;200;VEV_5100;173;29;172;23;;;177;8;178;24;;;175.0;0.0
-2;200;VEV_5200;101;33;100;24;;;;;;;;;101.0;0.0
-2;200;VEV_5300;50;20;;;;;52;24;;;;;51.0;0.0
-2;200;VEV_5400;16;9;15;20;;;17;17;;;;;16.5;0.0
-2;200;VEV_5500;6;26;;;;;7;28;;;;;6.5;0.0
-2;200;VEV_6000;0;21;;;;;1;21;;;;;0.5;0.0
-2;200;VEV_6500;0;17;;;;;1;17;;;;;0.5;0.0
-2;300;ASH_COATED_OSMIUM;9998;4;;;;;10009;14;10011;26;;;10003.5;0.0
-2;300;HYDROGEL_PACK;9976;14;9974;29;;;9995;29;;;;;9985.5;0.0
-2;300;INTARIAN_PEPPER_ROOT;12993;9;;;;;13002;7;13007;9;13011;15;12997.5;0.0
-2;300;VELVETFRUIT_EXTRACT;5259;42;;;;;5264;15;5265;58;;;5261.5;0.0
-2;300;VEV_4000;1255;11;1252;15;;;1276;11;1279;15;;;1265.5;0.0
-2;300;VEV_4500;755;7;753;14;;;773;14;;;;;764.0;0.0
-2;300;VEV_5000;264;8;263;21;;;270;6;271;13;;;267.0;0.0
-2;300;VEV_5100;172;15;;;;;177;8;178;24;;;174.5;0.0
-2;300;VEV_5200;101;7;100;14;;;104;27;;;;;102.5;0.0
-2;300;VEV_5300;50;23;;;;;52;19;53;18;;;51.0;0.0
-2;300;VEV_5400;15;19;;;;;;;;;;;15.0;0.0
-2;300;VEV_5500;6;26;;;;;7;21;;;;;6.5;0.0
-2;300;VEV_6000;0;20;;;;;1;20;;;;;0.5;0.0
-2;300;VEV_6500;0;14;;;;;1;14;;;;;0.5;0.0
-2;400;ASH_COATED_OSMIUM;9990;22;;;;;10009;12;10011;22;;;9999.5;0.0
-2;400;HYDROGEL_PACK;9981;12;9978;25;;;9997;12;9999;25;;;9989.0;0.0
-2;400;INTARIAN_PEPPER_ROOT;13003;5;12993;10;12990;16;13007;10;13011;16;;;13005.0;0.0
-2;400;VELVETFRUIT_EXTRACT;5259;43;;;;;5265;31;;;;;5262.0;0.0
-2;400;VEV_4000;1254;12;1252;17;;;1275;12;1278;17;;;1264.5;0.0
-2;400;VEV_4500;755;8;753;16;;;771;8;772;12;773;16;763.0;0.0
-2;400;VEV_5000;265;10;264;15;;;271;8;272;18;;;268.0;0.0
-2;400;VEV_5100;172;21;171;24;;;176;8;177;16;;;174.0;0.0
-2;400;VEV_5200;102;32;101;25;;;104;8;105;33;;;103.0;0.0
-2;400;VEV_5300;50;24;;;;;52;13;52;5;;;51.0;0.0
-2;400;VEV_5400;;;;;;;17;27;;;;;17.0;0.0
-2;400;VEV_5500;6;24;;;;;7;20;;;;;6.5;0.0
-2;400;VEV_6000;0;18;;;;;1;18;;;;;0.5;0.0
-2;400;VEV_6500;0;12;;;;;1;12;;;;;0.5;0.0
-2;500;ASH_COATED_OSMIUM;9992;15;9990;25;;;10011;25;;;;;10001.5;0.0
-2;500;HYDROGEL_PACK;9978;21;;;;;9997;11;9999;21;;;9987.5;0.0
-2;500;INTARIAN_PEPPER_ROOT;12993;8;12990;21;;;13008;8;13011;21;;;13000.5;0.0
-2;500;VELVETFRUIT_EXTRACT;5262;17;5261;52;;;5267;67;;;;;5264.5;0.0
-2;500;VEV_4000;1254;7;1252;19;;;1276;7;1278;19;;;1265.0;0.0
-2;500;VEV_4500;755;12;753;12;;;771;12;772;11;773;12;763.0;0.0
-2;500;VEV_5000;267;9;;;;;274;22;;;;;270.5;0.0
-2;500;VEV_5100;173;6;;;;;177;35;178;15;;;175.0;0.0
-2;500;VEV_5200;101;14;;;;;104;28;;;;;102.5;0.0
-2;500;VEV_5300;49;20;;;;;51;20;;;;;50.0;0.0
-2;500;VEV_5400;16;27;15;25;;;17;21;;;;;16.5;0.0
-2;500;VEV_5500;6;20;;;;;7;16;;;;;6.5;0.0
-2;500;VEV_6000;0;18;;;;;1;18;;;;;0.5;0.0
-2;500;VEV_6500;0;19;;;;;1;19;;;;;0.5;0.0
-2;600;ASH_COATED_OSMIUM;;;;;;;10011;26;;;;;10011.0;0.0
-2;600;HYDROGEL_PACK;9980;11;9978;24;;;9996;11;9999;24;;;9988.0;0.0
-2;600;INTARIAN_PEPPER_ROOT;;;;;;;13008;11;;;;;13008.0;0.0
-2;600;VELVETFRUIT_EXTRACT;5262;25;5261;61;;;5266;25;5267;59;;;5264.0;0.0
-2;600;VEV_4000;1254;15;1252;26;;;1276;15;1278;26;;;1265.0;0.0
-2;600;VEV_4500;753;17;;;;;771;10;773;17;;;762.0;0.0
-2;600;VEV_5000;266;9;;;;;272;6;273;24;;;269.0;0.0
-2;600;VEV_5100;174;25;173;23;;;178;28;179;27;;;176.0;0.0
-2;600;VEV_5200;100;22;;;;;103;11;104;16;;;101.5;0.0
-2;600;VEV_5300;49;26;;;;;51;23;;;;;50.0;0.0
-2;600;VEV_5400;15;27;;;;;16;25;17;21;;;15.5;0.0
-2;600;VEV_5500;6;25;;;;;7;28;;;;;6.5;0.0
-2;600;VEV_6000;0;17;;;;;1;17;;;;;0.5;0.0
-2;600;VEV_6500;0;13;;;;;1;13;;;;;0.5;0.0
-2;700;ASH_COATED_OSMIUM;;;;;;;10008;10;10011;25;;;10008.0;0.0
-2;700;HYDROGEL_PACK;9981;11;9978;25;;;9997;11;9999;25;;;9989.0;0.0
-2;700;INTARIAN_PEPPER_ROOT;12994;9;12990;25;;;13011;25;;;;;13002.5;0.0
-2;700;VELVETFRUIT_EXTRACT;5261;67;;;;;5267;49;;;;;5264.0;0.0
-2;700;VEV_4000;1255;7;1253;19;;;1277;7;1279;19;;;1266.0;0.0
-2;700;VEV_4500;754;9;753;8;752;23;770;9;772;23;;;762.0;0.0
-2;700;VEV_5000;266;7;;;;;273;24;;;;;269.5;0.0
-2;700;VEV_5100;175;11;;;;;179;20;180;30;;;177.0;0.0
-2;700;VEV_5200;101;26;100;19;;;103;26;;;;;102.0;0.0
-2;700;VEV_5300;49;16;;;;;51;10;51;17;;;50.0;0.0
-2;700;VEV_5400;15;24;;;;;16;6;17;25;;;15.5;0.0
-2;700;VEV_5500;6;25;;;;;7;18;;;;;6.5;0.0
-2;700;VEV_6000;0;24;;;;;1;24;;;;;0.5;0.0
-2;700;VEV_6500;0;17;;;;;1;17;;;;;0.5;0.0
-2;800;ASH_COATED_OSMIUM;9992;12;9990;25;;;10008;12;10011;25;;;10000.0;0.0
-2;800;HYDROGEL_PACK;9976;22;;;;;9995;15;9997;22;;;9985.5;0.0
-2;800;INTARIAN_PEPPER_ROOT;12994;12;12991;24;;;13008;12;13011;24;;;13001.0;0.0
-2;800;VELVETFRUIT_EXTRACT;5262;15;5261;34;;;5267;47;;;;;5264.5;0.0
-2;800;VEV_4000;1255;9;1252;30;;;1276;9;1278;30;;;1265.5;0.0
-2;800;VEV_4500;754;8;752;17;;;770;8;772;17;;;762.0;0.0
-2;800;VEV_5000;267;35;;;;;273;12;274;22;;;270.0;0.0
-2;800;VEV_5100;175;12;174;27;;;179;26;180;26;;;177.0;0.0
-2;800;VEV_5200;;;;;;;;;;;;;0.0;0.0
-2;800;VEV_5300;48;26;47;12;;;50;19;;;;;49.0;0.0
-2;800;VEV_5400;16;23;15;26;;;17;26;;;;;16.5;0.0
-2;800;VEV_5500;6;18;;;;;7;16;;;;;6.5;0.0
-2;800;VEV_6000;0;22;;;;;1;22;;;;;0.5;0.0
-2;800;VEV_6500;0;17;;;;;1;17;;;;;0.5;0.0
-2;900;ASH_COATED_OSMIUM;9992;12;9989;27;;;10008;12;;;;;10000.0;0.0
-2;900;HYDROGEL_PACK;9980;14;9977;22;;;9996;14;9998;22;;;9988.0;0.0
-2;900;INTARIAN_PEPPER_ROOT;12994;10;12991;21;;;13008;10;13011;21;;;13001.0;0.0
-2;900;VELVETFRUIT_EXTRACT;5263;19;5262;49;;;5268;45;;;;;5265.5;0.0
-2;900;VEV_4000;1254;15;1251;17;;;1275;15;1278;17;;;1264.5;0.0
-2;900;VEV_4500;753;8;751;18;;;769;8;770;18;771;18;761.0;0.0
-2;900;VEV_5000;266;7;;;;;272;6;273;16;;;269.0;0.0
-2;900;VEV_5100;176;8;;;;;181;24;;;;;178.5;0.0
-2;900;VEV_5200;100;21;;;;;104;32;;;;;102.0;0.0
-2;900;VEV_5300;48;23;;;;;50;28;;;;;49.0;0.0
-2;900;VEV_5400;15;24;;;;;16;26;;;;;15.5;0.0
-2;900;VEV_5500;5;24;;;;;7;23;;;;;6.0;0.0
-2;900;VEV_6000;0;25;;;;;1;25;;;;;0.5;0.0
-2;900;VEV_6500;0;12;;;;;1;12;;;;;0.5;0.0
-2;1000;ASH_COATED_OSMIUM;9993;14;9990;20;;;;;;;;;9993.0;0.0
-2;1000;HYDROGEL_PACK;9980;10;9977;25;;;9996;10;9998;25;;;9988.0;0.0
-2;1000;INTARIAN_PEPPER_ROOT;12994;10;12991;23;;;13008;10;13011;23;;;13001.0;0.0
-2;1000;VELVETFRUIT_EXTRACT;5262;68;5262;22;;;5268;66;;;;;5265.0;0.0
-2;1000;VEV_4000;1255;7;1253;24;;;1277;7;1279;24;;;1266.0;0.0
-2;1000;VEV_4500;753;9;752;22;751;23;769;9;771;23;;;761.0;0.0
-2;1000;VEV_5000;265;6;264;12;;;271;9;272;15;;;268.0;0.0
-2;1000;VEV_5100;176;11;175;19;;;;;;;;;176.0;0.0
-2;1000;VEV_5200;101;12;100;32;;;104;34;;;;;102.5;0.0
-2;1000;VEV_5300;48;19;;;;;;;;;;;48.0;0.0
-2;1000;VEV_5400;;;;;;;16;7;17;20;;;16.0;0.0
-2;1000;VEV_5500;5;19;;;;;;;;;;;5.0;0.0
-2;1000;VEV_6000;0;23;;;;;1;23;;;;;0.5;0.0
-2;1000;VEV_6500;0;11;;;;;1;11;;;;;0.5;0.0
-2;1100;ASH_COATED_OSMIUM;9992;12;;;;;10008;12;10011;24;;;10000.0;0.0
-2;1100;HYDROGEL_PACK;9981;14;9978;24;;;9997;14;9999;24;;;9989.0;0.0
-2;1100;INTARIAN_PEPPER_ROOT;12991;25;;;;;13008;9;13011;25;;;12999.5;0.0
-2;1100;VELVETFRUIT_EXTRACT;5262;16;5261;17;;;5267;55;;;;;5264.5;0.0
-2;1100;VEV_4000;1256;14;1253;25;;;1277;14;1280;25;;;1266.5;0.0
-2;1100;VEV_4500;752;8;750;22;;;768;8;770;22;;;760.0;0.0
-2;1100;VEV_5000;267;12;;;;;273;6;274;15;;;270.0;0.0
-2;1100;VEV_5100;176;12;175;25;;;181;13;;;;;178.5;0.0
-2;1100;VEV_5200;101;6;100;22;;;103;6;104;24;;;102.0;0.0
-2;1100;VEV_5300;49;22;;;;;51;23;;;;;50.0;0.0
-2;1100;VEV_5400;15;20;;;;;16;24;;;;;15.5;0.0
-2;1100;VEV_5500;6;18;;;;;7;20;;;;;6.5;0.0
-2;1100;VEV_6000;0;18;;;;;1;18;;;;;0.5;0.0
-2;1100;VEV_6500;0;13;;;;;1;13;;;;;0.5;0.0
-2;1200;ASH_COATED_OSMIUM;9993;13;9990;22;;;10011;22;;;;;10002.0;0.0
-2;1200;HYDROGEL_PACK;9984;10;9981;21;;;10000;10;10002;21;;;9992.0;0.0
-2;1200;INTARIAN_PEPPER_ROOT;12994;12;12991;22;;;13008;12;13011;22;;;13001.0;0.0
-2;1200;VELVETFRUIT_EXTRACT;5262;64;;;;;5268;21;5269;40;;;5265.0;0.0
-2;1200;VEV_4000;1256;8;1254;23;;;1277;8;1280;23;;;1266.5;0.0
-2;1200;VEV_4500;753;7;751;17;;;769;7;771;17;;;761.0;0.0
-2;1200;VEV_5000;267;8;266;22;;;273;8;274;22;;;270.0;0.0
-2;1200;VEV_5100;176;31;175;16;;;180;28;;;;;178.0;0.0
-2;1200;VEV_5200;;;;;;;104;27;;;;;104.0;0.0
-2;1200;VEV_5300;49;23;;;;;51;24;52;19;;;50.0;0.0
-2;1200;VEV_5400;16;24;15;20;;;17;19;;;;;16.5;0.0
-2;1200;VEV_5500;5;25;;;;;7;16;;;;;6.0;0.0
-2;1200;VEV_6000;0;20;;;;;1;20;;;;;0.5;0.0
-2;1200;VEV_6500;0;11;;;;;1;11;;;;;0.5;0.0
-2;1300;ASH_COATED_OSMIUM;9990;20;;;;;10009;10;10011;20;;;9999.5;0.0
-2;1300;HYDROGEL_PACK;9988;11;9985;28;;;10004;11;10006;28;;;9996.0;0.0
-2;1300;INTARIAN_PEPPER_ROOT;12994;10;12991;23;;;13008;10;13012;23;;;13001.0;0.0
-2;1300;VELVETFRUIT_EXTRACT;5261;30;5261;37;;;5266;23;5267;63;5268;30;5263.5;0.0
-2;1300;VEV_4000;1258;7;1255;15;;;1279;7;1282;15;;;1268.5;0.0
-2;1300;VEV_4500;754;11;752;15;;;770;11;772;15;;;762.0;0.0
-2;1300;VEV_5000;267;8;266;24;;;273;6;274;16;;;270.0;0.0
-2;1300;VEV_5100;175;25;;;;;181;27;;;;;178.0;0.0
-2;1300;VEV_5200;100;31;;;;;102;23;;;;;101.0;0.0
-2;1300;VEV_5300;49;26;;;;;51;10;;;;;50.0;0.0
-2;1300;VEV_5400;;;;;;;17;22;;;;;17.0;0.0
-2;1300;VEV_5500;5;26;;;;;6;19;;;;;5.5;0.0
-2;1300;VEV_6000;0;20;;;;;1;20;;;;;0.5;0.0
-2;1300;VEV_6500;0;12;;;;;1;12;;;;;0.5;0.0
-2;1400;ASH_COATED_OSMIUM;9993;10;9990;26;;;10009;10;10011;26;;;10001.0;0.0
-2;1400;HYDROGEL_PACK;9993;12;9990;22;;;10009;12;10011;22;;;10001.0;0.0
-2;1400;INTARIAN_PEPPER_ROOT;12991;24;;;;;13012;24;;;;;13001.5;0.0
-2;1400;VELVETFRUIT_EXTRACT;5263;42;5263;20;;;5268;20;5269;32;;;5265.5;0.0
-2;1400;VEV_4000;1257;11;1255;23;;;1278;11;1281;23;;;1267.5;0.0
-2;1400;VEV_4500;752;19;;;;;771;6;772;19;;;761.5;0.0
-2;1400;VEV_5000;266;33;;;;;272;33;273;20;;;269.0;0.0
-2;1400;VEV_5100;175;23;;;;;179;12;180;14;;;177.0;0.0
-2;1400;VEV_5200;100;32;;;;;103;23;;;;;101.5;0.0
-2;1400;VEV_5300;49;22;;;;;51;24;;;;;50.0;0.0
-2;1400;VEV_5400;15;24;;;;;;;;;;;15.0;0.0
-2;1400;VEV_5500;5;25;;;;;7;18;;;;;6.0;0.0
-2;1400;VEV_6000;0;26;;;;;1;26;;;;;0.5;0.0
-2;1400;VEV_6500;0;11;;;;;1;11;;;;;0.5;0.0
-2;1500;ASH_COATED_OSMIUM;9993;10;9991;28;;;10012;28;;;;;10002.5;0.0
-2;1500;HYDROGEL_PACK;9991;11;9989;21;;;10007;11;10010;21;;;9999.0;0.0
-2;1500;INTARIAN_PEPPER_ROOT;12994;11;12991;25;;;13009;11;13012;25;;;13001.5;0.0
-2;1500;VELVETFRUIT_EXTRACT;5263;48;;;;;5269;49;;;;;5266.0;0.0
-2;1500;VEV_4000;1256;11;1253;19;;;1277;11;1279;19;;;1266.5;0.0
-2;1500;VEV_4500;754;12;753;10;752;22;770;12;771;23;772;22;762.0;0.0
-2;1500;VEV_5000;266;6;;;;;272;9;273;29;;;269.0;0.0
-2;1500;VEV_5100;177;26;176;21;;;181;33;182;16;;;179.0;0.0
-2;1500;VEV_5200;102;25;101;16;;;105;20;;;;;103.5;0.0
-2;1500;VEV_5300;48;22;;;;;50;26;;;;;49.0;0.0
-2;1500;VEV_5400;16;19;16;10;;;18;21;;;;;17.0;0.0
-2;1500;VEV_5500;5;20;;;;;7;23;;;;;6.0;0.0
-2;1500;VEV_6000;0;25;;;;;1;25;;;;;0.5;0.0
-2;1500;VEV_6500;0;18;;;;;1;18;;;;;0.5;0.0
-2;1600;ASH_COATED_OSMIUM;9993;14;9990;23;;;10009;14;10011;23;;;10001.0;0.0
-2;1600;HYDROGEL_PACK;9990;12;9987;28;;;10006;12;10008;28;;;9998.0;0.0
-2;1600;INTARIAN_PEPPER_ROOT;12991;23;;;;;13009;9;;;;;13000.0;0.0
-2;1600;VELVETFRUIT_EXTRACT;5264;22;5263;34;;;5269;40;;;;;5266.5;0.0
-2;1600;VEV_4000;1256;8;1254;27;;;1278;8;1280;27;;;1267.0;0.0
-2;1600;VEV_4500;754;7;752;21;;;770;7;773;21;;;762.0;0.0
-2;1600;VEV_5000;267;8;266;31;;;273;7;274;15;;;270.0;0.0
-2;1600;VEV_5100;177;7;176;18;;;181;9;;;;;179.0;0.0
-2;1600;VEV_5200;102;18;;;;;105;10;;;;;103.5;0.0
-2;1600;VEV_5300;49;24;;;;;51;19;52;15;;;50.0;0.0
-2;1600;VEV_5400;16;23;;;;;18;23;;;;;17.0;0.0
-2;1600;VEV_5500;6;17;;;;;7;22;;;;;6.5;0.0
-2;1600;VEV_6000;0;23;;;;;1;23;;;;;0.5;0.0
-2;1600;VEV_6500;0;20;;;;;1;20;;;;;0.5;0.0
-2;1700;ASH_COATED_OSMIUM;9993;14;9991;28;;;10009;14;10012;28;;;10001.0;0.0
-2;1700;HYDROGEL_PACK;9992;10;9989;26;;;10008;10;10010;26;;;10000.0;0.0
-2;1700;INTARIAN_PEPPER_ROOT;12995;11;12991;20;;;13009;11;13012;20;;;13002.0;0.0
-2;1700;VELVETFRUIT_EXTRACT;5265;22;;;;;5271;62;;;;;5268.0;0.0
-2;1700;VEV_4000;1256;9;1254;24;;;1277;9;1280;24;;;1266.5;0.0
-2;1700;VEV_4500;754;8;752;15;;;770;8;772;15;;;762.0;0.0
-2;1700;VEV_5000;268;32;267;12;;;274;8;;;;;271.0;0.0
-2;1700;VEV_5100;178;28;177;17;;;182;33;183;19;;;180.0;0.0
-2;1700;VEV_5200;104;27;103;19;;;106;9;107;15;;;105.0;0.0
-2;1700;VEV_5300;49;9;;;;;51;21;52;22;;;50.0;0.0
-2;1700;VEV_5400;;;;;;;17;16;;;;;17.0;0.0
-2;1700;VEV_5500;6;21;;;;;7;24;;;;;6.5;0.0
-2;1700;VEV_6000;0;21;;;;;1;21;;;;;0.5;0.0
-2;1700;VEV_6500;0;19;;;;;1;19;;;;;0.5;0.0
-2;1800;ASH_COATED_OSMIUM;9994;15;9992;25;;;10010;15;10013;25;;;10002.0;0.0
-2;1800;HYDROGEL_PACK;9989;12;9987;25;;;10005;12;10008;25;;;9997.0;0.0
-2;1800;INTARIAN_PEPPER_ROOT;12995;8;12992;20;;;13012;20;;;;;13003.5;0.0
-2;1800;VELVETFRUIT_EXTRACT;5266;66;;;;;5272;36;;;;;5269.0;0.0
-2;1800;VEV_4000;1256;10;1254;19;;;1278;10;1280;19;;;1267.0;0.0
-2;1800;VEV_4500;751;13;;;;;769;6;770;22;771;13;760.0;0.0
-2;1800;VEV_5000;268;10;267;23;;;274;7;275;18;;;271.0;0.0
-2;1800;VEV_5100;177;11;176;16;;;181;12;182;20;;;179.0;0.0
-2;1800;VEV_5200;103;25;;;;;107;27;;;;;105.0;0.0
-2;1800;VEV_5300;50;27;;;;;52;25;53;25;;;51.0;0.0
-2;1800;VEV_5400;15;22;;;;;16;25;17;23;;;15.5;0.0
-2;1800;VEV_5500;6;20;;;;;7;26;;;;;6.5;0.0
-2;1800;VEV_6000;0;24;;;;;1;24;;;;;0.5;0.0
-2;1800;VEV_6500;0;14;;;;;1;14;;;;;0.5;0.0
-2;1900;ASH_COATED_OSMIUM;9994;15;9991;29;;;10010;15;10012;29;;;10002.0;0.0
-2;1900;HYDROGEL_PACK;9993;15;9991;28;;;10009;15;10012;28;;;10001.0;0.0
-2;1900;INTARIAN_PEPPER_ROOT;12992;25;;;;;13009;12;13012;25;;;13000.5;0.0
-2;1900;VELVETFRUIT_EXTRACT;5265;65;;;;;5271;53;;;;;5268.0;0.0
-2;1900;VEV_4000;1256;7;1253;15;;;1277;7;1279;15;;;1266.5;0.0
-2;1900;VEV_4500;753;12;752;8;751;21;769;12;770;7;771;21;761.0;0.0
-2;1900;VEV_5000;268;8;267;13;;;274;8;275;13;;;271.0;0.0
-2;1900;VEV_5100;177;35;176;20;;;181;26;;;;;179.0;0.0
-2;1900;VEV_5200;104;29;;;;;106;31;107;30;;;105.0;0.0
-2;1900;VEV_5300;49;23;;;;;51;6;;;;;50.0;0.0
-2;1900;VEV_5400;16;19;;;;;;;;;;;16.0;0.0
-2;1900;VEV_5500;6;23;;;;;7;24;;;;;6.5;0.0
-2;1900;VEV_6000;0;22;;;;;1;22;;;;;0.5;0.0
-2;1900;VEV_6500;0;18;;;;;1;18;;;;;0.5;0.0
-2;2000;ASH_COATED_OSMIUM;9994;10;9992;20;;;10010;10;10013;20;;;10002.0;0.0
-2;2000;HYDROGEL_PACK;9995;14;9993;20;;;10011;14;10014;20;;;10003.0;0.0
-2;2000;INTARIAN_PEPPER_ROOT;12995;11;12992;17;;;13009;11;13012;17;;;13002.0;0.0
-2;2000;VELVETFRUIT_EXTRACT;5267;16;5266;50;;;5272;30;;;;;5269.5;0.0
-2;2000;VEV_4000;1255;7;1252;26;;;1276;7;1279;26;;;1265.5;0.0
-2;2000;VEV_4500;751;18;;;;;769;9;;;;;760.0;0.0
-2;2000;VEV_5000;268;9;267;23;;;274;27;;;;;271.0;0.0
-2;2000;VEV_5100;176;21;;;;;181;25;;;;;178.5;0.0
-2;2000;VEV_5200;103;21;;;;;106;34;;;;;104.5;0.0
-2;2000;VEV_5300;49;20;48;18;;;51;26;;;;;50.0;0.0
-2;2000;VEV_5400;16;8;15;22;;;16;18;17;17;;;16.0;0.0
-2;2000;VEV_5500;6;17;;;;;7;21;;;;;6.5;0.0
-2;2000;VEV_6000;0;24;;;;;1;24;;;;;0.5;0.0
-2;2000;VEV_6500;0;17;;;;;1;17;;;;;0.5;0.0
-2;2100;ASH_COATED_OSMIUM;9994;15;9991;26;;;10010;15;10012;26;;;10002.0;0.0
-2;2100;HYDROGEL_PACK;9997;14;9995;20;;;10013;14;10016;20;;;10005.0;0.0
-2;2100;INTARIAN_PEPPER_ROOT;12995;9;;;;;13012;15;;;;;13003.5;0.0
-2;2100;VELVETFRUIT_EXTRACT;5267;59;;;;;5273;49;5274;33;;;5270.0;0.0
-2;2100;VEV_4000;1254;8;1252;26;;;1275;8;1278;26;;;1264.5;0.0
-2;2100;VEV_4500;752;8;751;24;750;13;768;8;770;13;;;760.0;0.0
-2;2100;VEV_5000;269;8;268;13;;;275;10;;;;;272.0;0.0
-2;2100;VEV_5100;176;30;;;;;;;;;;;176.0;0.0
-2;2100;VEV_5200;105;24;104;27;;;108;21;;;;;106.5;0.0
-2;2100;VEV_5300;49;19;48;22;;;51;25;;;;;50.0;0.0
-2;2100;VEV_5400;;;;;;;16;21;17;23;;;16.0;0.0
-2;2100;VEV_5500;6;22;;;;;7;25;;;;;6.5;0.0
-2;2100;VEV_6000;0;24;;;;;1;24;;;;;0.5;0.0
-2;2100;VEV_6500;0;18;;;;;1;18;;;;;0.5;0.0
-2;2200;ASH_COATED_OSMIUM;9994;12;9992;30;;;10010;12;10013;30;;;10002.0;0.0
-2;2200;HYDROGEL_PACK;9996;11;9994;20;;;10012;11;10015;20;;;10004.0;0.0
-2;2200;INTARIAN_PEPPER_ROOT;12995;10;12992;18;;;13012;18;;;;;13003.5;0.0
-2;2200;VELVETFRUIT_EXTRACT;5268;30;5267;48;;;5274;15;;;;;5271.0;0.0
-2;2200;VEV_4000;1254;9;1252;18;;;1275;9;1278;18;;;1264.5;0.0
-2;2200;VEV_4500;751;22;;;;;769;11;771;22;;;760.0;0.0
-2;2200;VEV_5000;269;6;268;12;;;275;9;276;16;;;272.0;0.0
-2;2200;VEV_5100;177;12;176;23;;;182;14;;;;;179.5;0.0
-2;2200;VEV_5200;;;;;;;107;11;108;14;;;107.0;0.0
-2;2200;VEV_5300;50;19;;;;;52;23;53;21;;;51.0;0.0
-2;2200;VEV_5400;16;22;15;23;;;;;;;;;16.0;0.0
-2;2200;VEV_5500;6;25;;;;;7;23;;;;;6.5;0.0
-2;2200;VEV_6000;0;25;;;;;1;25;;;;;0.5;0.0
-2;2200;VEV_6500;0;16;;;;;1;16;;;;;0.5;0.0
-2;2300;ASH_COATED_OSMIUM;9994;11;9991;24;;;10010;11;10012;24;;;10002.0;0.0
-2;2300;HYDROGEL_PACK;9994;15;9992;25;;;10010;15;10013;25;;;10002.0;0.0
-2;2300;INTARIAN_PEPPER_ROOT;;;;;;;13009;11;13013;18;;;13009.0;0.0
-2;2300;VELVETFRUIT_EXTRACT;5267;56;;;;;5273;17;;;;;5270.0;0.0
-2;2300;VEV_4000;1256;14;1253;15;;;1277;14;1280;15;;;1266.5;0.0
-2;2300;VEV_4500;753;12;751;22;;;769;12;771;22;;;761.0;0.0
-2;2300;VEV_5000;270;31;269;18;;;277;17;;;;;273.5;0.0
-2;2300;VEV_5100;176;15;;;;;181;28;182;19;;;178.5;0.0
-2;2300;VEV_5200;104;23;;;;;108;12;;;;;106.0;0.0
-2;2300;VEV_5300;50;28;49;20;;;52;22;53;18;;;51.0;0.0
-2;2300;VEV_5400;16;18;;;;;18;23;;;;;17.0;0.0
-2;2300;VEV_5500;6;21;;;;;7;20;;;;;6.5;0.0
-2;2300;VEV_6000;0;24;;;;;1;24;;;;;0.5;0.0
-2;2300;VEV_6500;0;17;;;;;1;17;;;;;0.5;0.0
-2;2400;ASH_COATED_OSMIUM;9994;14;9992;29;;;10010;14;10013;29;;;10002.0;0.0
-2;2400;HYDROGEL_PACK;9993;10;9990;29;;;10009;10;10011;29;;;10001.0;0.0
-2;2400;INTARIAN_PEPPER_ROOT;12995;9;12992;19;;;13009;9;13013;19;;;13002.0;0.0
-2;2400;VELVETFRUIT_EXTRACT;5265;61;;;;;5271;30;;;;;5268.0;0.0
-2;2400;VEV_4000;1255;7;1252;17;;;1276;7;1279;17;;;1265.5;0.0
-2;2400;VEV_4500;752;11;750;16;;;768;11;770;16;;;760.0;0.0
-2;2400;VEV_5000;270;8;269;14;;;276;7;277;21;;;273.0;0.0
-2;2400;VEV_5100;176;12;;;;;181;6;;;;;178.5;0.0
-2;2400;VEV_5200;;;;;;;108;14;;;;;108.0;0.0
-2;2400;VEV_5300;51;25;;;;;53;22;;;;;52.0;0.0
-2;2400;VEV_5400;16;29;16;20;;;18;19;;;;;17.0;0.0
-2;2400;VEV_5500;6;25;;;;;7;21;;;;;6.5;0.0
-2;2400;VEV_6000;0;21;;;;;1;21;;;;;0.5;0.0
-2;2400;VEV_6500;0;20;;;;;1;20;;;;;0.5;0.0
-2;2500;ASH_COATED_OSMIUM;9995;14;9992;23;;;10011;14;10013;23;;;10003.0;0.0
-2;2500;HYDROGEL_PACK;9996;15;9993;21;;;10012;15;10014;21;;;10004.0;0.0
-2;2500;INTARIAN_PEPPER_ROOT;12995;9;12992;16;;;13010;9;13013;16;;;13002.5;0.0
-2;2500;VELVETFRUIT_EXTRACT;5265;16;5264;62;;;5270;52;;;;;5267.5;0.0
-2;2500;VEV_4000;1257;11;1255;16;;;1279;11;1281;16;;;1268.0;0.0
-2;2500;VEV_4500;752;8;750;12;;;770;12;;;;;761.0;0.0
-2;2500;VEV_5000;270;6;;;;;276;12;277;20;;;273.0;0.0
-2;2500;VEV_5100;176;24;175;31;;;180;6;181;25;;;178.0;0.0
-2;2500;VEV_5200;104;28;;;;;108;22;;;;;106.0;0.0
-2;2500;VEV_5300;52;26;;;;;54;26;;;;;53.0;0.0
-2;2500;VEV_5400;;;;;;;18;21;;;;;18.0;0.0
-2;2500;VEV_5500;6;27;;;;;7;28;;;;;6.5;0.0
-2;2500;VEV_6000;0;21;;;;;1;21;;;;;0.5;0.0
-2;2500;VEV_6500;0;19;;;;;1;19;;;;;0.5;0.0
-2;2600;ASH_COATED_OSMIUM;9992;25;;;;;10013;25;;;;;10002.5;0.0
-2;2600;HYDROGEL_PACK;9995;29;;;;;10013;11;10016;29;;;10004.0;0.0
-2;2600;INTARIAN_PEPPER_ROOT;12996;11;12992;22;;;13010;11;13013;22;;;13003.0;0.0
-2;2600;VELVETFRUIT_EXTRACT;5263;39;5263;47;;;5269;30;;;;;5266.0;0.0
-2;2600;VEV_4000;1256;12;1254;30;;;1278;12;1280;30;;;1267.0;0.0
-2;2600;VEV_4500;752;7;750;23;;;768;7;770;23;;;760.0;0.0
-2;2600;VEV_5000;269;20;;;;;;;;;;;269.0;0.0
-2;2600;VEV_5100;175;8;174;21;;;179;8;180;17;;;177.0;0.0
-2;2600;VEV_5200;105;9;104;34;;;108;26;;;;;106.5;0.0
-2;2600;VEV_5300;53;18;;;;;55;17;55;26;;;54.0;0.0
-2;2600;VEV_5400;16;21;16;21;;;18;15;;;;;17.0;0.0
-2;2600;VEV_5500;6;25;;;;;7;6;;;;;6.5;0.0
-2;2600;VEV_6000;0;20;;;;;1;20;;;;;0.5;0.0
-2;2600;VEV_6500;0;15;;;;;1;15;;;;;0.5;0.0
-2;2700;ASH_COATED_OSMIUM;9994;14;9992;21;;;10010;14;10013;21;;;10002.0;0.0
-2;2700;HYDROGEL_PACK;9995;12;9993;29;;;10011;12;10014;29;;;10003.0;0.0
-2;2700;INTARIAN_PEPPER_ROOT;12996;11;;;;;13013;21;;;;;13004.5;0.0
-2;2700;VELVETFRUIT_EXTRACT;5263;61;;;;;5269;47;;;;;5266.0;0.0
-2;2700;VEV_4000;1256;9;1253;17;;;1277;9;1280;17;;;1266.5;0.0
-2;2700;VEV_4500;752;12;751;8;750;19;768;12;770;19;;;760.0;0.0
-2;2700;VEV_5000;269;11;;;;;275;9;276;17;;;272.0;0.0
-2;2700;VEV_5100;174;7;173;28;;;178;8;179;18;;;176.0;0.0
-2;2700;VEV_5200;104;26;103;36;;;106;12;107;16;;;105.0;0.0
-2;2700;VEV_5300;;;;;;;54;6;55;20;;;54.0;0.0
-2;2700;VEV_5400;16;21;16;5;;;;;;;;;16.0;0.0
-2;2700;VEV_5500;6;23;;;;;7;25;;;;;6.5;0.0
-2;2700;VEV_6000;0;19;;;;;1;19;;;;;0.5;0.0
-2;2700;VEV_6500;0;17;;;;;1;17;;;;;0.5;0.0
-2;2800;ASH_COATED_OSMIUM;9995;10;;;;;10011;10;;;;;10003.0;0.0
-2;2800;HYDROGEL_PACK;9993;13;9990;22;;;10009;13;10011;22;;;10001.0;0.0
-2;2800;INTARIAN_PEPPER_ROOT;12996;12;12993;16;;;13010;12;13013;16;;;13003.0;0.0
-2;2800;VELVETFRUIT_EXTRACT;5263;54;;;;;5269;63;;;;;5266.0;0.0
-2;2800;VEV_4000;1255;13;1252;17;;;1276;13;1278;17;;;1265.5;0.0
-2;2800;VEV_4500;749;12;;;;;767;11;768;11;769;12;758.0;0.0
-2;2800;VEV_5000;269;8;268;13;;;275;11;276;19;;;272.0;0.0
-2;2800;VEV_5100;175;13;;;;;180;9;;;;;177.5;0.0
-2;2800;VEV_5200;103;30;102;31;;;;;;;;;103.0;0.0
-2;2800;VEV_5300;52;21;;;;;54;23;55;18;;;53.0;0.0
-2;2800;VEV_5400;16;21;;;;;18;24;;;;;17.0;0.0
-2;2800;VEV_5500;6;29;;;;;7;26;;;;;6.5;0.0
-2;2800;VEV_6000;0;27;;;;;1;27;;;;;0.5;0.0
-2;2800;VEV_6500;0;15;;;;;1;15;;;;;0.5;0.0
-2;2900;ASH_COATED_OSMIUM;9994;13;9992;25;;;10010;13;10013;25;;;10002.0;0.0
-2;2900;HYDROGEL_PACK;9996;11;9994;23;;;10012;11;10015;23;;;10004.0;0.0
-2;2900;INTARIAN_PEPPER_ROOT;12996;9;;;;;13010;9;13013;24;;;13003.0;0.0
-2;2900;VELVETFRUIT_EXTRACT;5265;17;5264;50;;;5269;17;5270;67;;;5267.0;0.0
-2;2900;VEV_4000;1256;13;1253;16;;;1277;13;1279;16;;;1266.5;0.0
-2;2900;VEV_4500;748;20;;;;;766;7;768;20;;;757.0;0.0
-2;2900;VEV_5000;268;7;267;22;;;274;11;275;18;;;271.0;0.0
-2;2900;VEV_5100;176;32;;;;;181;17;;;;;178.5;0.0
-2;2900;VEV_5200;;;;;;;105;27;106;27;;;105.0;0.0
-2;2900;VEV_5300;52;24;;;;;54;8;55;20;;;53.0;0.0
-2;2900;VEV_5400;16;17;;;;;18;21;;;;;17.0;0.0
-2;2900;VEV_5500;6;23;;;;;7;30;;;;;6.5;0.0
-2;2900;VEV_6000;0;27;;;;;1;27;;;;;0.5;0.0
-2;2900;VEV_6500;0;18;;;;;1;18;;;;;0.5;0.0
-2;3000;ASH_COATED_OSMIUM;9992;29;;;;;;;;;;;9992.0;0.0
-2;3000;HYDROGEL_PACK;9995;13;9992;23;;;10011;13;10013;23;;;10003.0;0.0
-2;3000;INTARIAN_PEPPER_ROOT;12996;9;12993;20;;;13010;9;13013;20;;;13003.0;0.0
-2;3000;VELVETFRUIT_EXTRACT;5264;68;;;;;5270;49;;;;;5267.0;0.0
-2;3000;VEV_4000;1257;11;1255;22;;;1278;11;1281;22;;;1267.5;0.0
-2;3000;VEV_4500;751;8;749;15;;;767;8;769;15;;;759.0;0.0
-2;3000;VEV_5000;269;8;;;;;275;8;;;;;272.0;0.0
-2;3000;VEV_5100;176;11;175;29;;;180;7;181;22;;;178.0;0.0
-2;3000;VEV_5200;104;34;103;29;;;106;12;107;14;;;105.0;0.0
-2;3000;VEV_5300;52;25;51;20;;;54;26;;;;;53.0;0.0
-2;3000;VEV_5400;15;25;;;;;17;25;;;;;16.0;0.0
-2;3000;VEV_5500;6;23;;;;;7;25;;;;;6.5;0.0
-2;3000;VEV_6000;0;19;;;;;1;19;;;;;0.5;0.0
-2;3000;VEV_6500;0;17;;;;;1;17;;;;;0.5;0.0
-2;3100;ASH_COATED_OSMIUM;9994;12;9992;23;;;10010;12;;;;;10002.0;0.0
-2;3100;HYDROGEL_PACK;9994;13;9991;28;;;10012;28;;;;;10003.0;0.0
-2;3100;INTARIAN_PEPPER_ROOT;12996;12;12993;23;;;13010;12;13013;23;;;13003.0;0.0
-2;3100;VELVETFRUIT_EXTRACT;5263;37;;;;;5269;50;;;;;5266.0;0.0
-2;3100;VEV_4000;1257;8;1254;24;;;1278;8;1281;24;;;1267.5;0.0
-2;3100;VEV_4500;751;11;749;12;;;767;11;769;12;;;759.0;0.0
-2;3100;VEV_5000;270;32;269;24;;;276;12;277;13;;;273.0;0.0
-2;3100;VEV_5100;176;30;;;;;180;8;181;21;;;178.0;0.0
-2;3100;VEV_5200;;;;;;;105;28;106;23;;;105.0;0.0
-2;3100;VEV_5300;51;22;;;;;53;25;;;;;52.0;0.0
-2;3100;VEV_5400;15;19;;;;;17;21;;;;;16.0;0.0
-2;3100;VEV_5500;6;21;;;;;7;16;;;;;6.5;0.0
-2;3100;VEV_6000;0;22;;;;;1;22;;;;;0.5;0.0
-2;3100;VEV_6500;0;15;;;;;1;15;;;;;0.5;0.0
-2;3200;ASH_COATED_OSMIUM;9994;11;9991;24;;;;;;;;;9994.0;0.0
-2;3200;HYDROGEL_PACK;9993;15;9991;24;;;10009;15;10012;24;;;10001.0;0.0
-2;3200;INTARIAN_PEPPER_ROOT;12996;9;12993;18;;;13010;9;13013;18;;;13003.0;0.0
-2;3200;VELVETFRUIT_EXTRACT;5263;38;5263;37;;;5269;63;;;;;5266.0;0.0
-2;3200;VEV_4000;1258;8;1256;23;;;1280;8;1282;23;;;1269.0;0.0
-2;3200;VEV_4500;750;10;748;12;;;766;10;768;12;;;758.0;0.0
-2;3200;VEV_5000;270;20;269;17;;;276;9;277;14;;;273.0;0.0
-2;3200;VEV_5100;176;23;;;;;181;8;182;18;;;178.5;0.0
-2;3200;VEV_5200;;;;;;;106;33;;;;;106.0;0.0
-2;3200;VEV_5300;51;26;;;;;53;18;;;;;52.0;0.0
-2;3200;VEV_5400;16;20;;;;;16;9;;;;;16.0;0.0
-2;3200;VEV_5500;6;22;;;;;7;26;;;;;6.5;0.0
-2;3200;VEV_6000;0;22;;;;;1;22;;;;;0.5;0.0
-2;3200;VEV_6500;0;15;;;;;1;15;;;;;0.5;0.0
-2;3300;ASH_COATED_OSMIUM;9994;11;9991;24;;;10010;11;10012;24;;;10002.0;0.0
-2;3300;HYDROGEL_PACK;9992;14;9989;22;;;10008;14;10010;22;;;10000.0;0.0
-2;3300;INTARIAN_PEPPER_ROOT;12996;11;;;;;13010;11;13014;16;;;13003.0;0.0
-2;3300;VELVETFRUIT_EXTRACT;5265;16;5264;68;;;5270;64;;;;;5267.5;0.0
-2;3300;VEV_4000;1259;14;1256;17;;;1280;14;1283;17;;;1269.5;0.0
-2;3300;VEV_4500;751;9;749;13;;;767;9;768;7;769;13;759.0;0.0
-2;3300;VEV_5000;269;8;268;28;;;275;11;;;;;272.0;0.0
-2;3300;VEV_5100;178;22;;;;;182;10;183;22;;;180.0;0.0
-2;3300;VEV_5200;;;;;;;107;21;;;;;107.0;0.0
-2;3300;VEV_5300;;;;;;;;;;;;;0.0;0.0
-2;3300;VEV_5400;16;6;;;;;;;;;;;16.0;0.0
-2;3300;VEV_5500;6;24;;;;;7;25;;;;;6.5;0.0
-2;3300;VEV_6000;0;19;;;;;1;19;;;;;0.5;0.0
-2;3300;VEV_6500;0;10;;;;;1;10;;;;;0.5;0.0
-2;3400;ASH_COATED_OSMIUM;9994;12;9992;20;;;10010;12;;;;;10002.0;0.0
-2;3400;HYDROGEL_PACK;9992;13;9989;29;;;10008;13;10010;29;;;10000.0;0.0
-2;3400;INTARIAN_PEPPER_ROOT;12996;11;;;;;13010;11;;;;;13003.0;0.0
-2;3400;VELVETFRUIT_EXTRACT;5265;21;5264;49;;;5270;53;;;;;5267.5;0.0
-2;3400;VEV_4000;1259;14;1256;24;;;1280;14;1283;24;;;1269.5;0.0
-2;3400;VEV_4500;750;8;748;18;;;766;8;768;18;;;758.0;0.0
-2;3400;VEV_5000;268;9;267;20;;;274;11;275;18;;;271.0;0.0
-2;3400;VEV_5100;178;22;177;18;;;182;27;;;;;180.0;0.0
-2;3400;VEV_5200;104;8;103;20;;;107;32;;;;;105.5;0.0
-2;3400;VEV_5300;52;28;51;12;;;54;25;55;22;;;53.0;0.0
-2;3400;VEV_5400;15;12;;;;;17;25;;;;;16.0;0.0
-2;3400;VEV_5500;6;23;;;;;7;25;;;;;6.5;0.0
-2;3400;VEV_6000;0;22;;;;;1;22;;;;;0.5;0.0
-2;3400;VEV_6500;0;16;;;;;1;16;;;;;0.5;0.0
-2;3500;ASH_COATED_OSMIUM;9994;14;9992;30;;;10010;14;10013;30;;;10002.0;0.0
-2;3500;HYDROGEL_PACK;9992;15;9989;27;;;10008;15;10010;27;;;10000.0;0.0
-2;3500;INTARIAN_PEPPER_ROOT;12996;11;12993;15;;;13011;11;13014;15;;;13003.5;0.0
-2;3500;VELVETFRUIT_EXTRACT;5264;19;5263;42;;;5268;19;5269;24;;;5266.0;0.0
-2;3500;VEV_4000;1257;8;1255;30;;;1279;8;1281;30;;;1268.0;0.0
-2;3500;VEV_4500;749;8;747;22;;;765;8;767;22;;;757.0;0.0
-2;3500;VEV_5000;268;10;267;14;;;274;7;275;17;;;271.0;0.0
-2;3500;VEV_5100;177;30;176;20;;;181;26;182;13;;;179.0;0.0
-2;3500;VEV_5200;103;11;102;22;;;;;;;;;103.0;0.0
-2;3500;VEV_5300;52;24;;;;;54;16;;;;;53.0;0.0
-2;3500;VEV_5400;15;21;;;;;17;19;;;;;16.0;0.0
-2;3500;VEV_5500;6;19;;;;;7;18;;;;;6.5;0.0
-2;3500;VEV_6000;0;20;;;;;1;20;;;;;0.5;0.0
-2;3500;VEV_6500;0;17;;;;;1;17;;;;;0.5;0.0
-2;3600;ASH_COATED_OSMIUM;9994;12;9991;28;;;10010;12;;;;;10002.0;0.0
-2;3600;HYDROGEL_PACK;9991;13;9988;27;;;10007;13;10009;27;;;9999.0;0.0
-2;3600;INTARIAN_PEPPER_ROOT;12997;9;12993;19;;;13014;19;;;;;13005.5;0.0
-2;3600;VELVETFRUIT_EXTRACT;5266;64;5266;20;;;5271;20;5272;41;;;5268.5;0.0
-2;3600;VEV_4000;1257;9;1254;30;;;1278;9;1281;30;;;1267.5;0.0
-2;3600;VEV_4500;747;10;745;17;;;765;17;;;;;756.0;0.0
-2;3600;VEV_5000;268;7;267;12;;;274;7;275;20;;;271.0;0.0
-2;3600;VEV_5100;177;10;176;23;;;181;8;182;23;;;179.0;0.0
-2;3600;VEV_5200;102;22;;;;;105;22;106;21;;;103.5;0.0
-2;3600;VEV_5300;52;21;51;21;;;54;20;;;;;53.0;0.0
-2;3600;VEV_5400;15;26;15;29;;;17;23;;;;;16.0;0.0
-2;3600;VEV_5500;6;18;;;;;7;22;;;;;6.5;0.0
-2;3600;VEV_6000;0;19;;;;;1;19;;;;;0.5;0.0
-2;3600;VEV_6500;0;15;;;;;1;15;;;;;0.5;0.0
-2;3700;ASH_COATED_OSMIUM;9995;11;9992;25;;;10011;11;10013;25;;;10003.0;0.0
-2;3700;HYDROGEL_PACK;9994;10;9991;29;;;10010;10;10012;29;;;10002.0;0.0
-2;3700;INTARIAN_PEPPER_ROOT;12997;9;12993;23;;;13011;9;13014;23;;;13004.0;0.0
-2;3700;VELVETFRUIT_EXTRACT;5266;15;5265;48;;;5271;22;;;;;5268.5;0.0
-2;3700;VEV_4000;1257;8;1254;23;;;1278;8;1281;23;;;1267.5;0.0
-2;3700;VEV_4500;747;9;745;21;;;763;9;764;21;;;755.0;0.0
-2;3700;VEV_5000;267;11;;;;;273;11;274;13;;;270.0;0.0
-2;3700;VEV_5100;178;29;;;;;182;27;183;20;;;180.0;0.0
-2;3700;VEV_5200;102;23;;;;;106;35;;;;;104.0;0.0
-2;3700;VEV_5300;52;21;;;;;54;8;55;13;;;53.0;0.0
-2;3700;VEV_5400;15;23;15;7;;;;;;;;;15.0;0.0
-2;3700;VEV_5500;6;27;;;;;7;21;;;;;6.5;0.0
-2;3700;VEV_6000;0;30;;;;;1;30;;;;;0.5;0.0
-2;3700;VEV_6500;0;14;;;;;1;14;;;;;0.5;0.0
-2;3800;ASH_COATED_OSMIUM;9995;10;;;;;10011;10;;;;;10003.0;0.0
-2;3800;HYDROGEL_PACK;9995;11;9993;24;;;10011;11;10014;24;;;10003.0;0.0
-2;3800;INTARIAN_PEPPER_ROOT;12997;10;;;;;13011;10;13014;21;;;13004.0;0.0
-2;3800;VELVETFRUIT_EXTRACT;5264;55;;;;;5270;67;;;;;5267.0;0.0
-2;3800;VEV_4000;1258;10;1255;27;;;1279;10;1282;27;;;1268.5;0.0
-2;3800;VEV_4500;744;8;743;20;;;761;8;;;;;752.5;0.0
-2;3800;VEV_5000;268;12;;;;;274;7;275;17;;;271.0;0.0
-2;3800;VEV_5100;177;8;;;;;181;11;182;27;;;179.0;0.0
-2;3800;VEV_5200;103;29;102;36;;;105;7;106;21;;;104.0;0.0
-2;3800;VEV_5300;52;22;51;18;;;54;22;;;;;53.0;0.0
-2;3800;VEV_5400;15;28;;;;;;;;;;;15.0;0.0
-2;3800;VEV_5500;6;25;;;;;7;21;;;;;6.5;0.0
-2;3800;VEV_6000;0;18;;;;;1;18;;;;;0.5;0.0
-2;3800;VEV_6500;0;11;;;;;1;11;;;;;0.5;0.0
-2;3900;ASH_COATED_OSMIUM;9992;26;;;;;10013;26;;;;;10002.5;0.0
-2;3900;HYDROGEL_PACK;9997;14;9994;30;;;10013;14;10016;30;;;10005.0;0.0
-2;3900;INTARIAN_PEPPER_ROOT;12997;12;12994;15;;;13011;12;;;;;13004.0;0.0
-2;3900;VELVETFRUIT_EXTRACT;5264;42;5264;25;;;5269;19;5270;67;;;5266.5;0.0
-2;3900;VEV_4000;1260;14;1257;26;;;1281;14;1284;26;;;1270.5;0.0
-2;3900;VEV_4500;745;11;743;17;;;761;11;763;17;;;753.0;0.0
-2;3900;VEV_5000;268;7;267;29;;;274;8;275;12;;;271.0;0.0
-2;3900;VEV_5100;178;7;;;;;182;25;183;35;;;180.0;0.0
-2;3900;VEV_5200;103;12;102;26;;;106;28;;;;;104.5;0.0
-2;3900;VEV_5300;;;;;;;53;23;;;;;53.0;0.0
-2;3900;VEV_5400;15;23;15;21;;;17;25;;;;;16.0;0.0
-2;3900;VEV_5500;6;15;;;;;7;21;;;;;6.5;0.0
-2;3900;VEV_6000;0;18;;;;;1;18;;;;;0.5;0.0
-2;3900;VEV_6500;0;25;;;;;1;25;;;;;0.5;0.0
-2;4000;ASH_COATED_OSMIUM;9992;23;;;;;10011;11;10013;23;;;10001.5;0.0
-2;4000;HYDROGEL_PACK;9998;10;9995;23;;;10014;10;10016;23;;;10006.0;0.0
-2;4000;INTARIAN_PEPPER_ROOT;12997;11;12994;17;;;13011;11;13014;17;;;13004.0;0.0
-2;4000;VELVETFRUIT_EXTRACT;5264;49;;;;;5270;61;;;;;5267.0;0.0
-2;4000;VEV_4000;1259;11;1256;28;;;1280;11;1283;28;;;1269.5;0.0
-2;4000;VEV_4500;747;10;745;15;;;763;10;764;6;765;15;755.0;0.0
-2;4000;VEV_5000;267;12;266;23;;;273;23;274;15;;;270.0;0.0
-2;4000;VEV_5100;178;20;177;24;;;182;31;183;21;;;180.0;0.0
-2;4000;VEV_5200;104;29;103;20;;;107;21;;;;;105.5;0.0
-2;4000;VEV_5300;52;21;;;;;54;26;;;;;53.0;0.0
-2;4000;VEV_5400;15;24;15;26;;;16;6;17;17;;;15.5;0.0
-2;4000;VEV_5500;6;19;;;;;7;26;;;;;6.5;0.0
-2;4000;VEV_6000;0;29;;;;;1;29;;;;;0.5;0.0
-2;4000;VEV_6500;0;13;;;;;1;13;;;;;0.5;0.0
-2;4100;ASH_COATED_OSMIUM;9995;13;9992;25;;;10011;13;10013;25;;;10003.0;0.0
-2;4100;HYDROGEL_PACK;9998;14;9995;29;;;10014;14;10016;29;;;10006.0;0.0
-2;4100;INTARIAN_PEPPER_ROOT;12997;12;12994;17;;;13011;12;13014;17;;;13004.0;0.0
-2;4100;VELVETFRUIT_EXTRACT;5266;62;5266;17;;;5272;48;;;;;5269.0;0.0
-2;4100;VEV_4000;1259;13;1256;19;;;1280;13;1282;19;;;1269.5;0.0
-2;4100;VEV_4500;746;11;744;16;;;762;11;764;16;;;754.0;0.0
-2;4100;VEV_5000;266;12;265;12;;;273;28;;;;;269.5;0.0
-2;4100;VEV_5100;178;31;177;24;;;182;33;183;21;;;180.0;0.0
-2;4100;VEV_5200;103;22;;;;;106;7;107;21;;;104.5;0.0
-2;4100;VEV_5300;51;6;;;;;53;19;;;;;52.0;0.0
-2;4100;VEV_5400;15;7;;;;;17;26;;;;;16.0;0.0
-2;4100;VEV_5500;5;23;;;;;7;29;;;;;6.0;0.0
-2;4100;VEV_6000;0;20;;;;;1;20;;;;;0.5;0.0
-2;4100;VEV_6500;0;18;;;;;1;18;;;;;0.5;0.0
-2;4200;ASH_COATED_OSMIUM;9995;12;;;;;10011;12;10013;27;;;10003.0;0.0
-2;4200;HYDROGEL_PACK;9998;13;9996;24;;;10014;13;10017;24;;;10006.0;0.0
-2;4200;INTARIAN_PEPPER_ROOT;12997;10;;;;;13011;10;13014;25;;;13004.0;0.0
-2;4200;VELVETFRUIT_EXTRACT;5266;22;5265;40;;;5271;46;;;;;5268.5;0.0
-2;4200;VEV_4000;1259;7;1257;29;;;1280;7;1283;29;;;1269.5;0.0
-2;4200;VEV_4500;748;11;746;13;;;764;11;766;13;;;756.0;0.0
-2;4200;VEV_5000;266;11;;;;;272;12;273;18;;;269.0;0.0
-2;4200;VEV_5100;177;7;;;;;181;32;;;;;179.0;0.0
-2;4200;VEV_5200;103;10;102;19;;;105;32;106;22;;;104.0;0.0
-2;4200;VEV_5300;;;;;;;54;24;54;16;;;54.0;0.0
-2;4200;VEV_5400;15;18;;;;;;;;;;;15.0;0.0
-2;4200;VEV_5500;5;28;;;;;7;19;;;;;6.0;0.0
-2;4200;VEV_6000;0;29;;;;;1;29;;;;;0.5;0.0
-2;4200;VEV_6500;0;21;;;;;1;21;;;;;0.5;0.0
-2;4300;ASH_COATED_OSMIUM;9995;13;9992;30;;;;;;;;;9995.0;0.0
-2;4300;HYDROGEL_PACK;10000;13;9997;25;;;10016;13;10018;25;;;10008.0;0.0
-2;4300;INTARIAN_PEPPER_ROOT;12997;9;12994;20;;;13011;9;13015;20;;;13004.0;0.0
-2;4300;VELVETFRUIT_EXTRACT;5265;37;;;;;5271;56;;;;;5268.0;0.0
-2;4300;VEV_4000;1259;8;1257;23;;;1281;8;1283;23;;;1270.0;0.0
-2;4300;VEV_4500;747;8;745;22;;;765;22;;;;;756.0;0.0
-2;4300;VEV_5000;267;6;;;;;274;22;;;;;270.5;0.0
-2;4300;VEV_5100;177;8;176;19;;;181;6;182;27;;;179.0;0.0
-2;4300;VEV_5200;103;26;;;;;106;22;107;27;;;104.5;0.0
-2;4300;VEV_5300;52;25;;;;;54;19;;;;;53.0;0.0
-2;4300;VEV_5400;15;22;;;;;16;23;;;;;15.5;0.0
-2;4300;VEV_5500;5;26;;;;;6;27;;;;;5.5;0.0
-2;4300;VEV_6000;0;19;;;;;1;19;;;;;0.5;0.0
-2;4300;VEV_6500;0;20;;;;;1;20;;;;;0.5;0.0
-2;4400;ASH_COATED_OSMIUM;9992;20;;;;;10013;20;;;;;10002.5;0.0
-2;4400;HYDROGEL_PACK;10002;13;9999;26;;;10018;13;10020;26;;;10010.0;0.0
-2;4400;INTARIAN_PEPPER_ROOT;12997;12;12994;25;;;13011;12;13015;25;;;13004.0;0.0
-2;4400;VELVETFRUIT_EXTRACT;5266;45;5266;15;;;5272;35;5272;66;;;5269.0;0.0
-2;4400;VEV_4000;1260;15;1257;20;;;1281;15;1284;20;;;1270.5;0.0
-2;4400;VEV_4500;747;9;746;10;745;17;763;9;764;17;;;755.0;0.0
-2;4400;VEV_5000;266;14;;;;;273;7;274;21;;;269.5;0.0
-2;4400;VEV_5100;179;36;178;20;;;183;12;;;;;181.0;0.0
-2;4400;VEV_5200;104;8;103;31;;;106;23;107;15;;;105.0;0.0
-2;4400;VEV_5300;52;24;;;;;54;23;;;;;53.0;0.0
-2;4400;VEV_5400;15;24;;;;;17;25;;;;;16.0;0.0
-2;4400;VEV_5500;5;15;;;;;6;30;;;;;5.5;0.0
-2;4400;VEV_6000;0;26;;;;;1;26;;;;;0.5;0.0
-2;4400;VEV_6500;0;13;;;;;1;13;;;;;0.5;0.0
-2;4500;ASH_COATED_OSMIUM;10004;4;9994;11;9992;26;10010;11;10013;26;;;10007.0;0.0
-2;4500;HYDROGEL_PACK;10000;15;9997;24;;;10016;15;10018;24;;;10008.0;0.0
-2;4500;INTARIAN_PEPPER_ROOT;12997;11;12994;15;;;13012;11;13015;15;;;13004.5;0.0
-2;4500;VELVETFRUIT_EXTRACT;5266;16;5265;41;5265;50;5271;30;5272;41;;;5268.5;0.0
-2;4500;VEV_4000;1260;12;1257;26;;;1281;12;1284;26;;;1270.5;0.0
-2;4500;VEV_4500;747;7;745;13;;;764;13;;;;;755.5;0.0
-2;4500;VEV_5000;267;7;;;;;273;8;274;12;;;270.0;0.0
-2;4500;VEV_5100;177;17;;;;;182;25;183;27;;;179.5;0.0
-2;4500;VEV_5200;104;11;103;13;;;107;21;;;;;105.5;0.0
-2;4500;VEV_5300;52;26;51;26;;;54;20;54;21;;;53.0;0.0
-2;4500;VEV_5400;16;19;;;;;18;30;;;;;17.0;0.0
-2;4500;VEV_5500;5;25;;;;;6;24;;;;;5.5;0.0
-2;4500;VEV_6000;0;23;;;;;1;23;;;;;0.5;0.0
-2;4500;VEV_6500;0;17;;;;;1;17;;;;;0.5;0.0
-2;4600;ASH_COATED_OSMIUM;9995;15;9992;22;;;10011;15;10013;22;;;10003.0;0.0
-2;4600;HYDROGEL_PACK;9998;15;9996;29;;;10014;15;10017;29;;;10006.0;0.0
-2;4600;INTARIAN_PEPPER_ROOT;12998;9;12994;19;;;13012;9;13015;19;;;13005.0;0.0
-2;4600;VELVETFRUIT_EXTRACT;5265;53;;;;;5271;53;;;;;5268.0;0.0
-2;4600;VEV_4000;1259;10;1256;23;;;1280;10;1283;23;;;1269.5;0.0
-2;4600;VEV_4500;747;7;745;13;;;763;7;765;13;;;755.0;0.0
-2;4600;VEV_5000;;;;;;;273;11;274;21;;;273.0;0.0
-2;4600;VEV_5100;179;12;178;27;;;183;11;;;;;181.0;0.0
-2;4600;VEV_5200;103;25;;;;;106;31;;;;;104.5;0.0
-2;4600;VEV_5300;52;27;;;;;54;25;;;;;53.0;0.0
-2;4600;VEV_5400;16;28;16;18;;;18;26;;;;;17.0;0.0
-2;4600;VEV_5500;5;22;;;;;6;20;;;;;5.5;0.0
-2;4600;VEV_6000;0;19;;;;;1;19;;;;;0.5;0.0
-2;4600;VEV_6500;0;18;;;;;1;18;;;;;0.5;0.0
-2;4700;ASH_COATED_OSMIUM;9995;13;9992;20;;;10011;13;10013;20;;;10003.0;0.0
-2;4700;HYDROGEL_PACK;9997;12;9994;29;;;10013;12;10015;29;;;10005.0;0.0
-2;4700;INTARIAN_PEPPER_ROOT;12998;8;12994;21;;;13012;8;13015;21;;;13005.0;0.0
-2;4700;VELVETFRUIT_EXTRACT;5265;33;;;;;5271;67;5272;43;;;5268.0;0.0
-2;4700;VEV_4000;1259;11;1256;28;;;1280;11;1283;28;;;1269.5;0.0
-2;4700;VEV_4500;747;10;745;17;;;763;10;764;8;765;17;755.0;0.0
-2;4700;VEV_5000;267;10;266;24;;;273;6;;;;;270.0;0.0
-2;4700;VEV_5100;180;6;179;20;;;184;31;185;14;;;182.0;0.0
-2;4700;VEV_5200;103;18;;;;;106;25;107;36;;;104.5;0.0
-2;4700;VEV_5300;51;22;50;12;;;53;22;;;;;52.0;0.0
-2;4700;VEV_5400;17;29;16;24;;;18;26;;;;;17.5;0.0
-2;4700;VEV_5500;5;17;;;;;6;26;;;;;5.5;0.0
-2;4700;VEV_6000;0;24;;;;;1;24;;;;;0.5;0.0
-2;4700;VEV_6500;0;12;;;;;1;12;;;;;0.5;0.0
-2;4800;ASH_COATED_OSMIUM;9995;13;9993;24;;;10011;13;10014;24;;;10003.0;0.0
-2;4800;HYDROGEL_PACK;9994;10;9991;20;;;10010;10;10012;20;;;10002.0;0.0
-2;4800;INTARIAN_PEPPER_ROOT;12998;12;12995;16;;;13012;12;;;;;13005.0;0.0
-2;4800;VELVETFRUIT_EXTRACT;5265;20;5264;33;5264;70;5269;20;5270;58;;;5267.0;0.0
-2;4800;VEV_4000;1260;12;1257;17;;;1281;12;1283;17;;;1270.5;0.0
-2;4800;VEV_4500;745;12;744;22;743;22;761;12;763;22;;;753.0;0.0
-2;4800;VEV_5000;267;9;266;30;;;;;;;;;267.0;0.0
-2;4800;VEV_5100;180;11;179;27;;;184;8;185;19;;;182.0;0.0
-2;4800;VEV_5200;103;25;102;27;;;105;7;;;;;104.0;0.0
-2;4800;VEV_5300;51;30;50;27;;;54;12;;;;;52.5;0.0
-2;4800;VEV_5400;;;;;;;18;21;;;;;18.0;0.0
-2;4800;VEV_5500;5;22;;;;;6;19;;;;;5.5;0.0
-2;4800;VEV_6000;0;26;;;;;1;26;;;;;0.5;0.0
-2;4800;VEV_6500;0;18;;;;;1;18;;;;;0.5;0.0
-2;4900;ASH_COATED_OSMIUM;9995;15;9992;20;;;10011;15;10013;20;;;10003.0;0.0
-2;4900;HYDROGEL_PACK;9993;12;9990;20;;;10009;12;10011;20;;;10001.0;0.0
-2;4900;INTARIAN_PEPPER_ROOT;12998;8;12995;22;;;13012;8;;;;;13005.0;0.0
-2;4900;VELVETFRUIT_EXTRACT;5265;38;;;;;5270;23;5271;35;;;5267.5;0.0
-2;4900;VEV_4000;1259;13;1256;16;;;1280;13;1283;16;;;1269.5;0.0
-2;4900;VEV_4500;745;12;743;13;;;761;12;762;10;763;13;753.0;0.0
-2;4900;VEV_5000;267;8;266;19;;;273;11;274;32;;;270.0;0.0
-2;4900;VEV_5100;182;6;181;17;;;186;11;;;;;184.0;0.0
-2;4900;VEV_5200;103;28;102;27;;;105;9;106;16;;;104.0;0.0
-2;4900;VEV_5300;52;20;;;;;54;22;;;;;53.0;0.0
-2;4900;VEV_5400;16;25;;;;;18;29;;;;;17.0;0.0
-2;4900;VEV_5500;5;26;;;;;7;23;;;;;6.0;0.0
-2;4900;VEV_6000;0;18;;;;;1;18;;;;;0.5;0.0
-2;4900;VEV_6500;0;16;;;;;1;16;;;;;0.5;0.0
-2;5000;ASH_COATED_OSMIUM;9995;13;9992;21;;;10011;13;10013;21;;;10003.0;0.0
-2;5000;HYDROGEL_PACK;9992;14;9989;24;;;10008;14;10010;24;;;10000.0;0.0
-2;5000;INTARIAN_PEPPER_ROOT;12998;9;;;;;;;;;;;12998.0;0.0
-2;5000;VELVETFRUIT_EXTRACT;5264;37;5264;39;;;5270;20;;;;;5267.0;0.0
-2;5000;VEV_4000;1258;7;1255;21;;;1279;7;1282;21;;;1268.5;0.0
-2;5000;VEV_4500;745;12;;;;;761;12;763;22;;;753.0;0.0
-2;5000;VEV_5000;267;17;;;;;274;21;275;22;;;270.5;0.0
-2;5000;VEV_5100;183;31;182;21;;;187;11;188;22;;;185.0;0.0
-2;5000;VEV_5200;103;33;;;;;106;19;;;;;104.5;0.0
-2;5000;VEV_5300;52;22;51;16;;;54;26;;;;;53.0;0.0
-2;5000;VEV_5400;17;21;16;21;;;18;29;;;;;17.5;0.0
-2;5000;VEV_5500;5;20;;;;;7;18;;;;;6.0;0.0
-2;5000;VEV_6000;0;20;;;;;1;20;;;;;0.5;0.0
-2;5000;VEV_6500;0;11;;;;;1;11;;;;;0.5;0.0
-2;5100;ASH_COATED_OSMIUM;9995;11;9992;22;;;10013;22;;;;;10004.0;0.0
-2;5100;HYDROGEL_PACK;9990;12;9987;30;;;10006;12;10008;30;;;9998.0;0.0
-2;5100;INTARIAN_PEPPER_ROOT;12998;12;12995;22;;;13015;22;;;;;13006.5;0.0
-2;5100;VELVETFRUIT_EXTRACT;5267;25;5266;54;;;5271;25;5272;33;;;5269.0;0.0
-2;5100;VEV_4000;1257;12;1254;19;;;1278;12;1281;19;;;1267.5;0.0
-2;5100;VEV_4500;745;6;743;14;;;761;6;762;14;;;753.0;0.0
-2;5100;VEV_5000;266;27;265;14;;;272;12;;;;;269.0;0.0
-2;5100;VEV_5100;183;31;182;15;;;187;7;188;22;;;185.0;0.0
-2;5100;VEV_5200;103;9;102;20;;;;;;;;;103.0;0.0
-2;5100;VEV_5300;52;22;;;;;;;;;;;52.0;0.0
-2;5100;VEV_5400;;;;;;;18;22;;;;;18.0;0.0
-2;5100;VEV_5500;5;21;;;;;6;27;;;;;5.5;0.0
-2;5100;VEV_6000;0;26;;;;;1;26;;;;;0.5;0.0
-2;5100;VEV_6500;0;18;;;;;1;18;;;;;0.5;0.0
-2;5200;ASH_COATED_OSMIUM;9993;23;;;;;10011;15;10014;23;;;10002.0;0.0
-2;5200;HYDROGEL_PACK;9988;12;9985;26;;;10004;12;10006;26;;;9996.0;0.0
-2;5200;INTARIAN_PEPPER_ROOT;12998;9;12995;25;;;13015;25;;;;;13006.5;0.0
-2;5200;VELVETFRUIT_EXTRACT;5266;61;;;;;5272;33;;;;;5269.0;0.0
-2;5200;VEV_4000;1255;11;1253;30;;;1277;11;1279;30;;;1266.0;0.0
-2;5200;VEV_4500;744;8;742;13;;;760;8;762;13;;;752.0;0.0
-2;5200;VEV_5000;266;8;265;20;;;273;24;;;;;269.5;0.0
-2;5200;VEV_5100;182;15;;;;;187;8;188;22;;;184.5;0.0
-2;5200;VEV_5200;;;;;;;105;24;106;29;;;105.0;0.0
-2;5200;VEV_5300;51;28;;;;;53;18;;;;;52.0;0.0
-2;5200;VEV_5400;16;29;;;;;18;24;;;;;17.0;0.0
-2;5200;VEV_5500;5;21;;;;;6;16;;;;;5.5;0.0
-2;5200;VEV_6000;0;25;;;;;1;25;;;;;0.5;0.0
-2;5200;VEV_6500;0;14;;;;;1;14;;;;;0.5;0.0
-2;5300;ASH_COATED_OSMIUM;10001;3;9993;26;;;10011;13;10014;26;;;10006.0;0.0
-2;5300;HYDROGEL_PACK;9988;12;9985;21;;;10004;12;10006;21;;;9996.0;0.0
-2;5300;INTARIAN_PEPPER_ROOT;12998;12;12995;21;;;13016;21;;;;;13007.0;0.0
-2;5300;VELVETFRUIT_EXTRACT;5266;15;5265;44;;;5271;70;5272;33;;;5268.5;0.0
-2;5300;VEV_4000;1254;9;1251;17;;;1275;9;1278;17;;;1264.5;0.0
-2;5300;VEV_4500;744;6;742;17;;;760;6;761;24;762;17;752.0;0.0
-2;5300;VEV_5000;264;26;263;25;;;270;12;271;26;;;267.0;0.0
-2;5300;VEV_5100;182;12;;;;;186;10;187;29;;;184.0;0.0
-2;5300;VEV_5200;102;29;;;;;105;28;106;23;;;103.5;0.0
-2;5300;VEV_5300;52;10;;;;;54;24;;;;;53.0;0.0
-2;5300;VEV_5400;;;;;;;18;21;;;;;18.0;0.0
-2;5300;VEV_5500;5;25;;;;;7;27;;;;;6.0;0.0
-2;5300;VEV_6000;0;18;;;;;1;18;;;;;0.5;0.0
-2;5300;VEV_6500;0;12;;;;;1;12;;;;;0.5;0.0
-2;5400;ASH_COATED_OSMIUM;9995;12;;;;;10011;12;10014;28;;;10003.0;0.0
-2;5400;HYDROGEL_PACK;9984;12;9981;29;;;10000;12;10002;29;;;9992.0;0.0
-2;5400;INTARIAN_PEPPER_ROOT;12995;20;;;;;13012;8;13016;20;;;13003.5;0.0
-2;5400;VELVETFRUIT_EXTRACT;5265;23;;;;;5271;46;;;;;5268.0;0.0
-2;5400;VEV_4000;1255;13;1252;20;;;1276;13;1278;20;;;1265.5;0.0
-2;5400;VEV_4500;744;8;742;17;;;760;8;762;17;;;752.0;0.0
-2;5400;VEV_5000;265;6;264;22;;;271;9;272;15;;;268.0;0.0
-2;5400;VEV_5100;183;6;182;22;;;;;;;;;183.0;0.0
-2;5400;VEV_5200;101;7;;;;;104;24;;;;;102.5;0.0
-2;5400;VEV_5300;51;29;;;;;53;6;;;;;52.0;0.0
-2;5400;VEV_5400;16;24;;;;;;;;;;;16.0;0.0
-2;5400;VEV_5500;5;20;;;;;7;20;;;;;6.0;0.0
-2;5400;VEV_6000;0;25;;;;;1;25;;;;;0.5;0.0
-2;5400;VEV_6500;0;15;;;;;1;15;;;;;0.5;0.0
-2;5500;ASH_COATED_OSMIUM;9995;13;9993;26;;;10011;13;10014;26;;;10003.0;0.0
-2;5500;HYDROGEL_PACK;9982;11;9980;23;;;9998;11;10001;23;;;9990.0;0.0
-2;5500;INTARIAN_PEPPER_ROOT;12998;8;12995;24;;;13016;24;;;;;13007.0;0.0
-2;5500;VELVETFRUIT_EXTRACT;5264;49;;;;;5270;68;;;;;5267.0;0.0
-2;5500;VEV_4000;1255;10;1252;16;;;1276;10;1279;16;;;1265.5;0.0
-2;5500;VEV_4500;745;11;744;6;743;14;761;11;763;14;;;753.0;0.0
-2;5500;VEV_5000;266;26;265;22;;;272;24;273;22;;;269.0;0.0
-2;5500;VEV_5100;181;12;180;16;;;185;11;186;22;;;183.0;0.0
-2;5500;VEV_5200;102;12;;;;;105;33;;;;;103.5;0.0
-2;5500;VEV_5300;51;22;;;;;53;23;;;;;52.0;0.0
-2;5500;VEV_5400;16;26;;;;;;;;;;;16.0;0.0
-2;5500;VEV_5500;5;21;;;;;6;26;;;;;5.5;0.0
-2;5500;VEV_6000;0;21;;;;;1;21;;;;;0.5;0.0
-2;5500;VEV_6500;0;17;;;;;1;17;;;;;0.5;0.0
-2;5600;ASH_COATED_OSMIUM;9995;13;9992;20;;;10011;13;;;;;10003.0;0.0
-2;5600;HYDROGEL_PACK;9982;12;9979;21;;;9998;12;10000;21;;;9990.0;0.0
-2;5600;INTARIAN_PEPPER_ROOT;12999;12;12995;25;;;13013;12;13016;25;;;13006.0;0.0
-2;5600;VELVETFRUIT_EXTRACT;5264;56;5263;39;;;5270;35;;;;;5267.0;0.0
-2;5600;VEV_4000;1256;15;1253;24;;;1277;15;1279;24;;;1266.5;0.0
-2;5600;VEV_4500;745;8;743;17;;;761;8;763;17;;;753.0;0.0
-2;5600;VEV_5000;266;15;;;;;273;7;274;36;;;269.5;0.0
-2;5600;VEV_5100;182;6;181;15;;;187;33;;;;;184.5;0.0
-2;5600;VEV_5200;101;24;100;20;;;104;34;;;;;102.5;0.0
-2;5600;VEV_5300;;;;;;;52;21;53;25;;;52.0;0.0
-2;5600;VEV_5400;16;9;;;;;17;21;18;29;;;16.5;0.0
-2;5600;VEV_5500;5;10;;;;;6;30;;;;;5.5;0.0
-2;5600;VEV_6000;0;19;;;;;1;19;;;;;0.5;0.0
-2;5600;VEV_6500;0;17;;;;;1;17;;;;;0.5;0.0
-2;5700;ASH_COATED_OSMIUM;9993;26;;;;;10014;26;;;;;10003.5;0.0
-2;5700;HYDROGEL_PACK;9982;13;9980;28;;;9998;13;10001;28;;;9990.0;0.0
-2;5700;INTARIAN_PEPPER_ROOT;12995;16;;;;;13013;10;13016;16;;;13004.0;0.0
-2;5700;VELVETFRUIT_EXTRACT;5263;44;;;;;5269;24;;;;;5266.0;0.0
-2;5700;VEV_4000;1255;10;1252;28;;;1276;10;1279;28;;;1265.5;0.0
-2;5700;VEV_4500;744;6;742;14;;;760;6;762;14;;;752.0;0.0
-2;5700;VEV_5000;265;19;;;;;273;14;;;;;269.0;0.0
-2;5700;VEV_5100;181;30;;;;;186;11;;;;;183.5;0.0
-2;5700;VEV_5200;100;11;;;;;102;24;103;27;;;101.0;0.0
-2;5700;VEV_5300;50;28;;;;;52;27;53;17;;;51.0;0.0
-2;5700;VEV_5400;;;;;;;18;21;;;;;18.0;0.0
-2;5700;VEV_5500;5;23;;;;;7;22;;;;;6.0;0.0
-2;5700;VEV_6000;0;22;;;;;1;22;;;;;0.5;0.0
-2;5700;VEV_6500;0;15;;;;;1;15;;;;;0.5;0.0
-2;5800;ASH_COATED_OSMIUM;9996;10;9993;21;;;10012;10;;;;;10004.0;0.0
-2;5800;HYDROGEL_PACK;9981;12;9979;22;;;9997;12;10000;22;;;9989.0;0.0
-2;5800;INTARIAN_PEPPER_ROOT;12999;12;12996;25;;;13013;12;13016;25;;;13006.0;0.0
-2;5800;VELVETFRUIT_EXTRACT;5264;17;5263;50;5263;71;5268;17;5269;54;;;5266.0;0.0
-2;5800;VEV_4000;1256;7;1254;25;;;1278;7;1280;25;;;1267.0;0.0
-2;5800;VEV_4500;743;8;741;14;;;759;8;761;14;;;751.0;0.0
-2;5800;VEV_5000;265;23;264;24;;;271;6;272;30;;;268.0;0.0
-2;5800;VEV_5100;183;32;182;35;;;;;;;;;183.0;0.0
-2;5800;VEV_5200;99;9;98;14;;;102;12;;;;;100.5;0.0
-2;5800;VEV_5300;51;22;;;;;53;20;54;17;;;52.0;0.0
-2;5800;VEV_5400;16;27;16;22;;;18;23;;;;;17.0;0.0
-2;5800;VEV_5500;5;30;;;;;7;19;;;;;6.0;0.0
-2;5800;VEV_6000;0;28;;;;;1;28;;;;;0.5;0.0
-2;5800;VEV_6500;0;16;;;;;1;16;;;;;0.5;0.0
-2;5900;ASH_COATED_OSMIUM;9996;13;9993;21;;;10012;13;10014;21;;;10004.0;0.0
-2;5900;HYDROGEL_PACK;9982;13;9980;30;;;9998;13;10001;30;;;9990.0;0.0
-2;5900;INTARIAN_PEPPER_ROOT;13003;12;12999;11;12996;25;13013;11;;;;;13008.0;0.0
-2;5900;VELVETFRUIT_EXTRACT;5263;33;5263;43;;;5268;21;5269;25;;;5265.5;0.0
-2;5900;VEV_4000;1258;9;1256;21;;;1280;9;1282;21;;;1269.0;0.0
-2;5900;VEV_4500;743;6;741;20;;;759;6;761;20;;;751.0;0.0
-2;5900;VEV_5000;267;8;266;31;;;273;29;;;;;270.0;0.0
-2;5900;VEV_5100;182;11;181;17;;;186;6;;;;;184.0;0.0
-2;5900;VEV_5200;99;24;;;;;102;32;103;22;;;100.5;0.0
-2;5900;VEV_5300;51;23;50;17;;;53;16;54;25;;;52.0;0.0
-2;5900;VEV_5400;16;20;;;;;17;28;;;;;16.5;0.0
-2;5900;VEV_5500;5;22;;;;;7;24;;;;;6.0;0.0
-2;5900;VEV_6000;0;20;;;;;1;20;;;;;0.5;0.0
-2;5900;VEV_6500;0;13;;;;;1;13;;;;;0.5;0.0
-2;6000;ASH_COATED_OSMIUM;9996;15;9993;26;;;10012;15;10014;26;;;10004.0;0.0
-2;6000;HYDROGEL_PACK;9981;12;9978;30;;;9997;12;9999;30;;;9989.0;0.0
-2;6000;INTARIAN_PEPPER_ROOT;12999;9;12996;19;;;13013;9;;;;;13006.0;0.0
-2;6000;VELVETFRUIT_EXTRACT;5265;17;5264;65;;;5270;37;;;;;5267.5;0.0
-2;6000;VEV_4000;1259;15;1256;16;;;1280;15;1283;16;;;1269.5;0.0
-2;6000;VEV_4500;743;7;;;;;759;7;761;22;;;751.0;0.0
-2;6000;VEV_5000;267;7;266;15;;;273;9;274;18;;;270.0;0.0
-2;6000;VEV_5100;181;7;180;23;;;185;21;186;21;;;183.0;0.0
-2;6000;VEV_5200;;;;;;;103;27;;;;;103.0;0.0
-2;6000;VEV_5300;;;;;;;53;24;;;;;53.0;0.0
-2;6000;VEV_5400;16;19;16;28;;;17;21;18;22;;;16.5;0.0
-2;6000;VEV_5500;5;23;;;;;6;24;;;;;5.5;0.0
-2;6000;VEV_6000;0;27;;;;;1;27;;;;;0.5;0.0
-2;6000;VEV_6500;0;24;;;;;1;24;;;;;0.5;0.0
-2;6100;ASH_COATED_OSMIUM;9995;13;;;;;10011;13;10014;30;;;10003.0;0.0
-2;6100;HYDROGEL_PACK;9983;11;9980;24;;;9999;11;10001;24;;;9991.0;0.0
-2;6100;INTARIAN_PEPPER_ROOT;12999;9;12996;18;;;13013;9;13016;18;;;13006.0;0.0
-2;6100;VELVETFRUIT_EXTRACT;5264;15;;;;;5270;47;;;;;5267.0;0.0
-2;6100;VEV_4000;1259;7;1256;27;;;1280;7;1283;27;;;1269.5;0.0
-2;6100;VEV_4500;744;10;742;17;;;760;10;762;17;;;752.0;0.0
-2;6100;VEV_5000;268;25;267;19;;;275;24;;;;;271.5;0.0
-2;6100;VEV_5100;181;31;;;;;185;7;186;17;;;183.0;0.0
-2;6100;VEV_5200;98;24;;;;;102;15;;;;;100.0;0.0
-2;6100;VEV_5300;51;27;;;;;53;5;;;;;52.0;0.0
-2;6100;VEV_5400;16;17;15;21;;;16;23;;;;;16.0;0.0
-2;6100;VEV_5500;5;12;;;;;6;25;;;;;5.5;0.0
-2;6100;VEV_6000;0;26;;;;;1;26;;;;;0.5;0.0
-2;6100;VEV_6500;0;13;;;;;1;13;;;;;0.5;0.0
-2;6200;ASH_COATED_OSMIUM;9995;10;9993;21;;;10011;10;;;;;10003.0;0.0
-2;6200;HYDROGEL_PACK;9981;13;9978;26;;;9997;13;9999;26;;;9989.0;0.0
-2;6200;INTARIAN_PEPPER_ROOT;12999;11;12996;25;;;13013;11;;;;;13006.0;0.0
-2;6200;VELVETFRUIT_EXTRACT;5265;66;5265;17;;;5271;58;;;;;5268.0;0.0
-2;6200;VEV_4000;1258;10;1255;16;;;1279;10;1282;16;;;1268.5;0.0
-2;6200;VEV_4500;743;11;741;21;;;759;11;761;21;;;751.0;0.0
-2;6200;VEV_5000;267;11;;;;;273;24;274;31;;;270.0;0.0
-2;6200;VEV_5100;178;15;;;;;183;11;184;19;;;180.5;0.0
-2;6200;VEV_5200;99;8;98;17;;;101;9;102;23;;;100.0;0.0
-2;6200;VEV_5300;50;27;49;17;;;52;23;53;17;;;51.0;0.0
-2;6200;VEV_5400;15;23;;;;;16;17;17;19;;;15.5;0.0
-2;6200;VEV_5500;5;19;;;;;7;17;;;;;6.0;0.0
-2;6200;VEV_6000;0;19;;;;;1;19;;;;;0.5;0.0
-2;6200;VEV_6500;0;15;;;;;1;15;;;;;0.5;0.0
-2;6300;ASH_COATED_OSMIUM;9995;13;;;;;10011;13;10014;29;;;10003.0;0.0
-2;6300;HYDROGEL_PACK;9982;11;9980;27;;;9998;11;10001;27;;;9990.0;0.0
-2;6300;INTARIAN_PEPPER_ROOT;12999;11;12996;15;;;13017;15;;;;;13008.0;0.0
-2;6300;VELVETFRUIT_EXTRACT;5264;15;5263;38;;;5269;44;;;;;5266.5;0.0
-2;6300;VEV_4000;1257;11;1255;23;;;1279;11;1281;23;;;1268.0;0.0
-2;6300;VEV_4500;742;11;;;;;758;11;760;19;;;750.0;0.0
-2;6300;VEV_5000;266;22;;;;;273;26;274;18;;;269.5;0.0
-2;6300;VEV_5100;179;10;178;26;;;183;11;;;;;181.0;0.0
-2;6300;VEV_5200;97;24;;;;;100;21;101;18;;;98.5;0.0
-2;6300;VEV_5300;50;25;;;;;52;25;53;16;;;51.0;0.0
-2;6300;VEV_5400;15;22;;;;;;;;;;;15.0;0.0
-2;6300;VEV_5500;5;20;;;;;7;19;;;;;6.0;0.0
-2;6300;VEV_6000;0;18;;;;;1;18;;;;;0.5;0.0
-2;6300;VEV_6500;0;11;;;;;1;11;;;;;0.5;0.0
-2;6400;ASH_COATED_OSMIUM;9992;29;;;;;10011;12;;;;;10001.5;0.0
-2;6400;HYDROGEL_PACK;9981;10;9979;23;;;9997;10;9999;23;;;9989.0;0.0
-2;6400;INTARIAN_PEPPER_ROOT;12999;11;12996;24;;;13002;4;13017;24;;;13000.5;0.0
-2;6400;VELVETFRUIT_EXTRACT;5261;41;;;;;5266;23;5267;66;;;5263.5;0.0
-2;6400;VEV_4000;1257;8;1254;16;;;1278;8;1280;16;;;1267.5;0.0
-2;6400;VEV_4500;741;12;739;18;;;758;6;759;18;;;749.5;0.0
-2;6400;VEV_5000;265;12;264;21;;;271;10;272;14;;;268.0;0.0
-2;6400;VEV_5100;179;29;178;12;;;183;10;184;27;;;181.0;0.0
-2;6400;VEV_5200;95;15;;;;;98;23;99;27;;;96.5;0.0
-2;6400;VEV_5300;50;21;;;;;52;9;53;10;;;51.0;0.0
-2;6400;VEV_5400;16;18;15;15;;;16;2;17;19;;;16.0;0.0
-2;6400;VEV_5500;5;20;;;;;7;25;;;;;6.0;0.0
-2;6400;VEV_6000;0;24;;;;;1;24;;;;;0.5;0.0
-2;6400;VEV_6500;0;18;;;;;1;18;;;;;0.5;0.0
-2;6500;ASH_COATED_OSMIUM;9995;10;;;;;10011;10;10013;21;;;10003.0;0.0
-2;6500;HYDROGEL_PACK;9977;15;9975;20;;;9993;15;9996;20;;;9985.0;0.0
-2;6500;INTARIAN_PEPPER_ROOT;12999;11;12996;23;;;13017;23;;;;;13008.0;0.0
-2;6500;VELVETFRUIT_EXTRACT;5258;59;;;;;5263;19;5264;33;;;5260.5;0.0
-2;6500;VEV_4000;1256;13;1253;18;;;1277;13;1280;18;;;1266.5;0.0
-2;6500;VEV_4500;742;8;741;11;740;18;758;8;760;18;;;750.0;0.0
-2;6500;VEV_5000;264;6;263;13;;;270;11;271;13;;;267.0;0.0
-2;6500;VEV_5100;179;32;178;25;;;183;6;184;24;;;181.0;0.0
-2;6500;VEV_5200;97;12;96;31;;;99;31;100;21;;;98.0;0.0
-2;6500;VEV_5300;50;25;;;;;52;17;;;;;51.0;0.0
-2;6500;VEV_5400;;;;;;;;;;;;;0.0;0.0
-2;6500;VEV_5500;6;18;;;;;7;20;;;;;6.5;0.0
-2;6500;VEV_6000;0;28;;;;;1;28;;;;;0.5;0.0
-2;6500;VEV_6500;0;19;;;;;1;19;;;;;0.5;0.0
-2;6600;ASH_COATED_OSMIUM;9992;26;;;;;10011;14;10013;26;;;10001.5;0.0
-2;6600;HYDROGEL_PACK;9977;13;9974;21;;;9993;13;9995;21;;;9985.0;0.0
-2;6600;INTARIAN_PEPPER_ROOT;13000;10;;;;;13014;10;13017;22;;;13007.0;0.0
-2;6600;VELVETFRUIT_EXTRACT;5259;19;5258;54;;;5264;36;;;;;5261.5;0.0
-2;6600;VEV_4000;1256;7;1253;25;;;1277;7;1280;25;;;1266.5;0.0
-2;6600;VEV_4500;742;9;740;13;;;758;9;760;13;;;750.0;0.0
-2;6600;VEV_5000;263;6;262;26;;;269;8;270;24;;;266.0;0.0
-2;6600;VEV_5100;180;7;;;;;185;15;;;;;182.5;0.0
-2;6600;VEV_5200;96;19;;;;;99;18;;;;;97.5;0.0
-2;6600;VEV_5300;51;9;50;16;;;53;26;53;9;;;52.0;0.0
-2;6600;VEV_5400;15;25;;;;;17;17;;;;;16.0;0.0
-2;6600;VEV_5500;6;10;;;;;7;30;;;;;6.5;0.0
-2;6600;VEV_6000;0;24;;;;;1;24;;;;;0.5;0.0
-2;6600;VEV_6500;0;14;;;;;1;14;;;;;0.5;0.0
-2;6700;ASH_COATED_OSMIUM;9995;12;9993;25;;;10011;12;10014;25;;;10003.0;0.0
-2;6700;HYDROGEL_PACK;9978;15;9975;30;;;9994;15;9996;30;;;9986.0;0.0
-2;6700;INTARIAN_PEPPER_ROOT;13000;10;;;;;;;;;;;13000.0;0.0
-2;6700;VELVETFRUIT_EXTRACT;5256;15;5255;53;;;5261;48;;;;;5258.5;0.0
-2;6700;VEV_4000;1256;13;1254;21;;;1278;13;1280;21;;;1267.0;0.0
-2;6700;VEV_4500;743;8;741;15;;;759;8;761;15;;;751.0;0.0
-2;6700;VEV_5000;264;27;263;19;;;270;10;271;12;;;267.0;0.0
-2;6700;VEV_5100;;;;;;;184;19;;;;;184.0;0.0
-2;6700;VEV_5200;;;;;;;100;22;;;;;100.0;0.0
-2;6700;VEV_5300;51;29;;;;;53;29;;;;;52.0;0.0
-2;6700;VEV_5400;16;17;;;;;18;17;;;;;17.0;0.0
-2;6700;VEV_5500;5;30;;;;;7;23;;;;;6.0;0.0
-2;6700;VEV_6000;0;17;;;;;1;17;;;;;0.5;0.0
-2;6700;VEV_6500;0;15;;;;;;;;;;;0.0;0.0
-2;6800;ASH_COATED_OSMIUM;9995;11;9992;28;;;10011;11;10013;28;;;10003.0;0.0
-2;6800;HYDROGEL_PACK;9978;12;9976;29;;;9994;12;9997;29;;;9986.0;0.0
-2;6800;INTARIAN_PEPPER_ROOT;13000;9;;;;;13014;9;13017;23;;;13007.0;0.0
-2;6800;VELVETFRUIT_EXTRACT;5256;32;;;;;5262;23;;;;;5259.0;0.0
-2;6800;VEV_4000;1256;10;1253;20;;;1277;10;1280;20;;;1266.5;0.0
-2;6800;VEV_4500;740;14;;;;;758;10;760;14;;;749.0;0.0
-2;6800;VEV_5000;265;12;264;28;;;271;25;;;;;268.0;0.0
-2;6800;VEV_5100;178;21;177;13;;;182;6;183;29;;;180.0;0.0
-2;6800;VEV_5200;96;31;;;;;99;8;100;26;;;97.5;0.0
-2;6800;VEV_5300;51;19;;;;;53;24;;;;;52.0;0.0
-2;6800;VEV_5400;16;18;;;;;18;27;;;;;17.0;0.0
-2;6800;VEV_5500;6;22;;;;;7;22;;;;;6.5;0.0
-2;6800;VEV_6000;0;22;;;;;1;22;;;;;0.5;0.0
-2;6800;VEV_6500;0;12;;;;;1;12;;;;;0.5;0.0
-2;6900;ASH_COATED_OSMIUM;9995;15;9993;20;;;10011;15;10014;20;;;10003.0;0.0
-2;6900;HYDROGEL_PACK;9979;15;9976;21;;;9995;15;9997;21;;;9987.0;0.0
-2;6900;INTARIAN_PEPPER_ROOT;13000;8;12997;22;;;13014;8;13017;22;;;13007.0;0.0
-2;6900;VELVETFRUIT_EXTRACT;5258;20;5257;56;;;5262;20;5263;58;;;5260.0;0.0
-2;6900;VEV_4000;1257;7;1254;23;;;1278;7;1281;23;;;1267.5;0.0
-2;6900;VEV_4500;743;9;741;15;;;759;9;760;15;760;12;751.0;0.0
-2;6900;VEV_5000;265;10;264;14;;;271;12;272;16;;;268.0;0.0
-2;6900;VEV_5100;179;18;178;23;;;183;8;184;23;;;181.0;0.0
-2;6900;VEV_5200;96;16;;;;;99;22;100;24;;;97.5;0.0
-2;6900;VEV_5300;51;30;;;;;53;20;;;;;52.0;0.0
-2;6900;VEV_5400;17;20;;;;;17;17;18;26;;;17.0;0.0
-2;6900;VEV_5500;5;23;;;;;7;25;;;;;6.0;0.0
-2;6900;VEV_6000;0;22;;;;;1;22;;;;;0.5;0.0
-2;6900;VEV_6500;0;14;;;;;1;14;;;;;0.5;0.0
-2;7000;ASH_COATED_OSMIUM;9995;14;9992;26;;;10011;14;10013;26;;;10003.0;0.0
-2;7000;HYDROGEL_PACK;9979;11;9976;26;;;9997;26;;;;;9988.0;0.0
-2;7000;INTARIAN_PEPPER_ROOT;13000;10;12997;20;;;13014;10;13017;20;;;13007.0;0.0
-2;7000;VELVETFRUIT_EXTRACT;5257;32;5257;30;;;5262;25;5263;61;;;5259.5;0.0
-2;7000;VEV_4000;1258;9;1256;16;;;1280;9;1282;16;;;1269.0;0.0
-2;7000;VEV_4500;743;10;741;17;;;759;10;761;17;;;751.0;0.0
-2;7000;VEV_5000;265;11;264;36;;;271;8;;;;;268.0;0.0
-2;7000;VEV_5100;179;6;178;35;;;;;;;;;179.0;0.0
-2;7000;VEV_5200;96;20;95;17;;;98;9;99;13;;;97.0;0.0
-2;7000;VEV_5300;51;19;50;14;;;53;21;;;;;52.0;0.0
-2;7000;VEV_5400;16;25;;;;;18;15;;;;;17.0;0.0
-2;7000;VEV_5500;5;25;;;;;7;19;;;;;6.0;0.0
-2;7000;VEV_6000;0;21;;;;;1;21;;;;;0.5;0.0
-2;7000;VEV_6500;0;16;;;;;1;16;;;;;0.5;0.0
-2;7100;ASH_COATED_OSMIUM;9994;13;9992;24;;;;;;;;;9994.0;0.0
-2;7100;HYDROGEL_PACK;9980;10;9978;26;;;9996;10;9999;26;;;9988.0;0.0
-2;7100;INTARIAN_PEPPER_ROOT;13000;12;12997;21;;;13014;12;13017;21;;;13007.0;0.0
-2;7100;VELVETFRUIT_EXTRACT;5257;25;5256;39;;;5262;65;;;;;5259.5;0.0
-2;7100;VEV_4000;1259;7;1256;20;;;1280;7;1282;20;;;1269.5;0.0
-2;7100;VEV_4500;741;9;740;21;;;760;21;;;;;750.5;0.0
-2;7100;VEV_5000;265;10;264;14;;;272;15;;;;;268.5;0.0
-2;7100;VEV_5100;180;12;179;24;;;;;;;;;180.0;0.0
-2;7100;VEV_5200;;;;;;;100;16;;;;;100.0;0.0
-2;7100;VEV_5300;52;20;;;;;54;17;54;17;;;53.0;0.0
-2;7100;VEV_5400;;;;;;;18;19;;;;;18.0;0.0
-2;7100;VEV_5500;5;26;;;;;6;26;;;;;5.5;0.0
-2;7100;VEV_6000;0;18;;;;;1;18;;;;;0.5;0.0
-2;7100;VEV_6500;0;17;;;;;1;17;;;;;0.5;0.0
-2;7200;ASH_COATED_OSMIUM;9994;13;;;;;10010;13;10013;26;;;10002.0;0.0
-2;7200;HYDROGEL_PACK;9980;15;9978;20;;;9996;15;9999;20;;;9988.0;0.0
-2;7200;INTARIAN_PEPPER_ROOT;13000;9;;;;;13017;25;;;;;13008.5;0.0
-2;7200;VELVETFRUIT_EXTRACT;5257;23;5256;57;;;5262;33;;;;;5259.5;0.0
-2;7200;VEV_4000;1258;7;1256;15;;;1280;7;1282;15;;;1269.0;0.0
-2;7200;VEV_4500;741;10;739;17;;;757;10;759;17;;;749.0;0.0
-2;7200;VEV_5000;265;6;264;21;;;271;11;272;24;;;268.0;0.0
-2;7200;VEV_5100;180;26;179;25;;;184;7;;;;;182.0;0.0
-2;7200;VEV_5200;97;27;96;26;;;99;2;100;30;;;98.0;0.0
-2;7200;VEV_5300;51;9;;;;;53;7;;;;;52.0;0.0
-2;7200;VEV_5400;16;19;;;;;17;5;18;24;;;16.5;0.0
-2;7200;VEV_5500;5;21;;;;;6;20;;;;;5.5;0.0
-2;7200;VEV_6000;0;27;;;;;1;27;;;;;0.5;0.0
-2;7200;VEV_6500;0;16;;;;;1;16;;;;;0.5;0.0
-2;7300;ASH_COATED_OSMIUM;9995;15;9992;25;;;10011;15;10013;25;;;10003.0;0.0
-2;7300;HYDROGEL_PACK;9981;13;9979;30;;;9997;13;10000;30;;;9989.0;0.0
-2;7300;INTARIAN_PEPPER_ROOT;13000;11;;;;;13014;11;13018;17;;;13007.0;0.0
-2;7300;VELVETFRUIT_EXTRACT;5256;47;;;;;5262;38;;;;;5259.0;0.0
-2;7300;VEV_4000;1260;8;1257;19;;;1281;8;1283;19;;;1270.5;0.0
-2;7300;VEV_4500;742;10;740;17;;;760;17;;;;;751.0;0.0
-2;7300;VEV_5000;264;10;;;;;270;12;;;;;267.0;0.0
-2;7300;VEV_5100;179;29;;;;;184;21;185;19;;;181.5;0.0
-2;7300;VEV_5200;98;10;97;22;;;100;34;101;24;;;99.0;0.0
-2;7300;VEV_5300;52;19;;;;;54;19;;;;;53.0;0.0
-2;7300;VEV_5400;16;27;;;;;18;21;;;;;17.0;0.0
-2;7300;VEV_5500;5;26;;;;;6;27;;;;;5.5;0.0
-2;7300;VEV_6000;0;20;;;;;1;20;;;;;0.5;0.0
-2;7300;VEV_6500;0;16;;;;;1;16;;;;;0.5;0.0
-2;7400;ASH_COATED_OSMIUM;9995;14;9993;25;;;10011;14;10014;25;;;10003.0;0.0
-2;7400;HYDROGEL_PACK;9981;14;9978;23;;;9997;14;9999;23;;;9989.0;0.0
-2;7400;INTARIAN_PEPPER_ROOT;13000;9;12997;24;;;13003;7;13014;9;13018;24;13001.5;0.0
-2;7400;VELVETFRUIT_EXTRACT;5256;49;5255;38;;;5262;46;;;;;5259.0;0.0
-2;7400;VEV_4000;1260;15;1257;28;;;1281;15;1284;28;;;1270.5;0.0
-2;7400;VEV_4500;742;10;740;20;;;758;10;;;;;750.0;0.0
-2;7400;VEV_5000;265;27;264;15;;;271;27;272;13;;;268.0;0.0
-2;7400;VEV_5100;180;15;;;;;186;19;;;;;183.0;0.0
-2;7400;VEV_5200;97;31;;;;;101;32;;;;;99.0;0.0
-2;7400;VEV_5300;51;20;;;;;53;22;;;;;52.0;0.0
-2;7400;VEV_5400;16;16;;;;;17;22;18;18;;;16.5;0.0
-2;7400;VEV_5500;5;21;;;;;6;25;;;;;5.5;0.0
-2;7400;VEV_6000;0;19;;;;;1;19;;;;;0.5;0.0
-2;7400;VEV_6500;0;15;;;;;1;15;;;;;0.5;0.0
-2;7500;ASH_COATED_OSMIUM;9995;11;;;;;;;;;;;9995.0;0.0
-2;7500;HYDROGEL_PACK;9981;11;9978;21;;;9997;11;9999;21;;;9989.0;0.0
-2;7500;INTARIAN_PEPPER_ROOT;;;;;;;13015;12;13018;23;;;13015.0;0.0
-2;7500;VELVETFRUIT_EXTRACT;5255;45;;;;;5261;65;5262;49;;;5258.0;0.0
-2;7500;VEV_4000;1259;14;1256;15;;;1280;14;1283;15;;;1269.5;0.0
-2;7500;VEV_4500;740;8;738;15;;;756;8;;;;;748.0;0.0
-2;7500;VEV_5000;266;16;;;;;273;12;274;35;;;269.5;0.0
-2;7500;VEV_5100;180;28;179;32;;;184;12;185;22;;;182.0;0.0
-2;7500;VEV_5200;99;6;98;23;;;102;28;;;;;100.5;0.0
-2;7500;VEV_5300;;;;;;;53;20;;;;;53.0;0.0
-2;7500;VEV_5400;;;;;;;17;16;;;;;17.0;0.0
-2;7500;VEV_5500;5;25;;;;;7;18;;;;;6.0;0.0
-2;7500;VEV_6000;0;23;;;;;1;23;;;;;0.5;0.0
-2;7500;VEV_6500;0;19;;;;;1;19;;;;;0.5;0.0
-2;7600;ASH_COATED_OSMIUM;9992;24;;;;;10013;24;;;;;10002.5;0.0
-2;7600;HYDROGEL_PACK;9980;12;9978;28;;;9996;12;9999;28;;;9988.0;0.0
-2;7600;INTARIAN_PEPPER_ROOT;13001;12;12997;15;;;13015;12;13018;15;;;13008.0;0.0
-2;7600;VELVETFRUIT_EXTRACT;5255;64;;;;;5261;63;;;;;5258.0;0.0
-2;7600;VEV_4000;1259;9;1256;15;;;1280;9;1283;15;;;1269.5;0.0
-2;7600;VEV_4500;738;8;736;13;;;754;8;756;13;;;746.0;0.0
-2;7600;VEV_5000;267;6;266;13;;;273;12;;;;;270.0;0.0
-2;7600;VEV_5100;178;23;;;;;184;21;;;;;181.0;0.0
-2;7600;VEV_5200;98;12;;;;;101;22;102;31;;;99.5;0.0
-2;7600;VEV_5300;51;8;;;;;;;;;;;51.0;0.0
-2;7600;VEV_5400;16;5;15;20;;;17;16;;;;;16.5;0.0
-2;7600;VEV_5500;5;28;;;;;7;29;;;;;6.0;0.0
-2;7600;VEV_6000;0;24;;;;;1;24;;;;;0.5;0.0
-2;7600;VEV_6500;0;15;;;;;1;15;;;;;0.5;0.0
-2;7700;ASH_COATED_OSMIUM;9994;15;9991;26;;;10010;15;10012;26;;;10002.0;0.0
-2;7700;HYDROGEL_PACK;9981;14;9979;29;;;9997;14;10000;29;;;9989.0;0.0
-2;7700;INTARIAN_PEPPER_ROOT;13001;10;12997;18;;;13015;10;13018;18;;;13008.0;0.0
-2;7700;VELVETFRUIT_EXTRACT;5256;56;;;;;5262;48;;;;;5259.0;0.0
-2;7700;VEV_4000;1259;9;1256;17;;;1280;9;1283;17;;;1269.5;0.0
-2;7700;VEV_4500;738;6;736;21;;;754;6;756;21;;;746.0;0.0
-2;7700;VEV_5000;266;13;;;;;273;9;;;;;269.5;0.0
-2;7700;VEV_5100;178;22;;;;;183;26;184;19;;;180.5;0.0
-2;7700;VEV_5200;;;;;;;102;12;103;30;;;102.0;0.0
-2;7700;VEV_5300;51;22;;;;;53;24;54;19;;;52.0;0.0
-2;7700;VEV_5400;16;23;;;;;18;21;;;;;17.0;0.0
-2;7700;VEV_5500;5;20;;;;;7;25;;;;;6.0;0.0
-2;7700;VEV_6000;0;23;;;;;1;23;;;;;0.5;0.0
-2;7700;VEV_6500;0;15;;;;;1;15;;;;;0.5;0.0
-2;7800;ASH_COATED_OSMIUM;9994;15;9991;22;;;10010;15;10012;22;;;10002.0;0.0
-2;7800;HYDROGEL_PACK;9982;12;9980;22;;;10001;22;;;;;9991.5;0.0
-2;7800;INTARIAN_PEPPER_ROOT;;;;;;;13015;12;;;;;13015.0;0.0
-2;7800;VELVETFRUIT_EXTRACT;5256;23;;;;;5262;38;;;;;5259.0;0.0
-2;7800;VEV_4000;1259;9;1256;16;;;1280;9;1283;16;;;1269.5;0.0
-2;7800;VEV_4500;738;7;736;12;;;754;7;756;12;;;746.0;0.0
-2;7800;VEV_5000;268;12;267;14;;;274;8;275;31;;;271.0;0.0
-2;7800;VEV_5100;180;30;179;17;;;184;12;185;22;;;182.0;0.0
-2;7800;VEV_5200;99;20;;;;;103;12;;;;;101.0;0.0
-2;7800;VEV_5300;;;;;;;;;;;;;0.0;0.0
-2;7800;VEV_5400;16;26;;;;;17;27;18;25;;;16.5;0.0
-2;7800;VEV_5500;5;25;;;;;6;20;;;;;5.5;0.0
-2;7800;VEV_6000;0;17;;;;;1;17;;;;;0.5;0.0
-2;7800;VEV_6500;0;15;;;;;1;15;;;;;0.5;0.0
-2;7900;ASH_COATED_OSMIUM;9994;12;9991;26;;;10012;26;;;;;10003.0;0.0
-2;7900;HYDROGEL_PACK;9983;10;9980;20;;;9999;10;10001;20;;;9991.0;0.0
-2;7900;INTARIAN_PEPPER_ROOT;13001;9;12998;15;;;13015;9;;;;;13008.0;0.0
-2;7900;VELVETFRUIT_EXTRACT;5256;49;;;;;5262;50;5263;31;;;5259.0;0.0
-2;7900;VEV_4000;1260;13;1258;21;;;1281;13;1284;21;;;1270.5;0.0
-2;7900;VEV_4500;737;11;736;11;735;13;753;11;755;13;;;745.0;0.0
-2;7900;VEV_5000;268;8;267;22;;;274;11;275;12;;;271.0;0.0
-2;7900;VEV_5100;180;35;179;13;;;184;8;185;23;;;182.0;0.0
-2;7900;VEV_5200;100;9;99;28;;;102;30;103;24;;;101.0;0.0
-2;7900;VEV_5300;50;23;;;;;52;19;53;21;;;51.0;0.0
-2;7900;VEV_5400;16;25;;;;;18;28;;;;;17.0;0.0
-2;7900;VEV_5500;5;20;;;;;6;24;;;;;5.5;0.0
-2;7900;VEV_6000;0;28;;;;;1;28;;;;;0.5;0.0
-2;7900;VEV_6500;0;19;;;;;1;19;;;;;0.5;0.0
-2;8000;ASH_COATED_OSMIUM;9994;15;9991;22;;;10003;4;10010;15;;;9998.5;0.0
-2;8000;HYDROGEL_PACK;9984;10;9981;27;;;10000;10;10002;27;;;9992.0;0.0
-2;8000;INTARIAN_PEPPER_ROOT;13001;9;12998;16;;;13015;9;;;;;13008.0;0.0
-2;8000;VELVETFRUIT_EXTRACT;5258;50;5258;17;;;5264;37;5264;61;;;5261.0;0.0
-2;8000;VEV_4000;1260;14;1258;21;;;1282;14;1284;21;;;1271.0;0.0
-2;8000;VEV_4500;737;13;;;;;755;8;757;13;;;746.0;0.0
-2;8000;VEV_5000;270;12;269;24;;;276;12;277;21;;;273.0;0.0
-2;8000;VEV_5100;181;7;;;;;185;9;186;18;;;183.0;0.0
-2;8000;VEV_5200;101;11;;;;;;;;;;;101.0;0.0
-2;8000;VEV_5300;50;24;;;;;52;22;;;;;51.0;0.0
-2;8000;VEV_5400;16;20;;;;;18;27;;;;;17.0;0.0
-2;8000;VEV_5500;5;25;;;;;6;25;;;;;5.5;0.0
-2;8000;VEV_6000;0;21;;;;;1;21;;;;;0.5;0.0
-2;8000;VEV_6500;0;12;;;;;1;12;;;;;0.5;0.0
-2;8100;ASH_COATED_OSMIUM;9994;12;9992;26;;;10010;12;10013;26;;;10002.0;0.0
-2;8100;HYDROGEL_PACK;9986;12;9984;29;;;10002;12;10005;29;;;9994.0;0.0
-2;8100;INTARIAN_PEPPER_ROOT;13001;11;12998;22;;;13015;11;13018;22;;;13008.0;0.0
-2;8100;VELVETFRUIT_EXTRACT;5259;46;;;;;5265;49;5265;22;;;5262.0;0.0
-2;8100;VEV_4000;1260;9;1258;29;;;1281;9;1284;29;;;1270.5;0.0
-2;8100;VEV_4500;739;9;737;18;;;757;18;;;;;748.0;0.0
-2;8100;VEV_5000;269;31;268;14;;;276;27;;;;;272.5;0.0
-2;8100;VEV_5100;182;6;181;18;;;186;7;187;13;;;184.0;0.0
-2;8100;VEV_5200;100;27;;;;;103;25;104;12;;;101.5;0.0
-2;8100;VEV_5300;51;28;;;;;53;27;54;18;;;52.0;0.0
-2;8100;VEV_5400;16;17;;;;;18;25;;;;;17.0;0.0
-2;8100;VEV_5500;5;25;;;;;7;17;;;;;6.0;0.0
-2;8100;VEV_6000;0;26;;;;;1;26;;;;;0.5;0.0
-2;8100;VEV_6500;0;10;;;;;1;10;;;;;0.5;0.0
-2;8200;ASH_COATED_OSMIUM;9995;13;9992;22;;;10011;13;10013;22;;;10003.0;0.0
-2;8200;HYDROGEL_PACK;9987;13;9985;28;;;10003;13;10006;28;;;9995.0;0.0
-2;8200;INTARIAN_PEPPER_ROOT;13001;11;12998;15;;;13015;11;13018;15;;;13008.0;0.0
-2;8200;VELVETFRUIT_EXTRACT;5257;64;;;;;5262;18;5263;65;;;5259.5;0.0
-2;8200;VEV_4000;1260;15;1258;23;;;1282;15;1284;23;;;1271.0;0.0
-2;8200;VEV_4500;739;22;;;;;757;8;758;12;759;22;748.0;0.0
-2;8200;VEV_5000;270;12;269;13;;;276;32;;;;;273.0;0.0
-2;8200;VEV_5100;183;16;;;;;189;18;;;;;186.0;0.0
-2;8200;VEV_5200;100;15;;;;;;;;;;;100.0;0.0
-2;8200;VEV_5300;52;25;;;;;54;20;;;;;53.0;0.0
-2;8200;VEV_5400;16;19;;;;;18;21;;;;;17.0;0.0
-2;8200;VEV_5500;5;18;;;;;7;16;;;;;6.0;0.0
-2;8200;VEV_6000;0;24;;;;;1;24;;;;;0.5;0.0
-2;8200;VEV_6500;0;13;;;;;1;13;;;;;0.5;0.0
-2;8300;ASH_COATED_OSMIUM;9995;15;9992;30;;;10013;30;;;;;10004.0;0.0
-2;8300;HYDROGEL_PACK;9988;10;9986;27;;;10004;10;10007;27;;;9996.0;0.0
-2;8300;INTARIAN_PEPPER_ROOT;13001;11;12998;15;;;13015;11;13019;15;;;13008.0;0.0
-2;8300;VELVETFRUIT_EXTRACT;5257;43;;;;;5263;15;;;;;5260.0;0.0
-2;8300;VEV_4000;1259;8;1257;15;;;1281;8;1283;15;;;1270.0;0.0
-2;8300;VEV_4500;740;11;738;16;;;756;11;758;16;;;748.0;0.0
-2;8300;VEV_5000;268;19;;;;;275;12;276;14;;;271.5;0.0
-2;8300;VEV_5100;182;23;;;;;188;20;;;;;185.0;0.0
-2;8300;VEV_5200;102;25;;;;;105;21;;;;;103.5;0.0
-2;8300;VEV_5300;51;27;50;15;;;53;18;;;;;52.0;0.0
-2;8300;VEV_5400;16;30;;;;;18;19;;;;;17.0;0.0
-2;8300;VEV_5500;5;21;;;;;7;25;;;;;6.0;0.0
-2;8300;VEV_6000;0;19;;;;;1;19;;;;;0.5;0.0
-2;8300;VEV_6500;0;10;;;;;1;10;;;;;0.5;0.0
-2;8400;ASH_COATED_OSMIUM;9995;12;9993;25;;;;;;;;;9995.0;0.0
-2;8400;HYDROGEL_PACK;9987;13;9984;29;;;10003;13;10005;29;;;9995.0;0.0
-2;8400;INTARIAN_PEPPER_ROOT;;;;;;;13004;5;13015;10;13019;19;13004.0;0.0
-2;8400;VELVETFRUIT_EXTRACT;5257;20;5256;62;;;5261;20;5262;51;;;5259.0;0.0
-2;8400;VEV_4000;1257;11;1255;25;;;1279;11;1281;25;;;1268.0;0.0
-2;8400;VEV_4500;741;12;739;12;;;758;12;;;;;749.5;0.0
-2;8400;VEV_5000;269;29;268;22;;;275;12;276;12;;;272.0;0.0
-2;8400;VEV_5100;183;6;182;14;;;187;32;188;14;;;185.0;0.0
-2;8400;VEV_5200;103;12;102;27;;;106;24;;;;;104.5;0.0
-2;8400;VEV_5300;51;28;;;;;53;20;54;11;;;52.0;0.0
-2;8400;VEV_5400;16;6;;;;;;;;;;;16.0;0.0
-2;8400;VEV_5500;5;19;;;;;7;22;;;;;6.0;0.0
-2;8400;VEV_6000;0;28;;;;;1;28;;;;;0.5;0.0
-2;8400;VEV_6500;0;7;;;;;1;7;;;;;0.5;0.0
-2;8500;ASH_COATED_OSMIUM;9996;10;9993;28;;;10014;28;;;;;10005.0;0.0
-2;8500;HYDROGEL_PACK;9985;15;9983;26;;;10001;15;10004;26;;;9993.0;0.0
-2;8500;INTARIAN_PEPPER_ROOT;13001;8;12998;19;;;;;;;;;13001.0;0.0
-2;8500;VELVETFRUIT_EXTRACT;5258;54;;;;;5264;43;;;;;5261.0;0.0
-2;8500;VEV_4000;1256;15;1254;24;;;1278;15;1280;24;;;1267.0;0.0
-2;8500;VEV_4500;739;8;737;17;;;755;8;757;17;;;747.0;0.0
-2;8500;VEV_5000;270;7;269;20;;;276;9;277;12;;;273.0;0.0
-2;8500;VEV_5100;183;9;182;17;;;187;11;;;;;185.0;0.0
-2;8500;VEV_5200;103;19;;;;;106;10;107;21;;;104.5;0.0
-2;8500;VEV_5300;51;8;;;;;53;23;;;;;52.0;0.0
-2;8500;VEV_5400;16;25;16;21;;;18;18;;;;;17.0;0.0
-2;8500;VEV_5500;5;22;;;;;7;22;;;;;6.0;0.0
-2;8500;VEV_6000;0;23;;;;;1;23;;;;;0.5;0.0
-2;8500;VEV_6500;0;10;;;;;1;10;;;;;0.5;0.0
-2;8600;ASH_COATED_OSMIUM;9995;13;9993;23;;;10000;10;10011;13;;;9997.5;0.0
-2;8600;HYDROGEL_PACK;9985;11;9983;28;;;10001;11;10004;28;;;9993.0;0.0
-2;8600;INTARIAN_PEPPER_ROOT;13002;12;12998;16;;;13019;16;;;;;13010.5;0.0
-2;8600;VELVETFRUIT_EXTRACT;5256;47;5256;34;;;5262;44;;;;;5259.0;0.0
-2;8600;VEV_4000;1256;12;1254;20;;;1277;12;1280;20;;;1266.5;0.0
-2;8600;VEV_4500;740;10;739;8;;;756;10;757;23;;;748.0;0.0
-2;8600;VEV_5000;270;13;;;;;278;16;;;;;274.0;0.0
-2;8600;VEV_5100;181;22;;;;;186;12;187;29;;;183.5;0.0
-2;8600;VEV_5200;103;11;102;32;;;105;8;106;21;;;104.0;0.0
-2;8600;VEV_5300;51;18;;;;;53;24;;;;;52.0;0.0
-2;8600;VEV_5400;16;29;;;;;18;19;;;;;17.0;0.0
-2;8600;VEV_5500;5;24;;;;;6;24;;;;;5.5;0.0
-2;8600;VEV_6000;0;26;;;;;1;26;;;;;0.5;0.0
-2;8600;VEV_6500;0;18;;;;;1;18;;;;;0.5;0.0
-2;8700;ASH_COATED_OSMIUM;9995;11;9992;22;;;10011;11;10013;22;;;10003.0;0.0
-2;8700;HYDROGEL_PACK;9987;13;9984;21;;;10003;13;10005;21;;;9995.0;0.0
-2;8700;INTARIAN_PEPPER_ROOT;13002;8;12998;19;;;13016;8;;;;;13009.0;0.0
-2;8700;VELVETFRUIT_EXTRACT;5258;56;;;;;5264;38;;;;;5261.0;0.0
-2;8700;VEV_4000;1255;15;1253;27;;;1277;15;1279;27;;;1266.0;0.0
-2;8700;VEV_4500;738;12;736;17;;;754;12;756;17;;;746.0;0.0
-2;8700;VEV_5000;271;6;;;;;277;28;;;;;274.0;0.0
-2;8700;VEV_5100;183;10;;;;;187;29;;;;;185.0;0.0
-2;8700;VEV_5200;103;24;;;;;106;8;107;28;;;104.5;0.0
-2;8700;VEV_5300;51;10;50;19;;;53;24;;;;;52.0;0.0
-2;8700;VEV_5400;15;24;;;;;17;19;;;;;16.0;0.0
-2;8700;VEV_5500;5;20;;;;;6;26;;;;;5.5;0.0
-2;8700;VEV_6000;0;18;;;;;1;18;;;;;0.5;0.0
-2;8700;VEV_6500;0;14;;;;;1;14;;;;;0.5;0.0
-2;8800;ASH_COATED_OSMIUM;9992;26;;;;;10011;15;10013;26;;;10001.5;0.0
-2;8800;HYDROGEL_PACK;9985;15;9983;28;;;10001;15;10004;28;;;9993.0;0.0
-2;8800;INTARIAN_PEPPER_ROOT;13002;8;;;;;13019;17;;;;;13010.5;0.0
-2;8800;VELVETFRUIT_EXTRACT;5258;33;5258;20;;;5264;58;;;;;5261.0;0.0
-2;8800;VEV_4000;1256;14;1254;15;;;1278;14;1280;15;;;1267.0;0.0
-2;8800;VEV_4500;739;11;737;14;;;756;14;;;;;747.5;0.0
-2;8800;VEV_5000;270;29;269;19;;;276;12;;;;;273.0;0.0
-2;8800;VEV_5100;183;21;182;21;;;188;19;;;;;185.5;0.0
-2;8800;VEV_5200;102;13;;;;;;;;;;;102.0;0.0
-2;8800;VEV_5300;51;24;50;20;;;53;20;53;10;;;52.0;0.0
-2;8800;VEV_5400;16;25;;;;;;;;;;;16.0;0.0
-2;8800;VEV_5500;5;30;;;;;6;29;;;;;5.5;0.0
-2;8800;VEV_6000;0;27;;;;;1;27;;;;;0.5;0.0
-2;8800;VEV_6500;0;15;;;;;1;15;;;;;0.5;0.0
-2;8900;ASH_COATED_OSMIUM;9995;13;9992;29;;;10011;13;10013;29;;;10003.0;0.0
-2;8900;HYDROGEL_PACK;9984;13;9981;29;;;10000;13;10002;29;;;9992.0;0.0
-2;8900;INTARIAN_PEPPER_ROOT;12999;24;;;;;13016;9;13019;24;;;13007.5;0.0
-2;8900;VELVETFRUIT_EXTRACT;5257;17;5256;54;;;5262;17;5263;31;;;5259.5;0.0
-2;8900;VEV_4000;1256;12;1253;27;;;1277;12;1280;27;;;1266.5;0.0
-2;8900;VEV_4500;738;9;736;15;;;754;9;755;10;756;15;746.0;0.0
-2;8900;VEV_5000;269;6;;;;;275;30;276;13;;;272.0;0.0
-2;8900;VEV_5100;183;8;182;36;;;188;17;;;;;185.5;0.0
-2;8900;VEV_5200;104;6;103;32;;;106;9;;;;;105.0;0.0
-2;8900;VEV_5300;51;23;;;;;53;19;;;;;52.0;0.0
-2;8900;VEV_5400;15;26;;;;;17;20;;;;;16.0;0.0
-2;8900;VEV_5500;5;21;;;;;6;16;;;;;5.5;0.0
-2;8900;VEV_6000;0;17;;;;;1;17;;;;;0.5;0.0
-2;8900;VEV_6500;0;15;;;;;1;15;;;;;0.5;0.0
-2;9000;ASH_COATED_OSMIUM;9995;12;;;;;10011;12;10014;26;;;10003.0;0.0
-2;9000;HYDROGEL_PACK;9983;22;;;;;10002;15;10004;22;;;9992.5;0.0
-2;9000;INTARIAN_PEPPER_ROOT;13002;10;12999;24;;;13016;10;13019;24;;;13009.0;0.0
-2;9000;VELVETFRUIT_EXTRACT;5255;45;;;;;5260;18;5261;60;;;5257.5;0.0
-2;9000;VEV_4000;1254;12;1252;30;;;1276;12;1278;30;;;1265.0;0.0
-2;9000;VEV_4500;736;24;;;;;754;11;755;24;;;745.0;0.0
-2;9000;VEV_5000;269;9;268;24;;;276;14;;;;;272.5;0.0
-2;9000;VEV_5100;183;32;;;;;187;11;188;20;;;185.0;0.0
-2;9000;VEV_5200;103;17;;;;;106;9;;;;;104.5;0.0
-2;9000;VEV_5300;50;22;;;;;52;24;;;;;51.0;0.0
-2;9000;VEV_5400;15;17;;;;;17;29;;;;;16.0;0.0
-2;9000;VEV_5500;5;21;;;;;6;21;;;;;5.5;0.0
-2;9000;VEV_6000;0;26;;;;;1;26;;;;;0.5;0.0
-2;9000;VEV_6500;0;14;;;;;1;14;;;;;0.5;0.0
-2;9100;ASH_COATED_OSMIUM;9995;10;;;;;10011;10;10014;24;;;10003.0;0.0
-2;9100;HYDROGEL_PACK;9985;13;9983;28;;;10001;13;10004;28;;;9993.0;0.0
-2;9100;INTARIAN_PEPPER_ROOT;13002;11;;;;;13019;17;;;;;13010.5;0.0
-2;9100;VELVETFRUIT_EXTRACT;5255;20;;;;;5261;70;;;;;5258.0;0.0
-2;9100;VEV_4000;1257;15;1254;21;;;1278;15;1281;21;;;1267.5;0.0
-2;9100;VEV_4500;738;10;736;21;;;754;10;756;21;;;746.0;0.0
-2;9100;VEV_5000;268;6;267;29;;;274;8;275;30;;;271.0;0.0
-2;9100;VEV_5100;183;6;;;;;188;16;;;;;185.5;0.0
-2;9100;VEV_5200;105;9;;;;;108;29;;;;;106.5;0.0
-2;9100;VEV_5300;51;16;50;11;;;53;27;54;28;;;52.0;0.0
-2;9100;VEV_5400;15;20;15;25;;;17;30;;;;;16.0;0.0
-2;9100;VEV_5500;5;17;;;;;6;28;;;;;5.5;0.0
-2;9100;VEV_6000;0;24;;;;;1;24;;;;;0.5;0.0
-2;9100;VEV_6500;0;20;;;;;1;20;;;;;0.5;0.0
-2;9200;ASH_COATED_OSMIUM;9992;21;;;;;10011;10;10013;21;;;10001.5;0.0
-2;9200;HYDROGEL_PACK;9982;15;9980;23;;;9998;15;10001;23;;;9990.0;0.0
-2;9200;INTARIAN_PEPPER_ROOT;12999;18;;;;;13019;18;;;;;13009.0;0.0
-2;9200;VELVETFRUIT_EXTRACT;5255;61;;;;;5260;21;5261;35;;;5257.5;0.0
-2;9200;VEV_4000;1256;9;1253;27;;;1277;9;1280;27;;;1266.5;0.0
-2;9200;VEV_4500;737;12;736;6;735;15;753;12;755;15;;;745.0;0.0
-2;9200;VEV_5000;268;9;;;;;274;7;275;14;;;271.0;0.0
-2;9200;VEV_5100;;;;;;;189;27;;;;;189.0;0.0
-2;9200;VEV_5200;104;31;103;27;;;106;32;107;18;;;105.0;0.0
-2;9200;VEV_5300;51;9;;;;;53;28;;;;;52.0;0.0
-2;9200;VEV_5400;;;;;;;16;24;17;26;;;16.0;0.0
-2;9200;VEV_5500;5;28;;;;;6;23;;;;;5.5;0.0
-2;9200;VEV_6000;0;27;;;;;1;27;;;;;0.5;0.0
-2;9200;VEV_6500;0;19;;;;;1;19;;;;;0.5;0.0
-2;9300;ASH_COATED_OSMIUM;9995;14;;;;;10011;14;10013;20;;;10003.0;0.0
-2;9300;HYDROGEL_PACK;9982;14;9980;28;;;9998;14;10001;28;;;9990.0;0.0
-2;9300;INTARIAN_PEPPER_ROOT;13002;10;12999;22;;;13016;10;13020;22;;;13009.0;0.0
-2;9300;VELVETFRUIT_EXTRACT;5256;38;5256;18;;;5261;18;5262;36;5262;24;5258.5;0.0
-2;9300;VEV_4000;1255;13;1252;22;;;1276;13;1279;22;;;1265.5;0.0
-2;9300;VEV_4500;737;11;735;16;;;753;11;754;16;;;745.0;0.0
-2;9300;VEV_5000;268;9;267;13;;;274;25;;;;;271.0;0.0
-2;9300;VEV_5100;184;32;;;;;188;22;189;30;;;186.0;0.0
-2;9300;VEV_5200;103;21;;;;;106;26;;;;;104.5;0.0
-2;9300;VEV_5300;51;22;;;;;53;24;;;;;52.0;0.0
-2;9300;VEV_5400;15;23;;;;;17;18;;;;;16.0;0.0
-2;9300;VEV_5500;5;26;;;;;6;25;;;;;5.5;0.0
-2;9300;VEV_6000;0;18;;;;;1;18;;;;;0.5;0.0
-2;9300;VEV_6500;0;14;;;;;1;14;;;;;0.5;0.0
-2;9400;ASH_COATED_OSMIUM;9995;12;9992;29;;;10011;12;10013;29;;;10003.0;0.0
-2;9400;HYDROGEL_PACK;9984;15;9981;27;;;10000;15;10002;27;;;9992.0;0.0
-2;9400;INTARIAN_PEPPER_ROOT;;;;;;;13016;11;13020;21;;;13016.0;0.0
-2;9400;VELVETFRUIT_EXTRACT;5256;31;;;;;5262;54;;;;;5259.0;0.0
-2;9400;VEV_4000;1254;14;1252;25;;;1275;14;1278;25;;;1264.5;0.0
-2;9400;VEV_4500;737;12;736;22;735;12;753;12;755;12;;;745.0;0.0
-2;9400;VEV_5000;267;31;266;16;;;273;8;274;15;;;270.0;0.0
-2;9400;VEV_5100;;;;;;;188;25;189;14;;;188.0;0.0
-2;9400;VEV_5200;;;;;;;107;27;;;;;107.0;0.0
-2;9400;VEV_5300;51;22;;;;;53;26;;;;;52.0;0.0
-2;9400;VEV_5400;15;26;;;;;17;26;;;;;16.0;0.0
-2;9400;VEV_5500;5;21;;;;;6;23;;;;;5.5;0.0
-2;9400;VEV_6000;0;18;;;;;1;18;;;;;0.5;0.0
-2;9400;VEV_6500;0;14;;;;;1;14;;;;;0.5;0.0
-2;9500;ASH_COATED_OSMIUM;9994;11;9992;22;;;10010;11;10013;22;;;10002.0;0.0
-2;9500;HYDROGEL_PACK;9982;12;9979;22;;;9998;12;10000;22;;;9990.0;0.0
-2;9500;INTARIAN_PEPPER_ROOT;12999;22;;;;;13017;10;13020;22;;;13008.0;0.0
-2;9500;VELVETFRUIT_EXTRACT;5256;16;5256;18;;;5261;18;5262;16;;;5258.5;0.0
-2;9500;VEV_4000;1253;8;1251;18;;;1274;8;1277;18;;;1263.5;0.0
-2;9500;VEV_4500;738;12;736;18;;;754;12;756;18;;;746.0;0.0
-2;9500;VEV_5000;269;12;268;18;;;275;12;;;;;272.0;0.0
-2;9500;VEV_5100;183;7;182;32;;;187;28;;;;;185.0;0.0
-2;9500;VEV_5200;;;;;;;106;8;107;19;;;106.0;0.0
-2;9500;VEV_5300;51;24;;;;;53;27;;;;;52.0;0.0
-2;9500;VEV_5400;15;18;;;;;;;;;;;15.0;0.0
-2;9500;VEV_5500;5;12;;;;;6;6;;;;;5.5;0.0
-2;9500;VEV_6000;0;21;;;;;1;21;;;;;0.5;0.0
-2;9500;VEV_6500;0;10;;;;;1;10;;;;;0.5;0.0
-2;9600;ASH_COATED_OSMIUM;9995;10;;;;;10011;10;10013;28;;;10003.0;0.0
-2;9600;HYDROGEL_PACK;9984;10;9981;28;;;10000;10;10002;28;;;9992.0;0.0
-2;9600;INTARIAN_PEPPER_ROOT;13003;11;;;;;13017;11;13020;16;;;13010.0;0.0
-2;9600;VELVETFRUIT_EXTRACT;5257;30;5256;50;;;5262;16;5263;61;;;5259.5;0.0
-2;9600;VEV_4000;1255;10;1252;25;;;1276;10;1279;25;;;1265.5;0.0
-2;9600;VEV_4500;739;12;738;9;737;16;755;12;757;16;;;747.0;0.0
-2;9600;VEV_5000;268;12;267;25;;;274;10;275;21;;;271.0;0.0
-2;9600;VEV_5100;184;35;183;21;;;188;9;;;;;186.0;0.0
-2;9600;VEV_5200;105;31;104;15;;;108;27;;;;;106.5;0.0
-2;9600;VEV_5300;52;23;;;;;54;8;55;12;;;53.0;0.0
-2;9600;VEV_5400;;;;;;;17;26;;;;;17.0;0.0
-2;9600;VEV_5500;5;28;;;;;6;29;;;;;5.5;0.0
-2;9600;VEV_6000;0;26;;;;;1;26;;;;;0.5;0.0
-2;9600;VEV_6500;0;13;;;;;1;13;;;;;0.5;0.0
-2;9700;ASH_COATED_OSMIUM;9995;10;9992;25;;;10013;25;;;;;10004.0;0.0
-2;9700;HYDROGEL_PACK;9981;14;9979;25;;;9999;25;;;;;9990.0;0.0
-2;9700;INTARIAN_PEPPER_ROOT;13003;12;12999;18;;;13020;18;;;;;13011.5;0.0
-2;9700;VELVETFRUIT_EXTRACT;5258;59;;;;;5264;65;;;;;5261.0;0.0
-2;9700;VEV_4000;1254;8;1252;15;;;1276;8;1278;15;;;1265.0;0.0
-2;9700;VEV_4500;738;8;736;18;;;754;8;756;18;;;746.0;0.0
-2;9700;VEV_5000;267;16;;;;;274;8;275;13;;;270.5;0.0
-2;9700;VEV_5100;185;30;184;31;;;189;7;190;20;;;187.0;0.0
-2;9700;VEV_5200;105;12;104;29;;;108;26;;;;;106.5;0.0
-2;9700;VEV_5300;53;6;;;;;55;19;;;;;54.0;0.0
-2;9700;VEV_5400;;;;;;;17;19;;;;;17.0;0.0
-2;9700;VEV_5500;4;23;;;;;6;26;;;;;5.0;0.0
-2;9700;VEV_6000;0;24;;;;;1;24;;;;;0.5;0.0
-2;9700;VEV_6500;0;13;;;;;1;13;;;;;0.5;0.0
-2;9800;ASH_COATED_OSMIUM;9994;11;9992;26;;;10010;11;;;;;10002.0;0.0
-2;9800;HYDROGEL_PACK;9980;10;9978;21;;;9996;10;9999;21;;;9988.0;0.0
-2;9800;INTARIAN_PEPPER_ROOT;13003;10;13000;17;;;13017;10;;;;;13010.0;0.0
-2;9800;VELVETFRUIT_EXTRACT;5259;22;5258;57;;;5263;22;5264;33;;;5261.0;0.0
-2;9800;VEV_4000;1254;11;1251;28;;;1275;11;1277;28;;;1264.5;0.0
-2;9800;VEV_4500;739;9;737;21;;;755;9;757;21;;;747.0;0.0
-2;9800;VEV_5000;269;7;268;12;;;275;8;;;;;272.0;0.0
-2;9800;VEV_5100;184;11;183;20;;;188;7;189;20;;;186.0;0.0
-2;9800;VEV_5200;105;29;104;26;;;108;29;;;;;106.5;0.0
-2;9800;VEV_5300;52;26;51;19;;;54;20;;;;;53.0;0.0
-2;9800;VEV_5400;15;18;;;;;17;19;;;;;16.0;0.0
-2;9800;VEV_5500;4;26;;;;;5;25;;;;;4.5;0.0
-2;9800;VEV_6000;0;23;;;;;1;23;;;;;0.5;0.0
-2;9800;VEV_6500;0;19;;;;;1;19;;;;;0.5;0.0
-2;9900;ASH_COATED_OSMIUM;9994;14;;;;;10013;26;;;;;10003.5;0.0
-2;9900;HYDROGEL_PACK;9978;12;9976;26;;;9994;12;9997;26;;;9986.0;0.0
-2;9900;INTARIAN_PEPPER_ROOT;13003;11;13000;20;;;13017;11;13020;20;;;13010.0;0.0
-2;9900;VELVETFRUIT_EXTRACT;5259;23;;;;;5265;63;;;;;5262.0;0.0
-2;9900;VEV_4000;1253;10;1250;23;;;1274;10;1277;23;;;1263.5;0.0
-2;9900;VEV_4500;738;10;736;12;;;754;10;756;12;;;746.0;0.0
-2;9900;VEV_5000;269;12;268;36;;;275;8;276;24;;;272.0;0.0
-2;9900;VEV_5100;183;16;;;;;188;11;;;;;185.5;0.0
-2;9900;VEV_5200;106;9;;;;;108;18;109;27;;;107.0;0.0
-2;9900;VEV_5300;52;23;;;;;54;25;;;;;53.0;0.0
-2;9900;VEV_5400;15;19;;;;;17;16;;;;;16.0;0.0
-2;9900;VEV_5500;4;24;;;;;6;25;;;;;5.0;0.0
-2;9900;VEV_6000;0;22;;;;;1;22;;;;;0.5;0.0
-2;9900;VEV_6500;0;14;;;;;1;14;;;;;0.5;0.0
-2;10000;ASH_COATED_OSMIUM;9994;12;;;;;10010;12;10012;24;;;10002.0;0.0
-2;10000;HYDROGEL_PACK;9975;30;;;;;9994;12;9996;30;;;9984.5;0.0
-2;10000;INTARIAN_PEPPER_ROOT;13003;12;13000;17;;;13017;12;13020;17;;;13010.0;0.0
-2;10000;VELVETFRUIT_EXTRACT;5259;25;;;;;5265;42;;;;;5262.0;0.0
-2;10000;VEV_4000;1255;15;1252;28;;;1276;15;1278;28;;;1265.5;0.0
-2;10000;VEV_4500;739;9;737;17;;;755;9;756;17;756;10;747.0;0.0
-2;10000;VEV_5000;268;6;267;13;;;274;10;;;;;271.0;0.0
-2;10000;VEV_5100;183;17;;;;;188;28;189;18;;;185.5;0.0
-2;10000;VEV_5200;105;19;;;;;107;6;108;23;;;106.0;0.0
-2;10000;VEV_5300;52;23;;;;;54;24;;;;;53.0;0.0
-2;10000;VEV_5400;15;23;;;;;17;12;;;;;16.0;0.0
-2;10000;VEV_5500;5;23;;;;;6;20;;;;;5.5;0.0
-2;10000;VEV_6000;0;27;;;;;1;27;;;;;0.5;0.0
-2;10000;VEV_6500;0;19;;;;;1;19;;;;;0.5;0.0
-2;10100;ASH_COATED_OSMIUM;9994;13;9991;25;;;10010;13;10012;25;;;10002.0;0.0
-2;10100;HYDROGEL_PACK;9974;28;;;;;9993;11;9995;28;;;9983.5;0.0
-2;10100;INTARIAN_PEPPER_ROOT;13003;11;13000;19;;;13017;11;13020;19;;;13010.0;0.0
-2;10100;VELVETFRUIT_EXTRACT;5261;22;;;;;5266;20;5267;31;;;5263.5;0.0
-2;10100;VEV_4000;1254;12;1252;15;;;1276;12;1278;15;;;1265.0;0.0
-2;10100;VEV_4500;739;11;737;16;;;755;11;757;16;;;747.0;0.0
-2;10100;VEV_5000;267;23;;;;;274;11;275;15;;;270.5;0.0
-2;10100;VEV_5100;184;15;;;;;189;26;190;22;;;186.5;0.0
-2;10100;VEV_5200;106;23;;;;;108;10;109;23;;;107.0;0.0
-2;10100;VEV_5300;52;24;51;26;;;54;19;55;17;;;53.0;0.0
-2;10100;VEV_5400;15;22;;;;;17;24;;;;;16.0;0.0
-2;10100;VEV_5500;5;27;;;;;6;27;;;;;5.5;0.0
-2;10100;VEV_6000;0;19;;;;;1;19;;;;;0.5;0.0
-2;10100;VEV_6500;0;12;;;;;1;12;;;;;0.5;0.0
-2;10200;ASH_COATED_OSMIUM;9994;14;9992;21;;;10010;14;;;;;10002.0;0.0
-2;10200;HYDROGEL_PACK;9977;11;9974;25;;;9993;11;9995;25;;;9985.0;0.0
-2;10200;INTARIAN_PEPPER_ROOT;13013;3;13003;12;13000;23;13017;12;13020;23;;;13015.0;0.0
-2;10200;VELVETFRUIT_EXTRACT;5261;23;5260;72;;;5266;40;5267;45;;;5263.5;0.0
-2;10200;VEV_4000;1255;10;1253;17;;;1277;10;1279;17;;;1266.0;0.0
-2;10200;VEV_4500;740;11;;;;;756;11;757;12;;;748.0;0.0
-2;10200;VEV_5000;268;12;;;;;276;12;;;;;272.0;0.0
-2;10200;VEV_5100;184;13;;;;;189;36;190;13;;;186.5;0.0
-2;10200;VEV_5200;104;18;;;;;108;24;;;;;106.0;0.0
-2;10200;VEV_5300;51;20;;;;;54;19;55;10;;;52.5;0.0
-2;10200;VEV_5400;;;;;;;17;24;;;;;17.0;0.0
-2;10200;VEV_5500;5;27;;;;;6;18;;;;;5.5;0.0
-2;10200;VEV_6000;0;20;;;;;1;20;;;;;0.5;0.0
-2;10200;VEV_6500;0;16;;;;;1;16;;;;;0.5;0.0
-2;10300;ASH_COATED_OSMIUM;9994;15;9992;22;;;10010;15;10013;22;;;10002.0;0.0
-2;10300;HYDROGEL_PACK;9975;11;9973;24;;;9991;11;9994;24;;;9983.0;0.0
-2;10300;INTARIAN_PEPPER_ROOT;13003;11;13000;24;;;13017;11;13021;24;;;13010.0;0.0
-2;10300;VELVETFRUIT_EXTRACT;5259;44;;;;;5265;62;;;;;5262.0;0.0
-2;10300;VEV_4000;1255;7;1253;19;;;1277;7;1279;19;;;1266.0;0.0
-2;10300;VEV_4500;739;8;737;17;;;755;8;756;17;;;747.0;0.0
-2;10300;VEV_5000;;;;;;;275;11;276;14;;;275.0;0.0
-2;10300;VEV_5100;185;24;184;12;;;189;9;;;;;187.0;0.0
-2;10300;VEV_5200;103;29;;;;;106;8;107;16;;;104.5;0.0
-2;10300;VEV_5300;53;24;;;;;55;27;;;;;54.0;0.0
-2;10300;VEV_5400;15;24;;;;;17;27;;;;;16.0;0.0
-2;10300;VEV_5500;5;25;;;;;6;18;;;;;5.5;0.0
-2;10300;VEV_6000;0;19;;;;;1;19;;;;;0.5;0.0
-2;10300;VEV_6500;0;15;;;;;1;15;;;;;0.5;0.0
-2;10400;ASH_COATED_OSMIUM;9992;20;;;;;10010;11;10013;20;;;10001.0;0.0
-2;10400;HYDROGEL_PACK;9977;11;9974;24;;;9995;24;;;;;9986.0;0.0
-2;10400;INTARIAN_PEPPER_ROOT;13003;10;13000;25;;;;;;;;;13003.0;0.0
-2;10400;VELVETFRUIT_EXTRACT;5259;35;;;;;5265;52;;;;;5262.0;0.0
-2;10400;VEV_4000;1256;7;1253;23;;;1277;7;1280;23;;;1266.5;0.0
-2;10400;VEV_4500;740;12;738;12;;;756;12;757;11;758;12;748.0;0.0
-2;10400;VEV_5000;269;8;268;14;;;275;11;;;;;272.0;0.0
-2;10400;VEV_5100;184;23;183;13;;;189;12;;;;;186.5;0.0
-2;10400;VEV_5200;103;28;;;;;;;;;;;103.0;0.0
-2;10400;VEV_5300;52;21;;;;;54;21;;;;;53.0;0.0
-2;10400;VEV_5400;15;21;15;22;;;16;21;17;28;;;15.5;0.0
-2;10400;VEV_5500;5;21;;;;;6;23;;;;;5.5;0.0
-2;10400;VEV_6000;0;30;;;;;1;30;;;;;0.5;0.0
-2;10400;VEV_6500;0;17;;;;;1;17;;;;;0.5;0.0
-2;10500;ASH_COATED_OSMIUM;9994;14;;;;;10010;14;;;;;10002.0;0.0
-2;10500;HYDROGEL_PACK;9976;11;9973;24;;;9992;11;9994;24;;;9984.0;0.0
-2;10500;INTARIAN_PEPPER_ROOT;13003;8;;;;;13018;8;13021;22;;;13010.5;0.0
-2;10500;VELVETFRUIT_EXTRACT;5259;44;;;;;5265;49;5265;21;;;5262.0;0.0
-2;10500;VEV_4000;1257;11;1255;15;;;1279;11;1281;15;;;1268.0;0.0
-2;10500;VEV_4500;740;10;738;18;;;757;12;758;18;;;748.5;0.0
-2;10500;VEV_5000;269;11;268;15;;;275;6;276;22;;;272.0;0.0
-2;10500;VEV_5100;185;27;184;32;;;189;7;190;14;;;187.0;0.0
-2;10500;VEV_5200;105;12;104;26;;;108;22;;;;;106.5;0.0
-2;10500;VEV_5300;52;24;;;;;54;19;;;;;53.0;0.0
-2;10500;VEV_5400;15;27;;;;;17;30;;;;;16.0;0.0
-2;10500;VEV_5500;5;27;;;;;6;19;;;;;5.5;0.0
-2;10500;VEV_6000;0;23;;;;;1;23;;;;;0.5;0.0
-2;10500;VEV_6500;0;14;;;;;1;14;;;;;0.5;0.0
-2;10600;ASH_COATED_OSMIUM;9994;10;9992;21;;;10010;10;10013;21;;;10002.0;0.0
-2;10600;HYDROGEL_PACK;9973;11;9971;26;;;9989;11;9992;26;;;9981.0;0.0
-2;10600;INTARIAN_PEPPER_ROOT;13000;21;;;;;13018;11;13021;21;;;13009.0;0.0
-2;10600;VELVETFRUIT_EXTRACT;5259;30;;;;;5265;41;;;;;5262.0;0.0
-2;10600;VEV_4000;1259;11;1257;15;;;1281;11;1283;15;;;1270.0;0.0
-2;10600;VEV_4500;739;12;737;23;;;755;12;757;23;;;747.0;0.0
-2;10600;VEV_5000;270;26;269;21;;;276;6;277;30;;;273.0;0.0
-2;10600;VEV_5100;184;6;183;12;;;188;18;;;;;186.0;0.0
-2;10600;VEV_5200;105;6;104;25;;;107;12;108;32;;;106.0;0.0
-2;10600;VEV_5300;51;20;;;;;53;10;;;;;52.0;0.0
-2;10600;VEV_5400;16;7;;;;;;;;;;;16.0;0.0
-2;10600;VEV_5500;5;26;;;;;6;19;;;;;5.5;0.0
-2;10600;VEV_6000;0;26;;;;;1;26;;;;;0.5;0.0
-2;10600;VEV_6500;0;20;;;;;1;20;;;;;0.5;0.0
-2;10700;ASH_COATED_OSMIUM;9994;10;;;;;10010;10;10012;29;;;10002.0;0.0
-2;10700;HYDROGEL_PACK;9976;11;9973;30;;;9992;11;9994;30;;;9984.0;0.0
-2;10700;INTARIAN_PEPPER_ROOT;13004;8;13000;22;;;13021;22;;;;;13012.5;0.0
-2;10700;VELVETFRUIT_EXTRACT;5258;51;;;;;5264;59;;;;;5261.0;0.0
-2;10700;VEV_4000;1260;9;1258;22;;;1282;9;1284;22;;;1271.0;0.0
-2;10700;VEV_4500;737;8;735;22;;;753;8;755;22;;;745.0;0.0
-2;10700;VEV_5000;272;10;;;;;278;6;279;19;;;275.0;0.0
-2;10700;VEV_5100;184;6;183;18;;;188;9;189;17;;;186.0;0.0
-2;10700;VEV_5200;;;;;;;;;;;;;0.0;0.0
-2;10700;VEV_5300;51;19;;;;;53;29;54;15;;;52.0;0.0
-2;10700;VEV_5400;16;23;15;26;;;16;18;;;;;16.0;0.0
-2;10700;VEV_5500;5;29;;;;;6;27;;;;;5.5;0.0
-2;10700;VEV_6000;0;27;;;;;1;27;;;;;0.5;0.0
-2;10700;VEV_6500;0;16;;;;;1;16;;;;;0.5;0.0
-2;10800;ASH_COATED_OSMIUM;9994;13;9991;24;;;10010;13;10012;24;;;10002.0;0.0
-2;10800;HYDROGEL_PACK;9976;11;9973;23;;;9992;11;9994;23;;;9984.0;0.0
-2;10800;INTARIAN_PEPPER_ROOT;13004;11;;;;;13018;11;13021;18;;;13011.0;0.0
-2;10800;VELVETFRUIT_EXTRACT;5258;65;;;;;5263;24;5264;34;;;5260.5;0.0
-2;10800;VEV_4000;1261;10;1258;21;;;1282;10;1285;21;;;1271.5;0.0
-2;10800;VEV_4500;733;16;;;;;751;9;752;8;753;16;742.0;0.0
-2;10800;VEV_5000;271;17;;;;;278;11;279;12;;;274.5;0.0
-2;10800;VEV_5100;182;18;;;;;187;31;188;17;;;184.5;0.0
-2;10800;VEV_5200;104;24;;;;;107;8;108;27;;;105.5;0.0
-2;10800;VEV_5300;51;28;;;;;;;;;;;51.0;0.0
-2;10800;VEV_5400;;;;;;;17;21;;;;;17.0;0.0
-2;10800;VEV_5500;5;24;;;;;6;23;;;;;5.5;0.0
-2;10800;VEV_6000;0;25;;;;;1;25;;;;;0.5;0.0
-2;10800;VEV_6500;0;20;;;;;1;20;;;;;0.5;0.0
-2;10900;ASH_COATED_OSMIUM;9993;12;9991;26;;;10002;3;10009;12;;;9997.5;0.0
-2;10900;HYDROGEL_PACK;9974;10;9972;29;;;9990;10;9993;29;;;9982.0;0.0
-2;10900;INTARIAN_PEPPER_ROOT;13004;12;13001;21;;;13018;12;13021;21;;;13011.0;0.0
-2;10900;VELVETFRUIT_EXTRACT;5259;63;5259;16;;;5264;16;5265;58;;;5261.5;0.0
-2;10900;VEV_4000;1261;11;1259;17;;;1282;11;1285;17;;;1271.5;0.0
-2;10900;VEV_4500;735;9;733;24;;;751;9;753;24;;;743.0;0.0
-2;10900;VEV_5000;272;9;271;15;;;278;23;279;17;;;275.0;0.0
-2;10900;VEV_5100;183;20;182;17;;;187;24;188;13;;;185.0;0.0
-2;10900;VEV_5200;103;19;;;;;;;;;;;103.0;0.0
-2;10900;VEV_5300;52;18;51;11;;;54;16;;;;;53.0;0.0
-2;10900;VEV_5400;;;;;;;17;21;;;;;17.0;0.0
-2;10900;VEV_5500;5;23;;;;;6;27;;;;;5.5;0.0
-2;10900;VEV_6000;0;17;;;;;1;17;;;;;0.5;0.0
-2;10900;VEV_6500;0;16;;;;;1;16;;;;;0.5;0.0
-2;11000;ASH_COATED_OSMIUM;9993;13;9990;20;;;10009;13;10011;20;;;10001.0;0.0
-2;11000;HYDROGEL_PACK;9972;15;9970;24;;;9988;15;9991;24;;;9980.0;0.0
-2;11000;INTARIAN_PEPPER_ROOT;13004;12;13001;17;;;13018;12;13021;17;;;13011.0;0.0
-2;11000;VELVETFRUIT_EXTRACT;5259;42;;;;;5264;15;5265;71;;;5261.5;0.0
-2;11000;VEV_4000;1260;11;1257;22;;;1281;11;1284;22;;;1270.5;0.0
-2;11000;VEV_4500;735;12;733;17;;;753;17;;;;;744.0;0.0
-2;11000;VEV_5000;270;26;;;;;276;6;277;25;;;273.0;0.0
-2;11000;VEV_5100;182;7;;;;;186;27;187;27;;;184.0;0.0
-2;11000;VEV_5200;105;20;104;26;;;108;16;;;;;106.5;0.0
-2;11000;VEV_5300;52;24;;;;;;;;;;;52.0;0.0
-2;11000;VEV_5400;15;30;;;;;16;23;;;;;15.5;0.0
-2;11000;VEV_5500;5;25;;;;;6;30;;;;;5.5;0.0
-2;11000;VEV_6000;0;25;;;;;1;25;;;;;0.5;0.0
-2;11000;VEV_6500;0;13;;;;;1;13;;;;;0.5;0.0
-2;11100;ASH_COATED_OSMIUM;9993;13;;;;;10009;13;10011;23;;;10001.0;0.0
-2;11100;HYDROGEL_PACK;9974;15;9972;26;;;9990;15;9993;26;;;9982.0;0.0
-2;11100;INTARIAN_PEPPER_ROOT;13004;9;13001;18;;;13018;9;13021;18;;;13011.0;0.0
-2;11100;VELVETFRUIT_EXTRACT;5258;17;;;;;5264;50;;;;;5261.0;0.0
-2;11100;VEV_4000;1261;12;1259;20;;;1283;12;1285;20;;;1272.0;0.0
-2;11100;VEV_4500;734;18;;;;;752;6;753;18;;;743.0;0.0
-2;11100;VEV_5000;270;8;269;24;;;276;6;277;24;;;273.0;0.0
-2;11100;VEV_5100;183;8;182;14;;;187;10;188;19;;;185.0;0.0
-2;11100;VEV_5200;104;16;;;;;107;24;108;26;;;105.5;0.0
-2;11100;VEV_5300;52;29;;;;;54;24;55;21;;;53.0;0.0
-2;11100;VEV_5400;15;21;;;;;17;28;;;;;16.0;0.0
-2;11100;VEV_5500;5;16;;;;;6;21;;;;;5.5;0.0
-2;11100;VEV_6000;0;27;;;;;1;27;;;;;0.5;0.0
-2;11100;VEV_6500;0;16;;;;;1;16;;;;;0.5;0.0
-2;11200;ASH_COATED_OSMIUM;9993;12;9991;27;;;10012;27;;;;;10002.5;0.0
-2;11200;HYDROGEL_PACK;9973;22;;;;;9991;10;9994;22;;;9982.0;0.0
-2;11200;INTARIAN_PEPPER_ROOT;13004;11;13001;23;;;13018;11;13021;23;;;13011.0;0.0
-2;11200;VELVETFRUIT_EXTRACT;5256;15;;;;;5262;67;;;;;5259.0;0.0
-2;11200;VEV_4000;1260;8;1258;29;;;1282;8;1284;29;;;1271.0;0.0
-2;11200;VEV_4500;734;8;;;;;750;8;752;17;;;742.0;0.0
-2;11200;VEV_5000;269;6;268;14;;;275;18;276;13;;;272.0;0.0
-2;11200;VEV_5100;183;27;182;28;;;188;33;;;;;185.5;0.0
-2;11200;VEV_5200;105;8;104;31;;;108;25;;;;;106.5;0.0
-2;11200;VEV_5300;52;19;;;;;54;23;;;;;53.0;0.0
-2;11200;VEV_5400;16;19;;;;;18;18;;;;;17.0;0.0
-2;11200;VEV_5500;5;27;;;;;6;19;;;;;5.5;0.0
-2;11200;VEV_6000;0;26;;;;;1;26;;;;;0.5;0.0
-2;11200;VEV_6500;0;14;;;;;1;14;;;;;0.5;0.0
-2;11300;ASH_COATED_OSMIUM;9993;12;;;;;10009;12;10012;25;;;10001.0;0.0
-2;11300;HYDROGEL_PACK;9973;11;9971;24;;;9989;11;9991;24;;;9981.0;0.0
-2;11300;INTARIAN_PEPPER_ROOT;13001;25;;;;;13018;11;13022;25;;;13009.5;0.0
-2;11300;VELVETFRUIT_EXTRACT;5257;21;5256;52;;;5262;16;;;;;5259.5;0.0
-2;11300;VEV_4000;1261;14;1258;20;;;1282;14;1285;20;;;1271.5;0.0
-2;11300;VEV_4500;735;11;733;16;;;751;11;752;16;752;10;743.0;0.0
-2;11300;VEV_5000;269;29;;;;;276;9;277;13;;;272.5;0.0
-2;11300;VEV_5100;182;10;181;15;;;187;14;;;;;184.5;0.0
-2;11300;VEV_5200;105;8;104;29;;;107;26;;;;;106.0;0.0
-2;11300;VEV_5300;53;21;;;;;55;29;;;;;54.0;0.0
-2;11300;VEV_5400;16;26;;;;;18;27;;;;;17.0;0.0
-2;11300;VEV_5500;5;26;;;;;6;21;;;;;5.5;0.0
-2;11300;VEV_6000;0;17;;;;;1;17;;;;;0.5;0.0
-2;11300;VEV_6500;0;19;;;;;1;19;;;;;0.5;0.0
-2;11400;ASH_COATED_OSMIUM;9991;24;;;;;10009;14;10012;24;;;10000.0;0.0
-2;11400;HYDROGEL_PACK;9972;11;9969;25;;;9988;11;9990;25;;;9980.0;0.0
-2;11400;INTARIAN_PEPPER_ROOT;13004;10;13001;22;;;13022;22;;;;;13013.0;0.0
-2;11400;VELVETFRUIT_EXTRACT;5257;22;5256;74;;;5262;54;;;;;5259.5;0.0
-2;11400;VEV_4000;1262;13;1259;29;;;1283;13;1286;29;;;1272.5;0.0
-2;11400;VEV_4500;735;12;733;17;;;753;17;;;;;744.0;0.0
-2;11400;VEV_5000;270;10;269;13;;;276;12;277;12;;;273.0;0.0
-2;11400;VEV_5100;183;10;182;13;;;187;12;188;24;;;185.0;0.0
-2;11400;VEV_5200;105;33;104;29;;;;;;;;;105.0;0.0
-2;11400;VEV_5300;52;23;51;11;;;54;5;;;;;53.0;0.0
-2;11400;VEV_5400;15;23;;;;;16;23;17;21;;;15.5;0.0
-2;11400;VEV_5500;5;24;;;;;6;25;;;;;5.5;0.0
-2;11400;VEV_6000;0;20;;;;;1;20;;;;;0.5;0.0
-2;11400;VEV_6500;0;17;;;;;1;17;;;;;0.5;0.0
-2;11500;ASH_COATED_OSMIUM;9993;13;9991;21;;;10012;21;;;;;10002.5;0.0
-2;11500;HYDROGEL_PACK;9972;10;9970;23;;;9988;10;9991;23;;;9980.0;0.0
-2;11500;INTARIAN_PEPPER_ROOT;13004;9;13001;21;;;13019;9;;;;;13011.5;0.0
-2;11500;VELVETFRUIT_EXTRACT;5257;25;;;;;5262;16;5263;60;;;5259.5;0.0
-2;11500;VEV_4000;1261;7;1258;21;;;1282;7;1285;21;;;1271.5;0.0
-2;11500;VEV_4500;735;7;733;22;;;751;7;752;10;753;22;743.0;0.0
-2;11500;VEV_5000;270;27;269;29;;;276;7;277;18;;;273.0;0.0
-2;11500;VEV_5100;184;9;183;14;;;188;31;189;21;;;186.0;0.0
-2;11500;VEV_5200;;;;;;;106;9;107;25;;;106.0;0.0
-2;11500;VEV_5300;52;6;;;;;54;25;;;;;53.0;0.0
-2;11500;VEV_5400;15;21;;;;;16;18;17;26;;;15.5;0.0
-2;11500;VEV_5500;5;21;;;;;6;18;;;;;5.5;0.0
-2;11500;VEV_6000;0;23;;;;;1;23;;;;;0.5;0.0
-2;11500;VEV_6500;0;14;;;;;1;14;;;;;0.5;0.0
-2;11600;ASH_COATED_OSMIUM;9994;11;;;;;10010;11;10012;20;;;10002.0;0.0
-2;11600;HYDROGEL_PACK;9971;10;9968;26;;;9987;10;9989;26;;;9979.0;0.0
-2;11600;INTARIAN_PEPPER_ROOT;13005;11;13001;19;;;13019;11;13022;19;;;13012.0;0.0
-2;11600;VELVETFRUIT_EXTRACT;5256;23;5255;22;;;5260;23;5261;47;;;5258.0;0.0
-2;11600;VEV_4000;1259;9;1257;21;;;1281;9;1283;21;;;1270.0;0.0
-2;11600;VEV_4500;736;12;735;8;734;23;752;12;754;23;;;744.0;0.0
-2;11600;VEV_5000;270;17;;;;;277;27;278;19;;;273.5;0.0
-2;11600;VEV_5100;186;11;185;34;;;190;12;;;;;188.0;0.0
-2;11600;VEV_5200;104;7;103;19;;;107;19;;;;;105.5;0.0
-2;11600;VEV_5300;52;29;;;;;54;29;;;;;53.0;0.0
-2;11600;VEV_5400;16;20;15;20;;;17;21;;;;;16.5;0.0
-2;11600;VEV_5500;5;25;;;;;6;25;;;;;5.5;0.0
-2;11600;VEV_6000;0;20;;;;;1;20;;;;;0.5;0.0
-2;11600;VEV_6500;0;11;;;;;1;11;;;;;0.5;0.0
-2;11700;ASH_COATED_OSMIUM;9993;12;9991;30;;;10009;12;;;;;10001.0;0.0
-2;11700;HYDROGEL_PACK;9975;13;9973;30;;;9991;13;9994;30;;;9983.0;0.0
-2;11700;INTARIAN_PEPPER_ROOT;13001;20;;;;;13019;12;;;;;13010.0;0.0
-2;11700;VELVETFRUIT_EXTRACT;5254;32;;;;;5259;24;5260;31;;;5256.5;0.0
-2;11700;VEV_4000;1260;12;1257;21;;;1281;12;1283;21;;;1270.5;0.0
-2;11700;VEV_4500;734;8;732;18;;;752;18;;;;;743.0;0.0
-2;11700;VEV_5000;271;7;270;16;;;277;10;278;22;;;274.0;0.0
-2;11700;VEV_5100;186;27;;;;;190;12;191;13;;;188.0;0.0
-2;11700;VEV_5200;104;19;103;32;;;107;26;;;;;105.5;0.0
-2;11700;VEV_5300;52;26;51;19;;;54;20;;;;;53.0;0.0
-2;11700;VEV_5400;16;24;;;;;;;;;;;16.0;0.0
-2;11700;VEV_5500;5;25;;;;;6;28;;;;;5.5;0.0
-2;11700;VEV_6000;0;21;;;;;1;21;;;;;0.5;0.0
-2;11700;VEV_6500;0;19;;;;;1;19;;;;;0.5;0.0
-2;11800;ASH_COATED_OSMIUM;;;;;;;10010;13;10012;30;;;10010.0;0.0
-2;11800;HYDROGEL_PACK;9976;14;9973;23;;;9992;14;9994;23;;;9984.0;0.0
-2;11800;INTARIAN_PEPPER_ROOT;13005;11;13002;19;;;13022;19;;;;;13013.5;0.0
-2;11800;VELVETFRUIT_EXTRACT;5255;24;5254;40;;;5259;24;5260;51;;;5257.0;0.0
-2;11800;VEV_4000;1259;10;1257;27;;;1281;10;1283;27;;;1270.0;0.0
-2;11800;VEV_4500;735;10;733;15;;;751;10;752;15;;;743.0;0.0
-2;11800;VEV_5000;271;7;270;14;;;277;11;278;14;;;274.0;0.0
-2;11800;VEV_5100;187;12;186;16;;;191;11;192;13;;;189.0;0.0
-2;11800;VEV_5200;102;13;;;;;105;8;106;20;;;103.5;0.0
-2;11800;VEV_5300;52;21;51;19;;;54;29;;;;;53.0;0.0
-2;11800;VEV_5400;16;24;;;;;;;;;;;16.0;0.0
-2;11800;VEV_5500;5;17;;;;;6;20;;;;;5.5;0.0
-2;11800;VEV_6000;0;24;;;;;1;24;;;;;0.5;0.0
-2;11800;VEV_6500;0;15;;;;;1;15;;;;;0.5;0.0
-2;11900;ASH_COATED_OSMIUM;9994;13;9992;30;;;10013;30;;;;;10003.5;0.0
-2;11900;HYDROGEL_PACK;9975;10;9972;23;;;9991;10;9993;23;;;9983.0;0.0
-2;11900;INTARIAN_PEPPER_ROOT;13005;10;13002;17;;;13019;10;13022;17;;;13012.0;0.0
-2;11900;VELVETFRUIT_EXTRACT;5256;16;;;;;5261;24;5262;46;;;5258.5;0.0
-2;11900;VEV_4000;1259;10;1257;30;;;1281;10;1283;30;;;1270.0;0.0
-2;11900;VEV_4500;733;8;731;19;;;749;8;751;19;;;741.0;0.0
-2;11900;VEV_5000;272;8;271;17;;;278;28;279;22;;;275.0;0.0
-2;11900;VEV_5100;187;24;;;;;191;11;192;24;;;189.0;0.0
-2;11900;VEV_5200;;;;;;;105;6;106;32;;;105.0;0.0
-2;11900;VEV_5300;52;23;;;;;54;22;;;;;53.0;0.0
-2;11900;VEV_5400;16;22;16;27;;;;;;;;;16.0;0.0
-2;11900;VEV_5500;5;23;;;;;6;22;;;;;5.5;0.0
-2;11900;VEV_6000;0;22;;;;;1;22;;;;;0.5;0.0
-2;11900;VEV_6500;0;19;;;;;1;19;;;;;0.5;0.0
-2;12000;ASH_COATED_OSMIUM;9994;15;9992;22;;;10010;15;10013;22;;;10002.0;0.0
-2;12000;HYDROGEL_PACK;9973;13;9970;24;;;9989;13;9991;24;;;9981.0;0.0
-2;12000;INTARIAN_PEPPER_ROOT;13005;9;13002;17;;;13022;17;;;;;13013.5;0.0
-2;12000;VELVETFRUIT_EXTRACT;5256;31;;;;;5261;15;5262;37;;;5258.5;0.0
-2;12000;VEV_4000;1260;10;1257;24;;;1281;10;1283;24;;;1270.5;0.0
-2;12000;VEV_4500;732;7;730;17;;;748;7;750;17;;;740.0;0.0
-2;12000;VEV_5000;272;8;271;24;;;278;33;279;30;;;275.0;0.0
-2;12000;VEV_5100;187;9;186;12;;;192;14;;;;;189.5;0.0
-2;12000;VEV_5200;103;22;;;;;107;26;;;;;105.0;0.0
-2;12000;VEV_5300;51;9;;;;;53;15;;;;;52.0;0.0
-2;12000;VEV_5400;16;18;;;;;18;25;;;;;17.0;0.0
-2;12000;VEV_5500;5;27;;;;;6;22;;;;;5.5;0.0
-2;12000;VEV_6000;0;18;;;;;1;18;;;;;0.5;0.0
-2;12000;VEV_6500;0;10;;;;;1;10;;;;;0.5;0.0
-2;12100;ASH_COATED_OSMIUM;9992;26;;;;;10010;14;10013;26;;;10001.0;0.0
-2;12100;HYDROGEL_PACK;9976;14;9973;26;;;9992;14;9994;26;;;9984.0;0.0
-2;12100;INTARIAN_PEPPER_ROOT;13005;11;;;;;13022;16;;;;;13013.5;0.0
-2;12100;VELVETFRUIT_EXTRACT;5257;18;5256;58;;;5262;33;;;;;5259.5;0.0
-2;12100;VEV_4000;1260;13;1258;27;;;1282;13;1284;27;;;1271.0;0.0
-2;12100;VEV_4500;733;9;731;14;;;749;9;751;14;;;741.0;0.0
-2;12100;VEV_5000;272;10;271;22;;;278;11;279;21;;;275.0;0.0
-2;12100;VEV_5100;187;35;186;18;;;191;11;192;30;;;189.0;0.0
-2;12100;VEV_5200;104;23;103;27;;;107;35;;;;;105.5;0.0
-2;12100;VEV_5300;52;23;51;11;;;54;14;54;26;;;53.0;0.0
-2;12100;VEV_5400;16;23;;;;;17;27;18;16;;;16.5;0.0
-2;12100;VEV_5500;5;25;;;;;6;21;;;;;5.5;0.0
-2;12100;VEV_6000;0;26;;;;;1;26;;;;;0.5;0.0
-2;12100;VEV_6500;0;14;;;;;1;14;;;;;0.5;0.0
-2;12200;ASH_COATED_OSMIUM;9994;14;9992;23;;;10010;14;10013;23;;;10002.0;0.0
-2;12200;HYDROGEL_PACK;9975;15;9972;25;;;9991;15;9993;25;;;9983.0;0.0
-2;12200;INTARIAN_PEPPER_ROOT;13005;10;13002;15;;;13019;10;13022;15;;;13012.0;0.0
-2;12200;VELVETFRUIT_EXTRACT;5255;50;;;;;5261;70;;;;;5258.0;0.0
-2;12200;VEV_4000;1260;13;1258;18;;;1282;13;1284;18;;;1271.0;0.0
-2;12200;VEV_4500;733;9;731;14;;;749;9;751;14;;;741.0;0.0
-2;12200;VEV_5000;272;11;271;12;;;278;8;279;18;;;275.0;0.0
-2;12200;VEV_5100;188;28;187;27;;;192;10;193;16;;;190.0;0.0
-2;12200;VEV_5200;104;29;103;23;;;107;31;;;;;105.5;0.0
-2;12200;VEV_5300;52;26;;;;;54;22;;;;;53.0;0.0
-2;12200;VEV_5400;16;24;;;;;18;23;;;;;17.0;0.0
-2;12200;VEV_5500;5;26;;;;;6;22;;;;;5.5;0.0
-2;12200;VEV_6000;0;24;;;;;1;24;;;;;0.5;0.0
-2;12200;VEV_6500;0;14;;;;;1;14;;;;;0.5;0.0
-2;12300;ASH_COATED_OSMIUM;9994;13;9991;27;;;10010;13;10012;27;;;10002.0;0.0
-2;12300;HYDROGEL_PACK;9976;11;9974;27;;;9992;11;9995;27;;;9984.0;0.0
-2;12300;INTARIAN_PEPPER_ROOT;13002;24;;;;;13019;12;13023;24;;;13010.5;0.0
-2;12300;VELVETFRUIT_EXTRACT;5255;18;5254;39;;;5260;60;;;;;5257.5;0.0
-2;12300;VEV_4000;1259;8;1257;27;;;1281;8;1283;27;;;1270.0;0.0
-2;12300;VEV_4500;734;11;732;15;;;750;11;751;15;751;10;742.0;0.0
-2;12300;VEV_5000;270;12;269;22;;;276;30;;;;;273.0;0.0
-2;12300;VEV_5100;187;8;;;;;192;22;;;;;189.5;0.0
-2;12300;VEV_5200;103;13;;;;;106;10;107;24;;;104.5;0.0
-2;12300;VEV_5300;52;27;;;;;;;;;;;52.0;0.0
-2;12300;VEV_5400;;;;;;;16;27;17;20;;;16.0;0.0
-2;12300;VEV_5500;5;21;;;;;6;17;;;;;5.5;0.0
-2;12300;VEV_6000;0;29;;;;;1;29;;;;;0.5;0.0
-2;12300;VEV_6500;0;18;;;;;1;18;;;;;0.5;0.0
-2;12400;ASH_COATED_OSMIUM;9994;11;9991;26;;;10010;11;;;;;10002.0;0.0
-2;12400;HYDROGEL_PACK;9977;12;9974;26;;;9993;12;9995;26;;;9985.0;0.0
-2;12400;INTARIAN_PEPPER_ROOT;13005;12;;;;;13019;12;13023;24;;;13012.0;0.0
-2;12400;VELVETFRUIT_EXTRACT;5254;60;;;;;5259;21;5260;72;;;5256.5;0.0
-2;12400;VEV_4000;1260;13;1258;25;;;1281;13;1284;25;;;1270.5;0.0
-2;12400;VEV_4500;733;7;731;16;;;749;7;751;16;;;741.0;0.0
-2;12400;VEV_5000;271;6;;;;;277;9;278;24;;;274.0;0.0
-2;12400;VEV_5100;185;12;;;;;190;29;;;;;187.5;0.0
-2;12400;VEV_5200;103;16;;;;;106;7;107;17;;;104.5;0.0
-2;12400;VEV_5300;51;21;50;19;;;53;24;;;;;52.0;0.0
-2;12400;VEV_5400;16;24;15;16;;;16;20;17;20;;;16.0;0.0
-2;12400;VEV_5500;5;18;;;;;6;24;;;;;5.5;0.0
-2;12400;VEV_6000;0;25;;;;;1;25;;;;;0.5;0.0
-2;12400;VEV_6500;0;14;;;;;1;14;;;;;0.5;0.0
-2;12500;ASH_COATED_OSMIUM;9993;15;9991;24;;;10012;24;;;;;10002.5;0.0
-2;12500;HYDROGEL_PACK;9977;13;9975;25;;;9993;13;9996;25;;;9985.0;0.0
-2;12500;INTARIAN_PEPPER_ROOT;13005;9;;;;;13020;9;13023;19;;;13012.5;0.0
-2;12500;VELVETFRUIT_EXTRACT;5254;22;5253;67;;;5259;56;5260;45;;;5256.5;0.0
-2;12500;VEV_4000;1259;12;1256;22;;;1280;12;1283;22;;;1269.5;0.0
-2;12500;VEV_4500;734;12;733;9;732;19;750;12;751;9;752;19;742.0;0.0
-2;12500;VEV_5000;269;24;;;;;276;10;277;16;;;272.5;0.0
-2;12500;VEV_5100;187;11;;;;;191;12;192;21;;;189.0;0.0
-2;12500;VEV_5200;102;17;;;;;105;12;106;22;;;103.5;0.0
-2;12500;VEV_5300;51;20;50;25;;;53;24;;;;;52.0;0.0
-2;12500;VEV_5400;16;21;16;22;;;17;17;18;21;;;16.5;0.0
-2;12500;VEV_5500;5;28;;;;;6;27;;;;;5.5;0.0
-2;12500;VEV_6000;0;24;;;;;1;24;;;;;0.5;0.0
-2;12500;VEV_6500;0;13;;;;;1;13;;;;;0.5;0.0
-2;12600;ASH_COATED_OSMIUM;9993;14;;;;;10012;25;;;;;10002.5;0.0
-2;12600;HYDROGEL_PACK;9979;10;9977;25;;;9995;10;9997;25;;;9987.0;0.0
-2;12600;INTARIAN_PEPPER_ROOT;13006;11;13002;25;;;13023;25;;;;;13014.5;0.0
