timestamp;buyer;seller;symbol;currency;price;quantity
0;BOT_TAKER;BOT_MAKER;HYDROGEL_PACK;XIRECS;9987.0;3
0;SUBMISSION;BOT;INTARIAN_PEPPER_ROOT;XIRECS;13007.0;12
100;BOT_TAKER;BOT_MAKER;VELVETFRUIT_EXTRACT;XIRECS;5266.0;7
100;BOT_MAKER;BOT_TAKER;VEV_5500;XIRECS;6.0;2
100;SUBMISSION;BOT;INTARIAN_PEPPER_ROOT;XIRECS;13007.0;11
200;BOT_MAKER;BOT_TAKER;VELVETFRUIT_EXTRACT;XIRECS;5261.0;10
200;BOT_MAKER;BOT_TAKER;VEV_4000;XIRECS;1253.0;2
200;SUBMISSION;BOT;INTARIAN_PEPPER_ROOT;XIRECS;13007.0;8
200;BOT_TAKER;SUBMISSION;HYDROGEL_PACK;XIRECS;9990.0;4
300;BOT_TAKER;BOT_MAKER;HYDROGEL_PACK;XIRECS;9995.0;4
300;SUBMISSION;BOT;INTARIAN_PEPPER_ROOT;XIRECS;13002.0;7
300;SUBMISSION;BOT;INTARIAN_PEPPER_ROOT;XIRECS;13007.0;9
300;SUBMISSION;BOT;INTARIAN_PEPPER_ROOT;XIRECS;13011.0;15
400;BOT_TAKER;BOT_MAKER;HYDROGEL_PACK;XIRECS;9997.0;6
400;BOT_TAKER;BOT_MAKER;VEV_6000;XIRECS;1.0;2
400;SUBMISSION;BOT;INTARIAN_PEPPER_ROOT;XIRECS;13007.0;10
500;BOT_TAKER;BOT_MAKER;HYDROGEL_PACK;XIRECS;9997.0;2
500;BOT_TAKER;BOT_MAKER;VELVETFRUIT_EXTRACT;XIRECS;5267.0;5
500;SUBMISSION;BOT;INTARIAN_PEPPER_ROOT;XIRECS;13008.0;8
600;BOT_MAKER;BOT_TAKER;VELVETFRUIT_EXTRACT;XIRECS;5262.0;7
600;SUBMISSION;BOT_TAKER;ASH_COATED_OSMIUM;XIRECS;9990.0;9
700;BOT_MAKER;BOT_TAKER;VELVETFRUIT_EXTRACT;XIRECS;5261.0;7
700;BOT_MAKER;BOT_TAKER;VEV_5400;XIRECS;15.0;2
700;BOT_TAKER;SUBMISSION;HYDROGEL_PACK;XIRECS;9996.0;3
800;SUBMISSION;BOT_TAKER;VELVETFRUIT_EXTRACT;XIRECS;5263.0;5
800;BOT_MAKER;BOT_TAKER;VELVETFRUIT_EXTRACT;XIRECS;5262.0;2
900;BOT_MAKER;BOT_TAKER;VELVETFRUIT_EXTRACT;XIRECS;5263.0;3
1200;BOT_TAKER;BOT_MAKER;HYDROGEL_PACK;XIRECS;10000.0;6
1200;BOT_MAKER;BOT_TAKER;VEV_6000;XIRECS;0.0;4
1200;BOT_MAKER;BOT_TAKER;VEV_6500;XIRECS;0.0;3
1300;BOT_MAKER;BOT_TAKER;HYDROGEL_PACK;XIRECS;9988.0;3
1400;BOT_TAKER;BOT_MAKER;HYDROGEL_PACK;XIRECS;10009.0;2
1400;BOT_MAKER;BOT_TAKER;VELVETFRUIT_EXTRACT;XIRECS;5263.0;8
1500;BOT_TAKER;BOT_MAKER;HYDROGEL_PACK;XIRECS;10007.0;2
1500;BOT_MAKER;BOT_TAKER;VELVETFRUIT_EXTRACT;XIRECS;5263.0;6
1500;BOT_TAKER;SUBMISSION;HYDROGEL_PACK;XIRECS;10006.0;5
1600;BOT_MAKER;BOT_TAKER;VELVETFRUIT_EXTRACT;XIRECS;5264.0;6
1600;BOT_MAKER;BOT_TAKER;VEV_5400;XIRECS;16.0;2
1800;BOT_MAKER;BOT_TAKER;HYDROGEL_PACK;XIRECS;9989.0;5
1800;BOT_TAKER;BOT_MAKER;VEV_4000;XIRECS;1278.0;2
1900;BOT_MAKER;BOT_TAKER;VELVETFRUIT_EXTRACT;XIRECS;5265.0;5
1900;BOT_MAKER;BOT_TAKER;VEV_4000;XIRECS;1256.0;2
2000;BOT_MAKER;BOT_TAKER;VELVETFRUIT_EXTRACT;XIRECS;5267.0;9
2000;BOT_MAKER;BOT_TAKER;VEV_4000;XIRECS;1255.0;2
2300;BOT_TAKER;BOT_MAKER;VELVETFRUIT_EXTRACT;XIRECS;5273.0;9
2300;SUBMISSION;BOT_TAKER;ASH_COATED_OSMIUM;XIRECS;9995.0;2
2500;BOT_TAKER;BOT_MAKER;VEV_4000;XIRECS;1279.0;2
2600;BOT_MAKER;BOT_TAKER;HYDROGEL_PACK;XIRECS;9995.0;4
2600;BOT_MAKER;BOT_TAKER;VELVETFRUIT_EXTRACT;XIRECS;5263.0;7
2700;BOT_TAKER;BOT_MAKER;VELVETFRUIT_EXTRACT;XIRECS;5269.0;7
2800;BOT_MAKER;BOT_TAKER;VEV_4000;XIRECS;1255.0;2
2800;BOT_MAKER;BOT_TAKER;VEV_6500;XIRECS;0.0;2
2800;SUBMISSION;BOT_TAKER;VELVETFRUIT_EXTRACT;XIRECS;5264.0;5
2800;BOT_MAKER;BOT_TAKER;VELVETFRUIT_EXTRACT;XIRECS;5263.0;2
3000;BOT_MAKER;BOT_TAKER;VELVETFRUIT_EXTRACT;XIRECS;5264.0;5
3100;SUBMISSION;BOT_TAKER;ASH_COATED_OSMIUM;XIRECS;9995.0;6
3200;BOT_MAKER;BOT_TAKER;HYDROGEL_PACK;XIRECS;9993.0;5
3400;BOT_TAKER;BOT_MAKER;HYDROGEL_PACK;XIRECS;10008.0;5
3400;SUBMISSION;BOT_TAKER;VELVETFRUIT_EXTRACT;XIRECS;5266.0;3
3500;BOT_MAKER;BOT_TAKER;HYDROGEL_PACK;XIRECS;9992.0;3
3500;BOT_MAKER;BOT_TAKER;VELVETFRUIT_EXTRACT;XIRECS;5264.0;6
3600;BOT_MAKER;BOT_TAKER;VELVETFRUIT_EXTRACT;XIRECS;5266.0;8
3600;BOT_TAKER;SUBMISSION;HYDROGEL_PACK;XIRECS;10006.0;2
3800;BOT_TAKER;BOT_MAKER;ASH_COATED_OSMIUM;XIRECS;10011.0;6
3800;BOT_TAKER;BOT_MAKER;HYDROGEL_PACK;XIRECS;10011.0;6
3800;BOT_TAKER;BOT_MAKER;VELVETFRUIT_EXTRACT;XIRECS;5270.0;8
3800;BOT_MAKER;BOT_TAKER;VEV_5400;XIRECS;15.0;3
3900;BOT_TAKER;BOT_MAKER;VELVETFRUIT_EXTRACT;XIRECS;5269.0;8
3900;BOT_MAKER;BOT_TAKER;VEV_6500;XIRECS;0.0;3
4000;BOT_TAKER;BOT_MAKER;VELVETFRUIT_EXTRACT;XIRECS;5270.0;3
4000;BOT_MAKER;BOT_TAKER;VEV_6000;XIRECS;0.0;5
4100;BOT_TAKER;BOT_MAKER;VELVETFRUIT_EXTRACT;XIRECS;5272.0;5
4200;BOT_TAKER;BOT_MAKER;VEV_5300;XIRECS;54.0;2
4200;BOT_MAKER;BOT_TAKER;VEV_6000;XIRECS;0.0;4
4200;SUBMISSION;BOT_TAKER;VELVETFRUIT_EXTRACT;XIRECS;5267.0;3
4300;BOT_MAKER;BOT_TAKER;INTARIAN_PEPPER_ROOT;XIRECS;12997.0;7
4400;BOT_MAKER;BOT_TAKER;VEV_4000;XIRECS;1260.0;1
4500;BOT_TAKER;BOT_MAKER;HYDROGEL_PACK;XIRECS;10016.0;3
4500;BOT_MAKER;BOT_TAKER;VEV_5500;XIRECS;5.0;3
4500;BOT_MAKER;BOT_TAKER;VEV_6500;XIRECS;0.0;5
4500;BOT;SUBMISSION;ASH_COATED_OSMIUM;XIRECS;10004.0;4
4600;BOT_TAKER;BOT_MAKER;VELVETFRUIT_EXTRACT;XIRECS;5271.0;14
4600;BOT_TAKER;BOT_MAKER;VEV_4000;XIRECS;1280.0;1
4600;SUBMISSION;BOT_TAKER;VELVETFRUIT_EXTRACT;XIRECS;5266.0;5
4600;BOT_MAKER;BOT_TAKER;VELVETFRUIT_EXTRACT;XIRECS;5265.0;3
4800;BOT_MAKER;BOT_TAKER;VEV_5500;XIRECS;5.0;3
4900;BOT_MAKER;BOT_TAKER;VELVETFRUIT_EXTRACT;XIRECS;5265.0;7
4900;BOT_TAKER;SUBMISSION;HYDROGEL_PACK;XIRECS;10008.0;5
4900;BOT_TAKER;BOT_MAKER;HYDROGEL_PACK;XIRECS;10009.0;1
5100;BOT_MAKER;BOT_TAKER;VELVETFRUIT_EXTRACT;XIRECS;5267.0;4
5200;BOT_TAKER;BOT_MAKER;VEV_6000;XIRECS;1.0;4
5200;BOT_TAKER;SUBMISSION;ASH_COATED_OSMIUM;XIRECS;10010.0;4
5300;BOT_MAKER;BOT_TAKER;VEV_4000;XIRECS;1254.0;2
5400;BOT_MAKER;BOT_TAKER;VELVETFRUIT_EXTRACT;XIRECS;5265.0;7
5600;BOT_MAKER;BOT_TAKER;HYDROGEL_PACK;XIRECS;9982.0;4
5600;BOT_MAKER;BOT_TAKER;VELVETFRUIT_EXTRACT;XIRECS;5264.0;7
5700;BOT_TAKER;BOT_MAKER;HYDROGEL_PACK;XIRECS;9998.0;3
5700;BOT_MAKER;BOT_TAKER;VELVETFRUIT_EXTRACT;XIRECS;5263.0;4
5800;BOT_TAKER;BOT_MAKER;HYDROGEL_PACK;XIRECS;9997.0;4
5800;BOT_TAKER;SUBMISSION;HYDROGEL_PACK;XIRECS;9996.0;4
5900;BOT_TAKER;BOT_MAKER;HYDROGEL_PACK;XIRECS;9998.0;4
5900;BOT_TAKER;BOT_MAKER;VELVETFRUIT_EXTRACT;XIRECS;5268.0;8
5900;BOT_TAKER;BOT_MAKER;VEV_6500;XIRECS;1.0;2
5900;SUBMISSION;BOT_TAKER;VELVETFRUIT_EXTRACT;XIRECS;5264.0;4
6000;BOT_TAKER;BOT_MAKER;VEV_6500;XIRECS;1.0;4
6100;BOT_MAKER;BOT_TAKER;HYDROGEL_PACK;XIRECS;9983.0;6
6200;BOT_MAKER;BOT_TAKER;ASH_COATED_OSMIUM;XIRECS;9995.0;8
6400;BOT_TAKER;BOT_MAKER;VELVETFRUIT_EXTRACT;XIRECS;5266.0;7
6500;BOT_TAKER;BOT_MAKER;VELVETFRUIT_EXTRACT;XIRECS;5263.0;4
6600;BOT_TAKER;BOT_MAKER;VEV_4000;XIRECS;1277.0;2
6700;BOT_TAKER;BOT_MAKER;VELVETFRUIT_EXTRACT;XIRECS;5261.0;5
6800;BOT_TAKER;BOT_MAKER;VEV_5300;XIRECS;53.0;3
6900;BOT_TAKER;BOT_MAKER;VEV_6500;XIRECS;1.0;3
7000;BOT_MAKER;BOT_TAKER;VEV_4000;XIRECS;1258.0;2
7000;BOT_MAKER;BOT_TAKER;VEV_5400;XIRECS;16.0;4
7100;BOT_TAKER;BOT_MAKER;VELVETFRUIT_EXTRACT;XIRECS;5262.0;6
7100;BOT_TAKER;BOT_MAKER;VEV_5500;XIRECS;6.0;3
7200;BOT_TAKER;BOT_MAKER;VELVETFRUIT_EXTRACT;XIRECS;5262.0;6
7300;BOT_MAKER;BOT_TAKER;ASH_COATED_OSMIUM;XIRECS;9995.0;7
7300;BOT_TAKER;BOT_MAKER;VEV_6000;XIRECS;1.0;5
7400;BOT_MAKER;BOT_TAKER;HYDROGEL_PACK;XIRECS;9981.0;5
7400;BOT_MAKER;BOT_TAKER;VELVETFRUIT_EXTRACT;XIRECS;5256.0;10
7500;BOT_MAKER;BOT_TAKER;VELVETFRUIT_EXTRACT;XIRECS;5255.0;5
7500;BOT_TAKER;BOT_MAKER;VEV_4000;XIRECS;1280.0;3
7500;BOT_TAKER;BOT_MAKER;VEV_6000;XIRECS;1.0;2
7500;BOT_MAKER;BOT_TAKER;VEV_6000;XIRECS;0.0;5
7600;BOT_TAKER;SUBMISSION;VELVETFRUIT_EXTRACT;XIRECS;5260.0;5
7600;BOT_TAKER;BOT_MAKER;VELVETFRUIT_EXTRACT;XIRECS;5261.0;3
7600;SUBMISSION;BOT_TAKER;VEV_4000;XIRECS;1260.0;1
7700;BOT_TAKER;BOT_MAKER;VEV_4000;XIRECS;1280.0;2
7700;BOT_TAKER;BOT_MAKER;VEV_6000;XIRECS;1.0;4
7700;BOT_TAKER;SUBMISSION;VELVETFRUIT_EXTRACT;XIRECS;5261.0;5
7700;BOT_TAKER;BOT_MAKER;VELVETFRUIT_EXTRACT;XIRECS;5262.0;9
8000;BOT_TAKER;BOT_MAKER;VEV_5300;XIRECS;52.0;3
8100;BOT_TAKER;BOT_MAKER;HYDROGEL_PACK;XIRECS;10002.0;2
8100;BOT_TAKER;BOT_MAKER;VEV_6500;XIRECS;1.0;5
8300;BOT_TAKER;BOT_MAKER;HYDROGEL_PACK;XIRECS;10004.0;2
8300;BOT_TAKER;BOT_MAKER;VELVETFRUIT_EXTRACT;XIRECS;5263.0;6
8300;BOT_TAKER;SUBMISSION;VELVETFRUIT_EXTRACT;XIRECS;5262.0;5
8300;BOT_TAKER;BOT_MAKER;VELVETFRUIT_EXTRACT;XIRECS;5263.0;3
8400;BOT_MAKER;BOT_TAKER;VELVETFRUIT_EXTRACT;XIRECS;5257.0;5
8400;SUBMISSION;BOT_TAKER;HYDROGEL_PACK;XIRECS;9988.0;3
8500;BOT_MAKER;BOT_TAKER;VEV_4000;XIRECS;1256.0;2
8600;BOT_TAKER;BOT_MAKER;VEV_5500;XIRECS;6.0;5
8600;SUBMISSION;BOT;ASH_COATED_OSMIUM;XIRECS;10000.0;10
8800;BOT_TAKER;BOT_MAKER;INTARIAN_PEPPER_ROOT;XIRECS;13019.0;5
8800;BOT_TAKER;SUBMISSION;INTARIAN_PEPPER_ROOT;XIRECS;13018.0;3
8900;BOT_MAKER;BOT_TAKER;VELVETFRUIT_EXTRACT;XIRECS;5257.0;4
8900;BOT_TAKER;BOT_MAKER;VEV_4000;XIRECS;1277.0;2
8900;SUBMISSION;BOT;INTARIAN_PEPPER_ROOT;XIRECS;13016.0;3
8900;SUBMISSION;BOT_TAKER;HYDROGEL_PACK;XIRECS;9985.0;5
8900;BOT_TAKER;SUBMISSION;VELVETFRUIT_EXTRACT;XIRECS;5261.0;5
8900;BOT_TAKER;BOT_MAKER;VELVETFRUIT_EXTRACT;XIRECS;5262.0;1
9000;BOT_TAKER;BOT_MAKER;HYDROGEL_PACK;XIRECS;10002.0;5
9000;BOT_MAKER;BOT_TAKER;INTARIAN_PEPPER_ROOT;XIRECS;13002.0;4
9000;BOT_TAKER;BOT_MAKER;VELVETFRUIT_EXTRACT;XIRECS;5260.0;5
9000;BOT_TAKER;BOT_MAKER;VEV_6000;XIRECS;1.0;3
9100;BOT_TAKER;BOT_MAKER;VEV_6000;XIRECS;1.0;4
9100;BOT_TAKER;BOT_MAKER;VEV_6000;XIRECS;1.0;5
9200;BOT_TAKER;BOT_MAKER;VELVETFRUIT_EXTRACT;XIRECS;5260.0;8
9400;BOT_TAKER;BOT_MAKER;VEV_6000;XIRECS;1.0;4
9500;BOT_MAKER;BOT_TAKER;HYDROGEL_PACK;XIRECS;9982.0;6
9500;BOT_TAKER;BOT_MAKER;VELVETFRUIT_EXTRACT;XIRECS;5261.0;6
9600;BOT_MAKER;BOT_TAKER;VELVETFRUIT_EXTRACT;XIRECS;5257.0;6
9800;BOT_TAKER;BOT_MAKER;VEV_4000;XIRECS;1275.0;1
9900;BOT_MAKER;BOT_TAKER;ASH_COATED_OSMIUM;XIRECS;9994.0;5
9900;BOT_TAKER;BOT_MAKER;VELVETFRUIT_EXTRACT;XIRECS;5265.0;6
9900;BOT_TAKER;BOT_MAKER;VELVETFRUIT_EXTRACT;XIRECS;5265.0;6
9900;SUBMISSION;BOT_TAKER;VELVETFRUIT_EXTRACT;XIRECS;5260.0;5
10000;BOT_MAKER;BOT_TAKER;HYDROGEL_PACK;XIRECS;9975.0;5
10000;BOT_MAKER;BOT_TAKER;INTARIAN_PEPPER_ROOT;XIRECS;13003.0;3
10000;BOT_TAKER;BOT_MAKER;VELVETFRUIT_EXTRACT;XIRECS;5265.0;8
10000;BOT_TAKER;BOT_MAKER;VEV_6500;XIRECS;1.0;2
10100;BOT_MAKER;BOT_TAKER;VEV_5300;XIRECS;52.0;3
10100;BOT_TAKER;BOT_MAKER;VEV_5500;XIRECS;6.0;5
10100;BOT_TAKER;BOT_MAKER;VEV_6000;XIRECS;1.0;2
10200;BOT_TAKER;BOT_MAKER;VELVETFRUIT_EXTRACT;XIRECS;5266.0;3
10200;SUBMISSION;BOT_TAKER;HYDROGEL_PACK;XIRECS;9978.0;3
10300;SUBMISSION;BOT_TAKER;VELVETFRUIT_EXTRACT;XIRECS;5260.0;5
10300;BOT_MAKER;BOT_TAKER;VELVETFRUIT_EXTRACT;XIRECS;5259.0;3
10400;BOT_TAKER;BOT_MAKER;HYDROGEL_PACK;XIRECS;9995.0;3
10400;BOT_MAKER;BOT_TAKER;VELVETFRUIT_EXTRACT;XIRECS;5259.0;3
10400;SUBMISSION;BOT_TAKER;VELVETFRUIT_EXTRACT;XIRECS;5260.0;5
10400;BOT_MAKER;BOT_TAKER;VELVETFRUIT_EXTRACT;XIRECS;5259.0;1
10400;SUBMISSION;BOT_TAKER;VEV_4000;XIRECS;1257.0;1
10500;BOT_TAKER;BOT_MAKER;HYDROGEL_PACK;XIRECS;9992.0;3
10500;SUBMISSION;BOT_TAKER;VELVETFRUIT_EXTRACT;XIRECS;5260.0;5
10500;BOT_MAKER;BOT_TAKER;VELVETFRUIT_EXTRACT;XIRECS;5259.0;3
10600;BOT_MAKER;BOT_TAKER;VEV_5400;XIRECS;16.0;5
10700;BOT_MAKER;BOT_TAKER;ASH_COATED_OSMIUM;XIRECS;9994.0;3
10700;BOT_TAKER;BOT_MAKER;VELVETFRUIT_EXTRACT;XIRECS;5264.0;7
10900;BOT_MAKER;BOT_TAKER;HYDROGEL_PACK;XIRECS;9974.0;5
11000;BOT_TAKER;BOT_MAKER;VEV_4000;XIRECS;1281.0;1
11100;BOT_MAKER;BOT_TAKER;HYDROGEL_PACK;XIRECS;9974.0;6
11100;BOT_TAKER;BOT_MAKER;VELVETFRUIT_EXTRACT;XIRECS;5264.0;12
11100;BOT_TAKER;SUBMISSION;VELVETFRUIT_EXTRACT;XIRECS;5263.0;5
11100;BOT_TAKER;BOT_MAKER;VELVETFRUIT_EXTRACT;XIRECS;5264.0;2
11300;BOT_TAKER;BOT_MAKER;INTARIAN_PEPPER_ROOT;XIRECS;13018.0;3
11300;SUBMISSION;BOT_TAKER;VELVETFRUIT_EXTRACT;XIRECS;5258.0;5
11300;BOT_TAKER;SUBMISSION;VEV_4000;XIRECS;1281.0;1
11400;BOT_MAKER;BOT_TAKER;HYDROGEL_PACK;XIRECS;9972.0;6
11500;BOT_TAKER;BOT_MAKER;ASH_COATED_OSMIUM;XIRECS;10012.0;6
11500;BOT_MAKER;BOT_TAKER;HYDROGEL_PACK;XIRECS;9972.0;3
11600;BOT_MAKER;BOT_TAKER;HYDROGEL_PACK;XIRECS;9971.0;2
11600;BOT_TAKER;BOT_MAKER;VELVETFRUIT_EXTRACT;XIRECS;5260.0;8
11700;BOT_TAKER;BOT_MAKER;HYDROGEL_PACK;XIRECS;9991.0;4
11700;BOT_MAKER;BOT_TAKER;VELVETFRUIT_EXTRACT;XIRECS;5254.0;5
11700;BOT_TAKER;BOT_MAKER;VEV_5500;XIRECS;6.0;4
11800;BOT_TAKER;BOT_MAKER;HYDROGEL_PACK;XIRECS;9992.0;2
11800;BOT_TAKER;BOT_MAKER;VEV_4000;XIRECS;1281.0;3
11800;BOT_MAKER;BOT_TAKER;VEV_5500;XIRECS;5.0;3
11900;BOT_MAKER;BOT_TAKER;HYDROGEL_PACK;XIRECS;9975.0;6
11900;BOT_TAKER;BOT_MAKER;VELVETFRUIT_EXTRACT;XIRECS;5261.0;8
12000;BOT_MAKER;BOT_TAKER;VELVETFRUIT_EXTRACT;XIRECS;5256.0;8
12000;BOT_TAKER;BOT_MAKER;VEV_5500;XIRECS;6.0;4
12000;SUBMISSION;BOT_TAKER;VEV_4000;XIRECS;1261.0;3
12100;BOT_TAKER;BOT_MAKER;VELVETFRUIT_EXTRACT;XIRECS;5262.0;6
12100;BOT_TAKER;BOT_MAKER;VEV_4000;XIRECS;1282.0;3
12200;BOT_MAKER;BOT_TAKER;HYDROGEL_PACK;XIRECS;9975.0;6
12200;BOT_TAKER;BOT_MAKER;VELVETFRUIT_EXTRACT;XIRECS;5261.0;8
12200;BOT_TAKER;BOT_MAKER;VELVETFRUIT_EXTRACT;XIRECS;5261.0;6
12200;SUBMISSION;BOT_TAKER;VELVETFRUIT_EXTRACT;XIRECS;5256.0;5
12200;BOT_MAKER;BOT_TAKER;VELVETFRUIT_EXTRACT;XIRECS;5255.0;3
12300;BOT_TAKER;BOT_MAKER;VELVETFRUIT_EXTRACT;XIRECS;5260.0;8
12400;BOT_MAKER;BOT_TAKER;HYDROGEL_PACK;XIRECS;9977.0;4
12500;BOT_MAKER;BOT_TAKER;VEV_5500;XIRECS;5.0;2
12600;BOT_MAKER;BOT_TAKER;HYDROGEL_PACK;XIRECS;9979.0;5
12600;BOT_MAKER;BOT_TAKER;VELVETFRUIT_EXTRACT;XIRECS;5253.0;3
12600;BOT_MAKER;BOT_TAKER;VEV_4000;XIRECS;1258.0;3
12600;BOT_MAKER;BOT_TAKER;VEV_5500;XIRECS;5.0;3
12700;BOT_TAKER;BOT_MAKER;INTARIAN_PEPPER_ROOT;XIRECS;13020.0;7
12700;BOT_TAKER;BOT_MAKER;VELVETFRUIT_EXTRACT;XIRECS;5258.0;3
12700;BOT_TAKER;BOT_MAKER;VEV_5400;XIRECS;18.0;3
12700;SUBMISSION;BOT_TAKER;VELVETFRUIT_EXTRACT;XIRECS;5254.0;5
12700;BOT_MAKER;BOT_TAKER;VELVETFRUIT_EXTRACT;XIRECS;5253.0;2
12800;BOT_TAKER;BOT_MAKER;ASH_COATED_OSMIUM;XIRECS;10012.0;7
12900;BOT_TAKER;BOT_MAKER;VEV_5500;XIRECS;6.0;2
13000;BOT_MAKER;BOT_TAKER;VEV_5400;XIRECS;16.0;2
13000;BOT_TAKER;BOT_MAKER;VEV_5500;XIRECS;6.0;5
13100;BOT_TAKER;BOT_MAKER;VELVETFRUIT_EXTRACT;XIRECS;5258.0;6
13100;BOT_MAKER;BOT_TAKER;VELVETFRUIT_EXTRACT;XIRECS;5253.0;6
13200;BOT_TAKER;BOT_MAKER;HYDROGEL_PACK;XIRECS;10003.0;6
13200;BOT_TAKER;BOT_MAKER;VELVETFRUIT_EXTRACT;XIRECS;5259.0;8
13300;BOT_TAKER;BOT_MAKER;VEV_5500;XIRECS;6.0;4
13300;SUBMISSION;BOT_TAKER;ASH_COATED_OSMIUM;XIRECS;9992.0;4
13400;BOT_TAKER;BOT_MAKER;VEV_6000;XIRECS;1.0;5
13500;BOT_MAKER;BOT_TAKER;VELVETFRUIT_EXTRACT;XIRECS;5249.0;13
13600;BOT_TAKER;BOT_MAKER;HYDROGEL_PACK;XIRECS;10008.0;3
13600;BOT_MAKER;BOT_TAKER;VELVETFRUIT_EXTRACT;XIRECS;5248.0;8
13600;BOT_TAKER;BOT_MAKER;VEV_4000;XIRECS;1276.0;3
13600;BOT_TAKER;SUBMISSION;VELVETFRUIT_EXTRACT;XIRECS;5252.0;3
13700;BOT_TAKER;BOT_MAKER;VEV_5500;XIRECS;6.0;4
13800;BOT_MAKER;BOT_TAKER;VELVETFRUIT_EXTRACT;XIRECS;5248.0;6
13800;BOT_TAKER;BOT_MAKER;VEV_6500;XIRECS;1.0;2
13900;BOT_MAKER;BOT_TAKER;HYDROGEL_PACK;XIRECS;9993.0;5
13900;BOT_TAKER;BOT_MAKER;VELVETFRUIT_EXTRACT;XIRECS;5254.0;8
14000;BOT_MAKER;BOT_TAKER;HYDROGEL_PACK;XIRECS;9998.0;6
14100;BOT_TAKER;BOT_MAKER;HYDROGEL_PACK;XIRECS;10015.0;5
14100;BOT_MAKER;BOT_TAKER;INTARIAN_PEPPER_ROOT;XIRECS;13007.0;5
14100;BOT_TAKER;BOT_MAKER;VELVETFRUIT_EXTRACT;XIRECS;5255.0;8
14100;BOT_TAKER;BOT_MAKER;VEV_5300;XIRECS;54.0;3
14200;BOT_TAKER;BOT_MAKER;VEV_5500;XIRECS;6.0;2
14300;BOT_MAKER;BOT_TAKER;VELVETFRUIT_EXTRACT;XIRECS;5249.0;6
14400;BOT_TAKER;BOT_MAKER;VELVETFRUIT_EXTRACT;XIRECS;5257.0;5
14500;BOT_TAKER;BOT_MAKER;VELVETFRUIT_EXTRACT;XIRECS;5257.0;3
14600;BOT_TAKER;BOT_MAKER;HYDROGEL_PACK;XIRECS;10016.0;6
14600;BOT_MAKER;BOT_TAKER;VELVETFRUIT_EXTRACT;XIRECS;5249.0;4
14700;BOT_MAKER;BOT_TAKER;HYDROGEL_PACK;XIRECS;10001.0;5
14800;BOT_MAKER;BOT_TAKER;VEV_4000;XIRECS;1256.0;3
14800;BOT_TAKER;BOT_MAKER;VEV_5500;XIRECS;6.0;3
14900;BOT_MAKER;BOT_TAKER;VEV_4000;XIRECS;1257.0;3
15200;BOT_TAKER;BOT_MAKER;HYDROGEL_PACK;XIRECS;10013.0;4
15200;BOT_MAKER;BOT_TAKER;VELVETFRUIT_EXTRACT;XIRECS;5250.0;4
15200;BOT_TAKER;BOT_MAKER;VEV_5500;XIRECS;6.0;3
15300;BOT_TAKER;BOT_MAKER;HYDROGEL_PACK;XIRECS;10009.0;4
15300;BOT_TAKER;BOT_MAKER;VEV_5400;XIRECS;18.0;3
15300;SUBMISSION;BOT_TAKER;VELVETFRUIT_EXTRACT;XIRECS;5252.0;3
15400;BOT_TAKER;BOT_MAKER;VELVETFRUIT_EXTRACT;XIRECS;5258.0;6
15400;BOT_MAKER;BOT_TAKER;VEV_5400;XIRECS;17.0;5
15400;BOT_TAKER;BOT_MAKER;VEV_5500;XIRECS;6.0;4
15500;BOT_MAKER;BOT_TAKER;ASH_COATED_OSMIUM;XIRECS;9994.0;8
15500;BOT_MAKER;BOT_TAKER;HYDROGEL_PACK;XIRECS;9997.0;5
15800;BOT_TAKER;BOT_MAKER;VELVETFRUIT_EXTRACT;XIRECS;5259.0;8
15800;BOT_TAKER;SUBMISSION;HYDROGEL_PACK;XIRECS;10016.0;5
15900;BOT_MAKER;BOT_TAKER;VELVETFRUIT_EXTRACT;XIRECS;5252.0;14
15900;BOT;SUBMISSION;ASH_COATED_OSMIUM;XIRECS;10003.0;4
16000;BOT_MAKER;BOT_TAKER;VELVETFRUIT_EXTRACT;XIRECS;5253.0;10
16000;SUBMISSION;BOT;ASH_COATED_OSMIUM;XIRECS;10000.0;9
16100;BOT_TAKER;BOT_MAKER;VELVETFRUIT_EXTRACT;XIRECS;5260.0;6
16200;BOT_TAKER;BOT_MAKER;VELVETFRUIT_EXTRACT;XIRECS;5261.0;8
16200;BOT_TAKER;BOT_MAKER;VEV_4000;XIRECS;1282.0;3
16200;BOT_TAKER;BOT_MAKER;VEV_5300;XIRECS;57.0;3
16300;BOT_MAKER;BOT_TAKER;HYDROGEL_PACK;XIRECS;9991.0;2
16400;BOT_MAKER;BOT_TAKER;HYDROGEL_PACK;XIRECS;9986.0;5
16400;BOT_MAKER;BOT_TAKER;VELVETFRUIT_EXTRACT;XIRECS;5256.0;7
16400;BOT_MAKER;BOT_TAKER;VEV_4000;XIRECS;1259.0;1
16500;BOT_TAKER;BOT_MAKER;HYDROGEL_PACK;XIRECS;10004.0;3
16600;BOT_TAKER;BOT_MAKER;VEV_5300;XIRECS;56.0;2
16700;BOT_TAKER;BOT_MAKER;HYDROGEL_PACK;XIRECS;10007.0;5
16800;BOT_TAKER;BOT_MAKER;VEV_4000;XIRECS;1282.0;2
16800;BOT_MAKER;BOT_TAKER;VEV_5500;XIRECS;5.0;4
16800;BOT_TAKER;BOT_MAKER;VEV_6000;XIRECS;1.0;2
17000;BOT_MAKER;BOT_TAKER;VELVETFRUIT_EXTRACT;XIRECS;5256.0;8
17000;BOT_MAKER;BOT_TAKER;VEV_4000;XIRECS;1259.0;3
17000;BOT_MAKER;BOT_TAKER;VEV_6500;XIRECS;0.0;2
17000;SUBMISSION;BOT_TAKER;ASH_COATED_OSMIUM;XIRECS;9996.0;2
17100;BOT_TAKER;BOT_MAKER;HYDROGEL_PACK;XIRECS;10006.0;6
17200;BOT_MAKER;BOT_TAKER;VELVETFRUIT_EXTRACT;XIRECS;5255.0;4
17200;BOT_MAKER;BOT_TAKER;VEV_4000;XIRECS;1259.0;1
17300;BOT_TAKER;BOT_MAKER;VELVETFRUIT_EXTRACT;XIRECS;5260.0;10
17300;BOT_TAKER;BOT_MAKER;VEV_5300;XIRECS;56.0;5
17300;BOT_MAKER;BOT_TAKER;VEV_5300;XIRECS;54.0;4
17300;BOT_MAKER;BOT_TAKER;VEV_5500;XIRECS;5.0;4
17300;BOT;SUBMISSION;ASH_COATED_OSMIUM;XIRECS;10004.0;10
17400;BOT_TAKER;BOT_MAKER;HYDROGEL_PACK;XIRECS;10005.0;5
17400;BOT_MAKER;BOT_TAKER;VEV_4000;XIRECS;1258.0;1
17400;BOT_TAKER;BOT_MAKER;VEV_6500;XIRECS;1.0;3
17400;BOT_TAKER;SUBMISSION;VELVETFRUIT_EXTRACT;XIRECS;5258.0;3
17500;BOT_MAKER;BOT_TAKER;HYDROGEL_PACK;XIRECS;9988.0;6
17500;BOT_TAKER;BOT_MAKER;HYDROGEL_PACK;XIRECS;10004.0;3
17500;BOT_TAKER;BOT_MAKER;VEV_6500;XIRECS;1.0;4
17600;BOT_MAKER;BOT_TAKER;HYDROGEL_PACK;XIRECS;9988.0;2
17600;BOT_MAKER;BOT_TAKER;VEV_5400;XIRECS;15.0;5
17600;SUBMISSION;BOT_TAKER;ASH_COATED_OSMIUM;XIRECS;9995.0;5
17700;BOT_TAKER;BOT_MAKER;HYDROGEL_PACK;XIRECS;10003.0;2
17800;BOT_MAKER;BOT_TAKER;VEV_6000;XIRECS;0.0;4
17800;BOT_MAKER;BOT_TAKER;VEV_6500;XIRECS;0.0;3
17800;SUBMISSION;BOT_TAKER;VELVETFRUIT_EXTRACT;XIRECS;5257.0;5
17800;BOT_MAKER;BOT_TAKER;VELVETFRUIT_EXTRACT;XIRECS;5256.0;3
17900;BOT_TAKER;BOT_MAKER;VEV_6500;XIRECS;1.0;3
18000;BOT_MAKER;BOT_TAKER;ASH_COATED_OSMIUM;XIRECS;9994.0;3
18100;BOT_MAKER;BOT_TAKER;VELVETFRUIT_EXTRACT;XIRECS;5256.0;4
18200;BOT_TAKER;BOT_MAKER;HYDROGEL_PACK;XIRECS;10012.0;2
18400;BOT_TAKER;BOT_MAKER;VELVETFRUIT_EXTRACT;XIRECS;5261.0;3
18400;BOT_MAKER;BOT_TAKER;VEV_4000;XIRECS;1257.0;1
18500;BOT_TAKER;BOT_MAKER;HYDROGEL_PACK;XIRECS;10014.0;2
18500;BOT_TAKER;BOT_MAKER;VEV_5300;XIRECS;56.0;2
18500;BOT_TAKER;BOT_MAKER;VEV_6000;XIRECS;1.0;3
18600;BOT_TAKER;BOT_MAKER;VEV_5500;XIRECS;6.0;2
18700;BOT_MAKER;BOT_TAKER;HYDROGEL_PACK;XIRECS;9995.0;4
18700;BOT_MAKER;BOT_TAKER;VELVETFRUIT_EXTRACT;XIRECS;5257.0;8
18700;BOT_TAKER;BOT_MAKER;VEV_5200;XIRECS;110.0;5
18700;BOT_TAKER;SUBMISSION;ASH_COATED_OSMIUM;XIRECS;10009.0;5
18800;BOT_TAKER;BOT_MAKER;VELVETFRUIT_EXTRACT;XIRECS;5264.0;15
18800;BOT_MAKER;BOT_TAKER;VEV_5500;XIRECS;5.0;3
18900;BOT_MAKER;BOT_TAKER;HYDROGEL_PACK;XIRECS;9996.0;5
18900;BOT_TAKER;BOT_MAKER;VELVETFRUIT_EXTRACT;XIRECS;5264.0;3
18900;BOT_TAKER;BOT_MAKER;VEV_5300;XIRECS;55.0;2
18900;BOT_MAKER;BOT_TAKER;VEV_6500;XIRECS;0.0;2
19000;BOT_TAKER;BOT_MAKER;VELVETFRUIT_EXTRACT;XIRECS;5266.0;6
19000;BOT_MAKER;BOT_TAKER;VEV_4000;XIRECS;1257.0;3
19000;BOT_TAKER;BOT_MAKER;VEV_5500;XIRECS;6.0;2
19000;BOT_TAKER;BOT_MAKER;VEV_6500;XIRECS;1.0;3
19200;BOT_MAKER;BOT_TAKER;VELVETFRUIT_EXTRACT;XIRECS;5261.0;7
19200;BOT_TAKER;BOT_MAKER;VEV_6500;XIRECS;1.0;2
19300;BOT_MAKER;BOT_TAKER;HYDROGEL_PACK;XIRECS;9996.0;4
19300;BOT_MAKER;BOT_TAKER;VEV_6000;XIRECS;0.0;3
19400;BOT_MAKER;BOT_TAKER;VELVETFRUIT_EXTRACT;XIRECS;5261.0;10
19500;BOT_MAKER;BOT_TAKER;VELVETFRUIT_EXTRACT;XIRECS;5261.0;14
19500;BOT_TAKER;SUBMISSION;ASH_COATED_OSMIUM;XIRECS;10009.0;4
19600;SUBMISSION;BOT_TAKER;HYDROGEL_PACK;XIRECS;9999.0;2
19700;BOT_TAKER;BOT_MAKER;VELVETFRUIT_EXTRACT;XIRECS;5268.0;8
19800;BOT_MAKER;BOT_TAKER;HYDROGEL_PACK;XIRECS;9994.0;6
19800;BOT_TAKER;BOT_MAKER;VELVETFRUIT_EXTRACT;XIRECS;5267.0;10
20000;BOT_TAKER;BOT_MAKER;VEV_5300;XIRECS;55.0;4
20100;BOT_TAKER;BOT_MAKER;VELVETFRUIT_EXTRACT;XIRECS;5264.0;8
20100;BOT_MAKER;BOT_TAKER;VEV_6000;XIRECS;0.0;5
20300;BOT_MAKER;BOT_TAKER;HYDROGEL_PACK;XIRECS;9997.0;3
20300;BOT_MAKER;BOT_TAKER;INTARIAN_PEPPER_ROOT;XIRECS;13013.0;4
20400;BOT_MAKER;BOT_TAKER;VELVETFRUIT_EXTRACT;XIRECS;5261.0;5
20400;BOT_MAKER;BOT_TAKER;VEV_4000;XIRECS;1254.0;2
20400;BOT_MAKER;BOT_TAKER;VEV_5300;XIRECS;52.0;3
20400;SUBMISSION;BOT_TAKER;VELVETFRUIT_EXTRACT;XIRECS;5262.0;5
20400;BOT_MAKER;BOT_TAKER;VELVETFRUIT_EXTRACT;XIRECS;5261.0;2
20500;BOT_TAKER;BOT_MAKER;HYDROGEL_PACK;XIRECS;10011.0;5
20500;BOT_TAKER;BOT_MAKER;VEV_6500;XIRECS;1.0;5
20600;BOT_TAKER;BOT_MAKER;VELVETFRUIT_EXTRACT;XIRECS;5270.0;3
20700;BOT_MAKER;BOT_TAKER;VELVETFRUIT_EXTRACT;XIRECS;5265.0;8
20800;BOT_MAKER;BOT_TAKER;VEV_6000;XIRECS;0.0;5
20800;BOT_TAKER;SUBMISSION;VELVETFRUIT_EXTRACT;XIRECS;5269.0;5
20800;BOT_TAKER;BOT_MAKER;VELVETFRUIT_EXTRACT;XIRECS;5270.0;2
20900;BOT_TAKER;BOT_MAKER;HYDROGEL_PACK;XIRECS;10009.0;6
20900;SUBMISSION;BOT;ASH_COATED_OSMIUM;XIRECS;9999.0;6
21000;BOT_TAKER;BOT_MAKER;VEV_4000;XIRECS;1277.0;2
21000;BOT_MAKER;BOT_TAKER;VEV_6500;XIRECS;0.0;2
21200;BOT_MAKER;BOT_TAKER;VEV_4000;XIRECS;1255.0;3
21200;BOT_TAKER;BOT_MAKER;VEV_6500;XIRECS;1.0;3
21400;BOT_MAKER;BOT_TAKER;HYDROGEL_PACK;XIRECS;9995.0;3
21400;BOT_MAKER;BOT_TAKER;VEV_5500;XIRECS;4.0;4
21600;BOT_MAKER;BOT_TAKER;HYDROGEL_PACK;XIRECS;9997.0;6
21600;BOT_TAKER;BOT_MAKER;VELVETFRUIT_EXTRACT;XIRECS;5273.0;4
21600;BOT_TAKER;BOT_MAKER;VEV_6500;XIRECS;1.0;2
21700;BOT_TAKER;BOT_MAKER;HYDROGEL_PACK;XIRECS;10016.0;3
21700;BOT_MAKER;BOT_TAKER;VELVETFRUIT_EXTRACT;XIRECS;5271.0;4
21700;BOT_MAKER;BOT_TAKER;VEV_5500;XIRECS;5.0;5
21800;BOT_MAKER;BOT_TAKER;HYDROGEL_PACK;XIRECS;10003.0;6
21800;BOT_MAKER;BOT_TAKER;VELVETFRUIT_EXTRACT;XIRECS;5269.0;14
21800;BOT_MAKER;BOT_TAKER;VEV_4000;XIRECS;1250.0;1
21900;BOT_TAKER;BOT_MAKER;VELVETFRUIT_EXTRACT;XIRECS;5274.0;5
21900;BOT_TAKER;BOT_MAKER;VEV_4000;XIRECS;1271.0;1
22000;BOT_TAKER;BOT_MAKER;VELVETFRUIT_EXTRACT;XIRECS;5274.0;8
22100;BOT_MAKER;BOT_TAKER;HYDROGEL_PACK;XIRECS;10008.0;6
22100;BOT_MAKER;BOT_TAKER;HYDROGEL_PACK;XIRECS;10008.0;4
22100;BOT_MAKER;BOT_TAKER;VEV_6500;XIRECS;0.0;4
22100;SUBMISSION;BOT;ASH_COATED_OSMIUM;XIRECS;9999.0;5
22200;BOT_TAKER;BOT_MAKER;HYDROGEL_PACK;XIRECS;10025.0;5
22200;BOT_TAKER;BOT_MAKER;VEV_4000;XIRECS;1268.0;1
22200;SUBMISSION;BOT;ASH_COATED_OSMIUM;XIRECS;9997.0;4
22300;BOT_MAKER;BOT_TAKER;VELVETFRUIT_EXTRACT;XIRECS;5272.0;8
22300;BOT_MAKER;BOT_TAKER;VEV_5500;XIRECS;5.0;2
22500;BOT_TAKER;BOT_MAKER;VELVETFRUIT_EXTRACT;XIRECS;5277.0;8
22500;BOT_TAKER;BOT_MAKER;VEV_6500;XIRECS;1.0;2
22700;BOT_TAKER;BOT_MAKER;HYDROGEL_PACK;XIRECS;10029.0;4
22700;BOT_MAKER;BOT_TAKER;VELVETFRUIT_EXTRACT;XIRECS;5271.0;8
22800;BOT_TAKER;BOT_MAKER;HYDROGEL_PACK;XIRECS;10031.0;3
22800;BOT_MAKER;BOT_TAKER;VEV_6500;XIRECS;0.0;3
22900;BOT_MAKER;BOT_TAKER;VELVETFRUIT_EXTRACT;XIRECS;5271.0;8
22900;BOT_TAKER;BOT_MAKER;VEV_6500;XIRECS;1.0;2
22900;SUBMISSION;BOT_TAKER;HYDROGEL_PACK;XIRECS;10009.0;5
22900;BOT_MAKER;BOT_TAKER;HYDROGEL_PACK;XIRECS;10008.0;1
23000;BOT_TAKER;BOT_MAKER;VELVETFRUIT_EXTRACT;XIRECS;5278.0;4
23200;BOT_TAKER;BOT_MAKER;HYDROGEL_PACK;XIRECS;10026.0;6
23200;BOT_MAKER;BOT_TAKER;VELVETFRUIT_EXTRACT;XIRECS;5272.0;15
23200;BOT_TAKER;BOT_MAKER;VEV_4000;XIRECS;1270.0;3
23200;BOT_TAKER;BOT_MAKER;VEV_6500;XIRECS;1.0;3
23200;SUBMISSION;BOT_TAKER;HYDROGEL_PACK;XIRECS;10011.0;4
23300;BOT_TAKER;BOT_MAKER;VEV_4000;XIRECS;1271.0;3
23300;BOT_TAKER;BOT_MAKER;VEV_6500;XIRECS;1.0;4
23500;BOT_MAKER;BOT_TAKER;HYDROGEL_PACK;XIRECS;10015.0;6
23500;BOT_MAKER;BOT_TAKER;VELVETFRUIT_EXTRACT;XIRECS;5273.0;3
23500;SUBMISSION;BOT;ASH_COATED_OSMIUM;XIRECS;9999.0;7
23600;BOT_TAKER;BOT_MAKER;HYDROGEL_PACK;XIRECS;10036.0;4
23600;BOT_TAKER;BOT_MAKER;VEV_6000;XIRECS;1.0;4
23600;BOT_TAKER;BOT_MAKER;VEV_6500;XIRECS;1.0;4
23700;BOT_MAKER;BOT_TAKER;VELVETFRUIT_EXTRACT;XIRECS;5272.0;7
23700;BOT_MAKER;BOT_TAKER;VEV_4000;XIRECS;1250.0;3
23700;BOT_TAKER;SUBMISSION;VELVETFRUIT_EXTRACT;XIRECS;5277.0;4
23800;BOT_MAKER;BOT_TAKER;VEV_5300;XIRECS;54.0;2
23800;BOT_TAKER;BOT_MAKER;VEV_5400;XIRECS;17.0;4
24100;SUBMISSION;BOT_TAKER;VELVETFRUIT_EXTRACT;XIRECS;5275.0;5
24100;BOT_MAKER;BOT_TAKER;VELVETFRUIT_EXTRACT;XIRECS;5274.0;1
24200;BOT_MAKER;BOT_TAKER;ASH_COATED_OSMIUM;XIRECS;9993.0;6
24200;BOT_MAKER;BOT_TAKER;HYDROGEL_PACK;XIRECS;10023.0;6
24200;BOT_MAKER;BOT_TAKER;VELVETFRUIT_EXTRACT;XIRECS;5273.0;4
24300;BOT_MAKER;BOT_TAKER;HYDROGEL_PACK;XIRECS;10021.0;2
24500;BOT_TAKER;BOT_MAKER;HYDROGEL_PACK;XIRECS;10042.0;3
24500;BOT_MAKER;BOT_TAKER;VELVETFRUIT_EXTRACT;XIRECS;5273.0;3
24500;BOT_TAKER;BOT_MAKER;VEV_4000;XIRECS;1272.0;2
24500;BOT_TAKER;BOT_MAKER;VEV_5500;XIRECS;6.0;5
24500;BOT_TAKER;BOT_MAKER;VEV_6000;XIRECS;1.0;3
24500;SUBMISSION;BOT_TAKER;ASH_COATED_OSMIUM;XIRECS;9995.0;7
24600;BOT_MAKER;BOT_TAKER;VELVETFRUIT_EXTRACT;XIRECS;5274.0;8
24600;SUBMISSION;BOT_TAKER;HYDROGEL_PACK;XIRECS;10026.0;5
24700;BOT_TAKER;BOT_MAKER;HYDROGEL_PACK;XIRECS;10043.0;3
24800;BOT_MAKER;BOT_TAKER;VELVETFRUIT_EXTRACT;XIRECS;5272.0;6
24900;SUBMISSION;BOT;ASH_COATED_OSMIUM;XIRECS;9998.0;8
24900;SUBMISSION;BOT_TAKER;ASH_COATED_OSMIUM;XIRECS;9994.0;5
24900;SUBMISSION;BOT_TAKER;VEV_4000;XIRECS;1251.0;2
25000;BOT_TAKER;BOT_MAKER;VEV_6000;XIRECS;1.0;4
25100;BOT_TAKER;BOT_MAKER;HYDROGEL_PACK;XIRECS;10045.0;5
25100;BOT_MAKER;BOT_TAKER;VELVETFRUIT_EXTRACT;XIRECS;5275.0;4
25100;BOT_TAKER;BOT_MAKER;VEV_5300;XIRECS;56.0;4
25200;BOT_TAKER;BOT_MAKER;HYDROGEL_PACK;XIRECS;10044.0;2
25200;SUBMISSION;BOT;ASH_COATED_OSMIUM;XIRECS;10000.0;8
25200;BOT_TAKER;SUBMISSION;ASH_COATED_OSMIUM;XIRECS;10009.0;6
25300;BOT_MAKER;BOT_TAKER;VELVETFRUIT_EXTRACT;XIRECS;5277.0;6
25300;BOT_MAKER;BOT_TAKER;VEV_5400;XIRECS;16.0;5
25400;BOT_MAKER;BOT_TAKER;HYDROGEL_PACK;XIRECS;10027.0;5
25400;BOT_MAKER;BOT_TAKER;INTARIAN_PEPPER_ROOT;XIRECS;13018.0;5
25500;BOT_TAKER;BOT_MAKER;VELVETFRUIT_EXTRACT;XIRECS;5282.0;8
25500;BOT_TAKER;BOT_MAKER;VELVETFRUIT_EXTRACT;XIRECS;5282.0;7
25600;BOT_TAKER;BOT_MAKER;VEV_4000;XIRECS;1274.0;1
25600;SUBMISSION;BOT_TAKER;HYDROGEL_PACK;XIRECS;10028.0;3
25700;BOT_TAKER;BOT_MAKER;HYDROGEL_PACK;XIRECS;10046.0;5
25700;BOT_TAKER;BOT_MAKER;VEV_4000;XIRECS;1273.0;3
25700;BOT_MAKER;BOT_TAKER;VEV_5500;XIRECS;5.0;4
25800;BOT_TAKER;BOT_MAKER;HYDROGEL_PACK;XIRECS;10046.0;3
25800;BOT_MAKER;BOT_TAKER;VELVETFRUIT_EXTRACT;XIRECS;5276.0;7
25900;BOT_MAKER;BOT_TAKER;VEV_5400;XIRECS;15.0;2
25900;BOT_TAKER;SUBMISSION;HYDROGEL_PACK;XIRECS;10047.0;5
25900;BOT_TAKER;BOT_MAKER;HYDROGEL_PACK;XIRECS;10048.0;1
26000;BOT_TAKER;BOT_MAKER;VEV_6500;XIRECS;1.0;3
26100;BOT_MAKER;BOT_TAKER;VELVETFRUIT_EXTRACT;XIRECS;5278.0;6
26100;BOT_TAKER;BOT_MAKER;VEV_6500;XIRECS;1.0;3
26200;BOT_TAKER;BOT_MAKER;VELVETFRUIT_EXTRACT;XIRECS;5284.0;8
26300;BOT_TAKER;BOT_MAKER;VEV_4000;XIRECS;1275.0;3
26300;BOT_TAKER;BOT_MAKER;VEV_6000;XIRECS;1.0;4
26400;BOT_TAKER;BOT_MAKER;HYDROGEL_PACK;XIRECS;10043.0;5
26400;BOT_MAKER;BOT_TAKER;VEV_5500;XIRECS;5.0;5
26400;SUBMISSION;BOT_TAKER;VELVETFRUIT_EXTRACT;XIRECS;5280.0;5
26400;BOT_MAKER;BOT_TAKER;VELVETFRUIT_EXTRACT;XIRECS;5279.0;2
26500;BOT_TAKER;BOT_MAKER;VEV_5300;XIRECS;56.0;3
26600;BOT_MAKER;BOT_TAKER;HYDROGEL_PACK;XIRECS;10028.0;3
26700;BOT_TAKER;BOT_MAKER;VELVETFRUIT_EXTRACT;XIRECS;5283.0;6
26700;BOT_MAKER;BOT_TAKER;VEV_4000;XIRECS;1255.0;1
26800;BOT_MAKER;BOT_TAKER;VELVETFRUIT_EXTRACT;XIRECS;5279.0;8
26900;BOT_MAKER;BOT_TAKER;HYDROGEL_PACK;XIRECS;10032.0;4
27000;BOT_MAKER;BOT_TAKER;VELVETFRUIT_EXTRACT;XIRECS;5276.0;7
27000;BOT_MAKER;BOT_TAKER;VEV_6000;XIRECS;0.0;5
27100;BOT_TAKER;BOT_MAKER;HYDROGEL_PACK;XIRECS;10049.0;5
27100;BOT_TAKER;BOT_MAKER;VELVETFRUIT_EXTRACT;XIRECS;5281.0;7
27200;BOT_TAKER;BOT_MAKER;VELVETFRUIT_EXTRACT;XIRECS;5280.0;8
27200;BOT_MAKER;BOT_TAKER;VEV_5400;XIRECS;14.0;2
27300;BOT_MAKER;BOT_TAKER;HYDROGEL_PACK;XIRECS;10034.0;3
27300;BOT_TAKER;BOT_MAKER;VELVETFRUIT_EXTRACT;XIRECS;5281.0;8
27400;BOT_TAKER;SUBMISSION;HYDROGEL_PACK;XIRECS;10049.0;2
27500;BOT_MAKER;BOT_TAKER;VELVETFRUIT_EXTRACT;XIRECS;5278.0;7
27500;BOT_TAKER;BOT_MAKER;VEV_4000;XIRECS;1276.0;3
27600;BOT_MAKER;BOT_TAKER;VEV_4000;XIRECS;1255.0;1
27600;BOT_MAKER;BOT_TAKER;VEV_5500;XIRECS;4.0;2
27600;BOT_TAKER;SUBMISSION;HYDROGEL_PACK;XIRECS;10048.0;2
27700;BOT_TAKER;BOT_MAKER;ASH_COATED_OSMIUM;XIRECS;10012.0;4
27700;BOT_TAKER;BOT_MAKER;VEV_5400;XIRECS;15.0;5
27800;BOT_MAKER;BOT_TAKER;VELVETFRUIT_EXTRACT;XIRECS;5281.0;5
27800;BOT_TAKER;BOT_MAKER;VEV_5300;XIRECS;57.0;5
27800;BOT_TAKER;SUBMISSION;VELVETFRUIT_EXTRACT;XIRECS;5286.0;3
27900;BOT_TAKER;BOT_MAKER;HYDROGEL_PACK;XIRECS;10047.0;2
27900;BOT_MAKER;BOT_TAKER;VEV_4000;XIRECS;1257.0;3
27900;SUBMISSION;BOT_TAKER;HYDROGEL_PACK;XIRECS;10032.0;5
27900;BOT_MAKER;BOT_TAKER;HYDROGEL_PACK;XIRECS;10031.0;1
28000;BOT_TAKER;BOT_MAKER;VEV_5500;XIRECS;5.0;5
28100;BOT_MAKER;BOT_TAKER;VELVETFRUIT_EXTRACT;XIRECS;5281.0;7
28100;BOT_TAKER;BOT_MAKER;VEV_5500;XIRECS;5.0;4
28200;BOT_MAKER;BOT_TAKER;VELVETFRUIT_EXTRACT;XIRECS;5282.0;5
28200;BOT_MAKER;BOT_TAKER;VEV_4000;XIRECS;1258.0;3
28200;BOT_TAKER;SUBMISSION;VELVETFRUIT_EXTRACT;XIRECS;5286.0;3
28500;BOT_MAKER;BOT_TAKER;HYDROGEL_PACK;XIRECS;10037.0;2
28500;BOT_TAKER;BOT_MAKER;VEV_6500;XIRECS;1.0;3
28600;BOT_TAKER;SUBMISSION;HYDROGEL_PACK;XIRECS;10054.0;3
28800;BOT_MAKER;BOT_TAKER;HYDROGEL_PACK;XIRECS;10040.0;6
28900;BOT_TAKER;BOT_MAKER;VELVETFRUIT_EXTRACT;XIRECS;5287.0;4
28900;BOT_TAKER;BOT_MAKER;VEV_6000;XIRECS;1.0;2
28900;BOT_MAKER;BOT_TAKER;INTARIAN_PEPPER_ROOT;XIRECS;13022.0;6
29000;BOT_TAKER;BOT_MAKER;HYDROGEL_PACK;XIRECS;10058.0;2
29000;BOT_MAKER;BOT_TAKER;VELVETFRUIT_EXTRACT;XIRECS;5283.0;8
29000;BOT_MAKER;BOT_TAKER;VEV_6000;XIRECS;0.0;2
29000;BOT_MAKER;BOT_TAKER;VEV_6000;XIRECS;0.0;3
29100;BOT_TAKER;BOT_MAKER;HYDROGEL_PACK;XIRECS;10056.0;2
29100;BOT_MAKER;BOT_TAKER;VEV_5400;XIRECS;15.0;3
29200;BOT_TAKER;BOT_MAKER;VELVETFRUIT_EXTRACT;XIRECS;5287.0;5
29300;BOT_TAKER;BOT_MAKER;VELVETFRUIT_EXTRACT;XIRECS;5286.0;7
29300;BOT_TAKER;BOT_MAKER;VEV_5500;XIRECS;5.0;4
29400;BOT_TAKER;BOT_MAKER;HYDROGEL_PACK;XIRECS;10061.0;2
29400;BOT_TAKER;BOT_MAKER;VELVETFRUIT_EXTRACT;XIRECS;5287.0;11
29500;BOT_MAKER;BOT_TAKER;VELVETFRUIT_EXTRACT;XIRECS;5282.0;6
29600;BOT_MAKER;BOT_TAKER;HYDROGEL_PACK;XIRECS;10039.0;3
29600;BOT_MAKER;BOT_TAKER;VELVETFRUIT_EXTRACT;XIRECS;5282.0;3
29700;BOT_MAKER;BOT_TAKER;VELVETFRUIT_EXTRACT;XIRECS;5281.0;6
29700;SUBMISSION;BOT_TAKER;HYDROGEL_PACK;XIRECS;10038.0;5
29700;BOT_MAKER;BOT_TAKER;HYDROGEL_PACK;XIRECS;10037.0;1
29800;BOT_MAKER;BOT_TAKER;VEV_5300;XIRECS;53.0;2
29900;BOT_MAKER;BOT_TAKER;VEV_5300;XIRECS;53.0;5
30000;BOT_TAKER;BOT_MAKER;VELVETFRUIT_EXTRACT;XIRECS;5288.0;7
30100;BOT_MAKER;BOT_TAKER;HYDROGEL_PACK;XIRECS;10040.0;5
30100;BOT_TAKER;BOT_MAKER;VEV_5300;XIRECS;55.0;5
30200;BOT_TAKER;BOT_MAKER;HYDROGEL_PACK;XIRECS;10056.0;5
30200;BOT_TAKER;BOT_MAKER;VELVETFRUIT_EXTRACT;XIRECS;5289.0;7
30300;BOT_TAKER;SUBMISSION;VELVETFRUIT_EXTRACT;XIRECS;5288.0;5
30400;BOT_MAKER;BOT_TAKER;HYDROGEL_PACK;XIRECS;10039.0;5
30400;BOT_TAKER;BOT_MAKER;VEV_6000;XIRECS;1.0;5
30500;BOT_MAKER;BOT_TAKER;VEV_4000;XIRECS;1264.0;2
30500;BOT_TAKER;BOT_MAKER;INTARIAN_PEPPER_ROOT;XIRECS;13038.0;7
30600;BOT_TAKER;BOT_MAKER;VELVETFRUIT_EXTRACT;XIRECS;5290.0;4
30700;BOT_MAKER;BOT_TAKER;VELVETFRUIT_EXTRACT;XIRECS;5285.0;4
30700;BOT_MAKER;BOT_TAKER;VEV_6500;XIRECS;0.0;3
30700;SUBMISSION;BOT;ASH_COATED_OSMIUM;XIRECS;9999.0;7
30800;BOT_MAKER;BOT_TAKER;ASH_COATED_OSMIUM;XIRECS;9994.0;6
30800;BOT_TAKER;SUBMISSION;HYDROGEL_PACK;XIRECS;10051.0;5
30800;BOT_TAKER;BOT_MAKER;HYDROGEL_PACK;XIRECS;10052.0;1
30900;BOT_MAKER;BOT_TAKER;VEV_6500;XIRECS;0.0;3
31000;BOT_TAKER;BOT_MAKER;VELVETFRUIT_EXTRACT;XIRECS;5291.0;6
31000;BOT_TAKER;SUBMISSION;VELVETFRUIT_EXTRACT;XIRECS;5290.0;3
31100;BOT_MAKER;BOT_TAKER;VELVETFRUIT_EXTRACT;XIRECS;5284.0;6
31200;BOT_TAKER;BOT_MAKER;VEV_6000;XIRECS;1.0;5
31200;SUBMISSION;BOT_TAKER;VELVETFRUIT_EXTRACT;XIRECS;5287.0;3
31300;BOT_MAKER;BOT_TAKER;HYDROGEL_PACK;XIRECS;10034.0;2
31300;BOT_TAKER;SUBMISSION;ASH_COATED_OSMIUM;XIRECS;10010.0;6
31400;BOT_MAKER;BOT_TAKER;ASH_COATED_OSMIUM;XIRECS;9995.0;3
31400;SUBMISSION;BOT_TAKER;HYDROGEL_PACK;XIRECS;10037.0;5
31500;BOT_MAKER;BOT_TAKER;VEV_6000;XIRECS;0.0;2
31500;BOT_MAKER;BOT_TAKER;VEV_6500;XIRECS;0.0;4
31500;SUBMISSION;BOT_TAKER;HYDROGEL_PACK;XIRECS;10040.0;4
31600;BOT_TAKER;BOT_MAKER;VEV_6000;XIRECS;1.0;4
31600;BOT_MAKER;BOT_TAKER;VEV_6500;XIRECS;0.0;2
31600;SUBMISSION;BOT_TAKER;ASH_COATED_OSMIUM;XIRECS;9996.0;2
31600;BOT_TAKER;SUBMISSION;HYDROGEL_PACK;XIRECS;10055.0;5
31600;BOT_TAKER;BOT_MAKER;HYDROGEL_PACK;XIRECS;10056.0;1
31700;BOT_TAKER;BOT_MAKER;VELVETFRUIT_EXTRACT;XIRECS;5288.0;6
31800;BOT_TAKER;BOT_MAKER;HYDROGEL_PACK;XIRECS;10060.0;5
31800;BOT_MAKER;BOT_TAKER;VELVETFRUIT_EXTRACT;XIRECS;5282.0;6
31800;BOT_MAKER;BOT_TAKER;VEV_6000;XIRECS;0.0;4
31900;BOT_MAKER;BOT_TAKER;HYDROGEL_PACK;XIRECS;10045.0;5
31900;BOT_MAKER;BOT_TAKER;VEV_6000;XIRECS;0.0;4
32000;BOT_TAKER;BOT_MAKER;ASH_COATED_OSMIUM;XIRECS;10010.0;5
32000;BOT_TAKER;BOT_MAKER;VEV_5400;XIRECS;15.0;5
32000;BOT_MAKER;BOT_TAKER;VEV_6500;XIRECS;0.0;5
32100;BOT_TAKER;BOT_MAKER;VELVETFRUIT_EXTRACT;XIRECS;5287.0;5
32100;BOT_TAKER;BOT_MAKER;VELVETFRUIT_EXTRACT;XIRECS;5287.0;6
32100;BOT_MAKER;BOT_TAKER;VEV_5500;XIRECS;4.0;4
32400;BOT_MAKER;BOT_TAKER;VEV_4000;XIRECS;1267.0;2
32500;BOT_MAKER;BOT_TAKER;VEV_6500;XIRECS;0.0;2
32600;BOT_TAKER;BOT_MAKER;VELVETFRUIT_EXTRACT;XIRECS;5288.0;8
32700;SUBMISSION;BOT_TAKER;HYDROGEL_PACK;XIRECS;10048.0;4
32800;BOT_TAKER;BOT_MAKER;VEV_5300;XIRECS;56.0;3
32900;BOT_TAKER;BOT_MAKER;VELVETFRUIT_EXTRACT;XIRECS;5285.0;8
32900;SUBMISSION;BOT;ASH_COATED_OSMIUM;XIRECS;9998.0;10
33000;BOT_MAKER;BOT_TAKER;VELVETFRUIT_EXTRACT;XIRECS;5280.0;8
33000;BOT_MAKER;BOT_TAKER;VEV_5300;XIRECS;54.0;5
33000;BOT_TAKER;SUBMISSION;VELVETFRUIT_EXTRACT;XIRECS;5284.0;5
33000;BOT_TAKER;BOT_MAKER;VELVETFRUIT_EXTRACT;XIRECS;5285.0;3
33100;BOT_MAKER;BOT_TAKER;VELVETFRUIT_EXTRACT;XIRECS;5280.0;5
33300;BOT_MAKER;BOT_TAKER;VELVETFRUIT_EXTRACT;XIRECS;5279.0;7
33300;BOT_TAKER;BOT_MAKER;VEV_5400;XIRECS;15.0;5
33400;BOT_TAKER;BOT_MAKER;VEV_4000;XIRECS;1286.0;1
33500;BOT_TAKER;BOT_MAKER;VEV_5500;XIRECS;4.0;5
33500;BOT_TAKER;BOT_MAKER;VEV_6500;XIRECS;1.0;2
33600;BOT_TAKER;SUBMISSION;VELVETFRUIT_EXTRACT;XIRECS;5283.0;5
33600;BOT_TAKER;BOT_MAKER;VELVETFRUIT_EXTRACT;XIRECS;5284.0;1
33800;BOT_TAKER;BOT_MAKER;VELVETFRUIT_EXTRACT;XIRECS;5285.0;11
33900;BOT_MAKER;BOT_TAKER;VELVETFRUIT_EXTRACT;XIRECS;5278.0;8
34000;SUBMISSION;BOT_TAKER;VEV_4000;XIRECS;1267.0;3
34200;BOT_MAKER;BOT_TAKER;HYDROGEL_PACK;XIRECS;10051.0;2
34200;BOT_TAKER;BOT_MAKER;VEV_6000;XIRECS;1.0;2
34200;BOT_TAKER;BOT_MAKER;VEV_6500;XIRECS;1.0;2
34300;BOT_MAKER;BOT_TAKER;HYDROGEL_PACK;XIRECS;10053.0;6
34300;BOT_TAKER;BOT_MAKER;VELVETFRUIT_EXTRACT;XIRECS;5280.0;5
34300;BOT_MAKER;BOT_TAKER;VEV_6000;XIRECS;0.0;2
34400;BOT_TAKER;BOT_MAKER;HYDROGEL_PACK;XIRECS;10075.0;6
34400;BOT_TAKER;BOT_MAKER;VELVETFRUIT_EXTRACT;XIRECS;5281.0;4
34500;BOT_TAKER;BOT_MAKER;VEV_4000;XIRECS;1285.0;3
34500;BOT_MAKER;BOT_TAKER;VEV_6000;XIRECS;0.0;4
34500;SUBMISSION;BOT_TAKER;ASH_COATED_OSMIUM;XIRECS;9990.0;2
34600;BOT_MAKER;BOT_TAKER;VELVETFRUIT_EXTRACT;XIRECS;5274.0;4
34700;BOT_MAKER;BOT_TAKER;INTARIAN_PEPPER_ROOT;XIRECS;13028.0;6
34800;BOT_MAKER;BOT_TAKER;VELVETFRUIT_EXTRACT;XIRECS;5275.0;7
34900;BOT_MAKER;BOT_TAKER;VEV_4000;XIRECS;1265.0;3
35000;BOT_TAKER;BOT_MAKER;HYDROGEL_PACK;XIRECS;10066.0;5
35100;BOT_MAKER;BOT_TAKER;HYDROGEL_PACK;XIRECS;10045.0;5
35100;BOT_TAKER;BOT_MAKER;VEV_6500;XIRECS;1.0;2
35200;BOT_TAKER;BOT_MAKER;VELVETFRUIT_EXTRACT;XIRECS;5279.0;4
35400;BOT_MAKER;BOT_TAKER;VELVETFRUIT_EXTRACT;XIRECS;5276.0;8
35400;BOT_MAKER;BOT_TAKER;VEV_5500;XIRECS;3.0;2
35400;BOT_TAKER;SUBMISSION;HYDROGEL_PACK;XIRECS;10062.0;4
35500;BOT_TAKER;BOT_MAKER;VEV_6000;XIRECS;1.0;4
35600;BOT_TAKER;BOT_MAKER;HYDROGEL_PACK;XIRECS;10062.0;2
35600;BOT_MAKER;BOT_TAKER;VEV_5400;XIRECS;16.0;3
35600;BOT_MAKER;BOT_TAKER;VEV_6500;XIRECS;0.0;5
35600;SUBMISSION;BOT_TAKER;VEV_4000;XIRECS;1272.0;1
35700;BOT_MAKER;BOT_TAKER;HYDROGEL_PACK;XIRECS;10042.0;3
35700;BOT_MAKER;BOT_TAKER;VEV_6500;XIRECS;0.0;2
35800;BOT_MAKER;BOT_TAKER;VELVETFRUIT_EXTRACT;XIRECS;5279.0;8
35800;BOT_TAKER;BOT_MAKER;VEV_5300;XIRECS;53.0;5
35900;BOT_TAKER;BOT_MAKER;VEV_6500;XIRECS;1.0;2
36000;BOT_TAKER;BOT_MAKER;VELVETFRUIT_EXTRACT;XIRECS;5284.0;7
36000;BOT_MAKER;BOT_TAKER;VELVETFRUIT_EXTRACT;XIRECS;5280.0;7
36000;BOT_MAKER;BOT_TAKER;VEV_6000;XIRECS;0.0;4
36100;BOT_MAKER;BOT_TAKER;HYDROGEL_PACK;XIRECS;10042.0;6
36100;BOT_MAKER;BOT_TAKER;VELVETFRUIT_EXTRACT;XIRECS;5280.0;5
36200;BOT_TAKER;BOT_MAKER;VEV_5500;XIRECS;5.0;5
36200;BOT_TAKER;BOT_MAKER;VEV_5500;XIRECS;5.0;2
36300;BOT_MAKER;BOT_TAKER;ASH_COATED_OSMIUM;XIRECS;9990.0;5
36500;BOT_TAKER;BOT_MAKER;VELVETFRUIT_EXTRACT;XIRECS;5283.0;3
36500;BOT_MAKER;BOT_TAKER;VEV_6000;XIRECS;0.0;2
36600;BOT_TAKER;BOT_MAKER;VELVETFRUIT_EXTRACT;XIRECS;5283.0;5
36700;BOT_MAKER;BOT_TAKER;HYDROGEL_PACK;XIRECS;10047.0;6
36700;BOT_MAKER;BOT_TAKER;VELVETFRUIT_EXTRACT;XIRECS;5277.0;8
36700;BOT_MAKER;BOT_TAKER;VEV_5500;XIRECS;3.0;2
36700;BOT_TAKER;SUBMISSION;VELVETFRUIT_EXTRACT;XIRECS;5280.0;3
36800;BOT_TAKER;BOT_MAKER;ASH_COATED_OSMIUM;XIRECS;10009.0;2
36900;BOT_TAKER;BOT_MAKER;VELVETFRUIT_EXTRACT;XIRECS;5282.0;6
37000;BOT_TAKER;BOT_MAKER;HYDROGEL_PACK;XIRECS;10063.0;5
37000;BOT_MAKER;BOT_TAKER;VELVETFRUIT_EXTRACT;XIRECS;5275.0;6
37000;BOT_MAKER;BOT_TAKER;VEV_4000;XIRECS;1263.0;1
37000;BOT_TAKER;BOT_MAKER;VEV_5400;XIRECS;17.0;3
37100;BOT_TAKER;BOT_MAKER;VELVETFRUIT_EXTRACT;XIRECS;5282.0;6
37300;BOT_TAKER;BOT_MAKER;VELVETFRUIT_EXTRACT;XIRECS;5282.0;3
37300;BOT_MAKER;BOT_TAKER;VEV_6000;XIRECS;0.0;2
37400;BOT_TAKER;BOT_MAKER;HYDROGEL_PACK;XIRECS;10066.0;4
37400;BOT_MAKER;BOT_TAKER;VELVETFRUIT_EXTRACT;XIRECS;5276.0;8
37400;BOT_TAKER;BOT_MAKER;VEV_6000;XIRECS;1.0;4
37400;BOT_TAKER;SUBMISSION;VELVETFRUIT_EXTRACT;XIRECS;5280.0;5
37400;BOT_TAKER;BOT_MAKER;VELVETFRUIT_EXTRACT;XIRECS;5281.0;1
37500;BOT_TAKER;BOT_MAKER;HYDROGEL_PACK;XIRECS;10066.0;6
37500;BOT_MAKER;BOT_TAKER;VELVETFRUIT_EXTRACT;XIRECS;5276.0;4
37500;BOT_TAKER;BOT_MAKER;VEV_5500;XIRECS;5.0;3
37600;BOT_TAKER;BOT_MAKER;HYDROGEL_PACK;XIRECS;10063.0;2
37600;BOT_TAKER;BOT_MAKER;VEV_4000;XIRECS;1285.0;2
37600;SUBMISSION;BOT_TAKER;HYDROGEL_PACK;XIRECS;10048.0;5
37700;BOT_MAKER;BOT_TAKER;VELVETFRUIT_EXTRACT;XIRECS;5274.0;7
37700;BOT_TAKER;SUBMISSION;VEV_4000;XIRECS;1284.0;3
37800;BOT_MAKER;BOT_TAKER;VEV_5400;XIRECS;17.0;5
38000;BOT_TAKER;BOT_MAKER;ASH_COATED_OSMIUM;XIRECS;10009.0;6
38000;BOT_TAKER;BOT_MAKER;VEV_5300;XIRECS;53.0;5
38000;BOT_TAKER;BOT_MAKER;VEV_6000;XIRECS;1.0;4
38200;BOT_TAKER;BOT_MAKER;VEV_4000;XIRECS;1288.0;1
38200;BOT_TAKER;SUBMISSION;VELVETFRUIT_EXTRACT;XIRECS;5278.0;5
38200;BOT_TAKER;BOT_MAKER;VELVETFRUIT_EXTRACT;XIRECS;5279.0;3
38300;BOT_MAKER;BOT_TAKER;VELVETFRUIT_EXTRACT;XIRECS;5274.0;6
38400;BOT_TAKER;BOT_MAKER;HYDROGEL_PACK;XIRECS;10066.0;3
38400;BOT_MAKER;BOT_TAKER;VEV_4000;XIRECS;1266.0;3
38500;BOT_MAKER;BOT_TAKER;VELVETFRUIT_EXTRACT;XIRECS;5275.0;7
38500;BOT_TAKER;BOT_MAKER;VEV_4000;XIRECS;1285.0;1
38500;BOT_TAKER;BOT_MAKER;VEV_6000;XIRECS;1.0;2
38500;SUBMISSION;BOT_TAKER;ASH_COATED_OSMIUM;XIRECS;9995.0;5
38600;BOT_TAKER;BOT_MAKER;VEV_6500;XIRECS;1.0;4
38600;BOT_TAKER;SUBMISSION;VELVETFRUIT_EXTRACT;XIRECS;5279.0;5
38600;BOT_TAKER;BOT_MAKER;VELVETFRUIT_EXTRACT;XIRECS;5280.0;1
38700;BOT_MAKER;BOT_TAKER;HYDROGEL_PACK;XIRECS;10043.0;2
38800;BOT_MAKER;BOT_TAKER;HYDROGEL_PACK;XIRECS;10042.0;2
39000;BOT_MAKER;BOT_TAKER;VELVETFRUIT_EXTRACT;XIRECS;5278.0;7
39100;BOT_MAKER;BOT_TAKER;HYDROGEL_PACK;XIRECS;10042.0;2
39100;BOT_TAKER;BOT_MAKER;VELVETFRUIT_EXTRACT;XIRECS;5283.0;5
39100;BOT_TAKER;BOT_MAKER;VELVETFRUIT_EXTRACT;XIRECS;5283.0;7
39400;BOT_MAKER;BOT_TAKER;HYDROGEL_PACK;XIRECS;10040.0;6
39400;BOT_MAKER;BOT_TAKER;VELVETFRUIT_EXTRACT;XIRECS;5277.0;4
39700;BOT_TAKER;BOT_MAKER;HYDROGEL_PACK;XIRECS;10056.0;6
39800;BOT_TAKER;BOT_MAKER;HYDROGEL_PACK;XIRECS;10055.0;2
39800;BOT_MAKER;BOT_TAKER;VELVETFRUIT_EXTRACT;XIRECS;5278.0;8
39900;BOT_MAKER;BOT_TAKER;HYDROGEL_PACK;XIRECS;10037.0;5
39900;BOT_MAKER;BOT_TAKER;VELVETFRUIT_EXTRACT;XIRECS;5277.0;5
40000;BOT_TAKER;BOT_MAKER;HYDROGEL_PACK;XIRECS;10054.0;2
40000;BOT_MAKER;BOT_TAKER;VELVETFRUIT_EXTRACT;XIRECS;5279.0;6
40100;BOT_MAKER;BOT_TAKER;HYDROGEL_PACK;XIRECS;10039.0;2
40100;BOT_TAKER;BOT_MAKER;VELVETFRUIT_EXTRACT;XIRECS;5285.0;8
40200;BOT_TAKER;BOT_MAKER;VELVETFRUIT_EXTRACT;XIRECS;5285.0;4
40300;SUBMISSION;BOT_TAKER;VELVETFRUIT_EXTRACT;XIRECS;5281.0;3
40400;BOT_MAKER;BOT_TAKER;VELVETFRUIT_EXTRACT;XIRECS;5280.0;7
40400;BOT_TAKER;SUBMISSION;VEV_4000;XIRECS;1293.0;3
40500;BOT_MAKER;BOT_TAKER;HYDROGEL_PACK;XIRECS;10036.0;6
40500;BOT_MAKER;BOT_TAKER;VEV_6000;XIRECS;0.0;4
40600;BOT_TAKER;BOT_MAKER;HYDROGEL_PACK;XIRECS;10055.0;4
40600;BOT_TAKER;BOT_MAKER;VEV_6000;XIRECS;1.0;5
40700;BOT_TAKER;BOT_MAKER;VELVETFRUIT_EXTRACT;XIRECS;5285.0;8
40700;BOT_TAKER;SUBMISSION;HYDROGEL_PACK;XIRECS;10054.0;5
40700;BOT_TAKER;BOT_MAKER;HYDROGEL_PACK;XIRECS;10055.0;1
40800;BOT_MAKER;BOT_TAKER;VEV_5500;XIRECS;4.0;4
41100;BOT_MAKER;BOT_TAKER;HYDROGEL_PACK;XIRECS;10035.0;2
41200;BOT_TAKER;BOT_MAKER;HYDROGEL_PACK;XIRECS;10048.0;2
41200;BOT_TAKER;BOT_MAKER;INTARIAN_PEPPER_ROOT;XIRECS;13048.0;6
41200;BOT_TAKER;BOT_MAKER;VELVETFRUIT_EXTRACT;XIRECS;5284.0;5
41200;BOT_TAKER;BOT_MAKER;VEV_5400;XIRECS;17.0;5
41300;BOT_MAKER;BOT_TAKER;HYDROGEL_PACK;XIRECS;10031.0;6
41300;BOT_MAKER;BOT_TAKER;VELVETFRUIT_EXTRACT;XIRECS;5278.0;6
41400;BOT_TAKER;BOT_MAKER;VELVETFRUIT_EXTRACT;XIRECS;5285.0;8
41400;BOT_TAKER;BOT_MAKER;VEV_6500;XIRECS;1.0;5
41500;BOT_TAKER;BOT_MAKER;VEV_5400;XIRECS;18.0;5
41600;BOT_MAKER;BOT_TAKER;VEV_4000;XIRECS;1275.0;2
41700;BOT_TAKER;BOT_MAKER;VELVETFRUIT_EXTRACT;XIRECS;5282.0;4
41700;BOT_MAKER;BOT_TAKER;VEV_4000;XIRECS;1275.0;2
41700;BOT_TAKER;BOT_MAKER;VEV_5500;XIRECS;5.0;4
41700;SUBMISSION;BOT_TAKER;VELVETFRUIT_EXTRACT;XIRECS;5278.0;5
41700;BOT_MAKER;BOT_TAKER;VELVETFRUIT_EXTRACT;XIRECS;5277.0;1
41800;BOT_TAKER;BOT_MAKER;VEV_4000;XIRECS;1297.0;3
42000;BOT_TAKER;BOT_MAKER;HYDROGEL_PACK;XIRECS;10055.0;4
42000;BOT_TAKER;BOT_MAKER;VELVETFRUIT_EXTRACT;XIRECS;5283.0;6
42000;BOT_TAKER;BOT_MAKER;VELVETFRUIT_EXTRACT;XIRECS;5283.0;7
42100;BOT_TAKER;BOT_MAKER;INTARIAN_PEPPER_ROOT;XIRECS;13049.0;3
42100;BOT_MAKER;BOT_TAKER;VELVETFRUIT_EXTRACT;XIRECS;5277.0;6
42100;BOT_MAKER;BOT_TAKER;VEV_5500;XIRECS;4.0;3
42100;BOT_TAKER;SUBMISSION;VELVETFRUIT_EXTRACT;XIRECS;5282.0;5
42100;BOT_TAKER;BOT_MAKER;VELVETFRUIT_EXTRACT;XIRECS;5283.0;2
42200;BOT_TAKER;BOT_MAKER;VEV_5500;XIRECS;5.0;3
42200;BOT_MAKER;BOT_TAKER;ASH_COATED_OSMIUM;XIRECS;9993.0;6
42300;BOT_TAKER;BOT_MAKER;HYDROGEL_PACK;XIRECS;10048.0;6
42300;BOT_MAKER;BOT_TAKER;INTARIAN_PEPPER_ROOT;XIRECS;13035.0;6
42400;BOT_TAKER;BOT_MAKER;HYDROGEL_PACK;XIRECS;10048.0;6
42500;BOT_TAKER;BOT_MAKER;HYDROGEL_PACK;XIRECS;10051.0;6
42500;SUBMISSION;BOT_TAKER;VELVETFRUIT_EXTRACT;XIRECS;5276.0;5
42500;BOT_MAKER;BOT_TAKER;VELVETFRUIT_EXTRACT;XIRECS;5275.0;2
42800;BOT_TAKER;BOT_MAKER;VELVETFRUIT_EXTRACT;XIRECS;5282.0;3
42800;BOT_TAKER;SUBMISSION;VEV_4000;XIRECS;1295.0;1
42900;BOT_MAKER;BOT_TAKER;VELVETFRUIT_EXTRACT;XIRECS;5276.0;7
42900;BOT_TAKER;BOT_MAKER;VEV_6000;XIRECS;1.0;4
42900;BOT_TAKER;SUBMISSION;HYDROGEL_PACK;XIRECS;10053.0;2
43000;BOT_MAKER;BOT_TAKER;HYDROGEL_PACK;XIRECS;10037.0;2
43000;BOT_MAKER;BOT_TAKER;VELVETFRUIT_EXTRACT;XIRECS;5276.0;4
43000;BOT_TAKER;BOT_MAKER;VEV_4000;XIRECS;1294.0;1
43100;BOT_MAKER;BOT_TAKER;VELVETFRUIT_EXTRACT;XIRECS;5276.0;7
43200;BOT_MAKER;BOT_TAKER;HYDROGEL_PACK;XIRECS;10031.0;6
43200;BOT_TAKER;BOT_MAKER;INTARIAN_PEPPER_ROOT;XIRECS;13050.0;7
43200;BOT_MAKER;BOT_TAKER;VELVETFRUIT_EXTRACT;XIRECS;5274.0;5
43200;BOT_MAKER;BOT_TAKER;VEV_4000;XIRECS;1271.0;3
43300;BOT_TAKER;BOT_MAKER;HYDROGEL_PACK;XIRECS;10048.0;6
43300;BOT_TAKER;BOT_MAKER;VEV_4000;XIRECS;1292.0;3
43300;BOT_TAKER;BOT_MAKER;VEV_5400;XIRECS;18.0;2
43300;BOT_MAKER;BOT_TAKER;VEV_6500;XIRECS;0.0;5
43400;BOT_MAKER;BOT_TAKER;HYDROGEL_PACK;XIRECS;10030.0;3
43400;BOT_MAKER;BOT_TAKER;VELVETFRUIT_EXTRACT;XIRECS;5275.0;7
43400;BOT_MAKER;BOT_TAKER;VEV_5400;XIRECS;16.0;4
43600;BOT_MAKER;BOT_TAKER;ASH_COATED_OSMIUM;XIRECS;9990.0;8
43600;BOT_TAKER;BOT_MAKER;HYDROGEL_PACK;XIRECS;10047.0;4
43700;BOT_TAKER;BOT_MAKER;VELVETFRUIT_EXTRACT;XIRECS;5280.0;7
43700;BOT_MAKER;BOT_TAKER;VEV_5500;XIRECS;4.0;5
43700;BOT;SUBMISSION;ASH_COATED_OSMIUM;XIRECS;10002.0;9
43700;BOT_TAKER;SUBMISSION;ASH_COATED_OSMIUM;XIRECS;10008.0;5
43800;BOT_TAKER;BOT_MAKER;INTARIAN_PEPPER_ROOT;XIRECS;13054.0;6
43800;BOT_TAKER;BOT_MAKER;VELVETFRUIT_EXTRACT;XIRECS;5281.0;8
43800;BOT_TAKER;BOT_MAKER;VEV_5300;XIRECS;46.0;2
43800;SUBMISSION;BOT_TAKER;VELVETFRUIT_EXTRACT;XIRECS;5277.0;4
43900;BOT_TAKER;BOT_MAKER;VELVETFRUIT_EXTRACT;XIRECS;5282.0;5
44100;BOT_TAKER;BOT_MAKER;HYDROGEL_PACK;XIRECS;10046.0;5
44100;BOT_TAKER;BOT_MAKER;VELVETFRUIT_EXTRACT;XIRECS;5282.0;5
44100;BOT_TAKER;BOT_MAKER;VELVETFRUIT_EXTRACT;XIRECS;5282.0;4
44100;BOT_TAKER;BOT_MAKER;VEV_5500;XIRECS;5.0;2
44200;BOT_MAKER;BOT_TAKER;HYDROGEL_PACK;XIRECS;10026.0;4
44300;BOT_MAKER;BOT_TAKER;HYDROGEL_PACK;XIRECS;10029.0;6
44400;BOT_TAKER;BOT_MAKER;VELVETFRUIT_EXTRACT;XIRECS;5281.0;4
44400;SUBMISSION;BOT_TAKER;VEV_5100;XIRECS;197.0;1
44500;BOT_TAKER;BOT_MAKER;VEV_4000;XIRECS;1294.0;3
44600;BOT_MAKER;BOT_TAKER;HYDROGEL_PACK;XIRECS;10035.0;6
44600;BOT_TAKER;SUBMISSION;VELVETFRUIT_EXTRACT;XIRECS;5280.0;5
44600;BOT_TAKER;BOT_MAKER;VELVETFRUIT_EXTRACT;XIRECS;5281.0;2
44700;BOT_TAKER;BOT_MAKER;VELVETFRUIT_EXTRACT;XIRECS;5282.0;7
44700;BOT_TAKER;BOT_MAKER;VEV_6000;XIRECS;1.0;3
44700;SUBMISSION;BOT_TAKER;VELVETFRUIT_EXTRACT;XIRECS;5278.0;5
44800;BOT_TAKER;BOT_MAKER;HYDROGEL_PACK;XIRECS;10051.0;4
44900;BOT_MAKER;BOT_TAKER;VEV_4000;XIRECS;1275.0;2
44900;BOT_TAKER;BOT_MAKER;VEV_5400;XIRECS;16.0;5
45000;BOT_TAKER;BOT_MAKER;HYDROGEL_PACK;XIRECS;10052.0;5
45000;BOT_TAKER;BOT_MAKER;VEV_4000;XIRECS;1295.0;2
45400;BOT_MAKER;BOT_TAKER;VELVETFRUIT_EXTRACT;XIRECS;5275.0;4
45600;BOT_TAKER;BOT_MAKER;HYDROGEL_PACK;XIRECS;10060.0;6
45600;BOT_TAKER;BOT_MAKER;VEV_5500;XIRECS;5.0;5
45700;BOT_MAKER;BOT_TAKER;VELVETFRUIT_EXTRACT;XIRECS;5270.0;3
45700;BOT_TAKER;BOT_MAKER;VEV_6500;XIRECS;1.0;4
45800;BOT_MAKER;BOT_TAKER;HYDROGEL_PACK;XIRECS;10044.0;6
45800;BOT_TAKER;BOT_MAKER;VEV_6500;XIRECS;1.0;5
45900;BOT_TAKER;BOT_MAKER;HYDROGEL_PACK;XIRECS;10059.0;4
45900;BOT_MAKER;BOT_TAKER;VELVETFRUIT_EXTRACT;XIRECS;5271.0;6
45900;BOT_TAKER;BOT_MAKER;VEV_5300;XIRECS;45.0;2
45900;BOT_TAKER;BOT_MAKER;VEV_6500;XIRECS;1.0;5
46000;BOT_MAKER;BOT_TAKER;VEV_5500;XIRECS;4.0;3
46000;BOT_MAKER;BOT_TAKER;VEV_6000;XIRECS;0.0;5
46100;BOT_TAKER;BOT_MAKER;VELVETFRUIT_EXTRACT;XIRECS;5277.0;7
46100;BOT_TAKER;BOT_MAKER;VEV_5500;XIRECS;5.0;2
46100;SUBMISSION;BOT_TAKER;VELVETFRUIT_EXTRACT;XIRECS;5272.0;5
46200;BOT_MAKER;BOT_TAKER;VELVETFRUIT_EXTRACT;XIRECS;5273.0;3
46200;BOT_MAKER;BOT_TAKER;VEV_4000;XIRECS;1278.0;1
46300;BOT_TAKER;BOT_MAKER;VELVETFRUIT_EXTRACT;XIRECS;5279.0;4
46400;BOT_MAKER;BOT_TAKER;VELVETFRUIT_EXTRACT;XIRECS;5275.0;7
46400;BOT_TAKER;BOT_MAKER;VEV_6000;XIRECS;1.0;3
46500;BOT_TAKER;BOT_MAKER;HYDROGEL_PACK;XIRECS;10058.0;3
46500;BOT_MAKER;BOT_TAKER;VELVETFRUIT_EXTRACT;XIRECS;5274.0;7
46500;BOT_TAKER;BOT_MAKER;VELVETFRUIT_EXTRACT;XIRECS;5278.0;6
46500;SUBMISSION;BOT_TAKER;ASH_COATED_OSMIUM;XIRECS;9992.0;5
46600;BOT_MAKER;BOT_TAKER;HYDROGEL_PACK;XIRECS;10037.0;5
46600;BOT_TAKER;BOT_MAKER;VELVETFRUIT_EXTRACT;XIRECS;5278.0;7
46700;BOT_MAKER;BOT_TAKER;VELVETFRUIT_EXTRACT;XIRECS;5273.0;7
46700;BOT_MAKER;BOT_TAKER;VEV_4000;XIRECS;1277.0;2
46700;BOT_TAKER;BOT_MAKER;VEV_6000;XIRECS;1.0;2
46800;BOT_TAKER;BOT_MAKER;HYDROGEL_PACK;XIRECS;10050.0;4
46800;BOT_MAKER;BOT_TAKER;VELVETFRUIT_EXTRACT;XIRECS;5274.0;11
46800;BOT_MAKER;BOT_TAKER;VEV_4000;XIRECS;1276.0;1
46800;BOT_TAKER;BOT_MAKER;VEV_5500;XIRECS;5.0;3
46800;BOT_TAKER;BOT_MAKER;VEV_6500;XIRECS;1.0;3
46900;BOT_TAKER;BOT_MAKER;VEV_5500;XIRECS;5.0;4
46900;BOT_TAKER;BOT_MAKER;VEV_6000;XIRECS;1.0;5
47000;BOT_TAKER;BOT_MAKER;HYDROGEL_PACK;XIRECS;10054.0;6
47000;BOT_MAKER;BOT_TAKER;VEV_6500;XIRECS;0.0;4
47000;SUBMISSION;BOT_TAKER;HYDROGEL_PACK;XIRECS;10036.0;3
47100;BOT_TAKER;BOT_MAKER;INTARIAN_PEPPER_ROOT;XIRECS;13054.0;7
47100;BOT_MAKER;BOT_TAKER;VELVETFRUIT_EXTRACT;XIRECS;5273.0;8
47100;BOT_MAKER;BOT_TAKER;VEV_6500;XIRECS;0.0;2
47200;BOT_MAKER;BOT_TAKER;HYDROGEL_PACK;XIRECS;10038.0;5
47300;BOT_TAKER;BOT_MAKER;VEV_4000;XIRECS;1300.0;1
47400;BOT_MAKER;BOT_TAKER;VELVETFRUIT_EXTRACT;XIRECS;5272.0;7
47400;BOT_MAKER;BOT_TAKER;VEV_4000;XIRECS;1279.0;1
47500;BOT_MAKER;BOT_TAKER;HYDROGEL_PACK;XIRECS;10039.0;2
47500;SUBMISSION;BOT_TAKER;HYDROGEL_PACK;XIRECS;10040.0;3
47600;BOT_MAKER;BOT_TAKER;INTARIAN_PEPPER_ROOT;XIRECS;13037.0;6
47600;BOT_TAKER;BOT_MAKER;VEV_5400;XIRECS;17.0;2
47600;SUBMISSION;BOT_TAKER;VEV_4000;XIRECS;1278.0;1
47700;BOT_TAKER;BOT_MAKER;VEV_4000;XIRECS;1298.0;1
47700;BOT;SUBMISSION;ASH_COATED_OSMIUM;XIRECS;10001.0;4
47700;BOT_TAKER;SUBMISSION;VELVETFRUIT_EXTRACT;XIRECS;5279.0;5
47800;BOT;SUBMISSION;ASH_COATED_OSMIUM;XIRECS;10002.0;6
47900;BOT_MAKER;BOT_TAKER;HYDROGEL_PACK;XIRECS;10032.0;6
47900;BOT_TAKER;SUBMISSION;HYDROGEL_PACK;XIRECS;10047.0;4
48000;BOT_TAKER;BOT_MAKER;VELVETFRUIT_EXTRACT;XIRECS;5283.0;7
48100;BOT_MAKER;BOT_TAKER;VELVETFRUIT_EXTRACT;XIRECS;5277.0;8
48200;BOT_TAKER;SUBMISSION;VEV_4000;XIRECS;1297.0;1
48300;BOT_MAKER;BOT_TAKER;HYDROGEL_PACK;XIRECS;10032.0;6
48300;BOT_TAKER;BOT_MAKER;VEV_5300;XIRECS;46.0;3
48400;BOT_TAKER;BOT_MAKER;HYDROGEL_PACK;XIRECS;10049.0;4
48400;BOT_TAKER;BOT_MAKER;VEV_5500;XIRECS;5.0;2
48500;BOT_TAKER;BOT_MAKER;HYDROGEL_PACK;XIRECS;10048.0;5
48600;BOT_MAKER;BOT_TAKER;HYDROGEL_PACK;XIRECS;10030.0;5
48600;BOT;SUBMISSION;ASH_COATED_OSMIUM;XIRECS;10001.0;9
48700;BOT_MAKER;BOT_TAKER;VELVETFRUIT_EXTRACT;XIRECS;5279.0;5
48800;BOT;SUBMISSION;ASH_COATED_OSMIUM;XIRECS;10002.0;8
49000;BOT_TAKER;BOT_MAKER;INTARIAN_PEPPER_ROOT;XIRECS;13056.0;5
49000;BOT_TAKER;BOT_MAKER;VELVETFRUIT_EXTRACT;XIRECS;5285.0;4
49000;BOT_TAKER;BOT_MAKER;VELVETFRUIT_EXTRACT;XIRECS;5285.0;6
49200;BOT_MAKER;BOT_TAKER;HYDROGEL_PACK;XIRECS;10024.0;5
49300;BOT_TAKER;BOT_MAKER;VEV_6500;XIRECS;1.0;5
49300;BOT;SUBMISSION;ASH_COATED_OSMIUM;XIRECS;10003.0;10
49300;SUBMISSION;BOT_TAKER;VELVETFRUIT_EXTRACT;XIRECS;5283.0;5
49300;BOT_MAKER;BOT_TAKER;VELVETFRUIT_EXTRACT;XIRECS;5282.0;3
49400;BOT_MAKER;BOT_TAKER;VEV_4000;XIRECS;1280.0;3
49400;BOT_TAKER;BOT_MAKER;VEV_6000;XIRECS;1.0;4
49500;BOT_MAKER;BOT_TAKER;VEV_6000;XIRECS;0.0;2
49500;BOT_TAKER;SUBMISSION;VELVETFRUIT_EXTRACT;XIRECS;5287.0;5
49500;BOT_TAKER;BOT_MAKER;VELVETFRUIT_EXTRACT;XIRECS;5288.0;1
49600;BOT_MAKER;BOT_TAKER;HYDROGEL_PACK;XIRECS;10023.0;6
49600;BOT_TAKER;SUBMISSION;HYDROGEL_PACK;XIRECS;10038.0;2
49700;BOT_MAKER;BOT_TAKER;HYDROGEL_PACK;XIRECS;10023.0;5
49700;BOT_TAKER;BOT_MAKER;VELVETFRUIT_EXTRACT;XIRECS;5288.0;4
49900;BOT_MAKER;BOT_TAKER;HYDROGEL_PACK;XIRECS;10019.0;5
49900;BOT_MAKER;BOT_TAKER;VEV_5200;XIRECS;115.0;4
49900;BOT_TAKER;BOT_MAKER;VEV_5300;XIRECS;47.0;2
50000;BOT_TAKER;SUBMISSION;VELVETFRUIT_EXTRACT;XIRECS;5289.0;5
50100;BOT_TAKER;BOT_MAKER;VELVETFRUIT_EXTRACT;XIRECS;5290.0;4
50200;BOT_TAKER;BOT_MAKER;VELVETFRUIT_EXTRACT;XIRECS;5291.0;3
50400;BOT_MAKER;BOT_TAKER;HYDROGEL_PACK;XIRECS;10013.0;5
50400;BOT_TAKER;BOT_MAKER;VEV_5300;XIRECS;47.0;4
50400;BOT_MAKER;BOT_TAKER;VEV_5300;XIRECS;45.0;5
50400;BOT_MAKER;BOT_TAKER;VEV_5500;XIRECS;4.0;2
50400;SUBMISSION;BOT_TAKER;ASH_COATED_OSMIUM;XIRECS;9993.0;3
50500;BOT_MAKER;BOT_TAKER;HYDROGEL_PACK;XIRECS;10009.0;3
50500;BOT_TAKER;BOT_MAKER;VELVETFRUIT_EXTRACT;XIRECS;5290.0;5
50500;BOT_TAKER;SUBMISSION;HYDROGEL_PACK;XIRECS;10024.0;4
50500;BOT_TAKER;SUBMISSION;VEV_4000;XIRECS;1302.0;3
50600;SUBMISSION;BOT_TAKER;HYDROGEL_PACK;XIRECS;10010.0;4
50700;BOT_TAKER;BOT_MAKER;VELVETFRUIT_EXTRACT;XIRECS;5290.0;7
50700;BOT_TAKER;BOT_MAKER;VEV_6500;XIRECS;1.0;5
50900;BOT_MAKER;BOT_TAKER;VELVETFRUIT_EXTRACT;XIRECS;5286.0;3
50900;BOT_MAKER;BOT_TAKER;VEV_5400;XIRECS;16.0;5
50900;SUBMISSION;BOT_TAKER;VELVETFRUIT_EXTRACT;XIRECS;5287.0;5
51000;BOT_MAKER;BOT_TAKER;HYDROGEL_PACK;XIRECS;10006.0;5
51000;BOT_MAKER;BOT_TAKER;VEV_6000;XIRECS;0.0;3
51100;BOT_MAKER;BOT_TAKER;HYDROGEL_PACK;XIRECS;10006.0;2
51200;BOT_MAKER;BOT_TAKER;VEV_4000;XIRECS;1282.0;1
51200;BOT_MAKER;BOT_TAKER;VEV_5500;XIRECS;3.0;2
51400;BOT_TAKER;BOT_MAKER;VEV_5300;XIRECS;48.0;4
51500;BOT_TAKER;BOT_MAKER;VELVETFRUIT_EXTRACT;XIRECS;5291.0;8
51500;BOT_MAKER;BOT_TAKER;VEV_5400;XIRECS;16.0;5
51500;SUBMISSION;BOT_TAKER;HYDROGEL_PACK;XIRECS;10009.0;3
51600;BOT_TAKER;BOT_MAKER;VEV_5300;XIRECS;47.0;2
51600;BOT_TAKER;BOT_MAKER;VEV_6500;XIRECS;1.0;3
51700;BOT_MAKER;BOT_TAKER;HYDROGEL_PACK;XIRECS;10000.0;3
51700;BOT_TAKER;BOT_MAKER;VEV_4000;XIRECS;1304.0;2
51700;BOT_MAKER;BOT_TAKER;VEV_5300;XIRECS;44.0;4
51800;BOT_TAKER;BOT_MAKER;ASH_COATED_OSMIUM;XIRECS;10008.0;5
51800;BOT_MAKER;BOT_TAKER;VELVETFRUIT_EXTRACT;XIRECS;5284.0;5
51800;SUBMISSION;BOT_TAKER;VELVETFRUIT_EXTRACT;XIRECS;5285.0;3
51900;BOT_TAKER;BOT_MAKER;HYDROGEL_PACK;XIRECS;10015.0;3
51900;BOT_MAKER;BOT_TAKER;VELVETFRUIT_EXTRACT;XIRECS;5283.0;7
52000;BOT_MAKER;BOT_TAKER;VELVETFRUIT_EXTRACT;XIRECS;5281.0;7
52100;BOT_TAKER;BOT_MAKER;HYDROGEL_PACK;XIRECS;10015.0;4
52100;BOT_TAKER;BOT_MAKER;VELVETFRUIT_EXTRACT;XIRECS;5286.0;8
52200;BOT_MAKER;BOT_TAKER;HYDROGEL_PACK;XIRECS;10001.0;2
52200;BOT_MAKER;BOT_TAKER;VEV_4000;XIRECS;1282.0;1
52300;BOT_MAKER;BOT_TAKER;HYDROGEL_PACK;XIRECS;10000.0;3
52300;BOT_TAKER;BOT_MAKER;VEV_6500;XIRECS;1.0;2
52400;BOT_MAKER;BOT_TAKER;HYDROGEL_PACK;XIRECS;10001.0;3
52400;SUBMISSION;BOT_TAKER;HYDROGEL_PACK;XIRECS;10002.0;3
52600;BOT_MAKER;BOT_TAKER;HYDROGEL_PACK;XIRECS;9997.0;5
52600;BOT_TAKER;BOT_MAKER;VEV_6500;XIRECS;1.0;5
52700;BOT_MAKER;BOT_TAKER;VEV_5500;XIRECS;3.0;3
52700;BOT_TAKER;SUBMISSION;HYDROGEL_PACK;XIRECS;10017.0;2
52800;SUBMISSION;BOT_TAKER;VEV_5300;XIRECS;45.0;3
52900;BOT_MAKER;BOT_TAKER;VEV_4000;XIRECS;1282.0;2
53100;BOT_TAKER;BOT_MAKER;HYDROGEL_PACK;XIRECS;10016.0;5
53100;BOT_MAKER;BOT_TAKER;VEV_4000;XIRECS;1285.0;3
53200;BOT_TAKER;BOT_MAKER;HYDROGEL_PACK;XIRECS;10014.0;4
53300;BOT_MAKER;BOT_TAKER;HYDROGEL_PACK;XIRECS;10002.0;6
53400;BOT_MAKER;BOT_TAKER;HYDROGEL_PACK;XIRECS;10004.0;3
53400;SUBMISSION;BOT_TAKER;ASH_COATED_OSMIUM;XIRECS;9993.0;7
53600;BOT_TAKER;BOT_MAKER;ASH_COATED_OSMIUM;XIRECS;10010.0;4
53600;BOT_TAKER;BOT_MAKER;VELVETFRUIT_EXTRACT;XIRECS;5287.0;3
53600;BOT_MAKER;BOT_TAKER;VEV_4000;XIRECS;1284.0;3
53600;BOT_TAKER;SUBMISSION;HYDROGEL_PACK;XIRECS;10014.0;3
53700;BOT_MAKER;BOT_TAKER;ASH_COATED_OSMIUM;XIRECS;9998.0;4
53700;BOT_MAKER;BOT_TAKER;ASH_COATED_OSMIUM;XIRECS;9992.0;5
53700;BOT_TAKER;BOT_MAKER;VEV_4000;XIRECS;1306.0;3
53800;BOT_MAKER;BOT_TAKER;VELVETFRUIT_EXTRACT;XIRECS;5281.0;3
53800;SUBMISSION;BOT_TAKER;HYDROGEL_PACK;XIRECS;9999.0;5
53900;BOT_MAKER;BOT_TAKER;HYDROGEL_PACK;XIRECS;9994.0;5
53900;BOT_TAKER;BOT_MAKER;VEV_5500;XIRECS;4.0;2
53900;BOT_TAKER;BOT_MAKER;VEV_6000;XIRECS;1.0;5
54000;BOT_TAKER;BOT_MAKER;VELVETFRUIT_EXTRACT;XIRECS;5283.0;5
54000;BOT_TAKER;BOT_MAKER;VEV_6500;XIRECS;1.0;2
54100;BOT_MAKER;BOT_TAKER;VEV_6000;XIRECS;0.0;4
54200;BOT_MAKER;BOT_TAKER;VEV_5500;XIRECS;3.0;2
54400;BOT_MAKER;BOT_TAKER;VELVETFRUIT_EXTRACT;XIRECS;5278.0;14
54500;BOT_TAKER;BOT_MAKER;ASH_COATED_OSMIUM;XIRECS;10008.0;5
54500;BOT_TAKER;BOT_MAKER;VELVETFRUIT_EXTRACT;XIRECS;5284.0;7
54500;BOT_MAKER;BOT_TAKER;VEV_6500;XIRECS;0.0;4
54500;BOT_TAKER;SUBMISSION;VELVETFRUIT_EXTRACT;XIRECS;5283.0;5
54700;BOT_MAKER;BOT_TAKER;HYDROGEL_PACK;XIRECS;9998.0;4
54700;BOT_MAKER;BOT_TAKER;VELVETFRUIT_EXTRACT;XIRECS;5278.0;9
54700;BOT_TAKER;SUBMISSION;VELVETFRUIT_EXTRACT;XIRECS;5283.0;5
54700;BOT_TAKER;BOT_MAKER;VELVETFRUIT_EXTRACT;XIRECS;5284.0;3
54800;BOT_MAKER;BOT_TAKER;HYDROGEL_PACK;XIRECS;9996.0;6
54800;SUBMISSION;BOT;ASH_COATED_OSMIUM;XIRECS;9999.0;5
54900;BOT_MAKER;BOT_TAKER;VELVETFRUIT_EXTRACT;XIRECS;5279.0;4
54900;BOT_MAKER;BOT_TAKER;VEV_4000;XIRECS;1286.0;2
54900;BOT_TAKER;BOT_MAKER;VEV_5300;XIRECS;47.0;2
55000;BOT_TAKER;BOT_MAKER;ASH_COATED_OSMIUM;XIRECS;10008.0;9
55000;BOT_MAKER;BOT_TAKER;HYDROGEL_PACK;XIRECS;9995.0;6
55000;BOT_MAKER;BOT_TAKER;VEV_6500;XIRECS;0.0;5
55000;BOT_TAKER;BOT_MAKER;VEV_6500;XIRECS;1.0;4
55200;BOT_MAKER;BOT_TAKER;ASH_COATED_OSMIUM;XIRECS;9993.0;2
55200;BOT_TAKER;BOT_MAKER;HYDROGEL_PACK;XIRECS;10009.0;4
55200;BOT_MAKER;BOT_TAKER;VELVETFRUIT_EXTRACT;XIRECS;5281.0;6
55300;BOT_MAKER;BOT_TAKER;HYDROGEL_PACK;XIRECS;9995.0;6
55400;BOT_MAKER;BOT_TAKER;VELVETFRUIT_EXTRACT;XIRECS;5282.0;7
55400;BOT_MAKER;BOT_TAKER;VEV_5500;XIRECS;3.0;3
55400;BOT_MAKER;BOT_TAKER;VEV_6500;XIRECS;0.0;5
55400;BOT_TAKER;SUBMISSION;VEV_4000;XIRECS;1310.0;3
55500;BOT_MAKER;BOT_TAKER;VELVETFRUIT_EXTRACT;XIRECS;5281.0;14
55500;SUBMISSION;BOT_TAKER;ASH_COATED_OSMIUM;XIRECS;9993.0;4
55600;BOT_MAKER;BOT_TAKER;INTARIAN_PEPPER_ROOT;XIRECS;13049.0;6
55600;BOT_TAKER;BOT_MAKER;VELVETFRUIT_EXTRACT;XIRECS;5288.0;5
55600;BOT_TAKER;BOT_MAKER;VEV_6500;XIRECS;1.0;4
55600;SUBMISSION;BOT_TAKER;VELVETFRUIT_EXTRACT;XIRECS;5284.0;5
55600;BOT_MAKER;BOT_TAKER;VELVETFRUIT_EXTRACT;XIRECS;5283.0;3
55700;BOT_MAKER;BOT_TAKER;VELVETFRUIT_EXTRACT;XIRECS;5283.0;5
55900;BOT_MAKER;BOT_TAKER;VELVETFRUIT_EXTRACT;XIRECS;5284.0;7
55900;BOT_TAKER;BOT_MAKER;VEV_5200;XIRECS;116.0;3
55900;BOT_MAKER;BOT_TAKER;VEV_6000;XIRECS;0.0;3
56000;SUBMISSION;BOT_TAKER;VELVETFRUIT_EXTRACT;XIRECS;5286.0;4
56100;BOT_MAKER;BOT_TAKER;VELVETFRUIT_EXTRACT;XIRECS;5283.0;8
56100;BOT_TAKER;SUBMISSION;VELVETFRUIT_EXTRACT;XIRECS;5288.0;5
56100;BOT_TAKER;BOT_MAKER;VELVETFRUIT_EXTRACT;XIRECS;5289.0;1
56200;BOT_MAKER;BOT_TAKER;HYDROGEL_PACK;XIRECS;9990.0;2
56200;BOT_MAKER;BOT_TAKER;VELVETFRUIT_EXTRACT;XIRECS;5281.0;6
56200;BOT_TAKER;BOT_MAKER;VEV_6500;XIRECS;1.0;3
56300;BOT_MAKER;BOT_TAKER;VELVETFRUIT_EXTRACT;XIRECS;5279.0;11
56300;SUBMISSION;BOT_TAKER;VELVETFRUIT_EXTRACT;XIRECS;5280.0;3
56500;BOT_TAKER;BOT_MAKER;HYDROGEL_PACK;XIRECS;10005.0;4
56500;SUBMISSION;BOT_TAKER;VELVETFRUIT_EXTRACT;XIRECS;5280.0;3
56600;BOT_MAKER;BOT_TAKER;VELVETFRUIT_EXTRACT;XIRECS;5280.0;9
56600;BOT_MAKER;BOT_TAKER;VEV_4000;XIRECS;1294.0;2
56600;BOT_MAKER;BOT_TAKER;VEV_5500;XIRECS;3.0;2
56600;BOT_TAKER;SUBMISSION;VELVETFRUIT_EXTRACT;XIRECS;5285.0;3
56700;BOT_MAKER;BOT_TAKER;VELVETFRUIT_EXTRACT;XIRECS;5279.0;8
56800;BOT_TAKER;BOT_MAKER;HYDROGEL_PACK;XIRECS;10006.0;5
56900;BOT_TAKER;BOT_MAKER;VELVETFRUIT_EXTRACT;XIRECS;5284.0;3
56900;BOT_MAKER;BOT_TAKER;VELVETFRUIT_EXTRACT;XIRECS;5279.0;7
56900;BOT_TAKER;BOT_MAKER;VEV_4000;XIRECS;1315.0;2
57000;BOT_TAKER;BOT_MAKER;VEV_6500;XIRECS;1.0;3
57000;SUBMISSION;BOT;ASH_COATED_OSMIUM;XIRECS;10000.0;4
57100;BOT_TAKER;BOT_MAKER;HYDROGEL_PACK;XIRECS;10000.0;5
57200;BOT_MAKER;BOT_TAKER;HYDROGEL_PACK;XIRECS;9984.0;4
57200;BOT_MAKER;BOT_TAKER;VELVETFRUIT_EXTRACT;XIRECS;5278.0;6
57300;BOT_MAKER;BOT_TAKER;ASH_COATED_OSMIUM;XIRECS;9994.0;3
57400;BOT_TAKER;BOT_MAKER;VELVETFRUIT_EXTRACT;XIRECS;5282.0;6
57400;BOT_TAKER;BOT_MAKER;VELVETFRUIT_EXTRACT;XIRECS;5282.0;8
57400;BOT_TAKER;BOT_MAKER;VEV_6000;XIRECS;1.0;3
57400;BOT_MAKER;BOT_TAKER;INTARIAN_PEPPER_ROOT;XIRECS;13050.0;6
57500;BOT_TAKER;BOT_MAKER;VEV_5300;XIRECS;46.0;2
57700;BOT_TAKER;BOT_MAKER;INTARIAN_PEPPER_ROOT;XIRECS;13065.0;6
57800;BOT_MAKER;BOT_TAKER;HYDROGEL_PACK;XIRECS;9980.0;5
57800;BOT_TAKER;BOT_MAKER;VEV_4000;XIRECS;1318.0;2
57900;BOT_TAKER;BOT_MAKER;HYDROGEL_PACK;XIRECS;9995.0;4
58000;BOT_TAKER;BOT_MAKER;HYDROGEL_PACK;XIRECS;9997.0;2
58000;BOT_MAKER;BOT_TAKER;VELVETFRUIT_EXTRACT;XIRECS;5281.0;7
58000;BOT_MAKER;BOT_TAKER;VEV_6500;XIRECS;0.0;4
58000;BOT;SUBMISSION;ASH_COATED_OSMIUM;XIRECS;10002.0;6
58100;BOT_TAKER;SUBMISSION;HYDROGEL_PACK;XIRECS;9995.0;3
58100;SUBMISSION;BOT_TAKER;VEV_4000;XIRECS;1299.0;3
58200;BOT_TAKER;BOT_MAKER;HYDROGEL_PACK;XIRECS;9997.0;3
58200;BOT_MAKER;BOT_TAKER;VEV_4000;XIRECS;1296.0;3
58200;BOT_TAKER;BOT_MAKER;VEV_5400;XIRECS;18.0;4
58600;BOT_TAKER;BOT_MAKER;HYDROGEL_PACK;XIRECS;10000.0;3
58600;BOT_TAKER;BOT_MAKER;VELVETFRUIT_EXTRACT;XIRECS;5285.0;4
58700;BOT_MAKER;BOT_TAKER;VEV_6000;XIRECS;0.0;3
58700;BOT_TAKER;BOT_MAKER;VEV_6000;XIRECS;1.0;5
58700;BOT_MAKER;BOT_TAKER;VEV_6500;XIRECS;0.0;5
58800;BOT_TAKER;BOT_MAKER;HYDROGEL_PACK;XIRECS;10000.0;2
58800;BOT_MAKER;BOT_TAKER;VELVETFRUIT_EXTRACT;XIRECS;5282.0;5
58900;BOT_MAKER;BOT_TAKER;VELVETFRUIT_EXTRACT;XIRECS;5282.0;3
58900;BOT_TAKER;SUBMISSION;ASH_COATED_OSMIUM;XIRECS;10011.0;3
59000;BOT_MAKER;BOT_TAKER;ASH_COATED_OSMIUM;XIRECS;9993.0;6
59100;BOT_TAKER;BOT_MAKER;ASH_COATED_OSMIUM;XIRECS;10003.0;2
59200;BOT_TAKER;BOT_MAKER;VELVETFRUIT_EXTRACT;XIRECS;5288.0;3
59400;BOT_TAKER;BOT_MAKER;VELVETFRUIT_EXTRACT;XIRECS;5287.0;8
59500;BOT_TAKER;BOT_MAKER;VEV_6500;XIRECS;1.0;2
59600;BOT_TAKER;BOT_MAKER;HYDROGEL_PACK;XIRECS;9999.0;2
59600;BOT_MAKER;BOT_TAKER;VELVETFRUIT_EXTRACT;XIRECS;5282.0;3
59700;BOT_TAKER;BOT_MAKER;VELVETFRUIT_EXTRACT;XIRECS;5287.0;4
59800;BOT_TAKER;BOT_MAKER;VELVETFRUIT_EXTRACT;XIRECS;5288.0;5
59900;BOT_MAKER;BOT_TAKER;VELVETFRUIT_EXTRACT;XIRECS;5284.0;7
60000;BOT_MAKER;BOT_TAKER;HYDROGEL_PACK;XIRECS;9984.0;4
60100;BOT_TAKER;BOT_MAKER;VELVETFRUIT_EXTRACT;XIRECS;5290.0;4
60200;BOT_MAKER;BOT_TAKER;HYDROGEL_PACK;XIRECS;9987.0;3
60300;BOT_TAKER;BOT_MAKER;VELVETFRUIT_EXTRACT;XIRECS;5291.0;4
60400;BOT_MAKER;BOT_TAKER;VEV_5400;XIRECS;16.0;5
60500;BOT_MAKER;BOT_TAKER;VELVETFRUIT_EXTRACT;XIRECS;5284.0;6
60500;SUBMISSION;BOT_TAKER;HYDROGEL_PACK;XIRECS;9987.0;3
60600;BOT_MAKER;BOT_TAKER;VELVETFRUIT_EXTRACT;XIRECS;5284.0;6
60600;BOT_MAKER;BOT_TAKER;VEV_5500;XIRECS;2.0;3
60600;BOT_TAKER;SUBMISSION;VELVETFRUIT_EXTRACT;XIRECS;5289.0;5
60600;BOT_TAKER;BOT_MAKER;VELVETFRUIT_EXTRACT;XIRECS;5290.0;1
60700;BOT_MAKER;BOT_TAKER;HYDROGEL_PACK;XIRECS;9981.0;2
60800;BOT_MAKER;BOT_TAKER;HYDROGEL_PACK;XIRECS;9979.0;5
60800;BOT_MAKER;BOT_TAKER;VELVETFRUIT_EXTRACT;XIRECS;5284.0;4
60800;BOT_TAKER;SUBMISSION;ASH_COATED_OSMIUM;XIRECS;10009.0;7
60900;BOT_MAKER;BOT_TAKER;VELVETFRUIT_EXTRACT;XIRECS;5284.0;5
60900;SUBMISSION;BOT_TAKER;VEV_4000;XIRECS;1301.0;1
61100;BOT_TAKER;BOT_MAKER;VELVETFRUIT_EXTRACT;XIRECS;5288.0;7
61100;BOT_MAKER;BOT_TAKER;VEV_6000;XIRECS;0.0;3
61200;BOT_TAKER;BOT_MAKER;HYDROGEL_PACK;XIRECS;9992.0;6
61200;BOT_MAKER;BOT_TAKER;VELVETFRUIT_EXTRACT;XIRECS;5281.0;4
61200;BOT_TAKER;BOT_MAKER;VEV_4000;XIRECS;1320.0;2
61400;BOT_MAKER;BOT_TAKER;VELVETFRUIT_EXTRACT;XIRECS;5282.0;6
61400;BOT_MAKER;BOT_TAKER;VEV_4000;XIRECS;1298.0;3
61400;BOT_MAKER;BOT_TAKER;VEV_5400;XIRECS;17.0;5
61400;BOT_MAKER;BOT_TAKER;VEV_5400;XIRECS;17.0;2
61500;BOT_TAKER;BOT_MAKER;HYDROGEL_PACK;XIRECS;9991.0;2
61500;BOT_TAKER;BOT_MAKER;VEV_4000;XIRECS;1319.0;3
61600;BOT_TAKER;BOT_MAKER;HYDROGEL_PACK;XIRECS;9993.0;2
61700;BOT_MAKER;BOT_TAKER;VEV_6500;XIRECS;0.0;5
61700;BOT_TAKER;BOT_MAKER;VEV_6500;XIRECS;1.0;5
61700;SUBMISSION;BOT_TAKER;HYDROGEL_PACK;XIRECS;9976.0;5
61700;BOT_MAKER;BOT_TAKER;HYDROGEL_PACK;XIRECS;9975.0;1
61900;BOT_TAKER;BOT_MAKER;HYDROGEL_PACK;XIRECS;9991.0;3
61900;BOT_MAKER;BOT_TAKER;VEV_4000;XIRECS;1295.0;1
61900;BOT_TAKER;SUBMISSION;ASH_COATED_OSMIUM;XIRECS;10009.0;3
62000;BOT_MAKER;BOT_TAKER;VELVETFRUIT_EXTRACT;XIRECS;5280.0;6
62000;BOT_TAKER;BOT_MAKER;VEV_6000;XIRECS;1.0;5
62100;BOT_TAKER;BOT_MAKER;ASH_COATED_OSMIUM;XIRECS;10009.0;7
62100;BOT_MAKER;BOT_TAKER;HYDROGEL_PACK;XIRECS;9972.0;3
62100;BOT_TAKER;BOT_MAKER;VELVETFRUIT_EXTRACT;XIRECS;5285.0;6
62100;BOT_MAKER;BOT_TAKER;VEV_6000;XIRECS;0.0;4
62200;BOT_MAKER;BOT_TAKER;HYDROGEL_PACK;XIRECS;9972.0;3
62300;BOT_MAKER;BOT_TAKER;VEV_5400;XIRECS;17.0;3
62400;BOT_TAKER;BOT_MAKER;VELVETFRUIT_EXTRACT;XIRECS;5285.0;7
62500;BOT_TAKER;BOT_MAKER;HYDROGEL_PACK;XIRECS;9991.0;5
62500;BOT_TAKER;BOT_MAKER;VELVETFRUIT_EXTRACT;XIRECS;5284.0;8
62500;BOT_MAKER;BOT_TAKER;VEV_6500;XIRECS;0.0;4
62500;BOT;SUBMISSION;ASH_COATED_OSMIUM;XIRECS;10002.0;4
62600;BOT_TAKER;BOT_MAKER;VELVETFRUIT_EXTRACT;XIRECS;5283.0;7
62600;BOT_TAKER;BOT_MAKER;VELVETFRUIT_EXTRACT;XIRECS;5283.0;4
62600;BOT_TAKER;BOT_MAKER;VEV_5500;XIRECS;3.0;5
62600;BOT_TAKER;SUBMISSION;VELVETFRUIT_EXTRACT;XIRECS;5282.0;5
62600;BOT_TAKER;BOT_MAKER;VELVETFRUIT_EXTRACT;XIRECS;5283.0;3
62600;SUBMISSION;BOT_TAKER;VEV_4000;XIRECS;1292.0;2
62700;BOT_TAKER;BOT_MAKER;VELVETFRUIT_EXTRACT;XIRECS;5284.0;5
62700;BOT;SUBMISSION;ASH_COATED_OSMIUM;XIRECS;10002.0;6
62800;BOT_MAKER;BOT_TAKER;VELVETFRUIT_EXTRACT;XIRECS;5277.0;8
63100;BOT_MAKER;BOT_TAKER;VELVETFRUIT_EXTRACT;XIRECS;5276.0;8
63200;BOT_MAKER;BOT_TAKER;VELVETFRUIT_EXTRACT;XIRECS;5277.0;4
63200;SUBMISSION;BOT_TAKER;VEV_4000;XIRECS;1292.0;2
63300;BOT_MAKER;BOT_TAKER;VELVETFRUIT_EXTRACT;XIRECS;5279.0;8
63300;BOT_TAKER;SUBMISSION;VELVETFRUIT_EXTRACT;XIRECS;5284.0;3
63500;BOT_MAKER;BOT_TAKER;VELVETFRUIT_EXTRACT;XIRECS;5279.0;7
63600;BOT_TAKER;BOT_MAKER;VELVETFRUIT_EXTRACT;XIRECS;5284.0;8
63700;BOT_MAKER;BOT_TAKER;VELVETFRUIT_EXTRACT;XIRECS;5280.0;8
63700;BOT_MAKER;BOT_TAKER;VEV_4000;XIRECS;1290.0;2
64000;BOT_TAKER;BOT_MAKER;HYDROGEL_PACK;XIRECS;9991.0;3
64000;BOT_MAKER;BOT_TAKER;VEV_5400;XIRECS;17.0;3
64100;BOT_TAKER;BOT_MAKER;VEV_5300;XIRECS;47.0;3
64100;BOT_TAKER;BOT_MAKER;VEV_5300;XIRECS;47.0;5
64200;BOT_TAKER;BOT_MAKER;HYDROGEL_PACK;XIRECS;9992.0;5
64300;BOT_MAKER;BOT_TAKER;VELVETFRUIT_EXTRACT;XIRECS;5280.0;3
64500;BOT_TAKER;BOT_MAKER;HYDROGEL_PACK;XIRECS;9993.0;6
64500;BOT_TAKER;BOT_MAKER;VELVETFRUIT_EXTRACT;XIRECS;5283.0;5
64500;BOT_TAKER;BOT_MAKER;VEV_4000;XIRECS;1316.0;2
64700;BOT_TAKER;BOT_MAKER;VELVETFRUIT_EXTRACT;XIRECS;5284.0;6
64900;BOT_TAKER;BOT_MAKER;VEV_5400;XIRECS;19.0;3
64900;BOT_MAKER;BOT_TAKER;VEV_5400;XIRECS;17.0;5
64900;BOT_TAKER;BOT_MAKER;VEV_6500;XIRECS;1.0;2
64900;BOT_TAKER;SUBMISSION;VELVETFRUIT_EXTRACT;XIRECS;5281.0;5
64900;BOT_TAKER;BOT_MAKER;VELVETFRUIT_EXTRACT;XIRECS;5282.0;2
65000;BOT_MAKER;BOT_TAKER;HYDROGEL_PACK;XIRECS;9984.0;5
65000;BOT_TAKER;BOT_MAKER;VELVETFRUIT_EXTRACT;XIRECS;5281.0;7
65000;SUBMISSION;BOT_TAKER;VELVETFRUIT_EXTRACT;XIRECS;5277.0;5
65100;BOT_TAKER;BOT_MAKER;HYDROGEL_PACK;XIRECS;10001.0;2
65100;BOT_MAKER;BOT_TAKER;VELVETFRUIT_EXTRACT;XIRECS;5277.0;3
65100;BOT_TAKER;BOT_MAKER;VEV_5400;XIRECS;19.0;4
65100;BOT_TAKER;SUBMISSION;VEV_4000;XIRECS;1318.0;3
65200;BOT_TAKER;BOT_MAKER;HYDROGEL_PACK;XIRECS;10002.0;6
65200;SUBMISSION;BOT_TAKER;HYDROGEL_PACK;XIRECS;9987.0;3
65300;BOT_TAKER;BOT_MAKER;VEV_5300;XIRECS;47.0;3
65400;BOT_TAKER;BOT_MAKER;VEV_4000;XIRECS;1317.0;3
65400;BOT_TAKER;SUBMISSION;VELVETFRUIT_EXTRACT;XIRECS;5280.0;3
65500;BOT_TAKER;BOT_MAKER;VEV_5500;XIRECS;2.0;2
65500;BOT_TAKER;SUBMISSION;VELVETFRUIT_EXTRACT;XIRECS;5281.0;5
65500;BOT_TAKER;BOT_MAKER;VELVETFRUIT_EXTRACT;XIRECS;5282.0;9
65600;BOT_TAKER;BOT_MAKER;HYDROGEL_PACK;XIRECS;10010.0;5
65600;SUBMISSION;BOT_TAKER;VEV_4000;XIRECS;1299.0;1
65700;BOT_TAKER;BOT_MAKER;HYDROGEL_PACK;XIRECS;10009.0;4
65700;BOT_TAKER;BOT_MAKER;VELVETFRUIT_EXTRACT;XIRECS;5283.0;4
65700;BOT_TAKER;BOT_MAKER;VEV_5300;XIRECS;46.0;4
65800;BOT_MAKER;BOT_TAKER;INTARIAN_PEPPER_ROOT;XIRECS;13059.0;5
65900;BOT_MAKER;BOT_TAKER;VEV_5500;XIRECS;1.0;4
66000;BOT_MAKER;BOT_TAKER;HYDROGEL_PACK;XIRECS;9999.0;6
66000;BOT_TAKER;SUBMISSION;HYDROGEL_PACK;XIRECS;10014.0;5
66000;BOT_TAKER;BOT_MAKER;HYDROGEL_PACK;XIRECS;10015.0;1
66100;BOT_TAKER;BOT_MAKER;VEV_5400;XIRECS;19.0;2
66200;BOT_MAKER;BOT_TAKER;VELVETFRUIT_EXTRACT;XIRECS;5278.0;7
66300;SUBMISSION;BOT_TAKER;VELVETFRUIT_EXTRACT;XIRECS;5279.0;5
66300;BOT_MAKER;BOT_TAKER;VELVETFRUIT_EXTRACT;XIRECS;5278.0;3
66400;BOT_TAKER;BOT_MAKER;INTARIAN_PEPPER_ROOT;XIRECS;13073.0;4
66400;BOT_TAKER;BOT_MAKER;VEV_6500;XIRECS;1.0;5
66500;BOT_MAKER;BOT_TAKER;VEV_4000;XIRECS;1302.0;3
66500;BOT_TAKER;BOT_MAKER;VEV_5400;XIRECS;19.0;4
66700;BOT_TAKER;BOT_MAKER;HYDROGEL_PACK;XIRECS;10012.0;5
66700;BOT_TAKER;BOT_MAKER;VELVETFRUIT_EXTRACT;XIRECS;5282.0;7
66800;BOT_TAKER;BOT_MAKER;VEV_5300;XIRECS;46.0;2
66900;BOT_TAKER;BOT_MAKER;HYDROGEL_PACK;XIRECS;10011.0;6
66900;BOT_TAKER;BOT_MAKER;VELVETFRUIT_EXTRACT;XIRECS;5283.0;8
67000;BOT_MAKER;BOT_TAKER;VEV_4000;XIRECS;1299.0;2
67100;BOT_TAKER;BOT_MAKER;HYDROGEL_PACK;XIRECS;10012.0;2
67100;BOT_TAKER;SUBMISSION;HYDROGEL_PACK;XIRECS;10011.0;2
67200;BOT_TAKER;BOT_MAKER;HYDROGEL_PACK;XIRECS;10012.0;5
67200;BOT;SUBMISSION;ASH_COATED_OSMIUM;XIRECS;10002.0;7
67300;BOT_MAKER;BOT_TAKER;ASH_COATED_OSMIUM;XIRECS;9989.0;2
67300;BOT_MAKER;BOT_TAKER;VELVETFRUIT_EXTRACT;XIRECS;5277.0;7
67300;BOT_TAKER;BOT_MAKER;VEV_5400;XIRECS;18.0;5
67400;BOT_MAKER;BOT_TAKER;HYDROGEL_PACK;XIRECS;9993.0;6
67400;BOT_TAKER;BOT_MAKER;VELVETFRUIT_EXTRACT;XIRECS;5282.0;11
67400;BOT_TAKER;BOT_MAKER;VEV_5400;XIRECS;18.0;4
67500;BOT_MAKER;BOT_TAKER;VELVETFRUIT_EXTRACT;XIRECS;5277.0;4
67600;BOT_TAKER;BOT_MAKER;VEV_6000;XIRECS;1.0;2
67700;BOT_TAKER;BOT_MAKER;VEV_6500;XIRECS;1.0;5
67700;BOT_TAKER;SUBMISSION;HYDROGEL_PACK;XIRECS;10006.0;5
67700;BOT_TAKER;BOT_MAKER;HYDROGEL_PACK;XIRECS;10007.0;1
67800;BOT_TAKER;BOT_MAKER;VELVETFRUIT_EXTRACT;XIRECS;5281.0;4
67800;BOT_TAKER;BOT_MAKER;VEV_4000;XIRECS;1319.0;3
67900;BOT_TAKER;SUBMISSION;VEV_4000;XIRECS;1319.0;1
68100;BOT_MAKER;BOT_TAKER;VEV_6000;XIRECS;0.0;3
68100;SUBMISSION;BOT_TAKER;VELVETFRUIT_EXTRACT;XIRECS;5277.0;3
68200;BOT_TAKER;BOT_MAKER;VELVETFRUIT_EXTRACT;XIRECS;5281.0;4
68300;BOT_TAKER;BOT_MAKER;ASH_COATED_OSMIUM;XIRECS;10007.0;3
68300;BOT_TAKER;BOT_MAKER;ASH_COATED_OSMIUM;XIRECS;10007.0;6
68300;BOT_TAKER;BOT_MAKER;HYDROGEL_PACK;XIRECS;10011.0;4
68300;BOT_TAKER;BOT_MAKER;VEV_4000;XIRECS;1319.0;1
68400;BOT_TAKER;BOT_MAKER;HYDROGEL_PACK;XIRECS;10010.0;6
68400;BOT_TAKER;BOT_MAKER;VELVETFRUIT_EXTRACT;XIRECS;5282.0;7
68500;BOT_MAKER;BOT_TAKER;HYDROGEL_PACK;XIRECS;9994.0;6
68600;BOT_MAKER;BOT_TAKER;VELVETFRUIT_EXTRACT;XIRECS;5275.0;7
68600;BOT_MAKER;BOT_TAKER;VEV_5300;XIRECS;46.0;1
68700;BOT_MAKER;BOT_TAKER;VELVETFRUIT_EXTRACT;XIRECS;5274.0;8
68800;BOT_TAKER;BOT_MAKER;VELVETFRUIT_EXTRACT;XIRECS;5280.0;8
68800;BOT_TAKER;BOT_MAKER;VEV_4000;XIRECS;1325.0;2
68900;BOT_TAKER;BOT_MAKER;HYDROGEL_PACK;XIRECS;10018.0;3
68900;BOT_MAKER;BOT_TAKER;VELVETFRUIT_EXTRACT;XIRECS;5276.0;4
68900;BOT_TAKER;BOT_MAKER;VEV_4000;XIRECS;1326.0;3
68900;BOT_TAKER;BOT_MAKER;INTARIAN_PEPPER_ROOT;XIRECS;13076.0;7
69000;BOT_MAKER;BOT_TAKER;HYDROGEL_PACK;XIRECS;10004.0;5
69000;BOT_TAKER;BOT_MAKER;VELVETFRUIT_EXTRACT;XIRECS;5280.0;5
69000;BOT_TAKER;BOT_MAKER;VEV_5400;XIRECS;18.0;4
69100;BOT_TAKER;BOT_MAKER;VELVETFRUIT_EXTRACT;XIRECS;5281.0;3
69200;BOT_TAKER;BOT_MAKER;HYDROGEL_PACK;XIRECS;10021.0;2
69200;BOT_MAKER;BOT_TAKER;VELVETFRUIT_EXTRACT;XIRECS;5276.0;8
69300;BOT_MAKER;BOT_TAKER;VELVETFRUIT_EXTRACT;XIRECS;5275.0;8
69400;BOT_MAKER;BOT_TAKER;HYDROGEL_PACK;XIRECS;10001.0;2
69400;BOT_TAKER;BOT_MAKER;HYDROGEL_PACK;XIRECS;10017.0;5
69400;BOT_TAKER;BOT_MAKER;VEV_6500;XIRECS;1.0;5
69500;BOT_MAKER;BOT_TAKER;VELVETFRUIT_EXTRACT;XIRECS;5275.0;3
69600;BOT_TAKER;BOT_MAKER;VEV_5500;XIRECS;2.0;2
69700;SUBMISSION;BOT_TAKER;VELVETFRUIT_EXTRACT;XIRECS;5276.0;5
69700;BOT_MAKER;BOT_TAKER;VELVETFRUIT_EXTRACT;XIRECS;5275.0;1
69800;BOT;SUBMISSION;ASH_COATED_OSMIUM;XIRECS;10001.0;8
69900;BOT_TAKER;BOT_MAKER;HYDROGEL_PACK;XIRECS;10021.0;5
69900;SUBMISSION;BOT;ASH_COATED_OSMIUM;XIRECS;9996.0;8
70000;SUBMISSION;BOT_TAKER;VELVETFRUIT_EXTRACT;XIRECS;5278.0;5
70000;BOT_MAKER;BOT_TAKER;VELVETFRUIT_EXTRACT;XIRECS;5277.0;2
70100;BOT_MAKER;BOT_TAKER;VELVETFRUIT_EXTRACT;XIRECS;5277.0;7
70200;BOT_TAKER;BOT_MAKER;VEV_4000;XIRECS;1321.0;3
70200;BOT_TAKER;BOT_MAKER;VEV_5300;XIRECS;49.0;5
70200;BOT_MAKER;BOT_TAKER;VEV_6000;XIRECS;0.0;2
70300;BOT_MAKER;BOT_TAKER;VELVETFRUIT_EXTRACT;XIRECS;5277.0;3
70300;BOT_TAKER;BOT_MAKER;VEV_4000;XIRECS;1322.0;3
70400;BOT_MAKER;BOT_TAKER;VELVETFRUIT_EXTRACT;XIRECS;5276.0;3
70400;BOT_TAKER;BOT_MAKER;VEV_6000;XIRECS;1.0;5
70400;SUBMISSION;BOT;ASH_COATED_OSMIUM;XIRECS;9998.0;7
70500;BOT_MAKER;BOT_TAKER;HYDROGEL_PACK;XIRECS;10005.0;3
70500;BOT_TAKER;BOT_MAKER;VELVETFRUIT_EXTRACT;XIRECS;5282.0;8
70500;BOT_TAKER;BOT_MAKER;VEV_5300;XIRECS;49.0;2
70600;BOT_MAKER;BOT_TAKER;INTARIAN_PEPPER_ROOT;XIRECS;13064.0;3
70900;BOT_MAKER;BOT_TAKER;VELVETFRUIT_EXTRACT;XIRECS;5277.0;4
71100;BOT_MAKER;BOT_TAKER;HYDROGEL_PACK;XIRECS;10002.0;6
71400;BOT_TAKER;BOT_MAKER;VELVETFRUIT_EXTRACT;XIRECS;5278.0;8
71400;BOT_MAKER;BOT_TAKER;VEV_6500;XIRECS;0.0;3
71500;BOT_TAKER;BOT_MAKER;VEV_5500;XIRECS;2.0;3
71600;BOT_TAKER;BOT_MAKER;VEV_4000;XIRECS;1319.0;3
71700;BOT_TAKER;BOT_MAKER;VELVETFRUIT_EXTRACT;XIRECS;5278.0;9
71700;BOT_TAKER;BOT_MAKER;VEV_5500;XIRECS;2.0;5
71800;BOT_MAKER;BOT_TAKER;HYDROGEL_PACK;XIRECS;10007.0;5
71900;BOT_TAKER;BOT_MAKER;VELVETFRUIT_EXTRACT;XIRECS;5277.0;4
72100;BOT_MAKER;BOT_TAKER;HYDROGEL_PACK;XIRECS;10006.0;4
72200;BOT_TAKER;BOT_MAKER;HYDROGEL_PACK;XIRECS;10025.0;6
72300;BOT_TAKER;BOT_MAKER;VEV_6000;XIRECS;1.0;5
72300;BOT_TAKER;SUBMISSION;ASH_COATED_OSMIUM;XIRECS;10007.0;2
72400;BOT_MAKER;BOT_TAKER;VELVETFRUIT_EXTRACT;XIRECS;5271.0;6
72400;BOT_MAKER;BOT_TAKER;VEV_4000;XIRECS;1295.0;1
72400;SUBMISSION;BOT_TAKER;ASH_COATED_OSMIUM;XIRECS;9994.0;2
72600;BOT_TAKER;BOT_MAKER;HYDROGEL_PACK;XIRECS;10027.0;3
72600;BOT_TAKER;BOT_MAKER;HYDROGEL_PACK;XIRECS;10027.0;3
72700;BOT_MAKER;BOT_TAKER;VELVETFRUIT_EXTRACT;XIRECS;5269.0;5
72700;BOT;SUBMISSION;ASH_COATED_OSMIUM;XIRECS;10002.0;10
72700;BOT_TAKER;SUBMISSION;ASH_COATED_OSMIUM;XIRECS;10008.0;2
72800;BOT_TAKER;BOT_MAKER;HYDROGEL_PACK;XIRECS;10026.0;2
72800;BOT_MAKER;BOT_TAKER;VELVETFRUIT_EXTRACT;XIRECS;5267.0;3
72800;BOT_MAKER;BOT_TAKER;VEV_6500;XIRECS;0.0;4
73000;BOT_MAKER;BOT_TAKER;HYDROGEL_PACK;XIRECS;10013.0;3
73000;BOT_TAKER;BOT_MAKER;VELVETFRUIT_EXTRACT;XIRECS;5272.0;7
73100;BOT_MAKER;BOT_TAKER;VEV_4000;XIRECS;1296.0;1
73300;BOT_MAKER;BOT_TAKER;VEV_6500;XIRECS;0.0;3
73400;BOT_MAKER;BOT_TAKER;VELVETFRUIT_EXTRACT;XIRECS;5267.0;9
73700;SUBMISSION;BOT_TAKER;VEV_4000;XIRECS;1295.0;1
73800;BOT_MAKER;BOT_TAKER;VELVETFRUIT_EXTRACT;XIRECS;5267.0;8
73800;BOT_TAKER;BOT_MAKER;VEV_6000;XIRECS;1.0;4
73900;BOT_MAKER;BOT_TAKER;HYDROGEL_PACK;XIRECS;10001.0;5
73900;BOT_TAKER;BOT_MAKER;VELVETFRUIT_EXTRACT;XIRECS;5273.0;7
74000;BOT_TAKER;BOT_MAKER;HYDROGEL_PACK;XIRECS;10018.0;5
74000;BOT_TAKER;BOT_MAKER;INTARIAN_PEPPER_ROOT;XIRECS;13081.0;4
74100;BOT_MAKER;BOT_TAKER;VEV_6500;XIRECS;0.0;3
74200;BOT_MAKER;BOT_TAKER;HYDROGEL_PACK;XIRECS;10004.0;5
74200;BOT_MAKER;BOT_TAKER;VELVETFRUIT_EXTRACT;XIRECS;5269.0;12
74200;BOT_MAKER;BOT_TAKER;VEV_6000;XIRECS;0.0;5
74300;BOT_MAKER;BOT_TAKER;VELVETFRUIT_EXTRACT;XIRECS;5269.0;4
74300;BOT_TAKER;BOT_MAKER;VEV_4000;XIRECS;1315.0;2
74300;BOT_TAKER;SUBMISSION;VELVETFRUIT_EXTRACT;XIRECS;5273.0;5
74400;BOT_MAKER;BOT_TAKER;VELVETFRUIT_EXTRACT;XIRECS;5269.0;3
74700;BOT_TAKER;BOT_MAKER;HYDROGEL_PACK;XIRECS;10014.0;2
74700;BOT_MAKER;BOT_TAKER;VELVETFRUIT_EXTRACT;XIRECS;5271.0;4
74700;BOT_TAKER;SUBMISSION;HYDROGEL_PACK;XIRECS;10013.0;3
75000;BOT_MAKER;BOT_TAKER;VELVETFRUIT_EXTRACT;XIRECS;5275.0;3
75000;BOT_TAKER;BOT_MAKER;VEV_6500;XIRECS;1.0;2
75100;BOT_TAKER;BOT_MAKER;ASH_COATED_OSMIUM;XIRECS;10008.0;6
75200;BOT_MAKER;BOT_TAKER;ASH_COATED_OSMIUM;XIRECS;10002.0;7
75200;BOT_MAKER;BOT_TAKER;ASH_COATED_OSMIUM;XIRECS;9990.0;3
75200;BOT_TAKER;BOT_MAKER;VEV_5500;XIRECS;2.0;2
75200;BOT_TAKER;SUBMISSION;VELVETFRUIT_EXTRACT;XIRECS;5282.0;4
75300;BOT_MAKER;BOT_TAKER;HYDROGEL_PACK;XIRECS;9995.0;3
75300;BOT_TAKER;BOT_MAKER;HYDROGEL_PACK;XIRECS;10011.0;3
75300;BOT_MAKER;BOT_TAKER;VELVETFRUIT_EXTRACT;XIRECS;5278.0;6
75400;BOT_MAKER;BOT_TAKER;VELVETFRUIT_EXTRACT;XIRECS;5277.0;5
75500;BOT_TAKER;BOT_MAKER;VELVETFRUIT_EXTRACT;XIRECS;5283.0;7
75600;BOT_TAKER;BOT_MAKER;HYDROGEL_PACK;XIRECS;10009.0;2
75700;BOT_MAKER;BOT_TAKER;HYDROGEL_PACK;XIRECS;9990.0;2
75700;BOT_TAKER;BOT_MAKER;INTARIAN_PEPPER_ROOT;XIRECS;13083.0;7
75700;BOT_TAKER;BOT_MAKER;VELVETFRUIT_EXTRACT;XIRECS;5282.0;5
75700;BOT_MAKER;BOT_TAKER;VEV_5500;XIRECS;1.0;5
75800;BOT_MAKER;BOT_TAKER;HYDROGEL_PACK;XIRECS;9993.0;6
75800;BOT_MAKER;BOT_TAKER;VELVETFRUIT_EXTRACT;XIRECS;5278.0;4
75800;BOT_TAKER;BOT_MAKER;VEV_6000;XIRECS;1.0;4
75900;BOT_MAKER;BOT_TAKER;VELVETFRUIT_EXTRACT;XIRECS;5278.0;5
76000;BOT_TAKER;BOT_MAKER;VELVETFRUIT_EXTRACT;XIRECS;5283.0;5
76100;BOT_TAKER;BOT_MAKER;VEV_5400;XIRECS;18.0;4
76100;BOT_MAKER;BOT_TAKER;VEV_6000;XIRECS;0.0;5
76100;SUBMISSION;BOT;ASH_COATED_OSMIUM;XIRECS;9996.0;6
76100;SUBMISSION;BOT_TAKER;HYDROGEL_PACK;XIRECS;9998.0;3
76200;BOT_TAKER;BOT_MAKER;HYDROGEL_PACK;XIRECS;10011.0;6
76200;BOT_MAKER;BOT_TAKER;VELVETFRUIT_EXTRACT;XIRECS;5277.0;4
76200;BOT_TAKER;BOT_MAKER;VEV_4000;XIRECS;1310.0;1
76200;BOT_TAKER;BOT_MAKER;VEV_5500;XIRECS;2.0;2
76200;SUBMISSION;BOT_TAKER;VELVETFRUIT_EXTRACT;XIRECS;5278.0;4
76400;BOT_TAKER;BOT_MAKER;VELVETFRUIT_EXTRACT;XIRECS;5283.0;3
76400;SUBMISSION;BOT_TAKER;HYDROGEL_PACK;XIRECS;10000.0;5
76500;BOT_TAKER;BOT_MAKER;VELVETFRUIT_EXTRACT;XIRECS;5283.0;8
76800;BOT_TAKER;BOT_MAKER;VELVETFRUIT_EXTRACT;XIRECS;5283.0;8
76800;SUBMISSION;BOT_TAKER;ASH_COATED_OSMIUM;XIRECS;9990.0;6
76900;BOT_MAKER;BOT_TAKER;VEV_4000;XIRECS;1282.0;2
77000;BOT_TAKER;BOT_MAKER;VELVETFRUIT_EXTRACT;XIRECS;5282.0;13
77000;BOT_TAKER;BOT_MAKER;VEV_5400;XIRECS;18.0;2
77100;BOT_MAKER;BOT_TAKER;HYDROGEL_PACK;XIRECS;10004.0;3
77100;SUBMISSION;BOT_TAKER;VELVETFRUIT_EXTRACT;XIRECS;5276.0;5
77200;BOT_MAKER;BOT_TAKER;VELVETFRUIT_EXTRACT;XIRECS;5274.0;3
77300;BOT_TAKER;BOT_MAKER;HYDROGEL_PACK;XIRECS;10022.0;6
77400;BOT_MAKER;BOT_TAKER;HYDROGEL_PACK;XIRECS;10005.0;6
77400;BOT_TAKER;BOT_MAKER;VEV_6500;XIRECS;1.0;2
77400;BOT_TAKER;SUBMISSION;VELVETFRUIT_EXTRACT;XIRECS;5278.0;5
77400;BOT_TAKER;BOT_MAKER;VELVETFRUIT_EXTRACT;XIRECS;5279.0;2
77600;BOT_TAKER;BOT_MAKER;ASH_COATED_OSMIUM;XIRECS;9996.0;3
77600;BOT_MAKER;BOT_TAKER;VELVETFRUIT_EXTRACT;XIRECS;5276.0;7
77600;BOT_TAKER;BOT_MAKER;VEV_5400;XIRECS;18.0;2
77600;BOT_TAKER;BOT_MAKER;VEV_6000;XIRECS;1.0;2
77600;SUBMISSION;BOT;ASH_COATED_OSMIUM;XIRECS;9996.0;5
77700;BOT_MAKER;BOT_TAKER;VEV_6500;XIRECS;0.0;4
77800;BOT_TAKER;BOT_MAKER;VEV_4000;XIRECS;1305.0;3
77800;SUBMISSION;BOT_TAKER;VELVETFRUIT_EXTRACT;XIRECS;5280.0;5
77800;BOT_MAKER;BOT_TAKER;VELVETFRUIT_EXTRACT;XIRECS;5279.0;2
77900;BOT_MAKER;BOT_TAKER;HYDROGEL_PACK;XIRECS;10008.0;6
78000;BOT_TAKER;BOT_MAKER;HYDROGEL_PACK;XIRECS;10023.0;2
78100;BOT_MAKER;BOT_TAKER;VELVETFRUIT_EXTRACT;XIRECS;5279.0;4
78100;BOT_TAKER;BOT_MAKER;VEV_4000;XIRECS;1307.0;2
78200;BOT_TAKER;SUBMISSION;HYDROGEL_PACK;XIRECS;10023.0;5
78200;BOT_TAKER;BOT_MAKER;HYDROGEL_PACK;XIRECS;10024.0;1
78400;BOT_TAKER;SUBMISSION;ASH_COATED_OSMIUM;XIRECS;10007.0;6
78500;BOT_TAKER;BOT_MAKER;HYDROGEL_PACK;XIRECS;10023.0;3
78500;BOT_MAKER;BOT_TAKER;VELVETFRUIT_EXTRACT;XIRECS;5282.0;6
78600;BOT_TAKER;BOT_MAKER;VELVETFRUIT_EXTRACT;XIRECS;5290.0;6
78700;BOT_MAKER;BOT_TAKER;HYDROGEL_PACK;XIRECS;10010.0;6
78700;BOT_TAKER;BOT_MAKER;VELVETFRUIT_EXTRACT;XIRECS;5288.0;3
78800;BOT_MAKER;BOT_TAKER;ASH_COATED_OSMIUM;XIRECS;9991.0;5
78900;BOT_MAKER;BOT_TAKER;VELVETFRUIT_EXTRACT;XIRECS;5283.0;3
79000;BOT_MAKER;BOT_TAKER;VEV_6500;XIRECS;0.0;2
79200;BOT_TAKER;BOT_MAKER;VEV_5200;XIRECS;105.0;4
79200;BOT_MAKER;BOT_TAKER;VEV_5400;XIRECS;17.0;3
79300;BOT_TAKER;BOT_MAKER;VELVETFRUIT_EXTRACT;XIRECS;5288.0;8
79300;BOT_MAKER;BOT_TAKER;VELVETFRUIT_EXTRACT;XIRECS;5282.0;6
79400;BOT_MAKER;BOT_TAKER;HYDROGEL_PACK;XIRECS;10008.0;5
79400;BOT_TAKER;BOT_MAKER;VEV_4000;XIRECS;1305.0;2
79400;BOT_TAKER;BOT_MAKER;VEV_6500;XIRECS;1.0;2
79400;BOT_TAKER;SUBMISSION;VELVETFRUIT_EXTRACT;XIRECS;5287.0;3
79500;BOT_TAKER;BOT_MAKER;ASH_COATED_OSMIUM;XIRECS;10007.0;3
79500;BOT_MAKER;BOT_TAKER;HYDROGEL_PACK;XIRECS;10010.0;5
79500;BOT_TAKER;BOT_MAKER;VELVETFRUIT_EXTRACT;XIRECS;5287.0;8
79600;BOT_MAKER;BOT_TAKER;VEV_6500;XIRECS;0.0;5
79700;BOT_MAKER;BOT_TAKER;VELVETFRUIT_EXTRACT;XIRECS;5283.0;8
79800;BOT_TAKER;BOT_MAKER;VELVETFRUIT_EXTRACT;XIRECS;5288.0;3
79800;SUBMISSION;BOT_TAKER;ASH_COATED_OSMIUM;XIRECS;9988.0;3
79800;SUBMISSION;BOT_TAKER;VELVETFRUIT_EXTRACT;XIRECS;5284.0;5
79800;BOT_MAKER;BOT_TAKER;VELVETFRUIT_EXTRACT;XIRECS;5283.0;2
80000;BOT_MAKER;BOT_TAKER;VELVETFRUIT_EXTRACT;XIRECS;5285.0;4
80000;BOT_MAKER;BOT_TAKER;VEV_6500;XIRECS;0.0;5
80000;SUBMISSION;BOT_TAKER;HYDROGEL_PACK;XIRECS;10019.0;5
80000;BOT_MAKER;BOT_TAKER;HYDROGEL_PACK;XIRECS;10018.0;1
80100;BOT_TAKER;BOT_MAKER;HYDROGEL_PACK;XIRECS;10031.0;6
80200;BOT_MAKER;BOT_TAKER;VEV_6500;XIRECS;0.0;5
80300;BOT_MAKER;BOT_TAKER;VELVETFRUIT_EXTRACT;XIRECS;5286.0;4
80400;BOT_TAKER;BOT_MAKER;HYDROGEL_PACK;XIRECS;10032.0;2
80600;BOT_MAKER;BOT_TAKER;HYDROGEL_PACK;XIRECS;10016.0;6
80600;BOT_MAKER;BOT_TAKER;VELVETFRUIT_EXTRACT;XIRECS;5285.0;3
80700;BOT_TAKER;BOT_MAKER;ASH_COATED_OSMIUM;XIRECS;10008.0;2
80700;BOT_MAKER;BOT_TAKER;HYDROGEL_PACK;XIRECS;10014.0;3
80800;BOT_MAKER;BOT_TAKER;HYDROGEL_PACK;XIRECS;10012.0;3
80800;BOT_MAKER;BOT_TAKER;VELVETFRUIT_EXTRACT;XIRECS;5286.0;7
80800;BOT_TAKER;BOT_MAKER;VEV_5500;XIRECS;2.0;5
80900;BOT_TAKER;BOT_MAKER;VELVETFRUIT_EXTRACT;XIRECS;5293.0;5
80900;BOT_TAKER;BOT_MAKER;VEV_5500;XIRECS;2.0;5
81000;BOT_MAKER;BOT_TAKER;VELVETFRUIT_EXTRACT;XIRECS;5287.0;7
81100;BOT_TAKER;BOT_MAKER;ASH_COATED_OSMIUM;XIRECS;9999.0;2
81100;BOT_TAKER;BOT_MAKER;ASH_COATED_OSMIUM;XIRECS;10005.0;3
81100;BOT_MAKER;BOT_TAKER;HYDROGEL_PACK;XIRECS;10010.0;4
81100;BOT_MAKER;BOT_TAKER;VEV_6500;XIRECS;0.0;2
81200;BOT_TAKER;BOT_MAKER;VELVETFRUIT_EXTRACT;XIRECS;5293.0;8
81200;BOT_TAKER;BOT_MAKER;VEV_6500;XIRECS;1.0;2
81300;BOT_TAKER;BOT_MAKER;HYDROGEL_PACK;XIRECS;10025.0;2
81300;BOT_MAKER;BOT_TAKER;VEV_4000;XIRECS;1287.0;2
81300;BOT;SUBMISSION;ASH_COATED_OSMIUM;XIRECS;10000.0;8
81400;BOT_TAKER;BOT_MAKER;HYDROGEL_PACK;XIRECS;10024.0;3
81600;BOT_MAKER;BOT_TAKER;HYDROGEL_PACK;XIRECS;10012.0;6
81700;BOT_TAKER;BOT_MAKER;HYDROGEL_PACK;XIRECS;10029.0;6
81700;BOT_TAKER;BOT_MAKER;VELVETFRUIT_EXTRACT;XIRECS;5293.0;6
81800;BOT_MAKER;BOT_TAKER;HYDROGEL_PACK;XIRECS;10015.0;5
81800;BOT_MAKER;BOT_TAKER;INTARIAN_PEPPER_ROOT;XIRECS;13075.0;6
81800;BOT_MAKER;BOT_TAKER;VEV_5400;XIRECS;16.0;2
81800;BOT_MAKER;BOT_TAKER;VEV_6500;XIRECS;0.0;3
81900;BOT_TAKER;BOT_MAKER;VELVETFRUIT_EXTRACT;XIRECS;5291.0;7
82000;BOT_TAKER;BOT_MAKER;VELVETFRUIT_EXTRACT;XIRECS;5293.0;7
82000;BOT_MAKER;BOT_TAKER;VEV_4000;XIRECS;1287.0;2
82200;BOT_TAKER;BOT_MAKER;VELVETFRUIT_EXTRACT;XIRECS;5294.0;6
82200;BOT_TAKER;BOT_MAKER;VEV_5400;XIRECS;17.0;4
82300;BOT_MAKER;BOT_TAKER;HYDROGEL_PACK;XIRECS;10016.0;4
82300;BOT_MAKER;BOT_TAKER;VEV_4000;XIRECS;1287.0;3
82300;BOT_TAKER;BOT_MAKER;VEV_6500;XIRECS;1.0;4
82400;BOT_MAKER;BOT_TAKER;HYDROGEL_PACK;XIRECS;10015.0;6
82400;BOT_MAKER;BOT_TAKER;VELVETFRUIT_EXTRACT;XIRECS;5288.0;4
82400;BOT_TAKER;BOT_MAKER;VEV_5500;XIRECS;1.0;4
82400;BOT;SUBMISSION;ASH_COATED_OSMIUM;XIRECS;9999.0;8
82500;BOT_TAKER;BOT_MAKER;HYDROGEL_PACK;XIRECS;10035.0;6
82600;BOT_TAKER;BOT_MAKER;HYDROGEL_PACK;XIRECS;10038.0;3
82600;BOT_MAKER;BOT_TAKER;VELVETFRUIT_EXTRACT;XIRECS;5289.0;10
82600;BOT_MAKER;BOT_TAKER;VEV_5400;XIRECS;16.0;3
82600;BOT_TAKER;BOT_MAKER;VEV_5500;XIRECS;1.0;3
82700;BOT_MAKER;BOT_TAKER;HYDROGEL_PACK;XIRECS;10023.0;2
82700;BOT_MAKER;BOT_TAKER;VEV_5500;XIRECS;0.0;4
82800;BOT_MAKER;BOT_TAKER;VELVETFRUIT_EXTRACT;XIRECS;5290.0;5
82900;BOT_TAKER;BOT_MAKER;ASH_COATED_OSMIUM;XIRECS;10005.0;8
82900;BOT_MAKER;BOT_TAKER;VELVETFRUIT_EXTRACT;XIRECS;5289.0;12
83000;BOT_MAKER;BOT_TAKER;VELVETFRUIT_EXTRACT;XIRECS;5290.0;3
83100;BOT_MAKER;BOT_TAKER;VEV_5300;XIRECS;50.0;2
83300;BOT_MAKER;BOT_TAKER;HYDROGEL_PACK;XIRECS;10025.0;3
83300;BOT_MAKER;BOT_TAKER;VELVETFRUIT_EXTRACT;XIRECS;5286.0;7
83300;SUBMISSION;BOT_TAKER;VELVETFRUIT_EXTRACT;XIRECS;5287.0;4
83400;BOT_TAKER;BOT_MAKER;VEV_4000;XIRECS;1308.0;3
83600;BOT_MAKER;BOT_TAKER;HYDROGEL_PACK;XIRECS;10021.0;5
83700;BOT_MAKER;BOT_TAKER;VEV_4000;XIRECS;1287.0;1
83700;BOT_MAKER;BOT_TAKER;VEV_6500;XIRECS;0.0;4
83700;BOT_MAKER;BOT_TAKER;ASH_COATED_OSMIUM;XIRECS;9993.0;2
83700;BOT_MAKER;BOT_TAKER;ASH_COATED_OSMIUM;XIRECS;9987.0;4
83800;BOT_MAKER;BOT_TAKER;HYDROGEL_PACK;XIRECS;10018.0;5
83800;BOT_MAKER;BOT_TAKER;VELVETFRUIT_EXTRACT;XIRECS;5285.0;13
83900;BOT_TAKER;BOT_MAKER;HYDROGEL_PACK;XIRECS;10031.0;4
83900;BOT_MAKER;BOT_TAKER;VELVETFRUIT_EXTRACT;XIRECS;5283.0;3
83900;BOT_MAKER;BOT_TAKER;VEV_5500;XIRECS;1.0;4
84000;BOT_MAKER;BOT_TAKER;ASH_COATED_OSMIUM;XIRECS;9986.0;9
84000;BOT_TAKER;BOT_MAKER;VEV_5300;XIRECS;48.0;4
84000;BOT_MAKER;BOT_TAKER;VEV_5400;XIRECS;16.0;4
84200;BOT_TAKER;BOT_MAKER;VEV_4000;XIRECS;1308.0;2
84200;SUBMISSION;BOT_TAKER;HYDROGEL_PACK;XIRECS;10017.0;3
84300;BOT;SUBMISSION;ASH_COATED_OSMIUM;XIRECS;9995.0;7
84400;BOT_TAKER;BOT_MAKER;INTARIAN_PEPPER_ROOT;XIRECS;13080.0;6
84400;BOT_TAKER;BOT_MAKER;INTARIAN_PEPPER_ROOT;XIRECS;13091.0;2
84400;BOT_MAKER;BOT_TAKER;VELVETFRUIT_EXTRACT;XIRECS;5287.0;6
84500;BOT_MAKER;BOT_TAKER;VEV_4000;XIRECS;1283.0;2
84500;BOT_MAKER;BOT_TAKER;VEV_6000;XIRECS;0.0;2
84600;BOT_TAKER;BOT_MAKER;VELVETFRUIT_EXTRACT;XIRECS;5292.0;5
84700;BOT_TAKER;BOT_MAKER;HYDROGEL_PACK;XIRECS;10039.0;6
84700;BOT_TAKER;BOT_MAKER;VELVETFRUIT_EXTRACT;XIRECS;5290.0;6
84800;BOT_MAKER;BOT_TAKER;VELVETFRUIT_EXTRACT;XIRECS;5286.0;5
84900;BOT_MAKER;BOT_TAKER;VEV_4000;XIRECS;1282.0;3
85000;BOT_MAKER;BOT_TAKER;VELVETFRUIT_EXTRACT;XIRECS;5287.0;5
85100;BOT_MAKER;BOT_TAKER;HYDROGEL_PACK;XIRECS;10022.0;6
85100;BOT_TAKER;BOT_MAKER;VEV_5300;XIRECS;51.0;5
85100;BOT_MAKER;BOT_TAKER;VEV_5400;XIRECS;16.0;4
85100;BOT_MAKER;BOT_TAKER;VEV_6000;XIRECS;0.0;2
85200;BOT_TAKER;BOT_MAKER;HYDROGEL_PACK;XIRECS;10038.0;5
85200;BOT_TAKER;BOT_MAKER;VELVETFRUIT_EXTRACT;XIRECS;5292.0;8
85200;BOT_TAKER;BOT_MAKER;VEV_4000;XIRECS;1303.0;2
85300;BOT_TAKER;BOT_MAKER;VEV_6500;XIRECS;1.0;5
85400;BOT_TAKER;BOT_MAKER;HYDROGEL_PACK;XIRECS;10039.0;5
85500;BOT_MAKER;BOT_TAKER;HYDROGEL_PACK;XIRECS;10024.0;2
85700;BOT_TAKER;BOT_MAKER;HYDROGEL_PACK;XIRECS;10039.0;5
85700;BOT_MAKER;BOT_TAKER;VELVETFRUIT_EXTRACT;XIRECS;5284.0;5
85800;BOT_TAKER;BOT_MAKER;HYDROGEL_PACK;XIRECS;10038.0;2
85800;BOT_TAKER;BOT_MAKER;VELVETFRUIT_EXTRACT;XIRECS;5290.0;3
85800;BOT_TAKER;BOT_MAKER;VEV_5500;XIRECS;1.0;4
85900;BOT_TAKER;BOT_MAKER;VEV_4000;XIRECS;1307.0;2
86000;BOT_TAKER;BOT_MAKER;HYDROGEL_PACK;XIRECS;10043.0;6
86000;BOT_TAKER;SUBMISSION;HYDROGEL_PACK;XIRECS;10042.0;4
86100;BOT_TAKER;BOT_MAKER;HYDROGEL_PACK;XIRECS;10046.0;3
86100;BOT_MAKER;BOT_TAKER;VELVETFRUIT_EXTRACT;XIRECS;5283.0;3
86100;BOT_TAKER;BOT_MAKER;VEV_6000;XIRECS;1.0;3
86200;BOT_MAKER;BOT_TAKER;VELVETFRUIT_EXTRACT;XIRECS;5284.0;8
86300;BOT_MAKER;BOT_TAKER;VEV_4000;XIRECS;1286.0;1
86300;BOT_MAKER;BOT_TAKER;VEV_6000;XIRECS;0.0;4
86400;SUBMISSION;BOT_TAKER;ASH_COATED_OSMIUM;XIRECS;9989.0;3
86400;SUBMISSION;BOT_TAKER;VELVETFRUIT_EXTRACT;XIRECS;5285.0;5
86400;BOT_MAKER;BOT_TAKER;VELVETFRUIT_EXTRACT;XIRECS;5284.0;1
86500;BOT_TAKER;BOT_MAKER;HYDROGEL_PACK;XIRECS;10041.0;2
86500;BOT_TAKER;BOT_MAKER;VEV_4000;XIRECS;1306.0;1
86500;BOT_TAKER;BOT_MAKER;VEV_6000;XIRECS;1.0;4
86600;BOT_TAKER;BOT_MAKER;HYDROGEL_PACK;XIRECS;10037.0;5
86700;BOT_TAKER;BOT_MAKER;VELVETFRUIT_EXTRACT;XIRECS;5291.0;3
86700;BOT_MAKER;BOT_TAKER;VELVETFRUIT_EXTRACT;XIRECS;5286.0;3
86800;BOT_MAKER;BOT_TAKER;VEV_4000;XIRECS;1281.0;3
86800;BOT_MAKER;BOT_TAKER;VEV_6000;XIRECS;0.0;5
86900;BOT_TAKER;BOT_MAKER;VELVETFRUIT_EXTRACT;XIRECS;5290.0;8
86900;BOT_TAKER;BOT_MAKER;VELVETFRUIT_EXTRACT;XIRECS;5290.0;6
86900;BOT_MAKER;BOT_TAKER;VEV_5400;XIRECS;15.0;2
87000;BOT_TAKER;BOT_MAKER;VELVETFRUIT_EXTRACT;XIRECS;5289.0;5
87100;BOT_TAKER;SUBMISSION;HYDROGEL_PACK;XIRECS;10034.0;3
87200;BOT_MAKER;BOT_TAKER;HYDROGEL_PACK;XIRECS;10017.0;3
87300;BOT_TAKER;BOT_MAKER;HYDROGEL_PACK;XIRECS;10031.0;2
87300;BOT_MAKER;BOT_TAKER;VELVETFRUIT_EXTRACT;XIRECS;5287.0;11
87300;BOT_MAKER;BOT_TAKER;VEV_5400;XIRECS;16.0;4
87400;SUBMISSION;BOT_TAKER;VEV_5200;XIRECS;96.0;4
87500;BOT_TAKER;BOT_MAKER;VELVETFRUIT_EXTRACT;XIRECS;5291.0;5
87500;BOT_TAKER;BOT_MAKER;VEV_4000;XIRECS;1302.0;1
87500;BOT;SUBMISSION;ASH_COATED_OSMIUM;XIRECS;9998.0;8
87600;BOT_TAKER;BOT_MAKER;HYDROGEL_PACK;XIRECS;10032.0;6
87700;BOT_MAKER;BOT_TAKER;VELVETFRUIT_EXTRACT;XIRECS;5286.0;7
87700;BOT_TAKER;BOT_MAKER;VELVETFRUIT_EXTRACT;XIRECS;5291.0;6
87800;SUBMISSION;BOT_TAKER;VELVETFRUIT_EXTRACT;XIRECS;5288.0;5
87800;BOT_MAKER;BOT_TAKER;VELVETFRUIT_EXTRACT;XIRECS;5287.0;2
87900;BOT_MAKER;BOT_TAKER;HYDROGEL_PACK;XIRECS;10013.0;5
88000;BOT_MAKER;BOT_TAKER;VELVETFRUIT_EXTRACT;XIRECS;5288.0;5
88100;BOT_MAKER;BOT_TAKER;VEV_4000;XIRECS;1281.0;1
88300;BOT_MAKER;BOT_TAKER;VEV_5500;XIRECS;0.0;3
88400;BOT_TAKER;BOT_MAKER;VELVETFRUIT_EXTRACT;XIRECS;5292.0;7
88500;BOT_TAKER;BOT_MAKER;HYDROGEL_PACK;XIRECS;10032.0;5
88500;BOT_MAKER;BOT_TAKER;VELVETFRUIT_EXTRACT;XIRECS;5288.0;6
88500;BOT_MAKER;BOT_TAKER;VEV_5400;XIRECS;16.0;4
88500;SUBMISSION;BOT_TAKER;ASH_COATED_OSMIUM;XIRECS;9991.0;5
88600;BOT_MAKER;BOT_TAKER;ASH_COATED_OSMIUM;XIRECS;9989.0;7
88600;BOT_TAKER;BOT_MAKER;HYDROGEL_PACK;XIRECS;10030.0;2
88700;SUBMISSION;BOT_TAKER;VEV_4000;XIRECS;1285.0;1
88800;BOT_TAKER;BOT_MAKER;VELVETFRUIT_EXTRACT;XIRECS;5294.0;7
88800;BOT_TAKER;SUBMISSION;VEV_4000;XIRECS;1304.0;2
88900;BOT_MAKER;BOT_TAKER;VEV_5300;XIRECS;47.0;3
88900;BOT_TAKER;BOT_MAKER;VEV_5400;XIRECS;18.0;3
88900;BOT_TAKER;BOT_MAKER;VEV_6500;XIRECS;1.0;4
88900;BOT_TAKER;BOT_MAKER;VEV_6500;XIRECS;1.0;4
89000;BOT_MAKER;BOT_TAKER;VELVETFRUIT_EXTRACT;XIRECS;5288.0;4
89000;BOT_TAKER;BOT_MAKER;VEV_5400;XIRECS;18.0;3
89100;BOT_TAKER;BOT_MAKER;VELVETFRUIT_EXTRACT;XIRECS;5294.0;8
89200;BOT_TAKER;BOT_MAKER;VELVETFRUIT_EXTRACT;XIRECS;5294.0;7
89200;BOT_MAKER;BOT_TAKER;VEV_5400;XIRECS;17.0;2
89300;BOT_MAKER;BOT_TAKER;VEV_6500;XIRECS;0.0;4
89300;SUBMISSION;BOT_TAKER;ASH_COATED_OSMIUM;XIRECS;9992.0;5
89400;BOT_MAKER;BOT_TAKER;INTARIAN_PEPPER_ROOT;XIRECS;13079.0;6
89400;BOT_TAKER;BOT_MAKER;VELVETFRUIT_EXTRACT;XIRECS;5296.0;7
89500;BOT_TAKER;BOT_MAKER;VELVETFRUIT_EXTRACT;XIRECS;5298.0;7
89600;BOT_TAKER;BOT_MAKER;HYDROGEL_PACK;XIRECS;10033.0;4
89700;BOT_TAKER;SUBMISSION;VELVETFRUIT_EXTRACT;XIRECS;5299.0;5
89700;BOT_TAKER;BOT_MAKER;VELVETFRUIT_EXTRACT;XIRECS;5300.0;1
89800;BOT_TAKER;BOT_MAKER;HYDROGEL_PACK;XIRECS;10036.0;5
89800;BOT_MAKER;BOT_TAKER;VEV_5400;XIRECS;16.0;5
89800;SUBMISSION;BOT_TAKER;HYDROGEL_PACK;XIRECS;10021.0;3
89900;BOT_TAKER;BOT_MAKER;ASH_COATED_OSMIUM;XIRECS;10009.0;6
89900;BOT_TAKER;BOT_MAKER;HYDROGEL_PACK;XIRECS;10034.0;5
89900;BOT_TAKER;BOT_MAKER;VELVETFRUIT_EXTRACT;XIRECS;5299.0;4
90000;BOT_TAKER;BOT_MAKER;VEV_6500;XIRECS;1.0;4
90100;BOT_TAKER;BOT_MAKER;HYDROGEL_PACK;XIRECS;10031.0;3
90100;BOT_MAKER;BOT_TAKER;VEV_4000;XIRECS;1285.0;1
90200;BOT_MAKER;BOT_TAKER;HYDROGEL_PACK;XIRECS;10013.0;6
90200;BOT_TAKER;BOT_MAKER;VEV_6000;XIRECS;1.0;5
90200;SUBMISSION;BOT_TAKER;ASH_COATED_OSMIUM;XIRECS;9992.0;2
90300;BOT_MAKER;BOT_TAKER;VELVETFRUIT_EXTRACT;XIRECS;5291.0;8
90400;BOT_TAKER;BOT_MAKER;HYDROGEL_PACK;XIRECS;10030.0;2
90600;BOT_TAKER;BOT_MAKER;HYDROGEL_PACK;XIRECS;10030.0;3
90600;BOT_MAKER;BOT_TAKER;VELVETFRUIT_EXTRACT;XIRECS;5294.0;6
90700;BOT_TAKER;BOT_MAKER;VELVETFRUIT_EXTRACT;XIRECS;5300.0;8
90700;BOT_MAKER;BOT_TAKER;VELVETFRUIT_EXTRACT;XIRECS;5294.0;4
90800;BOT_MAKER;BOT_TAKER;HYDROGEL_PACK;XIRECS;10009.0;4
90800;BOT_MAKER;BOT_TAKER;VELVETFRUIT_EXTRACT;XIRECS;5292.0;5
90800;SUBMISSION;BOT_TAKER;VELVETFRUIT_EXTRACT;XIRECS;5293.0;5
90900;BOT_MAKER;BOT_TAKER;HYDROGEL_PACK;XIRECS;10012.0;6
90900;BOT_MAKER;BOT_TAKER;VELVETFRUIT_EXTRACT;XIRECS;5292.0;5
91100;BOT_TAKER;BOT_MAKER;VELVETFRUIT_EXTRACT;XIRECS;5297.0;9
91200;BOT_TAKER;BOT_MAKER;ASH_COATED_OSMIUM;XIRECS;10006.0;6
91200;BOT_TAKER;SUBMISSION;VELVETFRUIT_EXTRACT;XIRECS;5294.0;5
91200;BOT_TAKER;BOT_MAKER;VELVETFRUIT_EXTRACT;XIRECS;5295.0;3
91400;BOT_TAKER;BOT_MAKER;VELVETFRUIT_EXTRACT;XIRECS;5295.0;4
91700;BOT_MAKER;BOT_TAKER;HYDROGEL_PACK;XIRECS;10014.0;6
91900;BOT_TAKER;BOT_MAKER;VELVETFRUIT_EXTRACT;XIRECS;5296.0;6
91900;BOT_TAKER;BOT_MAKER;VEV_6500;XIRECS;1.0;3
91900;BOT_TAKER;SUBMISSION;VEV_4000;XIRECS;1308.0;3
92000;BOT_TAKER;BOT_MAKER;ASH_COATED_OSMIUM;XIRECS;10010.0;4
92000;BOT_TAKER;BOT_MAKER;VEV_5500;XIRECS;2.0;3
92000;BOT_MAKER;BOT_TAKER;VEV_6000;XIRECS;0.0;2
92100;BOT_MAKER;BOT_TAKER;HYDROGEL_PACK;XIRECS;10013.0;6
92100;BOT_MAKER;BOT_TAKER;VELVETFRUIT_EXTRACT;XIRECS;5292.0;4
92100;BOT_MAKER;BOT_TAKER;VEV_6000;XIRECS;0.0;5
92200;BOT_TAKER;SUBMISSION;VEV_4000;XIRECS;1307.0;2
92300;BOT_TAKER;BOT_MAKER;HYDROGEL_PACK;XIRECS;10030.0;3
92300;BOT_TAKER;BOT_MAKER;HYDROGEL_PACK;XIRECS;10030.0;4
92300;BOT_MAKER;BOT_TAKER;VEV_6000;XIRECS;0.0;2
92400;BOT_MAKER;BOT_TAKER;VELVETFRUIT_EXTRACT;XIRECS;5292.0;5
92400;BOT_TAKER;BOT_MAKER;VEV_6500;XIRECS;1.0;2
92500;BOT_MAKER;BOT_TAKER;VELVETFRUIT_EXTRACT;XIRECS;5290.0;5
92700;BOT_TAKER;BOT_MAKER;VEV_5400;XIRECS;16.0;5
92800;BOT_TAKER;BOT_MAKER;VELVETFRUIT_EXTRACT;XIRECS;5294.0;3
92800;BOT_TAKER;BOT_MAKER;VELVETFRUIT_EXTRACT;XIRECS;5294.0;5
92800;BOT_TAKER;SUBMISSION;VELVETFRUIT_EXTRACT;XIRECS;5293.0;5
92800;BOT_TAKER;BOT_MAKER;VELVETFRUIT_EXTRACT;XIRECS;5294.0;3
92900;BOT_MAKER;BOT_TAKER;HYDROGEL_PACK;XIRECS;10021.0;2
92900;BOT_MAKER;BOT_TAKER;VELVETFRUIT_EXTRACT;XIRECS;5290.0;7
92900;BOT_TAKER;BOT_MAKER;VEV_4000;XIRECS;1309.0;2
93000;BOT_TAKER;BOT_MAKER;VELVETFRUIT_EXTRACT;XIRECS;5296.0;3
93000;BOT_TAKER;SUBMISSION;VEV_4000;XIRECS;1309.0;3
93200;BOT_MAKER;BOT_TAKER;VELVETFRUIT_EXTRACT;XIRECS;5292.0;4
93200;BOT_TAKER;BOT_MAKER;VEV_5500;XIRECS;3.0;2
93200;BOT_MAKER;BOT_TAKER;VEV_6000;XIRECS;0.0;5
93300;BOT_MAKER;BOT_TAKER;VELVETFRUIT_EXTRACT;XIRECS;5291.0;8
93300;BOT_MAKER;BOT_TAKER;VEV_5300;XIRECS;44.0;5
93400;BOT_TAKER;BOT_MAKER;VELVETFRUIT_EXTRACT;XIRECS;5298.0;7
93600;BOT_MAKER;BOT_TAKER;VELVETFRUIT_EXTRACT;XIRECS;5291.0;4
93600;BOT_TAKER;SUBMISSION;ASH_COATED_OSMIUM;XIRECS;10008.0;5
93600;SUBMISSION;BOT_TAKER;HYDROGEL_PACK;XIRECS;10025.0;2
94000;BOT_TAKER;BOT_MAKER;VELVETFRUIT_EXTRACT;XIRECS;5297.0;6
94000;BOT_TAKER;BOT_MAKER;VELVETFRUIT_EXTRACT;XIRECS;5297.0;7
94000;BOT_MAKER;BOT_TAKER;VEV_6000;XIRECS;0.0;5
94000;SUBMISSION;BOT_TAKER;VELVETFRUIT_EXTRACT;XIRECS;5293.0;5
94000;BOT_MAKER;BOT_TAKER;VELVETFRUIT_EXTRACT;XIRECS;5292.0;3
94000;BOT_TAKER;SUBMISSION;VEV_4000;XIRECS;1312.0;3
94100;BOT_MAKER;BOT_TAKER;VELVETFRUIT_EXTRACT;XIRECS;5291.0;5
94300;BOT_MAKER;BOT_TAKER;HYDROGEL_PACK;XIRECS;10026.0;5
94300;BOT_TAKER;BOT_MAKER;VEV_5500;XIRECS;3.0;3
94400;BOT_MAKER;BOT_TAKER;HYDROGEL_PACK;XIRECS;10027.0;2
94400;BOT_TAKER;BOT_MAKER;VEV_5400;XIRECS;17.0;3
94500;BOT_MAKER;BOT_TAKER;VEV_5400;XIRECS;15.0;3
94500;SUBMISSION;BOT_TAKER;ASH_COATED_OSMIUM;XIRECS;9995.0;4
94500;SUBMISSION;BOT_TAKER;VELVETFRUIT_EXTRACT;XIRECS;5291.0;5
94500;BOT_MAKER;BOT_TAKER;VELVETFRUIT_EXTRACT;XIRECS;5290.0;3
94600;BOT_TAKER;BOT_MAKER;VELVETFRUIT_EXTRACT;XIRECS;5295.0;6
94600;BOT_TAKER;BOT_MAKER;VEV_5500;XIRECS;3.0;2
94600;SUBMISSION;BOT_TAKER;HYDROGEL_PACK;XIRECS;10030.0;2
94600;SUBMISSION;BOT_TAKER;VELVETFRUIT_EXTRACT;XIRECS;5290.0;5
94600;BOT_MAKER;BOT_TAKER;VELVETFRUIT_EXTRACT;XIRECS;5289.0;3
94700;BOT_TAKER;BOT_MAKER;HYDROGEL_PACK;XIRECS;10048.0;4
94700;BOT_MAKER;BOT_TAKER;VELVETFRUIT_EXTRACT;XIRECS;5289.0;5
94700;BOT_TAKER;SUBMISSION;ASH_COATED_OSMIUM;XIRECS;10009.0;2
94800;BOT_TAKER;BOT_MAKER;HYDROGEL_PACK;XIRECS;10049.0;6
94800;BOT_MAKER;BOT_TAKER;VEV_6000;XIRECS;0.0;2
94900;BOT_TAKER;BOT_MAKER;VELVETFRUIT_EXTRACT;XIRECS;5296.0;5
95000;BOT_MAKER;BOT_TAKER;HYDROGEL_PACK;XIRECS;10035.0;6
95000;BOT_MAKER;BOT_TAKER;VELVETFRUIT_EXTRACT;XIRECS;5289.0;6
95000;BOT_TAKER;SUBMISSION;HYDROGEL_PACK;XIRECS;10050.0;4
95200;BOT_TAKER;BOT_MAKER;INTARIAN_PEPPER_ROOT;XIRECS;13102.0;5
95200;SUBMISSION;BOT_TAKER;HYDROGEL_PACK;XIRECS;10037.0;5
95300;BOT_TAKER;BOT_MAKER;VEV_5500;XIRECS;2.0;4
95400;BOT_MAKER;BOT_TAKER;VELVETFRUIT_EXTRACT;XIRECS;5289.0;4
95400;BOT_TAKER;SUBMISSION;VELVETFRUIT_EXTRACT;XIRECS;5294.0;5
95400;BOT_TAKER;BOT_MAKER;VELVETFRUIT_EXTRACT;XIRECS;5295.0;3
95500;BOT_MAKER;BOT_TAKER;VEV_4000;XIRECS;1289.0;2
95700;BOT_MAKER;BOT_TAKER;VELVETFRUIT_EXTRACT;XIRECS;5288.0;8
95700;BOT_TAKER;BOT_MAKER;VELVETFRUIT_EXTRACT;XIRECS;5293.0;13
95800;BOT_TAKER;BOT_MAKER;HYDROGEL_PACK;XIRECS;10050.0;4
95800;BOT_TAKER;BOT_MAKER;VEV_6500;XIRECS;1.0;2
95900;BOT_MAKER;BOT_TAKER;VEV_5500;XIRECS;2.0;5
95900;BOT;SUBMISSION;ASH_COATED_OSMIUM;XIRECS;10001.0;10
95900;SUBMISSION;BOT_TAKER;HYDROGEL_PACK;XIRECS;10035.0;3
96000;BOT_TAKER;BOT_MAKER;VELVETFRUIT_EXTRACT;XIRECS;5294.0;7
96000;BOT_TAKER;BOT_MAKER;VEV_4000;XIRECS;1314.0;2
96100;BOT_MAKER;BOT_TAKER;VELVETFRUIT_EXTRACT;XIRECS;5290.0;14
96100;BOT_MAKER;BOT_TAKER;VEV_5500;XIRECS;2.0;3
96100;BOT;SUBMISSION;ASH_COATED_OSMIUM;XIRECS;10002.0;9
96200;BOT_TAKER;BOT_MAKER;HYDROGEL_PACK;XIRECS;10058.0;4
96200;BOT_TAKER;BOT_MAKER;VELVETFRUIT_EXTRACT;XIRECS;5296.0;15
96400;BOT_TAKER;BOT_MAKER;VEV_6000;XIRECS;1.0;2
96500;BOT_MAKER;BOT_TAKER;HYDROGEL_PACK;XIRECS;10037.0;3
96500;BOT_TAKER;BOT_MAKER;VEV_4000;XIRECS;1316.0;3
96600;BOT_TAKER;BOT_MAKER;VELVETFRUIT_EXTRACT;XIRECS;5296.0;7
96600;BOT_MAKER;BOT_TAKER;VEV_4000;XIRECS;1293.0;1
96600;BOT_TAKER;BOT_MAKER;VEV_5500;XIRECS;3.0;2
96600;BOT_TAKER;BOT_MAKER;VEV_5500;XIRECS;3.0;2
96700;BOT_TAKER;BOT_MAKER;HYDROGEL_PACK;XIRECS;10055.0;6
96800;BOT_TAKER;BOT_MAKER;HYDROGEL_PACK;XIRECS;10053.0;4
96800;BOT_MAKER;BOT_TAKER;VEV_4000;XIRECS;1294.0;3
96800;BOT_TAKER;SUBMISSION;HYDROGEL_PACK;XIRECS;10052.0;2
96900;BOT_MAKER;BOT_TAKER;VELVETFRUIT_EXTRACT;XIRECS;5288.0;4
96900;BOT_TAKER;BOT_MAKER;VEV_5200;XIRECS;94.0;4
96900;SUBMISSION;BOT_TAKER;VELVETFRUIT_EXTRACT;XIRECS;5289.0;3
97000;BOT_TAKER;BOT_MAKER;HYDROGEL_PACK;XIRECS;10054.0;3
97100;BOT_TAKER;BOT_MAKER;VEV_4000;XIRECS;1315.0;3
97200;BOT_MAKER;BOT_TAKER;VELVETFRUIT_EXTRACT;XIRECS;5289.0;7
97200;BOT_MAKER;BOT_TAKER;VEV_6500;XIRECS;0.0;5
97200;SUBMISSION;BOT_TAKER;VELVETFRUIT_EXTRACT;XIRECS;5290.0;4
97300;BOT_MAKER;BOT_TAKER;VELVETFRUIT_EXTRACT;XIRECS;5290.0;4
97300;BOT_TAKER;BOT_MAKER;VEV_4000;XIRECS;1314.0;3
97300;BOT_MAKER;BOT_TAKER;VEV_6000;XIRECS;0.0;2
97400;BOT_TAKER;BOT_MAKER;VELVETFRUIT_EXTRACT;XIRECS;5294.0;4
97400;BOT_MAKER;BOT_TAKER;VEV_5100;XIRECS;156.0;1
97500;BOT_MAKER;BOT_TAKER;VELVETFRUIT_EXTRACT;XIRECS;5288.0;8
97600;BOT_TAKER;BOT_MAKER;INTARIAN_PEPPER_ROOT;XIRECS;13105.0;5
97700;BOT_MAKER;BOT_TAKER;VELVETFRUIT_EXTRACT;XIRECS;5289.0;7
97700;SUBMISSION;BOT;ASH_COATED_OSMIUM;XIRECS;9996.0;10
97800;BOT_TAKER;BOT_MAKER;VELVETFRUIT_EXTRACT;XIRECS;5294.0;3
98000;BOT_TAKER;BOT_MAKER;HYDROGEL_PACK;XIRECS;10058.0;4
98000;BOT_MAKER;BOT_TAKER;VELVETFRUIT_EXTRACT;XIRECS;5287.0;5
98000;BOT_TAKER;BOT_MAKER;VEV_5500;XIRECS;3.0;2
98100;BOT_TAKER;SUBMISSION;ASH_COATED_OSMIUM;XIRECS;10008.0;3
98200;BOT_MAKER;BOT_TAKER;VELVETFRUIT_EXTRACT;XIRECS;5286.0;13
98200;BOT_TAKER;SUBMISSION;ASH_COATED_OSMIUM;XIRECS;10006.0;8
98300;BOT_MAKER;BOT_TAKER;VEV_4000;XIRECS;1286.0;2
98300;BOT_TAKER;BOT_MAKER;VEV_5400;XIRECS;17.0;5
98400;BOT_TAKER;BOT_MAKER;HYDROGEL_PACK;XIRECS;10063.0;3
98400;BOT_MAKER;BOT_TAKER;INTARIAN_PEPPER_ROOT;XIRECS;13091.0;8
98500;BOT_TAKER;SUBMISSION;VEV_4000;XIRECS;1307.0;1
98600;BOT_MAKER;BOT_TAKER;HYDROGEL_PACK;XIRECS;10048.0;3
98800;BOT_TAKER;BOT_MAKER;HYDROGEL_PACK;XIRECS;10068.0;5
98800;BOT_TAKER;BOT_MAKER;INTARIAN_PEPPER_ROOT;XIRECS;13106.0;6
98900;BOT_MAKER;BOT_TAKER;VELVETFRUIT_EXTRACT;XIRECS;5290.0;8
98900;BOT_TAKER;SUBMISSION;HYDROGEL_PACK;XIRECS;10072.0;5
99100;BOT_TAKER;BOT_MAKER;HYDROGEL_PACK;XIRECS;10076.0;5
99100;BOT_MAKER;BOT_TAKER;INTARIAN_PEPPER_ROOT;XIRECS;13092.0;6
99100;BOT_TAKER;BOT_MAKER;VEV_4000;XIRECS;1310.0;1
99100;BOT_MAKER;BOT_TAKER;VEV_6500;XIRECS;0.0;4
99300;BOT_MAKER;BOT_TAKER;VELVETFRUIT_EXTRACT;XIRECS;5293.0;8
99300;BOT_TAKER;BOT_MAKER;VEV_6500;XIRECS;1.0;2
99400;BOT_MAKER;BOT_TAKER;VELVETFRUIT_EXTRACT;XIRECS;5294.0;8
99400;BOT_MAKER;BOT_TAKER;VEV_4000;XIRECS;1284.0;2
99400;BOT_MAKER;BOT_TAKER;VEV_6500;XIRECS;0.0;2
99500;BOT_TAKER;BOT_MAKER;HYDROGEL_PACK;XIRECS;10075.0;3
99500;BOT_TAKER;BOT_MAKER;VEV_5400;XIRECS;18.0;5
99500;BOT_MAKER;BOT_TAKER;VEV_5500;XIRECS;1.0;2
99600;BOT_TAKER;BOT_MAKER;VEV_4000;XIRECS;1304.0;2
99700;BOT_MAKER;BOT_TAKER;VELVETFRUIT_EXTRACT;XIRECS;5291.0;14
99700;BOT_TAKER;BOT_MAKER;VEV_5500;XIRECS;2.0;2
99800;BOT_MAKER;BOT_TAKER;VEV_6500;XIRECS;0.0;3
99900;BOT_TAKER;BOT_MAKER;INTARIAN_PEPPER_ROOT;XIRECS;13107.0;7
99900;BOT_TAKER;BOT_MAKER;VELVETFRUIT_EXTRACT;XIRECS;5294.0;3
