day;timestamp;product;bid_price_1;bid_volume_1;bid_price_2;bid_volume_2;bid_price_3;bid_volume_3;ask_price_1;ask_volume_1;ask_price_2;ask_volume_2;ask_price_3;ask_volume_3;mid_price;profit_and_loss
-2;0;ASH_COATED_OSMIUM;9992;12;9990;21;;;9997;4;10008;12;10010;21;9994.5;0.0
-2;0;HYDROGEL_PACK;9971;12;9969;20;;;9987;12;9990;20;;;9979.0;0.0
-2;0;INTARIAN_PEPPER_ROOT;12993;8;12990;16;;;;;;;;;12993.0;0.0
-2;0;VELVETFRUIT_EXTRACT;5259;47;;;;;5265;22;;;;;5262.0;0.0
-2;0;VEV_4000;1252;7;1249;28;;;1273;7;1276;28;;;1262.5;0.0
-2;0;VEV_4500;752;22;;;;;770;9;772;22;;;761.0;0.0
-2;0;VEV_5000;263;7;262;16;;;269;8;270;19;;;266.0;0.0
-2;0;VEV_5100;;;;;;;177;12;178;25;;;177.0;0.0
-2;0;VEV_5200;99;21;;;;;103;13;;;;;101.0;0.0
-2;0;VEV_5300;49;18;48;19;;;51;23;;;;;50.0;0.0
-2;0;VEV_5400;15;20;;;;;17;25;;;;;16.0;0.0
-2;0;VEV_5500;6;26;;;;;7;24;;;;;6.5;0.0
-2;0;VEV_6000;0;18;;;;;1;18;;;;;0.5;0.0
-2;0;VEV_6500;0;16;;;;;1;16;;;;;0.5;0.0
-2;100;ASH_COATED_OSMIUM;9991;12;9989;25;;;10007;12;10010;25;;;9999.0;0.0
-2;100;HYDROGEL_PACK;9974;10;9972;23;;;9990;10;9993;23;;;9982.0;0.0
-2;100;INTARIAN_PEPPER_ROOT;12993;10;12990;16;;;13007;10;13010;16;;;13000.0;0.0
-2;100;VELVETFRUIT_EXTRACT;5261;17;5260;64;;;5266;20;;;;;5263.5;0.0
-2;100;VEV_4000;1252;13;1250;22;;;1274;13;1276;22;;;1263.0;0.0
-2;100;VEV_4500;754;10;753;6;752;20;770;10;773;20;;;762.0;0.0
-2;100;VEV_5000;262;20;;;;;269;9;270;12;;;265.5;0.0
-2;100;VEV_5100;171;20;;;;;176;12;;;;;173.5;0.0
-2;100;VEV_5200;100;24;99;25;;;103;23;;;;;101.5;0.0
-2;100;VEV_5300;49;18;;;;;;;;;;;49.0;0.0
-2;100;VEV_5400;16;23;15;28;;;17;23;;;;;16.5;0.0
-2;100;VEV_5500;6;22;;;;;7;25;;;;;6.5;0.0
-2;100;VEV_6000;0;26;;;;;1;26;;;;;0.5;0.0
-2;100;VEV_6500;0;15;;;;;1;15;;;;;0.5;0.0
-2;200;ASH_COATED_OSMIUM;9989;25;;;;;10007;15;10010;25;;;9998.0;0.0
-2;200;HYDROGEL_PACK;9973;12;9971;24;;;9989;12;9992;24;;;9981.0;0.0
-2;200;INTARIAN_PEPPER_ROOT;12990;18;;;;;;;;;;;12990.0;0.0
-2;200;VELVETFRUIT_EXTRACT;5264;17;5263;25;;;5269;53;5270;31;;;5266.5;0.0
-2;200;VEV_4000;1252;10;1249;27;;;1273;10;1275;27;;;1262.5;0.0
-2;200;VEV_4500;752;12;;;;;770;12;772;12;;;761.0;0.0
-2;200;VEV_5000;262;7;261;22;;;268;31;269;12;;;265.0;0.0
-2;200;VEV_5100;;;;;;;176;13;;;;;176.0;0.0
-2;200;VEV_5200;100;11;99;16;;;;;;;;;100.0;0.0
-2;200;VEV_5300;49;26;;;;;51;22;;;;;50.0;0.0
-2;200;VEV_5400;15;24;;;;;17;24;;;;;16.0;0.0
-2;200;VEV_5500;6;20;;;;;7;22;;;;;6.5;0.0
-2;200;VEV_6000;0;18;;;;;1;18;;;;;0.5;0.0
-2;200;VEV_6500;0;13;;;;;1;13;;;;;0.5;0.0
-2;300;ASH_COATED_OSMIUM;9991;15;9988;25;;;10007;15;10009;25;;;9999.0;0.0
-2;300;HYDROGEL_PACK;9971;12;9969;29;;;9987;12;9990;29;;;9979.0;0.0
-2;300;INTARIAN_PEPPER_ROOT;12993;8;12990;18;;;13007;8;13011;18;;;13000.0;0.0
-2;300;VELVETFRUIT_EXTRACT;5264;68;;;;;5270;31;;;;;5267.0;0.0
-2;300;VEV_4000;1252;10;1250;17;;;1273;10;1276;17;;;1262.5;0.0
-2;300;VEV_4500;754;7;752;13;;;770;7;;;;;762.0;0.0
-2;300;VEV_5000;262;11;261;16;;;269;13;;;;;265.5;0.0
-2;300;VEV_5100;171;12;;;;;175;8;176;23;;;173.0;0.0
-2;300;VEV_5200;100;7;;;;;103;25;;;;;101.5;0.0
-2;300;VEV_5300;;;;;;;51;26;;;;;51.0;0.0
-2;300;VEV_5400;15;27;;;;;16;26;17;19;;;15.5;0.0
-2;300;VEV_5500;6;22;;;;;7;25;;;;;6.5;0.0
-2;300;VEV_6000;0;25;;;;;1;25;;;;;0.5;0.0
-2;300;VEV_6500;0;14;;;;;1;14;;;;;0.5;0.0
-2;400;ASH_COATED_OSMIUM;10000;6;9991;10;;;10007;10;10010;23;;;10003.5;0.0
-2;400;HYDROGEL_PACK;9969;10;9967;29;;;9985;10;9988;29;;;9977.0;0.0
-2;400;INTARIAN_PEPPER_ROOT;12993;12;12990;24;;;13007;12;13011;24;;;13000.0;0.0
-2;400;VELVETFRUIT_EXTRACT;5264;16;5263;40;5263;34;5269;24;;;;;5266.5;0.0
-2;400;VEV_4000;1251;15;1248;29;;;1272;15;1275;29;;;1261.5;0.0
-2;400;VEV_4500;754;6;752;18;;;770;6;772;18;;;762.0;0.0
-2;400;VEV_5000;262;7;261;16;;;268;10;269;17;;;265.0;0.0
-2;400;VEV_5100;172;12;171;21;;;176;27;177;12;;;174.0;0.0
-2;400;VEV_5200;100;6;99;31;;;102;26;103;33;;;101.0;0.0
-2;400;VEV_5300;49;19;48;17;;;51;20;;;;;50.0;0.0
-2;400;VEV_5400;;;;;;;;;;;;;0.0;0.0
-2;400;VEV_5500;6;25;;;;;7;20;;;;;6.5;0.0
-2;400;VEV_6000;0;23;;;;;1;23;;;;;0.5;0.0
-2;400;VEV_6500;0;15;;;;;1;15;;;;;0.5;0.0
-2;500;ASH_COATED_OSMIUM;9991;11;9989;27;;;10007;11;10010;27;;;9999.0;0.0
-2;500;HYDROGEL_PACK;9966;13;9963;22;;;9982;13;9984;22;;;9974.0;0.0
-2;500;INTARIAN_PEPPER_ROOT;12990;24;;;;;13008;8;13011;24;;;12999.0;0.0
-2;500;VELVETFRUIT_EXTRACT;5263;21;5262;37;5262;55;5267;21;5268;70;;;5265.0;0.0
-2;500;VEV_4000;1250;9;1248;29;;;1271;9;1274;29;;;1260.5;0.0
-2;500;VEV_4500;754;8;;;;;770;8;771;8;772;15;762.0;0.0
-2;500;VEV_5000;261;31;260;21;;;267;10;268;17;;;264.0;0.0
-2;500;VEV_5100;172;8;171;19;;;176;35;177;27;;;174.0;0.0
-2;500;VEV_5200;100;22;;;;;104;24;;;;;102.0;0.0
-2;500;VEV_5300;50;19;;;;;52;11;52;21;;;51.0;0.0
-2;500;VEV_5400;;;;;;;;;;;;;0.0;0.0
-2;500;VEV_5500;6;19;;;;;7;17;;;;;6.5;0.0
-2;500;VEV_6000;0;23;;;;;1;23;;;;;0.5;0.0
-2;500;VEV_6500;0;16;;;;;1;16;;;;;0.5;0.0
-2;600;ASH_COATED_OSMIUM;9991;12;9988;23;;;10007;12;10009;23;;;9999.0;0.0
-2;600;HYDROGEL_PACK;9969;10;9966;29;;;9985;10;9987;29;;;9977.0;0.0
-2;600;INTARIAN_PEPPER_ROOT;12994;9;12990;21;;;13008;9;13011;21;;;13001.0;0.0
-2;600;VELVETFRUIT_EXTRACT;5264;44;;;;;5270;66;;;;;5267.0;0.0
-2;600;VEV_4000;1250;13;1248;30;;;1272;13;1274;30;;;1261.0;0.0
-2;600;VEV_4500;754;12;752;16;;;770;12;772;16;;;762.0;0.0
-2;600;VEV_5000;262;9;;;;;268;27;269;23;;;265.0;0.0
-2;600;VEV_5100;170;15;;;;;175;31;176;17;;;172.5;0.0
-2;600;VEV_5200;101;29;100;27;;;103;10;104;21;;;102.0;0.0
-2;600;VEV_5300;49;28;;;;;51;27;;;;;50.0;0.0
-2;600;VEV_5400;16;20;15;19;;;17;22;;;;;16.5;0.0
-2;600;VEV_5500;6;22;;;;;7;25;;;;;6.5;0.0
-2;600;VEV_6000;0;20;;;;;1;20;;;;;0.5;0.0
-2;600;VEV_6500;0;20;;;;;1;20;;;;;0.5;0.0
-2;700;ASH_COATED_OSMIUM;9991;13;9989;24;;;10007;13;10010;24;;;9999.0;0.0
-2;700;HYDROGEL_PACK;9968;14;9965;30;;;9984;14;9986;30;;;9976.0;0.0
-2;700;INTARIAN_PEPPER_ROOT;12994;8;12990;18;;;13008;8;13011;18;;;13001.0;0.0
-2;700;VELVETFRUIT_EXTRACT;5263;20;5262;42;;;5267;20;5268;39;;;5265.0;0.0
-2;700;VEV_4000;1249;7;1246;17;;;1270;7;1273;17;;;1259.5;0.0
-2;700;VEV_4500;753;7;752;7;751;16;769;7;771;16;;;761.0;0.0
-2;700;VEV_5000;262;28;261;12;;;268;26;;;;;265.0;0.0
-2;700;VEV_5100;171;29;;;;;176;22;;;;;173.5;0.0
-2;700;VEV_5200;100;21;;;;;104;15;;;;;102.0;0.0
-2;700;VEV_5300;48;7;47;15;;;50;25;;;;;49.0;0.0
-2;700;VEV_5400;15;21;15;18;;;17;19;;;;;16.0;0.0
-2;700;VEV_5500;6;26;;;;;7;20;;;;;6.5;0.0
-2;700;VEV_6000;0;19;;;;;1;19;;;;;0.5;0.0
-2;700;VEV_6500;0;14;;;;;1;14;;;;;0.5;0.0
-2;800;ASH_COATED_OSMIUM;9988;21;;;;;10009;21;;;;;9998.5;0.0
-2;800;HYDROGEL_PACK;9967;14;9965;22;;;9983;14;9986;22;;;9975.0;0.0
-2;800;INTARIAN_PEPPER_ROOT;12994;8;12991;22;;;12997;5;13008;8;13011;22;12995.5;0.0
-2;800;VELVETFRUIT_EXTRACT;5261;25;5260;42;;;5266;47;;;;;5263.5;0.0
-2;800;VEV_4000;1251;7;1248;25;;;1272;7;1275;25;;;1261.5;0.0
-2;800;VEV_4500;753;9;751;17;;;769;9;771;17;;;761.0;0.0
-2;800;VEV_5000;261;6;260;13;;;267;10;268;20;;;264.0;0.0
-2;800;VEV_5100;170;18;;;;;174;10;175;13;;;172.0;0.0
-2;800;VEV_5200;101;21;100;13;;;103;10;104;12;;;102.0;0.0
-2;800;VEV_5300;48;26;;;;;50;5;;;;;49.0;0.0
-2;800;VEV_5400;;;;;;;16;21;17;21;;;16.0;0.0
-2;800;VEV_5500;6;9;;;;;7;20;;;;;6.5;0.0
-2;800;VEV_6000;0;16;;;;;1;16;;;;;0.5;0.0
-2;800;VEV_6500;0;16;;;;;1;16;;;;;0.5;0.0
-2;900;ASH_COATED_OSMIUM;9991;14;9989;21;;;10007;14;10010;21;;;9999.0;0.0
-2;900;HYDROGEL_PACK;9967;11;9965;24;;;9983;11;9985;24;;;9975.0;0.0
-2;900;INTARIAN_PEPPER_ROOT;12994;8;;;;;13008;8;13011;18;;;13001.0;0.0
-2;900;VELVETFRUIT_EXTRACT;5260;37;;;;;5266;33;5266;56;;;5263.0;0.0
-2;900;VEV_4000;1253;7;1250;25;;;1274;7;1276;25;;;1263.5;0.0
-2;900;VEV_4500;753;10;752;19;751;19;769;10;771;19;;;761.0;0.0
-2;900;VEV_5000;262;10;;;;;269;14;;;;;265.5;0.0
-2;900;VEV_5100;172;8;171;14;;;176;6;;;;;174.0;0.0
-2;900;VEV_5200;100;34;;;;;104;25;;;;;102.0;0.0
-2;900;VEV_5300;49;18;;;;;51;6;;;;;50.0;0.0
-2;900;VEV_5400;15;15;;;;;17;26;;;;;16.0;0.0
-2;900;VEV_5500;6;24;;;;;7;17;;;;;6.5;0.0
-2;900;VEV_6000;0;27;;;;;1;27;;;;;0.5;0.0
-2;900;VEV_6500;0;17;;;;;1;17;;;;;0.5;0.0
-2;1000;ASH_COATED_OSMIUM;9990;11;9988;22;;;10006;11;;;;;9998.0;0.0
-2;1000;HYDROGEL_PACK;9968;12;9965;20;;;9984;12;9986;20;;;9976.0;0.0
-2;1000;INTARIAN_PEPPER_ROOT;12994;11;12991;15;;;13008;11;13011;15;;;13001.0;0.0
-2;1000;VELVETFRUIT_EXTRACT;5260;53;;;;;5265;17;5266;31;5267;45;5262.5;0.0
-2;1000;VEV_4000;1251;11;1249;20;;;1273;11;1275;20;;;1262.0;0.0
-2;1000;VEV_4500;754;12;752;13;;;770;12;772;13;;;762.0;0.0
-2;1000;VEV_5000;264;8;263;17;;;271;14;;;;;267.5;0.0
-2;1000;VEV_5100;173;31;172;18;;;177;30;178;24;;;175.0;0.0
-2;1000;VEV_5200;101;9;100;33;;;104;16;;;;;102.5;0.0
-2;1000;VEV_5300;49;19;;;;;51;11;51;26;;;50.0;0.0
-2;1000;VEV_5400;;;;;;;;;;;;;0.0;0.0
-2;1000;VEV_5500;6;20;;;;;7;20;;;;;6.5;0.0
-2;1000;VEV_6000;0;25;;;;;1;25;;;;;0.5;0.0
-2;1000;VEV_6500;0;18;;;;;1;18;;;;;0.5;0.0
-2;1100;ASH_COATED_OSMIUM;9991;15;9988;22;;;10007;15;10009;22;;;9999.0;0.0
-2;1100;HYDROGEL_PACK;9966;13;9964;28;;;9982;13;9985;28;;;9974.0;0.0
-2;1100;INTARIAN_PEPPER_ROOT;12991;17;;;;;13011;17;;;;;13001.0;0.0
-2;1100;VELVETFRUIT_EXTRACT;5260;19;;;;;5265;17;5266;64;5267;49;5262.5;0.0
-2;1100;VEV_4000;1252;15;1249;29;;;1273;15;1275;29;;;1262.5;0.0
-2;1100;VEV_4500;753;12;751;21;;;771;21;;;;;762.0;0.0
-2;1100;VEV_5000;265;8;;;;;272;15;;;;;268.5;0.0
-2;1100;VEV_5100;174;30;173;18;;;178;10;;;;;176.0;0.0
-2;1100;VEV_5200;101;19;;;;;;;;;;;101.0;0.0
-2;1100;VEV_5300;48;20;;;;;50;19;51;10;;;49.0;0.0
-2;1100;VEV_5400;14;23;;;;;16;24;;;;;15.0;0.0
-2;1100;VEV_5500;6;19;;;;;7;23;;;;;6.5;0.0
-2;1100;VEV_6000;0;17;;;;;1;17;;;;;0.5;0.0
-2;1100;VEV_6500;0;18;;;;;1;18;;;;;0.5;0.0
-2;1200;ASH_COATED_OSMIUM;9988;26;;;;;10006;15;10009;26;;;9997.0;0.0
-2;1200;HYDROGEL_PACK;9967;14;9964;20;;;9983;14;9985;20;;;9975.0;0.0
-2;1200;INTARIAN_PEPPER_ROOT;12994;11;12991;25;;;13008;11;13011;25;;;13001.0;0.0
-2;1200;VELVETFRUIT_EXTRACT;5260;33;5259;44;;;5265;23;5266;53;;;5262.5;0.0
-2;1200;VEV_4000;1252;7;1250;21;;;1274;7;1276;21;;;1263.0;0.0
-2;1200;VEV_4500;754;7;;;;;770;7;772;12;;;762.0;0.0
-2;1200;VEV_5000;265;27;264;13;;;271;23;272;27;;;268.0;0.0
-2;1200;VEV_5100;174;28;173;29;;;178;31;179;22;;;176.0;0.0
-2;1200;VEV_5200;101;8;100;12;;;104;25;;;;;102.5;0.0
-2;1200;VEV_5300;;;;;;;51;20;;;;;51.0;0.0
-2;1200;VEV_5400;14;22;;;;;16;17;;;;;15.0;0.0
-2;1200;VEV_5500;6;27;;;;;7;23;;;;;6.5;0.0
-2;1200;VEV_6000;0;20;;;;;1;20;;;;;0.5;0.0
-2;1200;VEV_6500;0;19;;;;;1;19;;;;;0.5;0.0
-2;1300;ASH_COATED_OSMIUM;9988;20;;;;;10009;20;;;;;9998.5;0.0
-2;1300;HYDROGEL_PACK;9965;13;9962;26;;;9981;13;9983;26;;;9973.0;0.0
-2;1300;INTARIAN_PEPPER_ROOT;12998;10;12994;10;12991;25;13012;25;;;;;13005.0;0.0
-2;1300;VELVETFRUIT_EXTRACT;5261;44;;;;;5267;20;;;;;5264.0;0.0
-2;1300;VEV_4000;1251;10;1249;15;;;1273;10;1275;15;;;1262.0;0.0
-2;1300;VEV_4500;756;11;754;12;;;772;11;774;12;;;764.0;0.0
-2;1300;VEV_5000;266;11;265;23;;;272;9;273;27;;;269.0;0.0
-2;1300;VEV_5100;172;28;;;;;177;10;178;23;;;174.5;0.0
-2;1300;VEV_5200;101;24;;;;;105;27;;;;;103.0;0.0
-2;1300;VEV_5300;49;19;;;;;51;24;;;;;50.0;0.0
-2;1300;VEV_5400;14;25;14;1;;;15;29;;;;;14.5;0.0
-2;1300;VEV_5500;6;18;;;;;7;25;;;;;6.5;0.0
-2;1300;VEV_6000;0;18;;;;;1;18;;;;;0.5;0.0
-2;1300;VEV_6500;0;17;;;;;1;17;;;;;0.5;0.0
-2;1400;ASH_COATED_OSMIUM;9991;10;9988;24;;;10009;24;;;;;10000.0;0.0
-2;1400;HYDROGEL_PACK;9962;11;9960;24;;;9978;11;9981;24;;;9970.0;0.0
-2;1400;INTARIAN_PEPPER_ROOT;12991;15;;;;;;;;;;;12991.0;0.0
-2;1400;VELVETFRUIT_EXTRACT;5260;63;5260;16;;;5266;68;;;;;5263.0;0.0
-2;1400;VEV_4000;1250;15;1248;22;;;1271;15;1274;22;;;1260.5;0.0
-2;1400;VEV_4500;754;24;;;;;772;11;774;24;;;763.0;0.0
-2;1400;VEV_5000;264;8;263;24;;;270;8;271;14;;;267.0;0.0
-2;1400;VEV_5100;172;17;;;;;178;17;;;;;175.0;0.0
-2;1400;VEV_5200;100;16;;;;;104;21;;;;;102.0;0.0
-2;1400;VEV_5300;48;17;;;;;51;27;;;;;49.5;0.0
-2;1400;VEV_5400;14;20;;;;;16;25;;;;;15.0;0.0
-2;1400;VEV_5500;5;18;;;;;6;19;;;;;5.5;0.0
-2;1400;VEV_6000;0;25;;;;;1;25;;;;;0.5;0.0
-2;1400;VEV_6500;0;17;;;;;1;17;;;;;0.5;0.0
-2;1500;ASH_COATED_OSMIUM;9990;11;9988;30;;;10006;11;;;;;9998.0;0.0
-2;1500;HYDROGEL_PACK;9963;13;9961;30;;;9979;13;9982;30;;;9971.0;0.0
-2;1500;INTARIAN_PEPPER_ROOT;12994;11;;;;;13009;11;13012;15;;;13001.5;0.0
-2;1500;VELVETFRUIT_EXTRACT;5260;35;;;;;5266;44;;;;;5263.0;0.0
-2;1500;VEV_4000;1251;11;1248;27;;;1272;11;1275;27;;;1261.5;0.0
-2;1500;VEV_4500;752;18;;;;;770;11;772;18;;;761.0;0.0
-2;1500;VEV_5000;264;9;263;13;;;270;7;271;16;;;267.0;0.0
-2;1500;VEV_5100;;;;;;;176;26;;;;;176.0;0.0
-2;1500;VEV_5200;101;8;100;15;;;104;21;;;;;102.5;0.0
-2;1500;VEV_5300;48;24;;;;;50;23;51;20;;;49.0;0.0
-2;1500;VEV_5400;14;27;;;;;15;27;;;;;14.5;0.0
-2;1500;VEV_5500;5;21;;;;;6;24;;;;;5.5;0.0
-2;1500;VEV_6000;0;28;;;;;1;28;;;;;0.5;0.0
-2;1500;VEV_6500;0;16;;;;;1;16;;;;;0.5;0.0
-2;1600;ASH_COATED_OSMIUM;9990;12;9988;28;;;10006;12;10009;28;;;9998.0;0.0
-2;1600;HYDROGEL_PACK;9964;12;9961;29;;;9980;12;9982;29;;;9972.0;0.0
-2;1600;INTARIAN_PEPPER_ROOT;12995;11;12991;15;;;13009;11;;;;;13002.0;0.0
-2;1600;VELVETFRUIT_EXTRACT;5260;47;5260;57;;;5265;21;5266;48;;;5262.5;0.0
-2;1600;VEV_4000;1253;15;1251;28;;;1275;15;1277;28;;;1264.0;0.0
-2;1600;VEV_4500;755;8;753;15;;;771;8;773;15;;;763.0;0.0
-2;1600;VEV_5000;264;9;263;28;;;;;;;;;264.0;0.0
-2;1600;VEV_5100;172;29;171;36;;;176;7;;;;;174.0;0.0
-2;1600;VEV_5200;102;10;101;30;;;105;20;;;;;103.5;0.0
-2;1600;VEV_5300;48;29;;;;;50;26;;;;;49.0;0.0
-2;1600;VEV_5400;14;5;13;23;;;15;16;;;;;14.5;0.0
-2;1600;VEV_5500;5;21;;;;;6;24;;;;;5.5;0.0
-2;1600;VEV_6000;0;24;;;;;1;24;;;;;0.5;0.0
-2;1600;VEV_6500;0;17;;;;;1;17;;;;;0.5;0.0
-2;1700;ASH_COATED_OSMIUM;9991;14;9988;24;;;10007;14;10009;24;;;9999.0;0.0
-2;1700;HYDROGEL_PACK;9965;11;9962;26;;;9981;11;9983;26;;;9973.0;0.0
-2;1700;INTARIAN_PEPPER_ROOT;12991;17;;;;;13009;11;13012;17;;;13000.0;0.0
-2;1700;VELVETFRUIT_EXTRACT;5261;38;;;;;5266;17;5267;16;;;5263.5;0.0
-2;1700;VEV_4000;1253;7;1251;16;;;1275;7;1277;16;;;1264.0;0.0
-2;1700;VEV_4500;754;7;753;6;752;19;770;7;771;12;772;19;762.0;0.0
-2;1700;VEV_5000;263;7;262;13;;;269;10;270;12;;;266.0;0.0
-2;1700;VEV_5100;172;31;;;;;176;9;;;;;174.0;0.0
-2;1700;VEV_5200;102;6;101;27;;;105;25;;;;;103.5;0.0
-2;1700;VEV_5300;;;;;;;49;9;;;;;49.0;0.0
-2;1700;VEV_5400;14;28;;;;;16;28;;;;;15.0;0.0
-2;1700;VEV_5500;5;21;;;;;6;25;;;;;5.5;0.0
-2;1700;VEV_6000;0;24;;;;;1;24;;;;;0.5;0.0
-2;1700;VEV_6500;0;11;;;;;1;11;;;;;0.5;0.0
-2;1800;ASH_COATED_OSMIUM;9990;13;9988;24;;;10006;13;;;;;9998.0;0.0
-2;1800;HYDROGEL_PACK;9966;14;9964;28;;;9982;14;9985;28;;;9974.0;0.0
-2;1800;INTARIAN_PEPPER_ROOT;12995;12;12992;25;;;13009;12;13012;25;;;13002.0;0.0
-2;1800;VELVETFRUIT_EXTRACT;5260;63;;;;;5265;21;5266;52;;;5262.5;0.0
-2;1800;VEV_4000;1252;9;1250;22;;;1274;9;1276;22;;;1263.0;0.0
-2;1800;VEV_4500;753;14;;;;;771;8;772;15;773;14;762.0;0.0
-2;1800;VEV_5000;265;8;;;;;271;23;272;12;;;268.0;0.0
-2;1800;VEV_5100;172;31;;;;;176;10;177;18;;;174.0;0.0
-2;1800;VEV_5200;;;;;;;104;32;;;;;104.0;0.0
-2;1800;VEV_5300;47;5;;;;;;;;;;;47.0;0.0
-2;1800;VEV_5400;13;20;;;;;15;18;;;;;14.0;0.0
-2;1800;VEV_5500;5;24;;;;;6;25;;;;;5.5;0.0
-2;1800;VEV_6000;0;26;;;;;1;26;;;;;0.5;0.0
-2;1800;VEV_6500;0;16;;;;;1;16;;;;;0.5;0.0
-2;1900;ASH_COATED_OSMIUM;9988;29;;;;;10007;15;10009;29;;;9997.5;0.0
-2;1900;HYDROGEL_PACK;9967;12;9965;21;;;9983;12;9986;21;;;9975.0;0.0
-2;1900;INTARIAN_PEPPER_ROOT;12995;12;12992;15;;;13009;12;13012;15;;;13002.0;0.0
-2;1900;VELVETFRUIT_EXTRACT;5261;58;5261;21;;;5267;66;;;;;5264.0;0.0
-2;1900;VEV_4000;1252;9;1250;30;;;1273;9;1276;30;;;1262.5;0.0
-2;1900;VEV_4500;756;12;754;19;;;772;12;774;19;;;764.0;0.0
-2;1900;VEV_5000;265;9;264;19;;;271;10;272;23;;;268.0;0.0
-2;1900;VEV_5100;171;23;;;;;176;30;;;;;173.5;0.0
-2;1900;VEV_5200;102;30;;;;;105;12;;;;;103.5;0.0
-2;1900;VEV_5300;47;9;46;23;;;49;20;50;24;;;48.0;0.0
-2;1900;VEV_5400;14;26;14;24;;;15;6;16;16;;;14.5;0.0
-2;1900;VEV_5500;5;23;;;;;6;26;;;;;5.5;0.0
-2;1900;VEV_6000;0;26;;;;;1;26;;;;;0.5;0.0
-2;1900;VEV_6500;0;15;;;;;1;15;;;;;0.5;0.0
-2;2000;ASH_COATED_OSMIUM;9996;2;9991;12;;;10007;12;;;;;10001.5;0.0
-2;2000;HYDROGEL_PACK;9966;15;9963;23;;;9982;15;9984;23;;;9974.0;0.0
-2;2000;INTARIAN_PEPPER_ROOT;12995;10;;;;;13009;10;13012;19;;;13002.0;0.0
-2;2000;VELVETFRUIT_EXTRACT;5260;33;;;;;5266;56;;;;;5263.0;0.0
-2;2000;VEV_4000;1252;14;1249;29;;;1273;14;1275;29;;;1262.5;0.0
-2;2000;VEV_4500;755;13;;;;;773;10;775;13;;;764.0;0.0
-2;2000;VEV_5000;265;12;264;19;;;;;;;;;265.0;0.0
-2;2000;VEV_5100;172;30;171;13;;;177;23;;;;;174.5;0.0
-2;2000;VEV_5200;102;8;101;34;;;104;9;105;31;;;103.0;0.0
-2;2000;VEV_5300;;;;;;;49;20;;;;;49.0;0.0
-2;2000;VEV_5400;14;29;14;27;;;16;22;;;;;15.0;0.0
-2;2000;VEV_5500;5;12;;;;;6;21;;;;;5.5;0.0
-2;2000;VEV_6000;0;30;;;;;1;30;;;;;0.5;0.0
-2;2000;VEV_6500;0;11;;;;;1;11;;;;;0.5;0.0
-2;2100;ASH_COATED_OSMIUM;9991;13;9988;25;;;10007;13;10009;25;;;9999.0;0.0
-2;2100;HYDROGEL_PACK;9962;15;9959;28;;;9980;28;;;;;9971.0;0.0
-2;2100;INTARIAN_PEPPER_ROOT;12992;16;;;;;13009;11;13012;16;;;13000.5;0.0
-2;2100;VELVETFRUIT_EXTRACT;5261;23;5261;16;;;5267;64;;;;;5264.0;0.0
-2;2100;VEV_4000;1252;10;1249;16;;;1273;10;1276;16;;;1262.5;0.0
-2;2100;VEV_4500;758;7;756;21;;;774;7;775;21;776;21;766.0;0.0
-2;2100;VEV_5000;264;24;;;;;270;11;271;22;;;267.0;0.0
-2;2100;VEV_5100;;;;;;;177;10;;;;;177.0;0.0
-2;2100;VEV_5200;102;35;101;23;;;105;29;;;;;103.5;0.0
-2;2100;VEV_5300;48;21;47;10;;;50;11;50;25;;;49.0;0.0
-2;2100;VEV_5400;14;28;;;;;15;29;16;24;;;14.5;0.0
-2;2100;VEV_5500;5;25;;;;;6;26;;;;;5.5;0.0
-2;2100;VEV_6000;0;30;;;;;1;30;;;;;0.5;0.0
-2;2100;VEV_6500;0;13;;;;;1;13;;;;;0.5;0.0
-2;2200;ASH_COATED_OSMIUM;9990;10;9987;30;;;9995;9;10008;30;;;9992.5;0.0
-2;2200;HYDROGEL_PACK;9961;15;9958;21;;;9977;15;9979;21;;;9969.0;0.0
-2;2200;INTARIAN_PEPPER_ROOT;12995;11;12992;20;;;13012;20;;;;;13003.5;0.0
-2;2200;VELVETFRUIT_EXTRACT;5261;38;;;;;5267;37;5267;16;;;5264.0;0.0
-2;2200;VEV_4000;1251;12;1249;27;;;1272;12;1275;27;;;1261.5;0.0
-2;2200;VEV_4500;760;6;758;17;;;776;6;778;17;;;768.0;0.0
-2;2200;VEV_5000;264;9;263;24;;;270;8;271;24;;;267.0;0.0
-2;2200;VEV_5100;;;;;;;178;6;179;25;;;178.0;0.0
-2;2200;VEV_5200;103;8;102;18;;;106;34;;;;;104.5;0.0
-2;2200;VEV_5300;47;24;;;;;;;;;;;47.0;0.0
-2;2200;VEV_5400;14;27;;;;;15;21;16;19;;;14.5;0.0
-2;2200;VEV_5500;5;23;;;;;6;22;;;;;5.5;0.0
-2;2200;VEV_6000;0;30;;;;;1;30;;;;;0.5;0.0
-2;2200;VEV_6500;0;13;;;;;1;13;;;;;0.5;0.0
-2;2300;ASH_COATED_OSMIUM;;;;;;;10009;26;;;;;10009.0;0.0
-2;2300;HYDROGEL_PACK;9966;15;9963;21;;;9982;15;9984;21;;;9974.0;0.0
-2;2300;INTARIAN_PEPPER_ROOT;12995;10;;;;;13009;10;13013;16;;;13002.0;0.0
-2;2300;VELVETFRUIT_EXTRACT;5262;22;5261;34;;;5268;34;5268;33;;;5265.0;0.0
-2;2300;VEV_4000;1250;11;1248;22;;;1272;11;1274;22;;;1261.0;0.0
-2;2300;VEV_4500;760;12;;;;;776;12;778;21;;;768.0;0.0
-2;2300;VEV_5000;265;11;264;17;;;271;7;272;14;;;268.0;0.0
-2;2300;VEV_5100;172;24;;;;;177;8;178;12;;;174.5;0.0
-2;2300;VEV_5200;104;35;103;27;;;106;9;;;;;105.0;0.0
-2;2300;VEV_5300;47;16;;;;;49;6;50;18;;;48.0;0.0
-2;2300;VEV_5400;14;12;;;;;16;26;;;;;15.0;0.0
-2;2300;VEV_5500;5;22;;;;;6;27;;;;;5.5;0.0
-2;2300;VEV_6000;0;18;;;;;1;18;;;;;0.5;0.0
-2;2300;VEV_6500;0;17;;;;;1;17;;;;;0.5;0.0
-2;2400;ASH_COATED_OSMIUM;9990;15;9987;30;;;10006;15;10008;30;;;9998.0;0.0
-2;2400;HYDROGEL_PACK;9966;11;9963;22;;;9982;11;9984;22;;;9974.0;0.0
-2;2400;INTARIAN_PEPPER_ROOT;12995;12;12992;19;;;13009;12;13013;19;;;13002.0;0.0
-2;2400;VELVETFRUIT_EXTRACT;5261;48;;;;;5267;60;;;;;5264.0;0.0
-2;2400;VEV_4000;1250;11;1247;16;;;1271;11;1273;16;;;1260.5;0.0
-2;2400;VEV_4500;760;13;;;;;778;8;780;13;;;769.0;0.0
-2;2400;VEV_5000;265;6;;;;;271;8;272;12;;;268.0;0.0
-2;2400;VEV_5100;172;21;171;24;;;176;27;;;;;174.0;0.0
-2;2400;VEV_5200;104;11;;;;;106;9;107;21;;;105.0;0.0
-2;2400;VEV_5300;47;19;;;;;49;23;;;;;48.0;0.0
-2;2400;VEV_5400;14;28;14;19;;;;;;;;;14.0;0.0
-2;2400;VEV_5500;5;30;;;;;6;21;;;;;5.5;0.0
-2;2400;VEV_6000;0;26;;;;;1;26;;;;;0.5;0.0
-2;2400;VEV_6500;0;13;;;;;1;13;;;;;0.5;0.0
-2;2500;ASH_COATED_OSMIUM;9987;28;;;;;10006;11;10008;28;;;9996.5;0.0
-2;2500;HYDROGEL_PACK;9967;13;9965;27;;;9983;13;9986;27;;;9975.0;0.0
-2;2500;INTARIAN_PEPPER_ROOT;12995;10;12992;19;;;13010;10;13013;19;;;13002.5;0.0
-2;2500;VELVETFRUIT_EXTRACT;5261;31;5261;25;;;5267;47;;;;;5264.0;0.0
-2;2500;VEV_4000;1249;10;1247;24;;;1270;10;1273;24;;;1259.5;0.0
-2;2500;VEV_4500;763;9;761;16;;;779;9;782;16;;;771.0;0.0
-2;2500;VEV_5000;264;10;263;20;;;270;29;271;28;;;267.0;0.0
-2;2500;VEV_5100;172;11;;;;;176;12;177;19;;;174.0;0.0
-2;2500;VEV_5200;;;;;;;106;32;;;;;106.0;0.0
-2;2500;VEV_5300;48;18;47;30;;;50;25;;;;;49.0;0.0
-2;2500;VEV_5400;14;16;;;;;;;;;;;14.0;0.0
-2;2500;VEV_5500;5;20;;;;;6;20;;;;;5.5;0.0
-2;2500;VEV_6000;0;17;;;;;1;17;;;;;0.5;0.0
-2;2500;VEV_6500;0;15;;;;;1;15;;;;;0.5;0.0
-2;2600;ASH_COATED_OSMIUM;9990;11;;;;;10006;11;10008;26;;;9998.0;0.0
-2;2600;HYDROGEL_PACK;9969;12;9966;20;;;9985;12;9987;20;;;9977.0;0.0
-2;2600;INTARIAN_PEPPER_ROOT;12996;8;12992;17;;;13010;8;13013;17;;;13003.0;0.0
-2;2600;VELVETFRUIT_EXTRACT;5262;24;5261;51;;;5267;63;;;;;5264.5;0.0
-2;2600;VEV_4000;1250;7;1248;17;;;1271;7;1274;17;;;1260.5;0.0
-2;2600;VEV_4500;763;9;761;14;;;779;9;780;9;782;14;771.0;0.0
-2;2600;VEV_5000;264;7;263;15;;;270;12;271;23;;;267.0;0.0
-2;2600;VEV_5100;;;;;;;176;27;177;20;;;176.0;0.0
-2;2600;VEV_5200;103;12;102;16;;;105;12;106;13;;;104.0;0.0
-2;2600;VEV_5300;48;18;;;;;;;;;;;48.0;0.0
-2;2600;VEV_5400;14;23;14;27;;;16;25;;;;;15.0;0.0
-2;2600;VEV_5500;5;22;;;;;6;24;;;;;5.5;0.0
-2;2600;VEV_6000;0;16;;;;;1;16;;;;;0.5;0.0
-2;2600;VEV_6500;0;17;;;;;1;17;;;;;0.5;0.0
-2;2700;ASH_COATED_OSMIUM;9989;15;;;;;10005;15;10008;30;;;9997.0;0.0
-2;2700;HYDROGEL_PACK;9970;14;9968;27;;;9986;14;9989;27;;;9978.0;0.0
-2;2700;INTARIAN_PEPPER_ROOT;12996;9;12992;15;;;13010;9;13013;15;;;13003.0;0.0
-2;2700;VELVETFRUIT_EXTRACT;5262;16;5261;57;;;5267;31;;;;;5264.5;0.0
-2;2700;VEV_4000;1251;9;1248;17;;;1272;9;1274;17;;;1261.5;0.0
-2;2700;VEV_4500;762;6;760;15;;;778;6;780;15;;;770.0;0.0
-2;2700;VEV_5000;264;10;263;15;;;270;12;271;24;;;267.0;0.0
-2;2700;VEV_5100;171;7;170;12;;;176;20;;;;;173.5;0.0
-2;2700;VEV_5200;103;32;;;;;106;31;107;27;;;104.5;0.0
-2;2700;VEV_5300;48;16;;;;;50;24;;;;;49.0;0.0
-2;2700;VEV_5400;14;25;;;;;;;;;;;14.0;0.0
-2;2700;VEV_5500;5;25;;;;;6;26;;;;;5.5;0.0
-2;2700;VEV_6000;0;19;;;;;1;19;;;;;0.5;0.0
-2;2700;VEV_6500;0;18;;;;;1;18;;;;;0.5;0.0
-2;2800;ASH_COATED_OSMIUM;9990;12;;;;;10006;12;10008;21;;;9998.0;0.0
-2;2800;HYDROGEL_PACK;9972;11;9970;22;;;9988;11;9991;22;;;9980.0;0.0
-2;2800;INTARIAN_PEPPER_ROOT;12993;23;;;;;13010;9;13013;23;;;13001.5;0.0
-2;2800;VELVETFRUIT_EXTRACT;5261;36;5260;33;;;5267;33;5267;37;;;5264.0;0.0
-2;2800;VEV_4000;1250;7;1247;21;;;1271;7;1273;21;;;1260.5;0.0
-2;2800;VEV_4500;764;6;762;14;;;782;14;;;;;773.0;0.0
-2;2800;VEV_5000;265;8;264;15;;;;;;;;;265.0;0.0
-2;2800;VEV_5100;170;7;;;;;174;9;175;20;;;172.0;0.0
-2;2800;VEV_5200;104;31;;;;;107;6;108;19;;;105.5;0.0
-2;2800;VEV_5300;48;26;;;;;50;29;;;;;49.0;0.0
-2;2800;VEV_5400;14;20;14;24;;;15;10;;;;;14.5;0.0
-2;2800;VEV_5500;5;24;;;;;6;24;;;;;5.5;0.0
-2;2800;VEV_6000;0;26;;;;;1;26;;;;;0.5;0.0
-2;2800;VEV_6500;0;16;;;;;1;16;;;;;0.5;0.0
-2;2900;ASH_COATED_OSMIUM;9989;14;9987;26;;;10005;14;;;;;9997.0;0.0
-2;2900;HYDROGEL_PACK;9971;20;;;;;9990;15;9992;20;;;9980.5;0.0
-2;2900;INTARIAN_PEPPER_ROOT;12996;9;12993;17;;;13010;9;13013;17;;;13003.0;0.0
-2;2900;VELVETFRUIT_EXTRACT;5262;68;5262;23;;;5268;71;;;;;5265.0;0.0
-2;2900;VEV_4000;1250;7;1248;26;;;1271;7;;;;;1260.5;0.0
-2;2900;VEV_4500;764;8;762;24;;;782;24;;;;;773.0;0.0
-2;2900;VEV_5000;264;13;;;;;271;12;272;21;;;267.5;0.0
-2;2900;VEV_5100;169;35;;;;;174;20;;;;;171.5;0.0
-2;2900;VEV_5200;105;33;104;29;;;107;28;108;29;;;106.0;0.0
-2;2900;VEV_5300;48;20;47;18;;;50;18;;;;;49.0;0.0
-2;2900;VEV_5400;;;;;;;;;;;;;0.0;0.0
-2;2900;VEV_5500;5;22;;;;;6;23;;;;;5.5;0.0
-2;2900;VEV_6000;0;24;;;;;1;24;;;;;0.5;0.0
-2;2900;VEV_6500;0;19;;;;;1;19;;;;;0.5;0.0
-2;3000;ASH_COATED_OSMIUM;9990;13;9987;20;;;10006;13;;;;;9998.0;0.0
-2;3000;HYDROGEL_PACK;9976;10;9974;30;;;9992;10;9995;30;;;9984.0;0.0
-2;3000;INTARIAN_PEPPER_ROOT;12996;10;;;;;;;;;;;12996.0;0.0
-2;3000;VELVETFRUIT_EXTRACT;5265;19;5264;44;;;5269;19;5270;63;;;5267.0;0.0
-2;3000;VEV_4000;1251;14;1249;23;;;1272;14;1275;23;;;1261.5;0.0
-2;3000;VEV_4500;764;17;;;;;782;10;784;17;;;773.0;0.0
-2;3000;VEV_5000;267;10;266;16;;;273;23;274;23;;;270.0;0.0
-2;3000;VEV_5100;168;6;167;15;;;172;11;;;;;170.0;0.0
-2;3000;VEV_5200;105;33;;;;;;;;;;;105.0;0.0
-2;3000;VEV_5300;48;25;;;;;50;8;;;;;49.0;0.0
-2;3000;VEV_5400;;;;;;;15;22;16;27;;;15.0;0.0
-2;3000;VEV_5500;5;21;;;;;6;24;;;;;5.5;0.0
-2;3000;VEV_6000;0;23;;;;;1;23;;;;;0.5;0.0
-2;3000;VEV_6500;0;13;;;;;1;13;;;;;0.5;0.0
-2;3100;ASH_COATED_OSMIUM;9990;11;9987;25;;;10006;11;10008;25;;;9998.0;0.0
-2;3100;HYDROGEL_PACK;9976;14;9974;23;;;9992;14;9995;23;;;9984.0;0.0
-2;3100;INTARIAN_PEPPER_ROOT;12996;12;;;;;13013;22;;;;;13004.5;0.0
-2;3100;VELVETFRUIT_EXTRACT;5262;73;;;;;5268;36;5269;50;;;5265.0;0.0
-2;3100;VEV_4000;1251;11;1248;30;;;1272;11;1275;30;;;1261.5;0.0
-2;3100;VEV_4500;764;7;;;;;780;7;782;23;;;772.0;0.0
-2;3100;VEV_5000;;;;;;;273;10;274;14;;;273.0;0.0
-2;3100;VEV_5100;169;8;168;28;;;173;9;174;21;;;171.0;0.0
-2;3100;VEV_5200;106;9;105;12;;;108;12;109;22;;;107.0;0.0
-2;3100;VEV_5300;48;22;47;30;;;50;19;;;;;49.0;0.0
-2;3100;VEV_5400;15;22;14;22;;;16;12;;;;;15.5;0.0
-2;3100;VEV_5500;5;22;;;;;6;25;;;;;5.5;0.0
-2;3100;VEV_6000;0;27;;;;;1;27;;;;;0.5;0.0
-2;3100;VEV_6500;0;14;;;;;1;14;;;;;0.5;0.0
-2;3200;ASH_COATED_OSMIUM;9987;25;;;;;10005;13;10008;25;;;9996.0;0.0
-2;3200;HYDROGEL_PACK;9976;13;9973;27;;;9992;13;9994;27;;;9984.0;0.0
-2;3200;INTARIAN_PEPPER_ROOT;12996;11;12993;24;;;13010;11;13013;24;;;13003.0;0.0
-2;3200;VELVETFRUIT_EXTRACT;5263;25;5263;17;;;5268;17;5269;53;;;5265.5;0.0
-2;3200;VEV_4000;1251;11;1249;27;;;1272;11;1275;27;;;1261.5;0.0
-2;3200;VEV_4500;766;12;764;12;;;782;12;784;12;;;774.0;0.0
-2;3200;VEV_5000;266;12;265;21;;;272;11;273;15;;;269.0;0.0
-2;3200;VEV_5100;168;6;167;24;;;173;24;;;;;170.5;0.0
-2;3200;VEV_5200;107;20;106;21;;;109;8;110;28;;;108.0;0.0
-2;3200;VEV_5300;47;30;46;27;;;49;28;50;19;;;48.0;0.0
-2;3200;VEV_5400;;;;;;;15;26;16;24;;;15.0;0.0
-2;3200;VEV_5500;5;19;;;;;6;21;;;;;5.5;0.0
-2;3200;VEV_6000;0;27;;;;;1;27;;;;;0.5;0.0
-2;3200;VEV_6500;0;16;;;;;1;16;;;;;0.5;0.0
-2;3300;ASH_COATED_OSMIUM;9990;13;9987;28;;;10006;13;10008;28;;;9998.0;0.0
-2;3300;HYDROGEL_PACK;9976;13;9974;30;;;9992;13;9995;30;;;9984.0;0.0
-2;3300;INTARIAN_PEPPER_ROOT;12996;9;12993;21;;;13010;9;13014;21;;;13003.0;0.0
-2;3300;VELVETFRUIT_EXTRACT;5263;45;;;;;5268;15;5269;35;;;5265.5;0.0
-2;3300;VEV_4000;1250;14;1248;16;;;1272;14;1274;16;;;1261.0;0.0
-2;3300;VEV_4500;764;7;762;19;;;780;7;782;19;;;772.0;0.0
-2;3300;VEV_5000;267;9;;;;;273;27;274;20;;;270.0;0.0
-2;3300;VEV_5100;167;7;;;;;171;27;172;21;;;169.0;0.0
-2;3300;VEV_5200;108;8;107;13;;;110;12;111;21;;;109.0;0.0
-2;3300;VEV_5300;48;24;;;;;50;17;;;;;49.0;0.0
-2;3300;VEV_5400;14;18;;;;;15;21;16;18;;;14.5;0.0
-2;3300;VEV_5500;5;28;;;;;6;29;;;;;5.5;0.0
-2;3300;VEV_6000;0;23;;;;;1;23;;;;;0.5;0.0
-2;3300;VEV_6500;0;17;;;;;1;17;;;;;0.5;0.0
-2;3400;ASH_COATED_OSMIUM;9990;15;9987;28;;;10006;15;;;;;9998.0;0.0
-2;3400;HYDROGEL_PACK;9978;12;9976;25;;;9994;12;9997;25;;;9986.0;0.0
-2;3400;INTARIAN_PEPPER_ROOT;;;;;;;13010;11;13014;16;;;13010.0;0.0
-2;3400;VELVETFRUIT_EXTRACT;5263;37;;;;;5269;56;;;;;5266.0;0.0
-2;3400;VEV_4000;1249;13;1246;24;;;1270;13;1272;24;;;1259.5;0.0
-2;3400;VEV_4500;763;10;761;22;;;779;10;781;22;;;771.0;0.0
-2;3400;VEV_5000;267;10;266;16;;;273;9;274;20;;;270.0;0.0
-2;3400;VEV_5100;169;10;168;31;;;173;11;174;20;;;171.0;0.0
-2;3400;VEV_5200;;;;;;;111;29;;;;;111.0;0.0
-2;3400;VEV_5300;47;19;;;;;49;21;;;;;48.0;0.0
-2;3400;VEV_5400;14;25;;;;;15;25;16;27;;;14.5;0.0
-2;3400;VEV_5500;5;24;;;;;6;24;;;;;5.5;0.0
-2;3400;VEV_6000;0;26;;;;;1;26;;;;;0.5;0.0
-2;3400;VEV_6500;0;15;;;;;1;15;;;;;0.5;0.0
-2;3500;ASH_COATED_OSMIUM;9990;13;9988;20;;;10006;13;10009;20;;;9998.0;0.0
-2;3500;HYDROGEL_PACK;9976;13;9974;23;;;9992;13;9995;23;;;9984.0;0.0
-2;3500;INTARIAN_PEPPER_ROOT;12996;12;12993;20;;;13011;12;13014;20;;;13003.5;0.0
-2;3500;VELVETFRUIT_EXTRACT;5263;63;;;;;5269;25;;;;;5266.0;0.0
-2;3500;VEV_4000;1249;9;1247;27;;;1271;9;1273;27;;;1260.0;0.0
-2;3500;VEV_4500;762;11;760;19;;;778;11;780;19;;;770.0;0.0
-2;3500;VEV_5000;267;7;266;15;;;273;6;274;36;;;270.0;0.0
-2;3500;VEV_5100;170;6;169;21;;;174;29;175;25;;;172.0;0.0
-2;3500;VEV_5200;109;9;108;32;;;112;19;;;;;110.5;0.0
-2;3500;VEV_5300;48;18;;;;;50;27;;;;;49.0;0.0
-2;3500;VEV_5400;13;26;;;;;15;24;;;;;14.0;0.0
-2;3500;VEV_5500;5;23;;;;;6;22;;;;;5.5;0.0
-2;3500;VEV_6000;0;19;;;;;1;19;;;;;0.5;0.0
-2;3500;VEV_6500;0;16;;;;;1;16;;;;;0.5;0.0
-2;3600;ASH_COATED_OSMIUM;9987;29;;;;;10006;15;;;;;9996.5;0.0
-2;3600;HYDROGEL_PACK;9978;14;9976;24;;;9994;14;9997;24;;;9986.0;0.0
-2;3600;INTARIAN_PEPPER_ROOT;12997;9;12993;22;;;13011;9;13014;22;;;13004.0;0.0
-2;3600;VELVETFRUIT_EXTRACT;5264;72;;;;;5269;17;5270;36;5270;36;5266.5;0.0
-2;3600;VEV_4000;1249;7;1247;23;;;1270;7;1273;23;;;1259.5;0.0
-2;3600;VEV_4500;759;21;;;;;777;12;779;21;;;768.0;0.0
-2;3600;VEV_5000;268;25;267;19;;;274;8;275;15;;;271.0;0.0
-2;3600;VEV_5100;170;31;169;19;;;;;;;;;170.0;0.0
-2;3600;VEV_5200;109;6;108;23;;;111;21;112;22;;;110.0;0.0
-2;3600;VEV_5300;47;24;;;;;49;24;;;;;48.0;0.0
-2;3600;VEV_5400;13;24;;;;;15;25;;;;;14.0;0.0
-2;3600;VEV_5500;5;24;;;;;6;26;;;;;5.5;0.0
-2;3600;VEV_6000;0;21;;;;;1;21;;;;;0.5;0.0
-2;3600;VEV_6500;0;16;;;;;1;16;;;;;0.5;0.0
-2;3700;ASH_COATED_OSMIUM;9990;14;9987;21;;;10006;14;10008;21;;;9998.0;0.0
-2;3700;HYDROGEL_PACK;9978;11;9975;21;;;9994;11;9996;21;;;9986.0;0.0
-2;3700;INTARIAN_PEPPER_ROOT;12997;11;12993;25;;;13011;11;13014;25;;;13004.0;0.0
-2;3700;VELVETFRUIT_EXTRACT;5264;41;5264;22;;;5269;19;5270;60;;;5266.5;0.0
-2;3700;VEV_4000;1249;13;1247;20;;;1270;13;1273;20;;;1259.5;0.0
-2;3700;VEV_4500;761;12;759;19;;;777;12;779;19;;;769.0;0.0
-2;3700;VEV_5000;267;11;;;;;274;22;;;;;270.5;0.0
-2;3700;VEV_5100;168;8;;;;;172;24;173;20;;;170.0;0.0
-2;3700;VEV_5200;;;;;;;111;27;;;;;111.0;0.0
-2;3700;VEV_5300;48;22;47;19;;;;;;;;;48.0;0.0
-2;3700;VEV_5400;14;24;14;10;;;;;;;;;14.0;0.0
-2;3700;VEV_5500;5;21;;;;;6;24;;;;;5.5;0.0
-2;3700;VEV_6000;0;21;;;;;1;21;;;;;0.5;0.0
-2;3700;VEV_6500;0;13;;;;;1;13;;;;;0.5;0.0
-2;3800;ASH_COATED_OSMIUM;9990;11;9987;26;;;10006;11;10008;26;;;9998.0;0.0
-2;3800;HYDROGEL_PACK;9978;15;9975;20;;;9994;15;9996;20;;;9986.0;0.0
-2;3800;INTARIAN_PEPPER_ROOT;12994;24;;;;;13011;12;13014;24;;;13002.5;0.0
-2;3800;VELVETFRUIT_EXTRACT;5266;25;5265;23;;;5271;61;;;;;5268.5;0.0
-2;3800;VEV_4000;1248;15;1246;17;;;1270;15;1272;17;;;1259.0;0.0
-2;3800;VEV_4500;760;8;758;19;;;776;8;778;19;;;768.0;0.0
-2;3800;VEV_5000;267;6;266;18;;;273;9;274;24;;;270.0;0.0
-2;3800;VEV_5100;167;26;166;29;;;171;24;;;;;169.0;0.0
-2;3800;VEV_5200;108;7;107;21;;;111;22;;;;;109.5;0.0
-2;3800;VEV_5300;48;20;;;;;50;10;;;;;49.0;0.0
-2;3800;VEV_5400;13;20;;;;;15;24;;;;;14.0;0.0
-2;3800;VEV_5500;5;27;;;;;6;21;;;;;5.5;0.0
-2;3800;VEV_6000;0;23;;;;;1;23;;;;;0.5;0.0
-2;3800;VEV_6500;0;13;;;;;1;13;;;;;0.5;0.0
-2;3900;ASH_COATED_OSMIUM;9990;15;9987;23;;;10006;15;10008;23;;;9998.0;0.0
-2;3900;HYDROGEL_PACK;9978;15;9976;23;;;9994;15;9996;23;;;9986.0;0.0
-2;3900;INTARIAN_PEPPER_ROOT;12997;12;12994;21;;;13011;12;13014;21;;;13004.0;0.0
-2;3900;VELVETFRUIT_EXTRACT;5266;15;;;;;5272;41;;;;;5269.0;0.0
-2;3900;VEV_4000;1248;12;1246;23;;;1270;12;1272;23;;;1259.0;0.0
-2;3900;VEV_4500;759;10;757;22;;;775;10;777;22;;;767.0;0.0
-2;3900;VEV_5000;266;7;265;14;;;272;9;273;23;;;269.0;0.0
-2;3900;VEV_5100;165;33;164;17;;;169;11;170;13;;;167.0;0.0
-2;3900;VEV_5200;107;16;;;;;110;31;111;22;;;108.5;0.0
-2;3900;VEV_5300;48;19;;;;;51;14;;;;;49.5;0.0
-2;3900;VEV_5400;14;21;13;22;;;;;;;;;14.0;0.0
-2;3900;VEV_5500;5;27;;;;;6;20;;;;;5.5;0.0
-2;3900;VEV_6000;0;27;;;;;1;27;;;;;0.5;0.0
-2;3900;VEV_6500;0;16;;;;;1;16;;;;;0.5;0.0
-2;4000;ASH_COATED_OSMIUM;9990;14;9987;28;;;10006;14;10008;28;;;9998.0;0.0
-2;4000;HYDROGEL_PACK;9982;11;9979;27;;;9998;11;10000;27;;;9990.0;0.0
-2;4000;INTARIAN_PEPPER_ROOT;12997;11;12994;19;;;13011;11;13014;19;;;13004.0;0.0
-2;4000;VELVETFRUIT_EXTRACT;5267;68;;;;;5273;33;;;;;5270.0;0.0
-2;4000;VEV_4000;1248;10;1246;29;;;1269;10;1272;29;;;1258.5;0.0
-2;4000;VEV_4500;756;13;;;;;774;10;776;13;;;765.0;0.0
-2;4000;VEV_5000;267;6;266;21;;;273;7;274;21;;;270.0;0.0
-2;4000;VEV_5100;163;24;162;30;;;167;31;168;12;;;165.0;0.0
-2;4000;VEV_5200;108;11;107;17;;;110;32;111;23;;;109.0;0.0
-2;4000;VEV_5300;47;5;;;;;49;24;;;;;48.0;0.0
-2;4000;VEV_5400;13;24;;;;;15;25;;;;;14.0;0.0
-2;4000;VEV_5500;5;16;;;;;6;23;;;;;5.5;0.0
-2;4000;VEV_6000;0;25;;;;;1;25;;;;;0.5;0.0
-2;4000;VEV_6500;0;18;;;;;1;18;;;;;0.5;0.0
-2;4100;ASH_COATED_OSMIUM;9990;15;9987;20;;;10006;15;10008;20;;;9998.0;0.0
-2;4100;HYDROGEL_PACK;9980;14;9977;28;;;9996;14;9998;28;;;9988.0;0.0
-2;4100;INTARIAN_PEPPER_ROOT;12997;12;12994;23;;;13011;12;13014;23;;;13004.0;0.0
-2;4100;VELVETFRUIT_EXTRACT;5267;55;;;;;5273;54;;;;;5270.0;0.0
-2;4100;VEV_4000;1247;15;1244;19;;;1268;15;1270;19;;;1257.5;0.0
-2;4100;VEV_4500;757;8;;;;;773;8;775;20;;;765.0;0.0
-2;4100;VEV_5000;268;11;267;19;;;274;7;275;13;;;271.0;0.0
-2;4100;VEV_5100;161;15;;;;;166;7;167;12;;;163.5;0.0
-2;4100;VEV_5200;;;;;;;;;;;;;0.0;0.0
-2;4100;VEV_5300;48;23;47;19;;;50;21;;;;;49.0;0.0
-2;4100;VEV_5400;14;9;13;22;;;15;23;;;;;14.5;0.0
-2;4100;VEV_5500;5;19;;;;;6;26;;;;;5.5;0.0
-2;4100;VEV_6000;0;27;;;;;1;27;;;;;0.5;0.0
-2;4100;VEV_6500;0;16;;;;;1;16;;;;;0.5;0.0
-2;4200;ASH_COATED_OSMIUM;9987;24;;;;;10006;15;10008;24;;;9996.5;0.0
-2;4200;HYDROGEL_PACK;9981;12;9979;22;;;9997;12;10000;22;;;9989.0;0.0
-2;4200;INTARIAN_PEPPER_ROOT;12997;12;;;;;13011;12;;;;;13004.0;0.0
-2;4200;VELVETFRUIT_EXTRACT;5268;25;5268;24;;;5274;64;;;;;5271.0;0.0
-2;4200;VEV_4000;1248;8;1246;21;;;1269;8;1272;21;;;1258.5;0.0
-2;4200;VEV_4500;758;6;756;17;;;774;6;776;17;;;766.0;0.0
-2;4200;VEV_5000;269;11;;;;;275;24;;;;;272.0;0.0
-2;4200;VEV_5100;162;8;;;;;166;9;167;23;;;164.0;0.0
-2;4200;VEV_5200;108;6;107;18;;;111;19;;;;;109.5;0.0
-2;4200;VEV_5300;48;29;;;;;50;23;;;;;49.0;0.0
-2;4200;VEV_5400;13;29;;;;;;;;;;;13.0;0.0
-2;4200;VEV_5500;5;28;;;;;6;18;;;;;5.5;0.0
-2;4200;VEV_6000;0;19;;;;;1;19;;;;;0.5;0.0
-2;4200;VEV_6500;0;14;;;;;1;14;;;;;0.5;0.0
-2;4300;ASH_COATED_OSMIUM;9990;14;9987;29;;;10006;14;10008;29;;;9998.0;0.0
-2;4300;HYDROGEL_PACK;9980;11;9978;28;;;9996;11;9999;28;;;9988.0;0.0
-2;4300;INTARIAN_PEPPER_ROOT;12997;8;;;;;13011;8;13015;19;;;13004.0;0.0
-2;4300;VELVETFRUIT_EXTRACT;5266;33;;;;;5272;32;;;;;5269.0;0.0
-2;4300;VEV_4000;1248;11;1246;28;;;1270;11;1272;28;;;1259.0;0.0
-2;4300;VEV_4500;759;6;757;24;;;775;6;777;24;;;767.0;0.0
-2;4300;VEV_5000;269;23;;;;;276;7;277;15;;;272.5;0.0
-2;4300;VEV_5100;162;10;161;22;;;166;20;167;19;;;164.0;0.0
-2;4300;VEV_5200;107;22;106;24;;;110;26;;;;;108.5;0.0
-2;4300;VEV_5300;48;10;;;;;50;9;51;17;;;49.0;0.0
-2;4300;VEV_5400;13;23;;;;;15;24;;;;;14.0;0.0
-2;4300;VEV_5500;5;25;;;;;6;28;;;;;5.5;0.0
-2;4300;VEV_6000;0;28;;;;;1;28;;;;;0.5;0.0
-2;4300;VEV_6500;0;21;;;;;1;21;;;;;0.5;0.0
-2;4400;ASH_COATED_OSMIUM;9989;12;9987;22;;;10005;12;10008;22;;;9997.0;0.0
-2;4400;HYDROGEL_PACK;9976;15;9974;28;;;9992;15;9995;28;;;9984.0;0.0
-2;4400;INTARIAN_PEPPER_ROOT;12997;9;;;;;13015;20;;;;;13006.0;0.0
-2;4400;VELVETFRUIT_EXTRACT;5264;25;;;;;5270;24;5271;30;;;5267.0;0.0
-2;4400;VEV_4000;1250;15;1247;16;;;1271;15;1273;16;;;1260.5;0.0
-2;4400;VEV_4500;759;7;757;12;;;775;7;777;12;;;767.0;0.0
-2;4400;VEV_5000;269;12;268;19;;;275;7;276;17;;;272.0;0.0
-2;4400;VEV_5100;161;30;160;29;;;165;9;166;27;;;163.0;0.0
-2;4400;VEV_5200;107;20;106;26;;;109;12;110;12;;;108.0;0.0
-2;4400;VEV_5300;48;20;;;;;50;16;50;22;;;49.0;0.0
-2;4400;VEV_5400;13;22;13;24;;;14;19;15;23;;;13.5;0.0
-2;4400;VEV_5500;5;23;;;;;6;20;;;;;5.5;0.0
-2;4400;VEV_6000;0;24;;;;;1;24;;;;;0.5;0.0
-2;4400;VEV_6500;0;14;;;;;1;14;;;;;0.5;0.0
-2;4500;ASH_COATED_OSMIUM;9990;14;9987;22;;;10008;22;;;;;9999.0;0.0
-2;4500;HYDROGEL_PACK;9975;12;9972;24;;;9991;12;9993;24;;;9983.0;0.0
-2;4500;INTARIAN_PEPPER_ROOT;12997;8;12994;20;;;13015;20;;;;;13006.0;0.0
-2;4500;VELVETFRUIT_EXTRACT;5265;65;;;;;5271;58;;;;;5268.0;0.0
-2;4500;VEV_4000;1249;14;1247;16;;;1270;14;1273;16;;;1259.5;0.0
-2;4500;VEV_4500;756;11;754;16;;;772;11;774;16;;;764.0;0.0
-2;4500;VEV_5000;271;11;270;18;;;277;11;278;12;;;274.0;0.0
-2;4500;VEV_5100;160;25;159;23;;;164;8;165;27;;;162.0;0.0
-2;4500;VEV_5200;;;;;;;111;21;;;;;111.0;0.0
-2;4500;VEV_5300;48;23;;;;;50;19;51;14;;;49.0;0.0
-2;4500;VEV_5400;13;22;12;25;;;13;22;14;25;;;13.0;0.0
-2;4500;VEV_5500;5;20;;;;;6;23;;;;;5.5;0.0
-2;4500;VEV_6000;0;26;;;;;1;26;;;;;0.5;0.0
-2;4500;VEV_6500;0;11;;;;;1;11;;;;;0.5;0.0
-2;4600;ASH_COATED_OSMIUM;9990;10;9987;24;;;10006;10;;;;;9998.0;0.0
-2;4600;HYDROGEL_PACK;9977;12;9974;21;;;9993;12;9995;21;;;9985.0;0.0
-2;4600;INTARIAN_PEPPER_ROOT;12998;11;;;;;13012;11;13015;22;;;13005.0;0.0
-2;4600;VELVETFRUIT_EXTRACT;5266;34;;;;;5271;15;5272;59;;;5268.5;0.0
-2;4600;VEV_4000;1249;8;1246;23;;;1270;8;1272;23;;;1259.5;0.0
-2;4600;VEV_4500;756;8;755;12;754;21;772;8;773;11;774;21;764.0;0.0
-2;4600;VEV_5000;270;12;269;17;;;276;7;277;15;;;273.0;0.0
-2;4600;VEV_5100;159;28;;;;;;;;;;;159.0;0.0
-2;4600;VEV_5200;108;7;107;15;;;111;22;;;;;109.5;0.0
-2;4600;VEV_5300;48;7;47;13;;;50;25;;;;;49.0;0.0
-2;4600;VEV_5400;13;5;12;18;;;13;21;14;22;;;13.0;0.0
-2;4600;VEV_5500;5;20;;;;;6;25;;;;;5.5;0.0
-2;4600;VEV_6000;0;20;;;;;1;20;;;;;0.5;0.0
-2;4600;VEV_6500;0;16;;;;;1;16;;;;;0.5;0.0
-2;4700;ASH_COATED_OSMIUM;9990;10;9987;29;;;10006;10;10008;29;;;9998.0;0.0
-2;4700;HYDROGEL_PACK;9978;12;9975;28;;;9994;12;9996;28;;;9986.0;0.0
-2;4700;INTARIAN_PEPPER_ROOT;12998;12;12994;15;;;13015;15;;;;;13006.5;0.0
-2;4700;VELVETFRUIT_EXTRACT;5266;30;;;;;5272;41;;;;;5269.0;0.0
-2;4700;VEV_4000;1249;10;1246;15;;;1270;10;1272;15;;;1259.5;0.0
-2;4700;VEV_4500;756;8;754;13;;;772;8;774;13;;;764.0;0.0
-2;4700;VEV_5000;269;8;268;13;;;275;11;276;24;;;272.0;0.0
-2;4700;VEV_5100;;;;;;;;;;;;;0.0;0.0
-2;4700;VEV_5200;107;18;;;;;110;10;111;17;;;108.5;0.0
-2;4700;VEV_5300;48;19;;;;;50;17;;;;;49.0;0.0
-2;4700;VEV_5400;13;8;12;21;;;14;23;;;;;13.5;0.0
-2;4700;VEV_5500;5;22;;;;;6;22;;;;;5.5;0.0
-2;4700;VEV_6000;0;23;;;;;1;23;;;;;0.5;0.0
-2;4700;VEV_6500;0;15;;;;;1;15;;;;;0.5;0.0
-2;4800;ASH_COATED_OSMIUM;9990;14;9988;20;;;10006;14;10009;20;;;9998.0;0.0
-2;4800;HYDROGEL_PACK;9977;14;9975;20;;;9993;14;9996;20;;;9985.0;0.0
-2;4800;INTARIAN_PEPPER_ROOT;12998;10;12995;22;;;13015;22;;;;;13006.5;0.0
-2;4800;VELVETFRUIT_EXTRACT;5269;23;5268;56;;;5274;70;;;;;5271.5;0.0
-2;4800;VEV_4000;1248;8;1246;21;;;1269;8;1272;21;;;1258.5;0.0
-2;4800;VEV_4500;754;10;752;12;;;770;10;772;12;;;762.0;0.0
-2;4800;VEV_5000;270;10;269;23;;;277;26;;;;;273.5;0.0
-2;4800;VEV_5100;;;;;;;164;25;165;21;;;164.0;0.0
-2;4800;VEV_5200;108;8;107;31;;;111;27;;;;;109.5;0.0
-2;4800;VEV_5300;48;26;;;;;;;;;;;48.0;0.0
-2;4800;VEV_5400;12;25;;;;;14;28;;;;;13.0;0.0
-2;4800;VEV_5500;5;16;;;;;6;24;;;;;5.5;0.0
-2;4800;VEV_6000;0;29;;;;;1;29;;;;;0.5;0.0
-2;4800;VEV_6500;0;12;;;;;1;12;;;;;0.5;0.0
-2;4900;ASH_COATED_OSMIUM;9990;15;9987;26;;;10006;15;10008;26;;;9998.0;0.0
-2;4900;HYDROGEL_PACK;9975;13;9972;22;;;9991;13;9993;22;;;9983.0;0.0
-2;4900;INTARIAN_PEPPER_ROOT;12998;10;12995;23;;;13012;10;;;;;13005.0;0.0
-2;4900;VELVETFRUIT_EXTRACT;5269;30;;;;;5274;24;5275;44;;;5271.5;0.0
-2;4900;VEV_4000;1248;12;1245;30;;;1269;12;1272;30;;;1258.5;0.0
-2;4900;VEV_4500;755;8;753;16;;;771;8;773;16;;;763.0;0.0
-2;4900;VEV_5000;;;;;;;276;29;;;;;276.0;0.0
-2;4900;VEV_5100;160;23;159;33;;;164;9;165;27;;;162.0;0.0
-2;4900;VEV_5200;;;;;;;109;35;110;28;;;109.0;0.0
-2;4900;VEV_5300;48;25;;;;;50;23;;;;;49.0;0.0
-2;4900;VEV_5400;12;19;;;;;13;22;14;23;;;12.5;0.0
-2;4900;VEV_5500;5;25;;;;;6;22;;;;;5.5;0.0
-2;4900;VEV_6000;0;18;;;;;1;18;;;;;0.5;0.0
-2;4900;VEV_6500;0;18;;;;;1;18;;;;;0.5;0.0
-2;5000;ASH_COATED_OSMIUM;9990;10;9988;28;;;9999;3;10006;10;10009;28;9994.5;0.0
-2;5000;HYDROGEL_PACK;9975;13;9973;21;;;9991;13;9994;21;;;9983.0;0.0
-2;5000;INTARIAN_PEPPER_ROOT;12998;10;12995;19;;;13012;10;;;;;13005.0;0.0
-2;5000;VELVETFRUIT_EXTRACT;5267;47;;;;;5272;24;5273;74;;;5269.5;0.0
-2;5000;VEV_4000;1248;10;1245;17;;;1269;10;1272;17;;;1258.5;0.0
-2;5000;VEV_4500;756;8;754;16;;;772;8;774;16;;;764.0;0.0
-2;5000;VEV_5000;269;10;268;22;;;275;11;276;16;;;272.0;0.0
-2;5000;VEV_5100;159;12;;;;;163;21;164;23;;;161.0;0.0
-2;5000;VEV_5200;106;12;;;;;109;29;;;;;107.5;0.0
-2;5000;VEV_5300;48;5;47;19;;;50;26;;;;;49.0;0.0
-2;5000;VEV_5400;12;25;;;;;14;21;;;;;13.0;0.0
-2;5000;VEV_5500;5;22;;;;;6;25;;;;;5.5;0.0
-2;5000;VEV_6000;0;26;;;;;1;26;;;;;0.5;0.0
-2;5000;VEV_6500;0;15;;;;;1;15;;;;;0.5;0.0
-2;5100;ASH_COATED_OSMIUM;9990;12;;;;;10006;12;;;;;9998.0;0.0
-2;5100;HYDROGEL_PACK;9977;10;9975;24;;;9993;10;9996;24;;;9985.0;0.0
-2;5100;INTARIAN_PEPPER_ROOT;;;;;;;13012;12;;;;;13012.0;0.0
-2;5100;VELVETFRUIT_EXTRACT;5269;19;5268;36;5268;51;5274;56;;;;;5271.5;0.0
-2;5100;VEV_4000;1249;15;1246;17;;;1270;15;1272;17;;;1259.5;0.0
-2;5100;VEV_4500;755;9;753;12;;;771;9;772;11;773;12;763.0;0.0
-2;5100;VEV_5000;268;9;;;;;274;10;275;24;;;271.0;0.0
-2;5100;VEV_5100;157;33;;;;;163;29;;;;;160.0;0.0
-2;5100;VEV_5200;107;10;;;;;;;;;;;107.0;0.0
-2;5100;VEV_5300;48;26;47;17;;;50;27;;;;;49.0;0.0
-2;5100;VEV_5400;12;30;;;;;13;20;;;;;12.5;0.0
-2;5100;VEV_5500;5;18;;;;;6;21;;;;;5.5;0.0
-2;5100;VEV_6000;0;27;;;;;1;27;;;;;0.5;0.0
-2;5100;VEV_6500;0;12;;;;;1;12;;;;;0.5;0.0
-2;5200;ASH_COATED_OSMIUM;9990;15;;;;;10006;15;;;;;9998.0;0.0
-2;5200;HYDROGEL_PACK;9977;13;9975;28;;;9993;13;9996;28;;;9985.0;0.0
-2;5200;INTARIAN_PEPPER_ROOT;12998;8;12995;15;;;13012;8;13015;15;;;13005.0;0.0
-2;5200;VELVETFRUIT_EXTRACT;5268;56;5268;17;;;5274;58;;;;;5271.0;0.0
-2;5200;VEV_4000;1249;13;1246;19;;;1270;13;1273;19;;;1259.5;0.0
-2;5200;VEV_4500;756;11;755;6;754;18;772;11;774;18;;;764.0;0.0
-2;5200;VEV_5000;268;7;267;15;;;274;8;275;12;;;271.0;0.0
-2;5200;VEV_5100;157;23;156;31;;;161;7;162;23;;;159.0;0.0
-2;5200;VEV_5200;108;9;107;29;;;110;9;111;20;;;109.0;0.0
-2;5200;VEV_5300;48;20;;;;;50;26;51;24;;;49.0;0.0
-2;5200;VEV_5400;12;17;;;;;14;19;;;;;13.0;0.0
-2;5200;VEV_5500;5;21;;;;;6;26;;;;;5.5;0.0
-2;5200;VEV_6000;0;19;;;;;1;19;;;;;0.5;0.0
-2;5200;VEV_6500;0;14;;;;;1;14;;;;;0.5;0.0
-2;5300;ASH_COATED_OSMIUM;9988;26;;;;;10009;26;;;;;9998.5;0.0
-2;5300;HYDROGEL_PACK;9978;12;9975;25;;;9994;12;9996;25;;;9986.0;0.0
-2;5300;INTARIAN_PEPPER_ROOT;12998;12;12995;18;;;13012;12;13016;18;;;13005.0;0.0
-2;5300;VELVETFRUIT_EXTRACT;5267;34;5267;41;;;5273;36;5274;34;;;5270.0;0.0
-2;5300;VEV_4000;1249;14;1247;19;;;1271;14;1273;19;;;1260.0;0.0
-2;5300;VEV_4500;756;23;;;;;774;9;776;23;;;765.0;0.0
-2;5300;VEV_5000;269;6;268;20;;;275;10;276;20;;;272.0;0.0
-2;5300;VEV_5100;157;11;156;20;;;;;;;;;157.0;0.0
-2;5300;VEV_5200;;;;;;;109;8;110;31;;;109.0;0.0
-2;5300;VEV_5300;48;23;47;10;;;50;18;;;;;49.0;0.0
-2;5300;VEV_5400;;;;;;;14;22;;;;;14.0;0.0
-2;5300;VEV_5500;5;23;;;;;6;24;;;;;5.5;0.0
-2;5300;VEV_6000;0;24;;;;;;;;;;;0.0;0.0
-2;5300;VEV_6500;0;14;;;;;1;14;;;;;0.5;0.0
-2;5400;ASH_COATED_OSMIUM;9990;10;9987;24;;;10006;10;10008;24;;;9998.0;0.0
-2;5400;HYDROGEL_PACK;9979;11;9976;23;;;9995;11;9997;23;;;9987.0;0.0
-2;5400;INTARIAN_PEPPER_ROOT;12995;16;;;;;13016;16;;;;;13005.5;0.0
-2;5400;VELVETFRUIT_EXTRACT;5266;45;;;;;5272;40;;;;;5269.0;0.0
-2;5400;VEV_4000;1250;8;1247;15;;;1271;8;1274;15;;;1260.5;0.0
-2;5400;VEV_4500;759;10;758;7;757;22;775;10;776;7;777;22;767.0;0.0
-2;5400;VEV_5000;269;8;268;19;;;276;23;;;;;272.5;0.0
-2;5400;VEV_5100;156;27;;;;;;;;;;;156.0;0.0
-2;5400;VEV_5200;;;;;;;110;20;;;;;110.0;0.0
-2;5400;VEV_5300;48;24;47;22;;;50;22;51;22;;;49.0;0.0
-2;5400;VEV_5400;12;19;;;;;13;6;14;22;;;12.5;0.0
-2;5400;VEV_5500;5;25;;;;;6;25;;;;;5.5;0.0
-2;5400;VEV_6000;0;21;;;;;1;21;;;;;0.5;0.0
-2;5400;VEV_6500;0;16;;;;;1;16;;;;;0.5;0.0
-2;5500;ASH_COATED_OSMIUM;9990;11;9988;21;;;10006;11;;;;;9998.0;0.0
-2;5500;HYDROGEL_PACK;9978;13;9976;29;;;9994;13;9997;29;;;9986.0;0.0
-2;5500;INTARIAN_PEPPER_ROOT;12998;10;12995;22;;;13013;10;;;;;13005.5;0.0
-2;5500;VELVETFRUIT_EXTRACT;5268;24;5267;48;;;5272;24;5273;34;;;5270.0;0.0
-2;5500;VEV_4000;1250;10;1248;27;;;1271;10;1274;27;;;1260.5;0.0
-2;5500;VEV_4500;756;21;;;;;774;6;776;21;;;765.0;0.0
-2;5500;VEV_5000;268;8;267;23;;;275;23;;;;;271.5;0.0
-2;5500;VEV_5100;157;27;;;;;162;29;;;;;159.5;0.0
-2;5500;VEV_5200;108;27;107;27;;;111;27;;;;;109.5;0.0
-2;5500;VEV_5300;48;21;;;;;50;19;51;27;;;49.0;0.0
-2;5500;VEV_5400;13;9;12;20;;;14;23;;;;;13.5;0.0
-2;5500;VEV_5500;5;24;;;;;6;19;;;;;5.5;0.0
-2;5500;VEV_6000;0;23;;;;;1;23;;;;;0.5;0.0
-2;5500;VEV_6500;0;20;;;;;1;20;;;;;0.5;0.0
-2;5600;ASH_COATED_OSMIUM;9990;14;;;;;10006;14;;;;;9998.0;0.0
-2;5600;HYDROGEL_PACK;9980;12;9977;28;;;9996;12;9998;28;;;9988.0;0.0
-2;5600;INTARIAN_PEPPER_ROOT;12999;9;12995;22;;;13013;9;;;;;13006.0;0.0
-2;5600;VELVETFRUIT_EXTRACT;5268;56;;;;;5273;19;5274;49;;;5270.5;0.0
-2;5600;VEV_4000;1249;10;1247;16;;;1271;10;1273;16;;;1260.0;0.0
-2;5600;VEV_4500;758;8;756;22;;;774;8;776;22;;;766.0;0.0
-2;5600;VEV_5000;269;12;268;16;;;275;8;276;19;;;272.0;0.0
-2;5600;VEV_5100;158;12;157;17;;;;;;;;;158.0;0.0
-2;5600;VEV_5200;107;28;;;;;110;6;111;30;;;108.5;0.0
-2;5600;VEV_5300;48;22;;;;;;;;;;;48.0;0.0
-2;5600;VEV_5400;;;;;;;15;13;;;;;15.0;0.0
-2;5600;VEV_5500;5;25;;;;;6;27;;;;;5.5;0.0
-2;5600;VEV_6000;0;21;;;;;1;21;;;;;0.5;0.0
-2;5600;VEV_6500;0;14;;;;;1;14;;;;;0.5;0.0
-2;5700;ASH_COATED_OSMIUM;9988;25;;;;;10007;11;10009;25;;;9997.5;0.0
-2;5700;HYDROGEL_PACK;9978;12;9976;25;;;9994;12;9997;25;;;9986.0;0.0
-2;5700;INTARIAN_PEPPER_ROOT;12999;9;12995;18;;;13013;9;13016;18;;;13006.0;0.0
-2;5700;VELVETFRUIT_EXTRACT;5267;41;;;;;5273;16;;;;;5270.0;0.0
-2;5700;VEV_4000;1249;12;1247;18;;;1270;12;1273;18;;;1259.5;0.0
-2;5700;VEV_4500;757;9;755;12;;;773;9;774;6;775;12;765.0;0.0
-2;5700;VEV_5000;270;6;269;28;;;276;7;277;16;;;273.0;0.0
-2;5700;VEV_5100;156;15;;;;;;;;;;;156.0;0.0
-2;5700;VEV_5200;108;25;107;23;;;111;19;;;;;109.5;0.0
-2;5700;VEV_5300;48;24;;;;;50;6;;;;;49.0;0.0
-2;5700;VEV_5400;12;22;;;;;14;15;;;;;13.0;0.0
-2;5700;VEV_5500;5;20;;;;;6;18;;;;;5.5;0.0
-2;5700;VEV_6000;0;23;;;;;1;23;;;;;0.5;0.0
-2;5700;VEV_6500;0;19;;;;;1;19;;;;;0.5;0.0
-2;5800;ASH_COATED_OSMIUM;9991;12;9988;25;;;10007;12;10009;25;;;9999.0;0.0
-2;5800;HYDROGEL_PACK;9978;15;9975;22;;;9994;15;9996;22;;;9986.0;0.0
-2;5800;INTARIAN_PEPPER_ROOT;12999;10;;;;;13013;10;13016;17;;;13006.0;0.0
-2;5800;VELVETFRUIT_EXTRACT;5266;54;;;;;5271;22;5272;37;;;5268.5;0.0
-2;5800;VEV_4000;1248;11;1246;27;;;1270;11;1272;27;;;1259.0;0.0
-2;5800;VEV_4500;757;6;755;15;;;773;6;775;15;;;765.0;0.0
-2;5800;VEV_5000;269;8;268;14;;;;;;;;;269.0;0.0
-2;5800;VEV_5100;156;24;155;16;;;160;31;161;20;;;158.0;0.0
-2;5800;VEV_5200;107;8;;;;;110;23;;;;;108.5;0.0
-2;5800;VEV_5300;48;18;;;;;50;22;;;;;49.0;0.0
-2;5800;VEV_5400;13;24;;;;;15;27;;;;;14.0;0.0
-2;5800;VEV_5500;5;17;;;;;6;22;;;;;5.5;0.0
-2;5800;VEV_6000;0;22;;;;;1;22;;;;;0.5;0.0
-2;5800;VEV_6500;0;13;;;;;1;13;;;;;0.5;0.0
-2;5900;ASH_COATED_OSMIUM;9991;11;9988;29;;;10007;11;10009;29;;;9999.0;0.0
-2;5900;HYDROGEL_PACK;9981;13;9979;29;;;9997;13;10000;29;;;9989.0;0.0
-2;5900;INTARIAN_PEPPER_ROOT;12999;8;12996;16;;;13013;8;13016;16;;;13006.0;0.0
-2;5900;VELVETFRUIT_EXTRACT;5264;23;;;;;5270;71;;;;;5267.0;0.0
-2;5900;VEV_4000;1247;7;1244;19;;;1268;7;1271;19;;;1257.5;0.0
-2;5900;VEV_4500;755;12;;;;;773;18;774;12;;;764.0;0.0
-2;5900;VEV_5000;270;18;;;;;276;7;277;16;;;273.0;0.0
-2;5900;VEV_5100;155;11;154;17;;;159;9;160;13;;;157.0;0.0
-2;5900;VEV_5200;106;34;;;;;110;21;;;;;108.0;0.0
-2;5900;VEV_5300;48;24;;;;;50;22;;;;;49.0;0.0
-2;5900;VEV_5400;13;18;12;18;;;;;;;;;13.0;0.0
-2;5900;VEV_5500;5;28;;;;;6;22;;;;;5.5;0.0
-2;5900;VEV_6000;0;20;;;;;1;20;;;;;0.5;0.0
-2;5900;VEV_6500;0;14;;;;;1;14;;;;;0.5;0.0
-2;6000;ASH_COATED_OSMIUM;9989;20;;;;;10010;20;;;;;9999.5;0.0
-2;6000;HYDROGEL_PACK;9983;14;9981;28;;;9999;14;10002;28;;;9991.0;0.0
-2;6000;INTARIAN_PEPPER_ROOT;12999;10;12996;15;;;13013;10;13016;15;;;13006.0;0.0
-2;6000;VELVETFRUIT_EXTRACT;5266;20;5265;56;;;5270;20;5271;49;;;5268.0;0.0
-2;6000;VEV_4000;1248;10;1245;18;;;1269;10;1272;18;;;1258.5;0.0
-2;6000;VEV_4500;755;8;753;12;;;771;8;773;12;;;763.0;0.0
-2;6000;VEV_5000;271;25;270;23;;;277;10;278;13;;;274.0;0.0
-2;6000;VEV_5100;156;12;155;13;;;;;;;;;156.0;0.0
-2;6000;VEV_5200;107;24;106;20;;;109;6;110;29;;;108.0;0.0
-2;6000;VEV_5300;49;21;;;;;51;25;;;;;50.0;0.0
-2;6000;VEV_5400;13;6;12;19;;;13;7;14;20;;;13.0;0.0
-2;6000;VEV_5500;5;18;;;;;6;20;;;;;5.5;0.0
-2;6000;VEV_6000;0;19;;;;;1;19;;;;;0.5;0.0
-2;6000;VEV_6500;0;19;;;;;1;19;;;;;0.5;0.0
-2;6100;ASH_COATED_OSMIUM;9991;13;9988;30;;;10009;30;;;;;10000.0;0.0
-2;6100;HYDROGEL_PACK;9981;13;9978;26;;;9997;13;9999;26;;;9989.0;0.0
-2;6100;INTARIAN_PEPPER_ROOT;12999;8;12996;21;;;13016;21;;;;;13007.5;0.0
-2;6100;VELVETFRUIT_EXTRACT;5266;58;;;;;5272;59;;;;;5269.0;0.0
-2;6100;VEV_4000;1248;10;1245;22;;;1269;10;1271;22;;;1258.5;0.0
-2;6100;VEV_4500;755;6;753;17;;;771;6;773;17;;;763.0;0.0
-2;6100;VEV_5000;273;8;272;13;;;279;8;280;17;;;276.0;0.0
-2;6100;VEV_5100;155;17;;;;;160;24;161;19;;;157.5;0.0
-2;6100;VEV_5200;105;35;;;;;109;19;;;;;107.0;0.0
-2;6100;VEV_5300;48;19;47;11;;;50;24;;;;;49.0;0.0
-2;6100;VEV_5400;12;17;;;;;14;19;;;;;13.0;0.0
-2;6100;VEV_5500;5;16;;;;;6;22;;;;;5.5;0.0
-2;6100;VEV_6000;0;29;;;;;1;29;;;;;0.5;0.0
-2;6100;VEV_6500;0;15;;;;;1;15;;;;;0.5;0.0
-2;6200;ASH_COATED_OSMIUM;9991;15;9988;20;;;10007;15;10009;20;;;9999.0;0.0
-2;6200;HYDROGEL_PACK;9978;10;9975;22;;;9994;10;9996;22;;;9986.0;0.0
-2;6200;INTARIAN_PEPPER_ROOT;12999;10;12996;16;;;13013;10;;;;;13006.0;0.0
-2;6200;VELVETFRUIT_EXTRACT;5266;25;5265;37;;;5271;39;;;;;5268.5;0.0
-2;6200;VEV_4000;1246;11;1243;30;;;1267;11;1269;30;;;1256.5;0.0
-2;6200;VEV_4500;757;6;755;17;;;773;6;774;8;775;17;765.0;0.0
-2;6200;VEV_5000;272;29;271;13;;;278;12;279;12;;;275.0;0.0
-2;6200;VEV_5100;156;11;155;23;;;161;21;;;;;158.5;0.0
-2;6200;VEV_5200;;;;;;;110;24;;;;;110.0;0.0
-2;6200;VEV_5300;48;6;;;;;50;25;;;;;49.0;0.0
-2;6200;VEV_5400;12;28;;;;;14;21;;;;;13.0;0.0
-2;6200;VEV_5500;5;20;;;;;6;22;;;;;5.5;0.0
-2;6200;VEV_6000;0;23;;;;;1;23;;;;;0.5;0.0
-2;6200;VEV_6500;0;11;;;;;1;11;;;;;0.5;0.0
-2;6300;ASH_COATED_OSMIUM;9988;21;;;;;10007;12;;;;;9997.5;0.0
-2;6300;HYDROGEL_PACK;9978;15;9976;20;;;9994;15;9997;20;;;9986.0;0.0
-2;6300;INTARIAN_PEPPER_ROOT;12999;11;12996;24;;;13017;24;;;;;13008.0;0.0
-2;6300;VELVETFRUIT_EXTRACT;5264;25;;;;;5270;42;;;;;5267.0;0.0
-2;6300;VEV_4000;1243;13;1241;18;;;1264;13;1267;18;;;1253.5;0.0
-2;6300;VEV_4500;757;10;755;13;;;773;10;775;13;;;765.0;0.0
-2;6300;VEV_5000;272;10;271;30;;;279;18;;;;;275.5;0.0
-2;6300;VEV_5100;;;;;;;159;6;160;33;;;159.0;0.0
-2;6300;VEV_5200;106;25;;;;;110;25;;;;;108.0;0.0
-2;6300;VEV_5300;48;26;47;19;;;50;20;;;;;49.0;0.0
-2;6300;VEV_5400;13;22;12;25;;;13;17;14;29;;;13.0;0.0
-2;6300;VEV_5500;5;25;;;;;6;24;;;;;5.5;0.0
-2;6300;VEV_6000;0;24;;;;;1;24;;;;;0.5;0.0
-2;6300;VEV_6500;0;13;;;;;1;13;;;;;0.5;0.0
-2;6400;ASH_COATED_OSMIUM;9992;12;9989;26;;;10008;12;;;;;10000.0;0.0
-2;6400;HYDROGEL_PACK;9980;13;9978;27;;;9996;13;9999;27;;;9988.0;0.0
-2;6400;INTARIAN_PEPPER_ROOT;;;;;;;13013;8;13017;21;;;13013.0;0.0
-2;6400;VELVETFRUIT_EXTRACT;5265;40;;;;;5271;67;;;;;5268.0;0.0
-2;6400;VEV_4000;1243;9;1241;20;;;1264;9;1267;20;;;1253.5;0.0
-2;6400;VEV_4500;757;12;755;22;;;773;12;775;22;;;765.0;0.0
-2;6400;VEV_5000;273;6;272;14;;;280;17;;;;;276.5;0.0
-2;6400;VEV_5100;155;29;154;21;;;160;20;;;;;157.5;0.0
-2;6400;VEV_5200;108;27;;;;;111;22;112;24;;;109.5;0.0
-2;6400;VEV_5300;48;21;47;12;;;50;24;;;;;49.0;0.0
-2;6400;VEV_5400;13;23;;;;;14;26;;;;;13.5;0.0
-2;6400;VEV_5500;5;24;;;;;6;19;;;;;5.5;0.0
-2;6400;VEV_6000;0;26;;;;;1;26;;;;;0.5;0.0
-2;6400;VEV_6500;0;15;;;;;1;15;;;;;0.5;0.0
-2;6500;ASH_COATED_OSMIUM;9991;14;9989;21;;;10007;14;;;;;9999.0;0.0
-2;6500;HYDROGEL_PACK;9981;12;9978;22;;;9997;12;9999;22;;;9989.0;0.0
-2;6500;INTARIAN_PEPPER_ROOT;12999;11;12996;18;;;13014;11;13017;18;;;13006.5;0.0
-2;6500;VELVETFRUIT_EXTRACT;5265;62;;;;;5271;47;5272;40;;;5268.0;0.0
-2;6500;VEV_4000;1243;14;1241;30;;;1264;14;1267;30;;;1253.5;0.0
-2;6500;VEV_4500;758;7;756;12;;;774;7;777;12;;;766.0;0.0
-2;6500;VEV_5000;272;21;;;;;280;14;;;;;276.0;0.0
-2;6500;VEV_5100;155;21;154;24;;;160;23;;;;;157.5;0.0
-2;6500;VEV_5200;108;18;;;;;111;10;112;12;;;109.5;0.0
-2;6500;VEV_5300;48;20;;;;;50;26;;;;;49.0;0.0
-2;6500;VEV_5400;;;;;;;13;25;;;;;13.0;0.0
-2;6500;VEV_5500;5;25;;;;;6;22;;;;;5.5;0.0
-2;6500;VEV_6000;0;22;;;;;1;22;;;;;0.5;0.0
-2;6500;VEV_6500;0;15;;;;;1;15;;;;;0.5;0.0
-2;6600;ASH_COATED_OSMIUM;9992;10;9989;28;;;;;;;;;9992.0;0.0
-2;6600;HYDROGEL_PACK;9978;14;9975;29;;;9994;14;9996;29;;;9986.0;0.0
-2;6600;INTARIAN_PEPPER_ROOT;;;;;;;13017;18;;;;;13017.0;0.0
-2;6600;VELVETFRUIT_EXTRACT;5266;70;;;;;5272;48;;;;;5269.0;0.0
-2;6600;VEV_4000;1244;14;1242;27;;;1266;14;1268;27;;;1255.0;0.0
-2;6600;VEV_4500;759;7;757;16;;;775;7;777;16;;;767.0;0.0
-2;6600;VEV_5000;273;16;;;;;280;12;281;32;;;276.5;0.0
-2;6600;VEV_5100;156;25;155;22;;;160;10;161;21;;;158.0;0.0
-2;6600;VEV_5200;108;31;107;30;;;111;13;;;;;109.5;0.0
-2;6600;VEV_5300;48;27;;;;;;;;;;;48.0;0.0
-2;6600;VEV_5400;12;23;;;;;14;21;;;;;13.0;0.0
-2;6600;VEV_5500;5;19;;;;;6;28;;;;;5.5;0.0
-2;6600;VEV_6000;0;24;;;;;1;24;;;;;0.5;0.0
-2;6600;VEV_6500;0;14;;;;;1;14;;;;;0.5;0.0
-2;6700;ASH_COATED_OSMIUM;9991;12;9988;27;;;10007;12;10009;27;;;9999.0;0.0
-2;6700;HYDROGEL_PACK;9978;14;9975;30;;;9994;14;9996;30;;;9986.0;0.0
-2;6700;INTARIAN_PEPPER_ROOT;12996;23;;;;;13014;10;13017;23;;;13005.0;0.0
-2;6700;VELVETFRUIT_EXTRACT;5265;51;;;;;5271;57;5272;48;;;5268.0;0.0
-2;6700;VEV_4000;1244;8;1242;19;;;1265;8;1268;19;;;1254.5;0.0
-2;6700;VEV_4500;759;10;757;15;;;775;10;777;15;;;767.0;0.0
-2;6700;VEV_5000;274;11;273;12;;;280;10;281;19;;;277.0;0.0
-2;6700;VEV_5100;156;18;;;;;;;;;;;156.0;0.0
-2;6700;VEV_5200;108;18;;;;;111;9;112;27;;;109.5;0.0
-2;6700;VEV_5300;;;;;;;50;25;;;;;50.0;0.0
-2;6700;VEV_5400;13;27;;;;;14;19;15;25;;;13.5;0.0
-2;6700;VEV_5500;5;27;;;;;6;22;;;;;5.5;0.0
-2;6700;VEV_6000;0;26;;;;;1;26;;;;;0.5;0.0
-2;6700;VEV_6500;0;19;;;;;1;19;;;;;0.5;0.0
-2;6800;ASH_COATED_OSMIUM;9998;1;9992;13;;;10008;13;;;;;10003.0;0.0
-2;6800;HYDROGEL_PACK;9978;11;9976;22;;;9994;11;9997;22;;;9986.0;0.0
-2;6800;INTARIAN_PEPPER_ROOT;13000;12;;;;;13017;17;;;;;13008.5;0.0
-2;6800;VELVETFRUIT_EXTRACT;5265;30;;;;;5270;24;5271;60;;;5267.5;0.0
-2;6800;VEV_4000;1246;9;1243;15;;;1267;9;1269;15;;;1256.5;0.0
-2;6800;VEV_4500;758;12;756;21;;;774;12;776;21;;;766.0;0.0
-2;6800;VEV_5000;275;28;274;16;;;281;12;282;21;;;278.0;0.0
-2;6800;VEV_5100;159;10;;;;;163;11;164;18;;;161.0;0.0
-2;6800;VEV_5200;109;12;108;13;;;111;33;112;23;;;110.0;0.0
-2;6800;VEV_5300;48;26;47;18;;;50;29;;;;;49.0;0.0
-2;6800;VEV_5400;13;21;;;;;14;17;;;;;13.5;0.0
-2;6800;VEV_5500;5;21;;;;;6;22;;;;;5.5;0.0
-2;6800;VEV_6000;0;21;;;;;1;21;;;;;0.5;0.0
-2;6800;VEV_6500;0;24;;;;;1;24;;;;;0.5;0.0
-2;6900;ASH_COATED_OSMIUM;9991;13;9989;24;;;10007;13;10010;24;;;9999.0;0.0
-2;6900;HYDROGEL_PACK;9982;13;9980;25;;;9998;13;10001;25;;;9990.0;0.0
-2;6900;INTARIAN_PEPPER_ROOT;13000;9;12997;19;;;13014;9;13017;19;;;13007.0;0.0
-2;6900;VELVETFRUIT_EXTRACT;5266;17;5265;44;;;5271;62;;;;;5268.5;0.0
-2;6900;VEV_4000;1245;13;1242;25;;;1266;13;1268;25;;;1255.5;0.0
-2;6900;VEV_4500;757;6;756;10;755;16;773;6;775;16;;;765.0;0.0
-2;6900;VEV_5000;276;10;275;18;;;282;10;283;23;;;279.0;0.0
-2;6900;VEV_5100;158;22;;;;;162;8;163;30;;;160.0;0.0
-2;6900;VEV_5200;109;8;108;28;;;112;34;;;;;110.5;0.0
-2;6900;VEV_5300;47;24;;;;;49;24;;;;;48.0;0.0
-2;6900;VEV_5400;13;17;13;28;;;15;21;;;;;14.0;0.0
-2;6900;VEV_5500;5;22;;;;;6;22;;;;;5.5;0.0
-2;6900;VEV_6000;0;17;;;;;1;17;;;;;0.5;0.0
-2;6900;VEV_6500;0;17;;;;;1;17;;;;;0.5;0.0
-2;7000;ASH_COATED_OSMIUM;9989;24;;;;;10010;24;;;;;9999.5;0.0
-2;7000;HYDROGEL_PACK;9983;12;9980;24;;;9999;12;10001;24;;;9991.0;0.0
-2;7000;INTARIAN_PEPPER_ROOT;13000;12;12997;22;;;13014;12;13017;22;;;13007.0;0.0
-2;7000;VELVETFRUIT_EXTRACT;5264;33;5264;56;;;5270;49;;;;;5267.0;0.0
-2;7000;VEV_4000;1245;7;1242;22;;;1266;7;1268;22;;;1255.5;0.0
-2;7000;VEV_4500;755;11;753;24;;;771;11;774;24;;;763.0;0.0
-2;7000;VEV_5000;275;29;274;21;;;281;12;282;23;;;278.0;0.0
-2;7000;VEV_5100;157;11;156;18;;;161;9;162;12;;;159.0;0.0
-2;7000;VEV_5200;107;23;;;;;110;10;111;33;;;108.5;0.0
-2;7000;VEV_5300;48;22;47;22;;;50;27;;;;;49.0;0.0
-2;7000;VEV_5400;13;20;13;22;;;;;;;;;13.0;0.0
-2;7000;VEV_5500;5;24;;;;;6;23;;;;;5.5;0.0
-2;7000;VEV_6000;0;25;;;;;1;25;;;;;0.5;0.0
-2;7000;VEV_6500;0;16;;;;;1;16;;;;;0.5;0.0
-2;7100;ASH_COATED_OSMIUM;9990;15;9988;26;;;10006;15;;;;;9998.0;0.0
-2;7100;HYDROGEL_PACK;9982;13;9980;28;;;9998;13;10000;28;;;9990.0;0.0
-2;7100;INTARIAN_PEPPER_ROOT;12997;23;;;;;13014;8;;;;;13005.5;0.0
-2;7100;VELVETFRUIT_EXTRACT;5266;21;5265;19;;;5271;33;;;;;5268.5;0.0
-2;7100;VEV_4000;1244;13;1242;28;;;1265;13;1268;28;;;1254.5;0.0
-2;7100;VEV_4500;755;12;753;15;;;771;12;773;15;;;763.0;0.0
-2;7100;VEV_5000;277;7;276;17;;;283;11;284;21;;;280.0;0.0
-2;7100;VEV_5100;157;12;;;;;162;6;163;30;;;159.5;0.0
-2;7100;VEV_5200;107;26;;;;;;;;;;;107.0;0.0
-2;7100;VEV_5300;47;25;;;;;49;17;;;;;48.0;0.0
-2;7100;VEV_5400;13;18;;;;;15;25;;;;;14.0;0.0
-2;7100;VEV_5500;5;25;;;;;6;19;;;;;5.5;0.0
-2;7100;VEV_6000;0;18;;;;;1;18;;;;;0.5;0.0
-2;7100;VEV_6500;0;14;;;;;1;14;;;;;0.5;0.0
-2;7200;ASH_COATED_OSMIUM;9991;14;9988;29;;;10007;14;10009;29;;;9999.0;0.0
-2;7200;HYDROGEL_PACK;9986;10;9983;23;;;10002;10;10004;23;;;9994.0;0.0
-2;7200;INTARIAN_PEPPER_ROOT;13000;9;12997;20;;;;;;;;;13000.0;0.0
-2;7200;VELVETFRUIT_EXTRACT;5266;19;5265;51;;;5270;19;5271;63;5272;37;5268.0;0.0
-2;7200;VEV_4000;1244;13;1241;23;;;1265;13;1268;23;;;1254.5;0.0
-2;7200;VEV_4500;755;11;753;21;;;773;21;;;;;764.0;0.0
-2;7200;VEV_5000;277;8;276;23;;;283;24;284;19;;;280.0;0.0
-2;7200;VEV_5100;158;22;157;31;;;163;29;;;;;160.5;0.0
-2;7200;VEV_5200;109;10;108;25;;;112;34;;;;;110.5;0.0
-2;7200;VEV_5300;47;27;;;;;49;23;;;;;48.0;0.0
-2;7200;VEV_5400;14;9;13;10;;;15;15;;;;;14.5;0.0
-2;7200;VEV_5500;5;12;;;;;6;21;;;;;5.5;0.0
-2;7200;VEV_6000;0;16;;;;;1;16;;;;;0.5;0.0
-2;7200;VEV_6500;0;14;;;;;1;14;;;;;0.5;0.0
-2;7300;ASH_COATED_OSMIUM;9988;23;;;;;10007;13;10009;23;;;9997.5;0.0
-2;7300;HYDROGEL_PACK;9988;13;9986;22;;;10004;13;10007;22;;;9996.0;0.0
-2;7300;INTARIAN_PEPPER_ROOT;13000;8;12997;24;;;13014;8;;;;;13007.0;0.0
-2;7300;VELVETFRUIT_EXTRACT;5266;43;5266;20;;;5271;20;5272;15;;;5268.5;0.0
-2;7300;VEV_4000;1243;15;1240;19;;;1264;15;1266;19;;;1253.5;0.0
-2;7300;VEV_4500;753;20;;;;;771;10;773;20;;;762.0;0.0
-2;7300;VEV_5000;278;9;277;21;;;;;;;;;278.0;0.0
-2;7300;VEV_5100;160;22;159;30;;;164;23;165;22;;;162.0;0.0
-2;7300;VEV_5200;108;12;107;22;;;111;15;;;;;109.5;0.0
-2;7300;VEV_5300;;;;;;;49;28;50;19;;;49.0;0.0
-2;7300;VEV_5400;14;24;;;;;;;;;;;14.0;0.0
-2;7300;VEV_5500;5;22;;;;;6;20;;;;;5.5;0.0
-2;7300;VEV_6000;0;27;;;;;1;27;;;;;0.5;0.0
-2;7300;VEV_6500;0;18;;;;;1;18;;;;;0.5;0.0
-2;7400;ASH_COATED_OSMIUM;9991;10;9988;24;;;10009;24;;;;;10000.0;0.0
-2;7400;HYDROGEL_PACK;9989;13;9986;24;;;10005;13;10007;24;;;9997.0;0.0
-2;7400;INTARIAN_PEPPER_ROOT;12997;17;;;;;13014;11;13018;17;;;13005.5;0.0
-2;7400;VELVETFRUIT_EXTRACT;5267;43;5267;58;;;5273;45;;;;;5270.0;0.0
-2;7400;VEV_4000;1241;15;1239;25;;;1262;15;1265;25;;;1251.5;0.0
-2;7400;VEV_4500;755;10;753;15;;;771;10;772;10;773;15;763.0;0.0
-2;7400;VEV_5000;278;20;277;21;;;285;15;;;;;281.5;0.0
-2;7400;VEV_5100;161;31;;;;;;;;;;;161.0;0.0
-2;7400;VEV_5200;108;7;107;15;;;110;22;;;;;109.0;0.0
-2;7400;VEV_5300;48;28;47;30;;;50;22;;;;;49.0;0.0
-2;7400;VEV_5400;14;20;14;17;;;16;20;;;;;15.0;0.0
-2;7400;VEV_5500;5;21;;;;;6;19;;;;;5.5;0.0
-2;7400;VEV_6000;0;19;;;;;1;19;;;;;0.5;0.0
-2;7400;VEV_6500;0;18;;;;;1;18;;;;;0.5;0.0
-2;7500;ASH_COATED_OSMIUM;9988;22;;;;;10007;14;10009;22;;;9997.5;0.0
-2;7500;HYDROGEL_PACK;9993;14;9990;25;;;10009;14;10011;25;;;10001.0;0.0
-2;7500;INTARIAN_PEPPER_ROOT;13000;11;12997;25;;;13015;11;13018;25;;;13007.5;0.0
-2;7500;VELVETFRUIT_EXTRACT;5269;15;5268;57;;;5273;15;5274;59;;;5271.0;0.0
-2;7500;VEV_4000;1241;10;1238;15;;;1262;10;1264;15;;;1251.5;0.0
-2;7500;VEV_4500;752;21;;;;;770;6;771;8;772;21;761.0;0.0
-2;7500;VEV_5000;279;9;;;;;285;23;286;17;;;282.0;0.0
-2;7500;VEV_5100;161;7;160;18;;;165;21;;;;;163.0;0.0
-2;7500;VEV_5200;108;12;;;;;110;27;111;29;;;109.0;0.0
-2;7500;VEV_5300;48;28;;;;;50;24;51;20;;;49.0;0.0
-2;7500;VEV_5400;14;19;14;21;;;;;;;;;14.0;0.0
-2;7500;VEV_5500;5;24;;;;;6;18;;;;;5.5;0.0
-2;7500;VEV_6000;0;27;;;;;1;27;;;;;0.5;0.0
-2;7500;VEV_6500;0;15;;;;;1;15;;;;;0.5;0.0
-2;7600;ASH_COATED_OSMIUM;9991;15;;;;;10009;23;;;;;10000.0;0.0
-2;7600;HYDROGEL_PACK;9993;14;9991;24;;;10009;14;10012;24;;;10001.0;0.0
-2;7600;INTARIAN_PEPPER_ROOT;13001;10;;;;;13015;10;13018;18;;;13008.0;0.0
-2;7600;VELVETFRUIT_EXTRACT;5267;22;5266;48;;;5272;18;;;;;5269.5;0.0
-2;7600;VEV_4000;1239;12;1236;23;;;1260;12;1262;23;;;1249.5;0.0
-2;7600;VEV_4500;751;7;749;19;;;767;7;769;19;;;759.0;0.0
-2;7600;VEV_5000;279;25;278;23;;;;;;;;;279.0;0.0
-2;7600;VEV_5100;161;12;160;27;;;165;12;166;22;;;163.0;0.0
-2;7600;VEV_5200;108;12;107;26;;;110;27;111;32;;;109.0;0.0
-2;7600;VEV_5300;48;19;;;;;50;23;;;;;49.0;0.0
-2;7600;VEV_5400;14;28;;;;;16;20;;;;;15.0;0.0
-2;7600;VEV_5500;5;18;;;;;6;20;;;;;5.5;0.0
-2;7600;VEV_6000;0;28;;;;;1;28;;;;;0.5;0.0
-2;7600;VEV_6500;0;15;;;;;1;15;;;;;0.5;0.0
-2;7700;ASH_COATED_OSMIUM;9991;13;9988;24;;;10007;13;;;;;9999.0;0.0
-2;7700;HYDROGEL_PACK;9992;12;9989;30;;;10008;12;10010;30;;;10000.0;0.0
-2;7700;INTARIAN_PEPPER_ROOT;;;;;;;13015;9;13018;15;;;13015.0;0.0
-2;7700;VELVETFRUIT_EXTRACT;5266;53;;;;;5271;23;5272;68;;;5268.5;0.0
-2;7700;VEV_4000;1237;7;1235;19;;;1258;7;1261;19;;;1247.5;0.0
-2;7700;VEV_4500;751;9;749;13;;;767;9;769;13;;;759.0;0.0
-2;7700;VEV_5000;277;11;276;25;;;283;12;284;23;;;280.0;0.0
-2;7700;VEV_5100;161;6;160;17;;;165;31;;;;;163.0;0.0
-2;7700;VEV_5200;;;;;;;110;32;;;;;110.0;0.0
-2;7700;VEV_5300;48;23;47;18;;;;;;;;;48.0;0.0
-2;7700;VEV_5400;14;20;;;;;16;22;;;;;15.0;0.0
-2;7700;VEV_5500;5;21;;;;;6;24;;;;;5.5;0.0
-2;7700;VEV_6000;0;25;;;;;1;25;;;;;0.5;0.0
-2;7700;VEV_6500;0;12;;;;;1;12;;;;;0.5;0.0
-2;7800;ASH_COATED_OSMIUM;9988;30;;;;;10007;11;10009;30;;;9997.5;0.0
-2;7800;HYDROGEL_PACK;9993;11;9990;23;;;10009;11;10011;23;;;10001.0;0.0
-2;7800;INTARIAN_PEPPER_ROOT;13001;12;12998;22;;;13015;12;13018;22;;;13008.0;0.0
-2;7800;VELVETFRUIT_EXTRACT;5266;20;5265;61;;;5271;65;;;;;5268.5;0.0
-2;7800;VEV_4000;1237;12;1234;22;;;1258;12;1260;22;;;1247.5;0.0
-2;7800;VEV_4500;751;11;749;13;;;767;11;769;13;;;759.0;0.0
-2;7800;VEV_5000;277;6;276;16;;;283;8;284;21;;;280.0;0.0
-2;7800;VEV_5100;161;11;160;20;;;165;9;166;15;;;163.0;0.0
-2;7800;VEV_5200;106;14;;;;;110;27;;;;;108.0;0.0
-2;7800;VEV_5300;48;22;47;20;;;50;24;;;;;49.0;0.0
-2;7800;VEV_5400;14;19;;;;;16;20;;;;;15.0;0.0
-2;7800;VEV_5500;5;18;;;;;6;23;;;;;5.5;0.0
-2;7800;VEV_6000;0;21;;;;;1;21;;;;;0.5;0.0
-2;7800;VEV_6500;0;18;;;;;1;18;;;;;0.5;0.0
-2;7900;ASH_COATED_OSMIUM;9991;15;9988;25;;;10007;15;10009;25;;;9999.0;0.0
-2;7900;HYDROGEL_PACK;9991;14;9988;24;;;10007;14;10009;24;;;9999.0;0.0
-2;7900;INTARIAN_PEPPER_ROOT;13001;11;12998;25;;;;;;;;;13001.0;0.0
-2;7900;VELVETFRUIT_EXTRACT;5265;63;;;;;5271;43;;;;;5268.0;0.0
-2;7900;VEV_4000;1236;15;1234;16;;;1257;15;1260;16;;;1246.5;0.0
-2;7900;VEV_4500;750;9;749;6;748;22;766;9;768;22;;;758.0;0.0
-2;7900;VEV_5000;276;17;;;;;283;29;284;21;;;279.5;0.0
-2;7900;VEV_5100;162;28;161;21;;;167;21;;;;;164.5;0.0
-2;7900;VEV_5200;106;16;;;;;109;7;110;18;;;107.5;0.0
-2;7900;VEV_5300;48;6;47;25;;;50;22;;;;;49.0;0.0
-2;7900;VEV_5400;14;22;;;;;15;20;16;28;;;14.5;0.0
-2;7900;VEV_5500;5;20;;;;;6;30;;;;;5.5;0.0
-2;7900;VEV_6000;0;29;;;;;1;29;;;;;0.5;0.0
-2;7900;VEV_6500;0;10;;;;;1;10;;;;;0.5;0.0
-2;8000;ASH_COATED_OSMIUM;9990;11;9988;28;;;10006;11;10009;28;;;9998.0;0.0
-2;8000;HYDROGEL_PACK;9992;15;9989;27;;;10008;15;10010;27;;;10000.0;0.0
-2;8000;INTARIAN_PEPPER_ROOT;13005;8;13001;11;12998;17;13018;17;;;;;13011.5;0.0
-2;8000;VELVETFRUIT_EXTRACT;5266;68;;;;;5272;47;;;;;5269.0;0.0
-2;8000;VEV_4000;1236;9;1234;22;;;1257;9;1260;22;;;1246.5;0.0
-2;8000;VEV_4500;751;10;749;12;;;767;10;769;12;;;759.0;0.0
-2;8000;VEV_5000;278;10;277;17;;;284;9;285;16;;;281.0;0.0
-2;8000;VEV_5100;162;12;161;25;;;166;11;;;;;164.0;0.0
-2;8000;VEV_5200;107;29;;;;;110;35;111;30;;;108.5;0.0
-2;8000;VEV_5300;48;19;;;;;50;17;;;;;49.0;0.0
-2;8000;VEV_5400;14;24;14;19;;;16;24;;;;;15.0;0.0
-2;8000;VEV_5500;5;25;;;;;6;25;;;;;5.5;0.0
-2;8000;VEV_6000;0;19;;;;;1;19;;;;;0.5;0.0
-2;8000;VEV_6500;0;17;;;;;1;17;;;;;0.5;0.0
-2;8100;ASH_COATED_OSMIUM;9990;10;9988;22;;;;;;;;;9990.0;0.0
-2;8100;HYDROGEL_PACK;9989;11;9987;29;;;10005;11;10008;29;;;9997.0;0.0
-2;8100;INTARIAN_PEPPER_ROOT;12998;22;;;;;13015;9;13018;22;;;13006.5;0.0
-2;8100;VELVETFRUIT_EXTRACT;5266;68;;;;;5272;32;;;;;5269.0;0.0
-2;8100;VEV_4000;1236;7;1233;26;;;1257;7;1259;26;;;1246.5;0.0
-2;8100;VEV_4500;751;9;;;;;767;9;768;11;769;15;759.0;0.0
-2;8100;VEV_5000;279;8;278;21;;;286;24;;;;;282.5;0.0
-2;8100;VEV_5100;162;7;161;14;;;166;11;;;;;164.0;0.0
-2;8100;VEV_5200;;;;;;;109;6;;;;;109.0;0.0
-2;8100;VEV_5300;47;26;;;;;49;19;50;10;;;48.0;0.0
-2;8100;VEV_5400;14;19;;;;;15;7;;;;;14.5;0.0
-2;8100;VEV_5500;5;17;;;;;6;23;;;;;5.5;0.0
-2;8100;VEV_6000;0;16;;;;;1;16;;;;;0.5;0.0
-2;8100;VEV_6500;0;12;;;;;1;12;;;;;0.5;0.0
-2;8200;ASH_COATED_OSMIUM;9991;15;9989;28;;;;;;;;;9991.0;0.0
-2;8200;HYDROGEL_PACK;9992;13;9989;21;;;10008;13;10010;21;;;10000.0;0.0
-2;8200;INTARIAN_PEPPER_ROOT;13001;12;12998;18;;;13010;5;13018;18;;;13005.5;0.0
-2;8200;VELVETFRUIT_EXTRACT;5267;31;5267;65;;;5272;19;5273;46;;;5269.5;0.0
-2;8200;VEV_4000;1236;10;1234;27;;;1257;10;1259;27;;;1246.5;0.0
-2;8200;VEV_4500;752;12;750;12;;;768;12;770;12;;;760.0;0.0
-2;8200;VEV_5000;279;7;278;28;;;285;10;286;16;;;282.0;0.0
-2;8200;VEV_5100;;;;;;;167;23;;;;;167.0;0.0
-2;8200;VEV_5200;107;9;;;;;110;22;;;;;108.5;0.0
-2;8200;VEV_5300;47;6;;;;;49;16;;;;;48.0;0.0
-2;8200;VEV_5400;;;;;;;16;19;;;;;16.0;0.0
-2;8200;VEV_5500;5;23;;;;;6;23;;;;;5.5;0.0
-2;8200;VEV_6000;0;26;;;;;1;26;;;;;0.5;0.0
-2;8200;VEV_6500;0;15;;;;;1;15;;;;;0.5;0.0
-2;8300;ASH_COATED_OSMIUM;9991;14;9989;24;;;;;;;;;9991.0;0.0
-2;8300;HYDROGEL_PACK;9991;13;9988;25;;;10007;13;10009;25;;;9999.0;0.0
-2;8300;INTARIAN_PEPPER_ROOT;13001;8;12998;18;;;13019;18;;;;;13010.0;0.0
-2;8300;VELVETFRUIT_EXTRACT;5267;24;5266;31;5266;58;5272;64;;;;;5269.5;0.0
-2;8300;VEV_4000;1234;7;1232;23;;;1255;7;1258;23;;;1244.5;0.0
-2;8300;VEV_4500;751;7;;;;;767;7;769;16;;;759.0;0.0
-2;8300;VEV_5000;278;7;277;14;;;284;25;285;24;;;281.0;0.0
-2;8300;VEV_5100;160;20;;;;;165;11;166;14;;;162.5;0.0
-2;8300;VEV_5200;109;10;108;24;;;111;26;112;32;;;110.0;0.0
-2;8300;VEV_5300;46;23;45;20;;;48;25;;;;;47.0;0.0
-2;8300;VEV_5400;;;;;;;15;22;16;24;;;15.0;0.0
-2;8300;VEV_5500;5;18;;;;;6;23;;;;;5.5;0.0
-2;8300;VEV_6000;0;20;;;;;1;20;;;;;0.5;0.0
-2;8300;VEV_6500;0;21;;;;;1;21;;;;;0.5;0.0
-2;8400;ASH_COATED_OSMIUM;9991;14;;;;;10007;14;10010;23;;;9999.0;0.0
-2;8400;HYDROGEL_PACK;9989;12;9987;29;;;10005;12;10008;29;;;9997.0;0.0
-2;8400;INTARIAN_PEPPER_ROOT;;;;;;;13015;12;13019;15;;;13015.0;0.0
-2;8400;VELVETFRUIT_EXTRACT;5266;47;;;;;5272;49;;;;;5269.0;0.0
-2;8400;VEV_4000;1233;7;1231;25;;;1254;7;1257;25;;;1243.5;0.0
-2;8400;VEV_4500;750;9;748;22;;;766;9;768;22;;;758.0;0.0
-2;8400;VEV_5000;276;22;;;;;283;10;284;19;;;279.5;0.0
-2;8400;VEV_5100;160;13;;;;;165;8;166;20;;;162.5;0.0
-2;8400;VEV_5200;109;11;108;12;;;112;31;;;;;110.5;0.0
-2;8400;VEV_5300;47;27;;;;;49;22;;;;;48.0;0.0
-2;8400;VEV_5400;14;21;;;;;15;21;16;17;;;14.5;0.0
-2;8400;VEV_5500;5;21;;;;;6;20;;;;;5.5;0.0
-2;8400;VEV_6000;0;23;;;;;1;23;;;;;0.5;0.0
-2;8400;VEV_6500;0;16;;;;;1;16;;;;;0.5;0.0
-2;8500;ASH_COATED_OSMIUM;9992;12;9989;28;;;10008;12;10010;28;;;10000.0;0.0
-2;8500;HYDROGEL_PACK;9986;10;9984;23;;;10002;10;10005;23;;;9994.0;0.0
-2;8500;INTARIAN_PEPPER_ROOT;12998;22;;;;;13016;8;13019;22;;;13007.0;0.0
-2;8500;VELVETFRUIT_EXTRACT;5267;16;5266;33;;;5271;16;5272;45;;;5269.0;0.0
-2;8500;VEV_4000;1235;10;1232;19;;;1256;10;1258;19;;;1245.5;0.0
-2;8500;VEV_4500;751;11;749;23;;;767;11;769;23;;;759.0;0.0
-2;8500;VEV_5000;276;8;275;21;;;282;6;283;24;;;279.0;0.0
-2;8500;VEV_5100;161;11;;;;;166;22;;;;;163.5;0.0
-2;8500;VEV_5200;107;17;;;;;110;10;111;28;;;108.5;0.0
-2;8500;VEV_5300;47;17;;;;;49;23;;;;;48.0;0.0
-2;8500;VEV_5400;14;17;;;;;16;17;;;;;15.0;0.0
-2;8500;VEV_5500;5;20;;;;;6;24;;;;;5.5;0.0
-2;8500;VEV_6000;0;15;;;;;1;15;;;;;0.5;0.0
-2;8500;VEV_6500;0;12;;;;;1;12;;;;;0.5;0.0
-2;8600;ASH_COATED_OSMIUM;9992;15;9990;26;;;10008;15;10011;26;;;10000.0;0.0
-2;8600;HYDROGEL_PACK;9988;10;9985;29;;;10004;10;10006;29;;;9996.0;0.0
-2;8600;INTARIAN_PEPPER_ROOT;12998;22;;;;;13016;10;13019;22;;;13007.0;0.0
-2;8600;VELVETFRUIT_EXTRACT;5267;16;5266;57;;;5271;16;5272;56;;;5269.0;0.0
-2;8600;VEV_4000;1235;13;1232;26;;;1256;13;1258;26;;;1245.5;0.0
-2;8600;VEV_4500;750;9;749;10;748;19;766;9;767;12;768;19;758.0;0.0
-2;8600;VEV_5000;277;12;;;;;284;36;;;;;280.5;0.0
-2;8600;VEV_5100;161;11;160;22;;;165;9;166;27;;;163.0;0.0
-2;8600;VEV_5200;108;20;;;;;;;;;;;108.0;0.0
-2;8600;VEV_5300;47;5;;;;;49;22;;;;;48.0;0.0
-2;8600;VEV_5400;14;15;;;;;15;5;16;21;;;14.5;0.0
-2;8600;VEV_5500;5;25;;;;;6;22;;;;;5.5;0.0
-2;8600;VEV_6000;0;20;;;;;1;20;;;;;0.5;0.0
-2;8600;VEV_6500;0;23;;;;;1;23;;;;;0.5;0.0
-2;8700;ASH_COATED_OSMIUM;9991;12;;;;;;;;;;;9991.0;0.0
-2;8700;HYDROGEL_PACK;9990;11;9987;26;;;10008;26;;;;;9999.0;0.0
-2;8700;INTARIAN_PEPPER_ROOT;13002;8;12998;19;;;13016;8;13019;19;;;13009.0;0.0
-2;8700;VELVETFRUIT_EXTRACT;5266;22;;;;;5271;17;5272;37;5273;38;5268.5;0.0
-2;8700;VEV_4000;1235;15;1233;16;;;1256;15;1258;16;;;1245.5;0.0
-2;8700;VEV_4500;749;11;747;23;;;765;11;767;23;;;757.0;0.0
-2;8700;VEV_5000;276;10;275;23;;;282;12;283;16;;;279.0;0.0
-2;8700;VEV_5100;;;;;;;166;21;;;;;166.0;0.0
-2;8700;VEV_5200;107;24;;;;;;;;;;;107.0;0.0
-2;8700;VEV_5300;47;20;;;;;49;25;;;;;48.0;0.0
-2;8700;VEV_5400;;;;;;;15;20;;;;;15.0;0.0
-2;8700;VEV_5500;5;18;;;;;6;22;;;;;5.5;0.0
-2;8700;VEV_6000;0;28;;;;;1;28;;;;;0.5;0.0
-2;8700;VEV_6500;0;18;;;;;1;18;;;;;0.5;0.0
-2;8800;ASH_COATED_OSMIUM;9992;13;9989;22;;;10008;13;10010;22;;;10000.0;0.0
-2;8800;HYDROGEL_PACK;9986;11;9984;29;;;10002;11;10005;29;;;9994.0;0.0
-2;8800;INTARIAN_PEPPER_ROOT;13002;12;12999;16;;;13016;12;13019;16;;;13009.0;0.0
-2;8800;VELVETFRUIT_EXTRACT;5268;25;5267;44;;;5272;25;5273;65;;;5270.0;0.0
-2;8800;VEV_4000;1235;10;1233;29;;;1256;10;1259;29;;;1245.5;0.0
-2;8800;VEV_4500;749;8;747;13;;;765;8;767;13;;;757.0;0.0
-2;8800;VEV_5000;278;10;277;20;;;284;9;285;14;;;281.0;0.0
-2;8800;VEV_5100;160;18;;;;;165;24;166;32;;;162.5;0.0
-2;8800;VEV_5200;;;;;;;111;6;112;29;;;111.0;0.0
-2;8800;VEV_5300;46;25;;;;;48;5;;;;;47.0;0.0
-2;8800;VEV_5400;14;24;;;;;15;23;16;19;;;14.5;0.0
-2;8800;VEV_5500;5;19;;;;;6;24;;;;;5.5;0.0
-2;8800;VEV_6000;0;24;;;;;1;24;;;;;0.5;0.0
-2;8800;VEV_6500;0;16;;;;;1;16;;;;;0.5;0.0
-2;8900;ASH_COATED_OSMIUM;9992;11;9989;22;;;10008;11;10010;22;;;10000.0;0.0
-2;8900;HYDROGEL_PACK;9989;10;9986;23;;;10005;10;10007;23;;;9997.0;0.0
-2;8900;INTARIAN_PEPPER_ROOT;13002;10;12999;24;;;13016;10;13019;24;;;13009.0;0.0
-2;8900;VELVETFRUIT_EXTRACT;5267;68;;;;;5272;19;5273;49;;;5269.5;0.0
-2;8900;VEV_4000;1235;12;1232;24;;;1256;12;1258;24;;;1245.5;0.0
-2;8900;VEV_4500;749;12;748;15;;;768;15;;;;;758.5;0.0
-2;8900;VEV_5000;278;9;;;;;284;9;285;12;;;281.0;0.0
-2;8900;VEV_5100;160;22;;;;;;;;;;;160.0;0.0
-2;8900;VEV_5200;108;22;;;;;111;12;112;24;;;109.5;0.0
-2;8900;VEV_5300;46;18;45;10;;;48;19;;;;;47.0;0.0
-2;8900;VEV_5400;;;;;;;16;25;;;;;16.0;0.0
-2;8900;VEV_5500;5;28;;;;;6;22;;;;;5.5;0.0
-2;8900;VEV_6000;0;20;;;;;1;20;;;;;0.5;0.0
-2;8900;VEV_6500;0;18;;;;;1;18;;;;;0.5;0.0
-2;9000;ASH_COATED_OSMIUM;9991;10;9989;24;;;10007;10;10010;24;;;9999.0;0.0
-2;9000;HYDROGEL_PACK;9988;12;9985;27;;;10004;12;10006;27;;;9996.0;0.0
-2;9000;INTARIAN_PEPPER_ROOT;13002;9;12999;19;;;13016;9;13019;19;;;13009.0;0.0
-2;9000;VELVETFRUIT_EXTRACT;5268;18;5267;65;;;5273;63;;;;;5270.5;0.0
-2;9000;VEV_4000;1235;11;1233;21;;;1256;11;1259;21;;;1245.5;0.0
-2;9000;VEV_4500;749;12;747;13;;;765;12;767;13;;;757.0;0.0
-2;9000;VEV_5000;276;10;275;15;;;282;21;283;17;;;279.0;0.0
-2;9000;VEV_5100;160;14;;;;;166;15;;;;;163.0;0.0
-2;9000;VEV_5200;107;24;;;;;111;24;;;;;109.0;0.0
-2;9000;VEV_5300;46;20;;;;;48;21;49;18;;;47.0;0.0
-2;9000;VEV_5400;14;21;;;;;16;25;;;;;15.0;0.0
-2;9000;VEV_5500;5;20;;;;;6;17;;;;;5.5;0.0
-2;9000;VEV_6000;0;16;;;;;1;16;;;;;0.5;0.0
-2;9000;VEV_6500;0;15;;;;;1;15;;;;;0.5;0.0
-2;9100;ASH_COATED_OSMIUM;9992;14;;;;;10008;14;10011;25;;;10000.0;0.0
-2;9100;HYDROGEL_PACK;9992;10;9990;23;;;10008;10;10011;23;;;10000.0;0.0
-2;9100;INTARIAN_PEPPER_ROOT;13002;8;12999;19;;;13016;8;;;;;13009.0;0.0
-2;9100;VELVETFRUIT_EXTRACT;5268;42;;;;;5273;17;5274;60;5275;38;5270.5;0.0
-2;9100;VEV_4000;1235;9;1233;19;;;1256;9;1259;19;;;1245.5;0.0
-2;9100;VEV_4500;749;15;;;;;767;9;769;15;;;758.0;0.0
-2;9100;VEV_5000;277;6;276;12;;;283;7;284;12;;;280.0;0.0
-2;9100;VEV_5100;162;22;;;;;166;10;;;;;164.0;0.0
-2;9100;VEV_5200;;;;;;;;;;;;;0.0;0.0
-2;9100;VEV_5300;46;20;;;;;48;18;;;;;47.0;0.0
-2;9100;VEV_5400;;;;;;;17;29;;;;;17.0;0.0
-2;9100;VEV_5500;5;24;;;;;6;19;;;;;5.5;0.0
-2;9100;VEV_6000;0;19;;;;;1;19;;;;;0.5;0.0
-2;9100;VEV_6500;0;17;;;;;1;17;;;;;0.5;0.0
-2;9200;ASH_COATED_OSMIUM;9992;12;9990;21;;;10008;12;10011;21;;;10000.0;0.0
-2;9200;HYDROGEL_PACK;9993;13;9990;23;;;10009;13;10011;23;;;10001.0;0.0
-2;9200;INTARIAN_PEPPER_ROOT;13002;12;;;;;13016;12;13019;19;;;13009.0;0.0
-2;9200;VELVETFRUIT_EXTRACT;5269;22;5268;56;;;5273;22;5274;31;5275;49;5271.0;0.0
-2;9200;VEV_4000;1236;10;1233;15;;;1256;10;1259;15;;;1246.0;0.0
-2;9200;VEV_4500;752;12;750;23;;;768;12;769;12;770;23;760.0;0.0
-2;9200;VEV_5000;278;15;;;;;285;8;286;19;;;281.5;0.0
-2;9200;VEV_5100;162;25;161;27;;;166;9;;;;;164.0;0.0
-2;9200;VEV_5200;;;;;;;109;24;;;;;109.0;0.0
-2;9200;VEV_5300;46;28;;;;;48;20;;;;;47.0;0.0
-2;9200;VEV_5400;;;;;;;17;25;;;;;17.0;0.0
-2;9200;VEV_5500;5;19;;;;;7;19;;;;;6.0;0.0
-2;9200;VEV_6000;0;26;;;;;1;26;;;;;0.5;0.0
-2;9200;VEV_6500;0;18;;;;;1;18;;;;;0.5;0.0
-2;9300;ASH_COATED_OSMIUM;10002;4;9993;13;9991;27;10009;13;10012;27;;;10005.5;0.0
-2;9300;HYDROGEL_PACK;9994;15;9991;30;;;10010;15;10012;30;;;10002.0;0.0
-2;9300;INTARIAN_PEPPER_ROOT;13002;11;12999;16;;;13016;11;13020;16;;;13009.0;0.0
-2;9300;VELVETFRUIT_EXTRACT;5268;55;;;;;5274;19;;;;;5271.0;0.0
-2;9300;VEV_4000;1236;13;1234;20;;;1257;13;1260;20;;;1246.5;0.0
-2;9300;VEV_4500;752;12;;;;;769;7;770;23;;;760.5;0.0
-2;9300;VEV_5000;278;10;277;20;;;;;;;;;278.0;0.0
-2;9300;VEV_5100;162;9;;;;;166;31;167;13;;;164.0;0.0
-2;9300;VEV_5200;107;25;;;;;110;16;;;;;108.5;0.0
-2;9300;VEV_5300;46;20;45;16;;;48;28;;;;;47.0;0.0
-2;9300;VEV_5400;16;23;15;28;;;17;25;;;;;16.5;0.0
-2;9300;VEV_5500;5;22;;;;;6;22;;;;;5.5;0.0
-2;9300;VEV_6000;0;15;;;;;1;15;;;;;0.5;0.0
-2;9300;VEV_6500;0;16;;;;;1;16;;;;;0.5;0.0
-2;9400;ASH_COATED_OSMIUM;9991;21;;;;;10012;21;;;;;10001.5;0.0
-2;9400;HYDROGEL_PACK;9989;15;9986;20;;;10005;15;10007;20;;;9997.0;0.0
-2;9400;INTARIAN_PEPPER_ROOT;;;;;;;13016;12;13020;19;;;13016.0;0.0
-2;9400;VELVETFRUIT_EXTRACT;5269;33;5268;30;;;5274;25;5275;69;;;5271.5;0.0
-2;9400;VEV_4000;1237;12;1235;24;;;1258;12;1261;24;;;1247.5;0.0
-2;9400;VEV_4500;751;7;750;9;749;22;767;7;769;22;;;759.0;0.0
-2;9400;VEV_5000;278;10;;;;;284;6;285;13;;;281.0;0.0
-2;9400;VEV_5100;160;24;;;;;166;23;;;;;163.0;0.0
-2;9400;VEV_5200;106;6;105;19;;;109;17;;;;;107.5;0.0
-2;9400;VEV_5300;47;27;;;;;49;16;;;;;48.0;0.0
-2;9400;VEV_5400;15;27;;;;;16;19;17;23;;;15.5;0.0
-2;9400;VEV_5500;5;20;;;;;6;21;;;;;5.5;0.0
-2;9400;VEV_6000;0;29;;;;;1;29;;;;;0.5;0.0
-2;9400;VEV_6500;0;17;;;;;1;17;;;;;0.5;0.0
-2;9500;ASH_COATED_OSMIUM;9993;10;9990;27;;;10009;10;10011;27;;;10001.0;0.0
-2;9500;HYDROGEL_PACK;9991;12;9988;27;;;10007;12;10009;27;;;9999.0;0.0
-2;9500;INTARIAN_PEPPER_ROOT;13002;8;12999;25;;;13017;8;;;;;13009.5;0.0
-2;9500;VELVETFRUIT_EXTRACT;5267;61;;;;;5272;15;5273;32;;;5269.5;0.0
-2;9500;VEV_4000;1238;12;1235;22;;;1258;12;1261;22;;;1248.0;0.0
-2;9500;VEV_4500;752;7;750;21;;;768;7;769;7;770;21;760.0;0.0
-2;9500;VEV_5000;279;27;278;12;;;285;12;286;15;;;282.0;0.0
-2;9500;VEV_5100;162;10;161;28;;;166;9;167;17;;;164.0;0.0
-2;9500;VEV_5200;;;;;;;110;22;;;;;110.0;0.0
-2;9500;VEV_5300;47;20;;;;;49;22;49;25;;;48.0;0.0
-2;9500;VEV_5400;16;18;15;23;;;17;24;;;;;16.5;0.0
-2;9500;VEV_5500;5;19;;;;;6;26;;;;;5.5;0.0
-2;9500;VEV_6000;0;18;;;;;1;18;;;;;0.5;0.0
-2;9500;VEV_6500;0;14;;;;;1;14;;;;;0.5;0.0
-2;9600;ASH_COATED_OSMIUM;9993;10;9991;27;;;10012;27;;;;;10002.5;0.0
-2;9600;HYDROGEL_PACK;9991;11;9988;28;;;10007;11;10009;28;;;9999.0;0.0
-2;9600;INTARIAN_PEPPER_ROOT;13003;11;12999;24;;;13017;11;;;;;13010.0;0.0
-2;9600;VELVETFRUIT_EXTRACT;5268;65;5268;18;;;5273;18;5274;63;;;5270.5;0.0
-2;9600;VEV_4000;1235;7;1233;16;;;1256;7;1259;16;;;1245.5;0.0
-2;9600;VEV_4500;751;6;749;15;;;769;15;;;;;760.0;0.0
-2;9600;VEV_5000;278;12;277;17;;;284;6;285;18;;;281.0;0.0
-2;9600;VEV_5100;163;6;162;14;;;;;;;;;163.0;0.0
-2;9600;VEV_5200;106;22;;;;;110;17;;;;;108.0;0.0
-2;9600;VEV_5300;46;28;;;;;48;17;49;21;;;47.0;0.0
-2;9600;VEV_5400;15;24;;;;;16;19;17;21;;;15.5;0.0
-2;9600;VEV_5500;5;25;;;;;6;22;;;;;5.5;0.0
-2;9600;VEV_6000;0;16;;;;;1;16;;;;;0.5;0.0
-2;9600;VEV_6500;0;12;;;;;1;12;;;;;0.5;0.0
-2;9700;ASH_COATED_OSMIUM;9993;13;;;;;10012;27;;;;;10002.5;0.0
-2;9700;HYDROGEL_PACK;9990;15;9987;30;;;10006;15;10008;30;;;9998.0;0.0
-2;9700;INTARIAN_PEPPER_ROOT;13003;8;12999;16;;;13017;8;;;;;13010.0;0.0
-2;9700;VELVETFRUIT_EXTRACT;5270;24;5269;49;;;5275;23;;;;;5272.5;0.0
-2;9700;VEV_4000;1234;12;1232;28;;;1255;12;1258;28;;;1244.5;0.0
-2;9700;VEV_4500;750;23;;;;;770;23;;;;;760.0;0.0
-2;9700;VEV_5000;277;24;276;20;;;283;28;;;;;280.0;0.0
-2;9700;VEV_5100;163;10;162;12;;;168;16;;;;;165.5;0.0
-2;9700;VEV_5200;106;30;;;;;109;33;110;35;;;107.5;0.0
-2;9700;VEV_5300;46;28;;;;;48;21;;;;;47.0;0.0
-2;9700;VEV_5400;;;;;;;;;;;;;0.0;0.0
-2;9700;VEV_5500;5;17;;;;;6;25;;;;;5.5;0.0
-2;9700;VEV_6000;0;18;;;;;1;18;;;;;0.5;0.0
-2;9700;VEV_6500;0;13;;;;;1;13;;;;;0.5;0.0
-2;9800;ASH_COATED_OSMIUM;9993;11;9991;27;;;10009;11;;;;;10001.0;0.0
-2;9800;HYDROGEL_PACK;9994;11;9992;30;;;10010;11;10013;30;;;10002.0;0.0
-2;9800;INTARIAN_PEPPER_ROOT;13003;12;;;;;13017;12;13020;24;;;13010.0;0.0
-2;9800;VELVETFRUIT_EXTRACT;5271;16;5270;35;5270;36;5275;16;5276;38;;;5273.0;0.0
-2;9800;VEV_4000;1235;7;1232;29;;;1255;7;1258;29;;;1245.0;0.0
-2;9800;VEV_4500;751;12;749;12;;;767;12;769;12;;;759.0;0.0
-2;9800;VEV_5000;278;6;277;21;;;284;7;285;13;;;281.0;0.0
-2;9800;VEV_5100;163;9;162;23;;;167;6;;;;;165.0;0.0
-2;9800;VEV_5200;;;;;;;109;33;;;;;109.0;0.0
-2;9800;VEV_5300;;;;;;;48;24;;;;;48.0;0.0
-2;9800;VEV_5400;15;20;15;24;;;17;25;;;;;16.0;0.0
-2;9800;VEV_5500;5;20;;;;;6;22;;;;;5.5;0.0
-2;9800;VEV_6000;0;22;;;;;1;22;;;;;0.5;0.0
-2;9800;VEV_6500;0;15;;;;;1;15;;;;;0.5;0.0
-2;9900;ASH_COATED_OSMIUM;9993;15;;;;;10009;15;;;;;10001.0;0.0
-2;9900;HYDROGEL_PACK;9993;13;9990;28;;;10011;28;;;;;10002.0;0.0
-2;9900;INTARIAN_PEPPER_ROOT;13003;12;13000;24;;;13017;12;;;;;13010.0;0.0
-2;9900;VELVETFRUIT_EXTRACT;5272;25;5271;56;;;5276;25;5277;33;5278;36;5274.0;0.0
-2;9900;VEV_4000;1233;11;1231;22;;;1254;11;1257;22;;;1243.5;0.0
-2;9900;VEV_4500;749;8;747;21;;;765;8;767;21;;;757.0;0.0
-2;9900;VEV_5000;277;16;;;;;284;9;285;19;;;280.5;0.0
-2;9900;VEV_5100;162;21;161;22;;;166;6;167;13;;;164.0;0.0
-2;9900;VEV_5200;107;27;106;25;;;110;31;;;;;108.5;0.0
-2;9900;VEV_5300;46;20;;;;;48;20;;;;;47.0;0.0
-2;9900;VEV_5400;15;16;;;;;17;21;;;;;16.0;0.0
-2;9900;VEV_5500;5;29;;;;;6;21;;;;;5.5;0.0
-2;9900;VEV_6000;0;18;;;;;1;18;;;;;0.5;0.0
-2;9900;VEV_6500;0;12;;;;;1;12;;;;;0.5;0.0
-2;10000;ASH_COATED_OSMIUM;9993;14;9991;27;;;10012;27;;;;;10002.5;0.0
-2;10000;HYDROGEL_PACK;9990;21;;;;;10009;14;10011;21;;;9999.5;0.0
-2;10000;INTARIAN_PEPPER_ROOT;13003;11;13000;22;;;13020;22;;;;;13011.5;0.0
-2;10000;VELVETFRUIT_EXTRACT;5272;59;;;;;5277;24;5278;32;;;5274.5;0.0
-2;10000;VEV_4000;1234;7;1231;23;;;1254;7;1257;23;;;1244.0;0.0
-2;10000;VEV_4500;749;12;747;24;;;765;12;767;24;;;757.0;0.0
-2;10000;VEV_5000;279;6;278;13;;;285;9;;;;;282.0;0.0
-2;10000;VEV_5100;161;31;160;20;;;166;13;;;;;163.5;0.0
-2;10000;VEV_5200;107;31;106;34;;;109;7;;;;;108.0;0.0
-2;10000;VEV_5300;;;;;;;48;16;;;;;48.0;0.0
-2;10000;VEV_5400;16;20;15;18;;;17;16;;;;;16.5;0.0
-2;10000;VEV_5500;5;25;;;;;6;27;;;;;5.5;0.0
-2;10000;VEV_6000;0;24;;;;;1;24;;;;;0.5;0.0
-2;10000;VEV_6500;0;18;;;;;1;18;;;;;0.5;0.0
-2;10100;ASH_COATED_OSMIUM;9993;11;;;;;;;;;;;9993.0;0.0
-2;10100;HYDROGEL_PACK;9990;10;9987;29;;;10006;10;10008;29;;;9998.0;0.0
-2;10100;INTARIAN_PEPPER_ROOT;13003;10;;;;;13017;10;13020;19;;;13010.0;0.0
-2;10100;VELVETFRUIT_EXTRACT;5273;19;;;;;5279;64;;;;;5276.0;0.0
-2;10100;VEV_4000;1234;9;1232;24;;;1255;9;1258;24;;;1244.5;0.0
-2;10100;VEV_4500;748;7;746;23;;;764;7;766;23;;;756.0;0.0
-2;10100;VEV_5000;280;12;279;15;;;286;9;;;;;283.0;0.0
-2;10100;VEV_5100;161;10;160;20;;;;;;;;;161.0;0.0
-2;10100;VEV_5200;107;34;106;15;;;;;;;;;107.0;0.0
-2;10100;VEV_5300;46;20;;;;;48;25;;;;;47.0;0.0
-2;10100;VEV_5400;15;12;;;;;;;;;;;15.0;0.0
-2;10100;VEV_5500;5;25;;;;;6;20;;;;;5.5;0.0
-2;10100;VEV_6000;0;17;;;;;1;17;;;;;0.5;0.0
-2;10100;VEV_6500;0;17;;;;;1;17;;;;;0.5;0.0
-2;10200;ASH_COATED_OSMIUM;9993;15;9991;23;;;10012;23;;;;;10002.5;0.0
-2;10200;HYDROGEL_PACK;9987;15;9985;25;;;10003;15;10006;25;;;9995.0;0.0
-2;10200;INTARIAN_PEPPER_ROOT;13000;24;;;;;13017;12;13020;24;;;13008.5;0.0
-2;10200;VELVETFRUIT_EXTRACT;5273;37;5273;16;;;5279;58;;;;;5276.0;0.0
-2;10200;VEV_4000;1234;10;1232;17;;;1255;10;1258;17;;;1244.5;0.0
-2;10200;VEV_4500;748;12;746;17;;;764;12;766;17;;;756.0;0.0
-2;10200;VEV_5000;280;20;279;20;;;286;8;287;23;;;283.0;0.0
-2;10200;VEV_5100;159;30;;;;;163;7;164;22;;;161.0;0.0
-2;10200;VEV_5200;107;21;;;;;109;8;110;25;;;108.0;0.0
-2;10200;VEV_5300;46;26;;;;;48;10;;;;;47.0;0.0
-2;10200;VEV_5400;15;25;;;;;17;21;;;;;16.0;0.0
-2;10200;VEV_5500;5;24;;;;;6;23;;;;;5.5;0.0
-2;10200;VEV_6000;0;16;;;;;1;16;;;;;0.5;0.0
-2;10200;VEV_6500;0;17;;;;;1;17;;;;;0.5;0.0
-2;10300;ASH_COATED_OSMIUM;9993;11;9990;27;;;10009;11;10011;27;;;10001.0;0.0
-2;10300;HYDROGEL_PACK;9987;15;9985;25;;;10003;15;10006;25;;;9995.0;0.0
-2;10300;INTARIAN_PEPPER_ROOT;13003;9;13000;21;;;13017;9;13021;21;;;13010.0;0.0
-2;10300;VELVETFRUIT_EXTRACT;5272;45;5272;58;;;5278;67;;;;;5275.0;0.0
-2;10300;VEV_4000;1236;9;1234;26;;;1257;9;1260;26;;;1246.5;0.0
-2;10300;VEV_4500;746;6;744;15;;;762;6;764;15;;;754.0;0.0
-2;10300;VEV_5000;280;9;279;17;;;286;6;287;23;;;283.0;0.0
-2;10300;VEV_5100;159;22;;;;;163;26;164;23;;;161.0;0.0
-2;10300;VEV_5200;106;7;105;30;;;109;22;;;;;107.5;0.0
-2;10300;VEV_5300;46;19;;;;;48;23;;;;;47.0;0.0
-2;10300;VEV_5400;15;25;15;22;;;16;6;17;24;;;15.5;0.0
-2;10300;VEV_5500;5;29;;;;;6;22;;;;;5.5;0.0
-2;10300;VEV_6000;0;26;;;;;1;26;;;;;0.5;0.0
-2;10300;VEV_6500;0;14;;;;;1;14;;;;;0.5;0.0
-2;10400;ASH_COATED_OSMIUM;9993;14;9990;29;;;10011;29;;;;;10002.0;0.0
-2;10400;HYDROGEL_PACK;9989;13;9986;21;;;10005;13;10007;21;;;9997.0;0.0
-2;10400;INTARIAN_PEPPER_ROOT;13003;10;13000;21;;;13017;10;13021;21;;;13010.0;0.0
-2;10400;VELVETFRUIT_EXTRACT;5274;15;5273;48;;;5279;48;5280;38;;;5276.5;0.0
-2;10400;VEV_4000;1236;8;1233;21;;;1257;8;1259;21;;;1246.5;0.0
-2;10400;VEV_4500;747;12;745;23;;;763;12;764;7;765;23;755.0;0.0
-2;10400;VEV_5000;280;24;;;;;286;6;287;18;;;283.0;0.0
-2;10400;VEV_5100;157;20;;;;;162;12;163;23;;;159.5;0.0
-2;10400;VEV_5200;106;12;;;;;109;27;110;31;;;107.5;0.0
-2;10400;VEV_5300;;;;;;;48;5;;;;;48.0;0.0
-2;10400;VEV_5400;16;6;15;27;;;17;22;;;;;16.5;0.0
-2;10400;VEV_5500;5;22;;;;;6;19;;;;;5.5;0.0
-2;10400;VEV_6000;0;27;;;;;1;27;;;;;0.5;0.0
-2;10400;VEV_6500;0;12;;;;;1;12;;;;;0.5;0.0
-2;10500;ASH_COATED_OSMIUM;9993;14;9990;21;;;10009;14;;;;;10001.0;0.0
-2;10500;HYDROGEL_PACK;9989;15;9986;22;;;10005;15;10007;22;;;9997.0;0.0
-2;10500;INTARIAN_PEPPER_ROOT;13003;12;13000;22;;;13018;12;13021;22;;;13010.5;0.0
-2;10500;VELVETFRUIT_EXTRACT;5276;25;5275;63;;;5281;45;;;;;5278.5;0.0
-2;10500;VEV_4000;1236;8;1234;22;;;1257;8;1260;22;;;1246.5;0.0
-2;10500;VEV_4500;745;18;;;;;763;10;765;18;;;754.0;0.0
-2;10500;VEV_5000;283;10;282;12;;;289;12;290;32;;;286.0;0.0
-2;10500;VEV_5100;159;9;;;;;163;25;164;24;;;161.0;0.0
-2;10500;VEV_5200;106;19;;;;;110;24;;;;;108.0;0.0
-2;10500;VEV_5300;46;27;;;;;48;25;;;;;47.0;0.0
-2;10500;VEV_5400;;;;;;;17;22;;;;;17.0;0.0
-2;10500;VEV_5500;5;26;;;;;6;24;;;;;5.5;0.0
-2;10500;VEV_6000;0;25;;;;;1;25;;;;;0.5;0.0
-2;10500;VEV_6500;0;19;;;;;1;19;;;;;0.5;0.0
-2;10600;ASH_COATED_OSMIUM;9990;29;;;;;10009;11;10011;29;;;9999.5;0.0
-2;10600;HYDROGEL_PACK;9990;13;9987;29;;;10006;13;10008;29;;;9998.0;0.0
-2;10600;INTARIAN_PEPPER_ROOT;13004;10;13000;23;;;13007;6;13018;10;13021;23;13005.5;0.0
-2;10600;VELVETFRUIT_EXTRACT;5272;46;;;;;5278;25;;;;;5275.0;0.0
-2;10600;VEV_4000;1237;15;1234;19;;;1258;15;1260;19;;;1247.5;0.0
-2;10600;VEV_4500;745;12;;;;;765;12;;;;;755.0;0.0
-2;10600;VEV_5000;283;10;282;18;;;289;7;290;27;;;286.0;0.0
-2;10600;VEV_5100;158;20;;;;;163;21;;;;;160.5;0.0
-2;10600;VEV_5200;106;21;;;;;109;10;110;17;;;107.5;0.0
-2;10600;VEV_5300;47;19;46;25;;;49;19;;;;;48.0;0.0
-2;10600;VEV_5400;15;24;;;;;17;24;;;;;16.0;0.0
-2;10600;VEV_5500;5;19;;;;;6;22;;;;;5.5;0.0
-2;10600;VEV_6000;0;20;;;;;1;20;;;;;0.5;0.0
-2;10600;VEV_6500;0;15;;;;;1;15;;;;;0.5;0.0
-2;10700;ASH_COATED_OSMIUM;9990;29;;;;;10009;13;10011;29;;;9999.5;0.0
-2;10700;HYDROGEL_PACK;9987;12;9984;28;;;10003;12;10005;28;;;9995.0;0.0
-2;10700;INTARIAN_PEPPER_ROOT;13004;12;13000;25;;;13018;12;13021;25;;;13011.0;0.0
-2;10700;VELVETFRUIT_EXTRACT;5272;62;5271;30;;;5278;48;;;;;5275.0;0.0
-2;10700;VEV_4000;1237;15;1234;23;;;1258;15;1260;23;;;1247.5;0.0
-2;10700;VEV_4500;747;10;745;13;;;763;10;765;13;;;755.0;0.0
-2;10700;VEV_5000;284;12;283;13;;;290;24;291;13;;;287.0;0.0
-2;10700;VEV_5100;159;31;158;21;;;163;32;164;27;;;161.0;0.0
-2;10700;VEV_5200;;;;;;;109;7;110;30;;;109.0;0.0
-2;10700;VEV_5300;47;16;;;;;49;24;50;20;;;48.0;0.0
-2;10700;VEV_5400;15;26;15;29;;;16;8;17;16;;;15.5;0.0
-2;10700;VEV_5500;5;23;;;;;6;19;;;;;5.5;0.0
-2;10700;VEV_6000;0;20;;;;;1;20;;;;;0.5;0.0
-2;10700;VEV_6500;0;17;;;;;1;17;;;;;0.5;0.0
-2;10800;ASH_COATED_OSMIUM;9993;10;9990;28;;;10009;10;;;;;10001.0;0.0
-2;10800;HYDROGEL_PACK;9988;15;9986;23;;;10004;15;10007;23;;;9996.0;0.0
-2;10800;INTARIAN_PEPPER_ROOT;13004;8;13001;24;;;13018;8;13021;24;;;13011.0;0.0
-2;10800;VELVETFRUIT_EXTRACT;5273;38;;;;;5278;21;5279;50;;;5275.5;0.0
-2;10800;VEV_4000;1238;15;1235;17;;;1259;15;1261;17;;;1248.5;0.0
-2;10800;VEV_4500;747;8;745;13;;;763;8;;;;;755.0;0.0
-2;10800;VEV_5000;286;6;285;21;;;292;12;;;;;289.0;0.0
-2;10800;VEV_5100;159;27;158;19;;;164;14;;;;;161.5;0.0
-2;10800;VEV_5200;;;;;;;110;12;;;;;110.0;0.0
-2;10800;VEV_5300;46;22;;;;;48;10;;;;;47.0;0.0
-2;10800;VEV_5400;15;16;;;;;16;21;17;16;;;15.5;0.0
-2;10800;VEV_5500;5;24;;;;;6;16;;;;;5.5;0.0
-2;10800;VEV_6000;0;21;;;;;1;21;;;;;0.5;0.0
-2;10800;VEV_6500;0;17;;;;;1;17;;;;;0.5;0.0
-2;10900;ASH_COATED_OSMIUM;;;;;;;10009;14;10012;28;;;10009.0;0.0
-2;10900;HYDROGEL_PACK;9986;12;9983;22;;;10002;12;10004;22;;;9994.0;0.0
-2;10900;INTARIAN_PEPPER_ROOT;13004;11;13001;22;;;13018;11;13021;22;;;13011.0;0.0
-2;10900;VELVETFRUIT_EXTRACT;5273;32;5273;20;5272;33;5278;20;5279;25;;;5275.5;0.0
-2;10900;VEV_4000;1239;11;1237;16;;;1260;11;1263;16;;;1249.5;0.0
-2;10900;VEV_4500;748;6;747;7;746;14;764;6;766;14;;;756.0;0.0
-2;10900;VEV_5000;286;20;;;;;292;12;293;16;;;289.0;0.0
-2;10900;VEV_5100;160;8;159;17;;;164;23;;;;;162.0;0.0
-2;10900;VEV_5200;107;12;106;22;;;109;7;110;15;;;108.0;0.0
-2;10900;VEV_5300;47;21;;;;;49;19;;;;;48.0;0.0
-2;10900;VEV_5400;15;25;15;6;;;17;23;;;;;16.0;0.0
-2;10900;VEV_5500;5;24;;;;;6;30;;;;;5.5;0.0
-2;10900;VEV_6000;0;27;;;;;1;27;;;;;0.5;0.0
-2;10900;VEV_6500;0;15;;;;;1;15;;;;;0.5;0.0
-2;11000;ASH_COATED_OSMIUM;9993;10;9990;26;;;10009;10;10011;26;;;10001.0;0.0
-2;11000;HYDROGEL_PACK;9989;15;9987;20;;;10005;15;10008;20;;;9997.0;0.0
-2;11000;INTARIAN_PEPPER_ROOT;13001;20;;;;;;;;;;;13001.0;0.0
-2;11000;VELVETFRUIT_EXTRACT;5273;54;;;;;5279;43;5280;34;;;5276.0;0.0
-2;11000;VEV_4000;1239;13;1237;22;;;1260;13;1263;22;;;1249.5;0.0
-2;11000;VEV_4500;748;11;746;22;;;764;11;766;22;;;756.0;0.0
-2;11000;VEV_5000;284;27;283;15;;;290;8;291;16;;;287.0;0.0
-2;11000;VEV_5100;160;9;159;26;;;164;9;165;14;;;162.0;0.0
-2;11000;VEV_5200;104;20;;;;;107;7;;;;;105.5;0.0
-2;11000;VEV_5300;46;18;;;;;48;5;49;19;;;47.0;0.0
-2;11000;VEV_5400;15;16;;;;;;;;;;;15.0;0.0
-2;11000;VEV_5500;5;19;;;;;6;29;;;;;5.5;0.0
-2;11000;VEV_6000;0;19;;;;;1;19;;;;;0.5;0.0
-2;11000;VEV_6500;0;16;;;;;1;16;;;;;0.5;0.0
-2;11100;ASH_COATED_OSMIUM;9991;24;;;;;10009;13;10012;24;;;10000.0;0.0
-2;11100;HYDROGEL_PACK;9989;11;9987;27;;;10005;11;10008;27;;;9997.0;0.0
-2;11100;INTARIAN_PEPPER_ROOT;13004;8;13001;18;;;13018;8;13021;18;;;13011.0;0.0
-2;11100;VELVETFRUIT_EXTRACT;5274;23;5273;67;;;5279;17;;;;;5276.5;0.0
-2;11100;VEV_4000;1240;10;1237;17;;;1261;10;1263;17;;;1250.5;0.0
-2;11100;VEV_4500;747;12;745;16;;;763;12;764;6;765;16;755.0;0.0
-2;11100;VEV_5000;283;8;282;23;;;289;10;290;23;;;286.0;0.0
-2;11100;VEV_5100;159;16;;;;;164;8;;;;;161.5;0.0
-2;11100;VEV_5200;106;9;105;29;;;108;22;109;19;;;107.0;0.0
-2;11100;VEV_5300;46;21;;;;;48;23;;;;;47.0;0.0
-2;11100;VEV_5400;15;27;;;;;;;;;;;15.0;0.0
-2;11100;VEV_5500;5;28;;;;;6;21;;;;;5.5;0.0
-2;11100;VEV_6000;0;16;;;;;1;16;;;;;0.5;0.0
-2;11100;VEV_6500;0;17;;;;;1;17;;;;;0.5;0.0
-2;11200;ASH_COATED_OSMIUM;9993;11;;;;;10009;11;10012;21;;;10001.0;0.0
-2;11200;HYDROGEL_PACK;9989;13;9987;27;;;10005;13;10008;27;;;9997.0;0.0
-2;11200;INTARIAN_PEPPER_ROOT;13004;9;13001;16;;;13021;16;;;;;13012.5;0.0
-2;11200;VELVETFRUIT_EXTRACT;5274;40;5274;41;;;5280;58;;;;;5277.0;0.0
-2;11200;VEV_4000;1239;11;1236;30;;;1260;11;1262;30;;;1249.5;0.0
-2;11200;VEV_4500;747;7;745;21;;;763;7;765;21;;;755.0;0.0
-2;11200;VEV_5000;283;10;;;;;289;10;290;16;;;286.0;0.0
-2;11200;VEV_5100;161;6;160;19;;;165;11;166;16;;;163.0;0.0
-2;11200;VEV_5200;104;22;;;;;107;6;;;;;105.5;0.0
-2;11200;VEV_5300;46;26;45;22;;;48;15;;;;;47.0;0.0
-2;11200;VEV_5400;15;21;;;;;17;22;;;;;16.0;0.0
-2;11200;VEV_5500;5;19;;;;;6;29;;;;;5.5;0.0
-2;11200;VEV_6000;0;29;;;;;1;29;;;;;0.5;0.0
-2;11200;VEV_6500;0;14;;;;;1;14;;;;;0.5;0.0
-2;11300;ASH_COATED_OSMIUM;9993;11;;;;;10009;11;10011;20;;;10001.0;0.0
-2;11300;HYDROGEL_PACK;9991;11;9989;30;;;10007;11;10010;30;;;9999.0;0.0
-2;11300;INTARIAN_PEPPER_ROOT;13001;25;;;;;13022;25;;;;;13011.5;0.0
-2;11300;VELVETFRUIT_EXTRACT;5274;68;;;;;5280;49;;;;;5277.0;0.0
-2;11300;VEV_4000;1239;11;1237;27;;;1260;11;1263;27;;;1249.5;0.0
-2;11300;VEV_4500;746;9;744;12;;;762;9;763;10;764;12;754.0;0.0
-2;11300;VEV_5000;282;19;;;;;289;12;290;19;;;285.5;0.0
-2;11300;VEV_5100;161;9;160;19;;;165;9;;;;;163.0;0.0
-2;11300;VEV_5200;105;32;;;;;107;21;108;29;;;106.0;0.0
-2;11300;VEV_5300;45;22;;;;;47;24;;;;;46.0;0.0
-2;11300;VEV_5400;;;;;;;17;23;;;;;17.0;0.0
-2;11300;VEV_5500;5;18;;;;;6;22;;;;;5.5;0.0
-2;11300;VEV_6000;0;23;;;;;1;23;;;;;0.5;0.0
-2;11300;VEV_6500;0;20;;;;;1;20;;;;;0.5;0.0
-2;11400;ASH_COATED_OSMIUM;9993;13;9991;20;;;10009;13;10012;20;;;10001.0;0.0
-2;11400;HYDROGEL_PACK;9991;12;9989;24;;;10007;12;10010;24;;;9999.0;0.0
-2;11400;INTARIAN_PEPPER_ROOT;13004;11;13001;25;;;13018;11;;;;;13011.0;0.0
-2;11400;VELVETFRUIT_EXTRACT;5276;24;5275;45;;;5281;31;;;;;5278.5;0.0
-2;11400;VEV_4000;1239;14;1236;22;;;1260;14;1262;22;;;1249.5;0.0
-2;11400;VEV_4500;748;8;747;6;746;21;764;8;766;21;;;756.0;0.0
-2;11400;VEV_5000;284;22;;;;;291;9;292;14;;;287.5;0.0
-2;11400;VEV_5100;161;7;160;22;;;166;23;;;;;163.5;0.0
-2;11400;VEV_5200;105;14;;;;;;;;;;;105.0;0.0
-2;11400;VEV_5300;45;26;;;;;47;23;;;;;46.0;0.0
-2;11400;VEV_5400;16;18;15;19;;;17;24;;;;;16.5;0.0
-2;11400;VEV_5500;5;20;;;;;6;21;;;;;5.5;0.0
-2;11400;VEV_6000;0;24;;;;;1;24;;;;;0.5;0.0
-2;11400;VEV_6500;0;15;;;;;1;15;;;;;0.5;0.0
-2;11500;ASH_COATED_OSMIUM;9994;13;;;;;10010;13;10012;24;;;10002.0;0.0
-2;11500;HYDROGEL_PACK;9990;10;9987;24;;;10006;10;10008;24;;;9998.0;0.0
-2;11500;INTARIAN_PEPPER_ROOT;13004;8;13001;17;;;13019;8;13022;17;;;13011.5;0.0
-2;11500;VELVETFRUIT_EXTRACT;5275;54;;;;;5281;30;;;;;5278.0;0.0
-2;11500;VEV_4000;1239;12;1237;27;;;1260;12;1263;27;;;1249.5;0.0
-2;11500;VEV_4500;746;7;744;17;;;763;17;;;;;754.5;0.0
-2;11500;VEV_5000;284;13;;;;;291;26;;;;;287.5;0.0
-2;11500;VEV_5100;162;8;;;;;166;22;167;17;;;164.0;0.0
-2;11500;VEV_5200;106;8;;;;;108;33;109;34;;;107.0;0.0
-2;11500;VEV_5300;45;20;44;18;;;47;23;48;20;;;46.0;0.0
-2;11500;VEV_5400;15;26;;;;;17;16;;;;;16.0;0.0
-2;11500;VEV_5500;5;17;;;;;6;20;;;;;5.5;0.0
-2;11500;VEV_6000;0;15;;;;;1;15;;;;;0.5;0.0
-2;11500;VEV_6500;0;13;;;;;1;13;;;;;0.5;0.0
-2;11600;ASH_COATED_OSMIUM;9994;15;9991;20;;;10010;15;;;;;10002.0;0.0
-2;11600;HYDROGEL_PACK;9991;14;9988;28;;;10007;14;10009;28;;;9999.0;0.0
-2;11600;INTARIAN_PEPPER_ROOT;13005;9;13001;24;;;13019;9;13022;24;;;13012.0;0.0
-2;11600;VELVETFRUIT_EXTRACT;5275;31;5275;35;;;5281;47;;;;;5278.0;0.0
-2;11600;VEV_4000;1240;9;1237;24;;;1261;9;1263;24;;;1250.5;0.0
-2;11600;VEV_4500;745;7;743;15;;;763;15;;;;;754.0;0.0
-2;11600;VEV_5000;286;12;285;18;;;292;6;293;20;;;289.0;0.0
-2;11600;VEV_5100;162;27;161;16;;;167;25;;;;;164.5;0.0
-2;11600;VEV_5200;106;32;105;26;;;108;8;109;23;;;107.0;0.0
-2;11600;VEV_5300;45;26;;;;;47;20;48;20;;;46.0;0.0
-2;11600;VEV_5400;15;23;;;;;17;19;;;;;16.0;0.0
-2;11600;VEV_5500;5;22;;;;;6;20;;;;;5.5;0.0
-2;11600;VEV_6000;0;22;;;;;1;22;;;;;0.5;0.0
-2;11600;VEV_6500;0;14;;;;;1;14;;;;;0.5;0.0
-2;11700;ASH_COATED_OSMIUM;10000;4;9994;13;9991;25;10010;13;10012;25;;;10005.0;0.0
-2;11700;HYDROGEL_PACK;9991;10;9989;26;;;10007;10;10010;26;;;9999.0;0.0
-2;11700;INTARIAN_PEPPER_ROOT;13005;12;13001;25;;;13019;12;13022;25;;;13012.0;0.0
-2;11700;VELVETFRUIT_EXTRACT;5276;19;5276;24;;;5281;24;5282;59;;;5278.5;0.0
-2;11700;VEV_4000;1240;8;1238;22;;;1261;8;1264;22;;;1250.5;0.0
-2;11700;VEV_4500;746;12;744;14;;;762;12;764;14;;;754.0;0.0
-2;11700;VEV_5000;286;11;285;23;;;292;6;293;12;;;289.0;0.0
-2;11700;VEV_5100;162;12;161;24;;;;;;;;;162.0;0.0
-2;11700;VEV_5200;;;;;;;109;28;;;;;109.0;0.0
-2;11700;VEV_5300;46;19;;;;;48;25;;;;;47.0;0.0
-2;11700;VEV_5400;15;19;;;;;16;26;;;;;15.5;0.0
-2;11700;VEV_5500;5;30;;;;;6;27;;;;;5.5;0.0
-2;11700;VEV_6000;0;26;;;;;1;26;;;;;0.5;0.0
-2;11700;VEV_6500;0;18;;;;;1;18;;;;;0.5;0.0
-2;11800;ASH_COATED_OSMIUM;9994;11;9992;27;;;10010;11;10013;27;;;10002.0;0.0
-2;11800;HYDROGEL_PACK;9992;12;9990;29;;;10008;12;10011;29;;;10000.0;0.0
-2;11800;INTARIAN_PEPPER_ROOT;13005;8;;;;;13019;8;;;;;13012.0;0.0
-2;11800;VELVETFRUIT_EXTRACT;5275;64;;;;;5281;68;;;;;5278.0;0.0
-2;11800;VEV_4000;1241;8;1239;16;;;1262;8;1265;16;;;1251.5;0.0
-2;11800;VEV_4500;748;10;746;23;;;764;10;766;23;;;756.0;0.0
-2;11800;VEV_5000;285;7;284;21;;;291;12;292;13;;;288.0;0.0
-2;11800;VEV_5100;;;;;;;165;21;166;22;;;165.0;0.0
-2;11800;VEV_5200;105;25;;;;;108;26;;;;;106.5;0.0
-2;11800;VEV_5300;45;28;44;16;;;47;22;48;13;;;46.0;0.0
-2;11800;VEV_5400;;;;;;;16;22;17;21;;;16.0;0.0
-2;11800;VEV_5500;5;19;;;;;6;18;;;;;5.5;0.0
-2;11800;VEV_6000;0;18;;;;;1;18;;;;;0.5;0.0
-2;11800;VEV_6500;0;15;;;;;1;15;;;;;0.5;0.0
-2;11900;ASH_COATED_OSMIUM;9994;14;9992;23;;;10013;23;;;;;10003.5;0.0
-2;11900;HYDROGEL_PACK;9990;14;9988;27;;;10006;14;10009;27;;;9998.0;0.0
-2;11900;INTARIAN_PEPPER_ROOT;13005;11;13002;23;;;13019;11;13022;23;;;13012.0;0.0
-2;11900;VELVETFRUIT_EXTRACT;5276;36;5276;18;;;5282;38;5282;60;;;5279.0;0.0
-2;11900;VEV_4000;1242;11;1239;20;;;1263;11;1265;20;;;1252.5;0.0
-2;11900;VEV_4500;747;7;745;20;;;763;7;765;20;;;755.0;0.0
-2;11900;VEV_5000;286;7;285;20;;;292;7;293;17;;;289.0;0.0
-2;11900;VEV_5100;160;31;;;;;164;23;165;15;;;162.0;0.0
-2;11900;VEV_5200;105;26;104;19;;;108;23;;;;;106.5;0.0
-2;11900;VEV_5300;46;28;;;;;48;24;;;;;47.0;0.0
-2;11900;VEV_5400;;;;;;;17;18;;;;;17.0;0.0
-2;11900;VEV_5500;5;26;;;;;6;27;;;;;5.5;0.0
-2;11900;VEV_6000;0;19;;;;;1;19;;;;;0.5;0.0
-2;11900;VEV_6500;0;13;;;;;1;13;;;;;0.5;0.0
-2;12000;ASH_COATED_OSMIUM;9995;11;9992;26;;;10011;11;10013;26;;;10003.0;0.0
-2;12000;HYDROGEL_PACK;9990;11;9988;25;;;10006;11;10009;25;;;9998.0;0.0
-2;12000;INTARIAN_PEPPER_ROOT;13005;11;13002;22;;;13019;11;13022;22;;;13012.0;0.0
-2;12000;VELVETFRUIT_EXTRACT;5275;38;;;;;5281;65;;;;;5278.0;0.0
-2;12000;VEV_4000;1242;12;1239;21;;;1263;12;1265;21;;;1252.5;0.0
-2;12000;VEV_4500;745;6;744;24;;;761;6;763;19;;;753.0;0.0
-2;12000;VEV_5000;285;6;284;19;;;292;25;;;;;288.5;0.0
-2;12000;VEV_5100;158;26;;;;;163;25;164;24;;;160.5;0.0
-2;12000;VEV_5200;105;12;104;24;;;108;12;;;;;106.5;0.0
-2;12000;VEV_5300;45;25;44;15;;;47;19;;;;;46.0;0.0
-2;12000;VEV_5400;15;22;;;;;16;20;17;21;;;15.5;0.0
-2;12000;VEV_5500;5;29;;;;;6;13;;;;;5.5;0.0
-2;12000;VEV_6000;0;18;;;;;1;18;;;;;0.5;0.0
-2;12000;VEV_6500;0;18;;;;;1;18;;;;;0.5;0.0
-2;12100;ASH_COATED_OSMIUM;9994;15;9992;22;;;10010;15;10013;22;;;10002.0;0.0
-2;12100;HYDROGEL_PACK;9989;13;9987;23;;;10005;13;10008;23;;;9997.0;0.0
-2;12100;INTARIAN_PEPPER_ROOT;13002;21;;;;;13019;8;;;;;13010.5;0.0
-2;12100;VELVETFRUIT_EXTRACT;5274;17;5273;42;5273;64;5279;47;5280;42;;;5276.5;0.0
-2;12100;VEV_4000;1242;14;1239;16;;;1263;14;1265;16;;;1252.5;0.0
-2;12100;VEV_4500;745;6;743;16;;;761;6;763;16;;;753.0;0.0
-2;12100;VEV_5000;286;6;285;36;;;;;;;;;286.0;0.0
-2;12100;VEV_5100;160;33;;;;;164;9;;;;;162.0;0.0
-2;12100;VEV_5200;105;33;;;;;109;26;;;;;107.0;0.0
-2;12100;VEV_5300;44;20;;;;;46;5;;;;;45.0;0.0
-2;12100;VEV_5400;;;;;;;16;16;;;;;16.0;0.0
-2;12100;VEV_5500;5;17;;;;;6;23;;;;;5.5;0.0
-2;12100;VEV_6000;0;16;;;;;1;16;;;;;0.5;0.0
-2;12100;VEV_6500;0;15;;;;;1;15;;;;;0.5;0.0
-2;12200;ASH_COATED_OSMIUM;9995;10;9992;30;;;10011;10;;;;;10003.0;0.0
-2;12200;HYDROGEL_PACK;9992;15;9989;26;;;10008;15;10010;26;;;10000.0;0.0
-2;12200;INTARIAN_PEPPER_ROOT;;;;;;;13008;4;13022;17;;;13008.0;0.0
-2;12200;VELVETFRUIT_EXTRACT;5273;15;;;;;5278;25;5279;21;;;5275.5;0.0
-2;12200;VEV_4000;1241;15;1239;16;;;1262;15;1265;16;;;1251.5;0.0
-2;12200;VEV_4500;746;10;744;21;;;762;10;764;21;;;754.0;0.0
-2;12200;VEV_5000;;;;;;;291;10;292;20;;;291.0;0.0
-2;12200;VEV_5100;160;12;;;;;164;27;;;;;162.0;0.0
-2;12200;VEV_5200;105;21;;;;;108;9;109;15;;;106.5;0.0
-2;12200;VEV_5300;45;19;44;27;;;47;27;;;;;46.0;0.0
-2;12200;VEV_5400;14;30;;;;;;;;;;;14.0;0.0
-2;12200;VEV_5500;5;19;;;;;6;20;;;;;5.5;0.0
-2;12200;VEV_6000;0;17;;;;;1;17;;;;;0.5;0.0
-2;12200;VEV_6500;0;15;;;;;1;15;;;;;0.5;0.0
-2;12300;ASH_COATED_OSMIUM;9995;12;;;;;10011;12;;;;;10003.0;0.0
-2;12300;HYDROGEL_PACK;9992;15;9989;25;;;10008;15;10010;25;;;10000.0;0.0
-2;12300;INTARIAN_PEPPER_ROOT;13015;8;13005;11;13002;20;13019;11;13023;20;;;13017.0;0.0
-2;12300;VELVETFRUIT_EXTRACT;5273;38;;;;;5279;63;;;;;5276.0;0.0
-2;12300;VEV_4000;1241;12;1239;26;;;1262;12;1265;26;;;1251.5;0.0
-2;12300;VEV_4500;746;11;744;19;;;762;11;764;19;;;754.0;0.0
-2;12300;VEV_5000;285;24;;;;;291;11;292;24;;;288.0;0.0
-2;12300;VEV_5100;162;12;;;;;166;27;167;15;;;164.0;0.0
-2;12300;VEV_5200;105;24;;;;;107;28;108;29;;;106.0;0.0
-2;12300;VEV_5300;;;;;;;46;24;47;17;;;46.0;0.0
-2;12300;VEV_5400;14;23;;;;;16;17;;;;;15.0;0.0
-2;12300;VEV_5500;5;25;;;;;6;21;;;;;5.5;0.0
-2;12300;VEV_6000;0;16;;;;;1;16;;;;;0.5;0.0
-2;12300;VEV_6500;0;15;;;;;1;15;;;;;0.5;0.0
-2;12400;ASH_COATED_OSMIUM;9995;12;;;;;10011;12;10014;21;;;10003.0;0.0
-2;12400;HYDROGEL_PACK;9997;14;9994;24;;;10013;14;10015;24;;;10005.0;0.0
-2;12400;INTARIAN_PEPPER_ROOT;13002;23;;;;;13019;9;13023;23;;;13010.5;0.0
-2;12400;VELVETFRUIT_EXTRACT;5274;21;5273;43;5273;43;5278;21;5279;55;;;5276.0;0.0
-2;12400;VEV_4000;1242;14;1239;19;;;1263;14;1265;19;;;1252.5;0.0
-2;12400;VEV_4500;747;12;;;;;763;12;765;14;;;755.0;0.0
-2;12400;VEV_5000;285;22;284;13;;;292;21;;;;;288.5;0.0
-2;12400;VEV_5100;162;6;161;21;;;167;16;;;;;164.5;0.0
-2;12400;VEV_5200;104;24;;;;;107;8;108;32;;;105.5;0.0
-2;12400;VEV_5300;44;26;;;;;46;10;;;;;45.0;0.0
-2;12400;VEV_5400;15;28;14;24;;;16;20;;;;;15.5;0.0
-2;12400;VEV_5500;5;29;;;;;6;25;;;;;5.5;0.0
-2;12400;VEV_6000;0;20;;;;;1;20;;;;;0.5;0.0
-2;12400;VEV_6500;0;18;;;;;1;18;;;;;0.5;0.0
-2;12500;ASH_COATED_OSMIUM;9995;12;9993;21;;;10011;12;10014;21;;;10003.0;0.0
-2;12500;HYDROGEL_PACK;9993;11;9991;22;;;10009;11;10012;22;;;10001.0;0.0
-2;12500;INTARIAN_PEPPER_ROOT;13005;9;13002;18;;;13020;9;13023;18;;;13012.5;0.0
-2;12500;VELVETFRUIT_EXTRACT;5274;45;;;;;5280;55;5281;39;;;5277.0;0.0
-2;12500;VEV_4000;1241;9;1238;19;;;1262;9;1264;19;;;1251.5;0.0
-2;12500;VEV_4500;745;7;743;20;;;761;7;762;10;763;20;753.0;0.0
-2;12500;VEV_5000;284;11;283;18;;;291;15;;;;;287.5;0.0
-2;12500;VEV_5100;162;7;;;;;166;21;167;25;;;164.0;0.0
-2;12500;VEV_5200;;;;;;;107;32;108;28;;;107.0;0.0
-2;12500;VEV_5300;43;19;;;;;45;16;;;;;44.0;0.0
-2;12500;VEV_5400;15;7;14;21;;;16;16;;;;;15.5;0.0
-2;12500;VEV_5500;5;22;;;;;6;27;;;;;5.5;0.0
-2;12500;VEV_6000;0;24;;;;;1;24;;;;;0.5;0.0
-2;12500;VEV_6500;0;18;;;;;1;18;;;;;0.5;0.0
-2;12600;ASH_COATED_OSMIUM;9995;13;9992;30;;;;;;;;;9995.0;0.0
-2;12600;HYDROGEL_PACK;9993;15;9990;20;;;10009;15;10011;20;;;10001.0;0.0
-2;12600;INTARIAN_PEPPER_ROOT;13006;12;13002;17;;;13020;12;13023;17;;;13013.0;0.0
-2;12600;VELVETFRUIT_EXTRACT;5275;62;;;;;5281;45;5281;63;;;5278.0;0.0
-2;12600;VEV_4000;1239;15;1236;18;;;1260;15;1262;18;;;1249.5;0.0
-2;12600;VEV_4500;744;10;742;14;;;760;10;762;14;;;752.0;0.0
