timestamp;buyer;seller;symbol;currency;price;quantity
0;BOT_TAKER;BOT_MAKER;VELVETFRUIT_EXTRACT;XIRECS;5265.0;8
0;SUBMISSION;BOT;ASH_COATED_OSMIUM;XIRECS;9997.0;4
100;BOT_MAKER;BOT_TAKER;ASH_COATED_OSMIUM;XIRECS;9991.0;6
100;BOT_TAKER;BOT_MAKER;HYDROGEL_PACK;XIRECS;9990.0;6
100;BOT_MAKER;BOT_TAKER;VELVETFRUIT_EXTRACT;XIRECS;5261.0;3
100;SUBMISSION;BOT;INTARIAN_PEPPER_ROOT;XIRECS;13007.0;10
200;BOT_MAKER;BOT_TAKER;HYDROGEL_PACK;XIRECS;9973.0;4
200;BOT_TAKER;BOT_MAKER;VEV_6000;XIRECS;1.0;4
300;BOT_MAKER;BOT_TAKER;VEV_6500;XIRECS;0.0;4
300;SUBMISSION;BOT;INTARIAN_PEPPER_ROOT;XIRECS;13007.0;8
400;BOT_TAKER;BOT_MAKER;VEV_4000;XIRECS;1272.0;2
400;BOT_TAKER;BOT_MAKER;VEV_6500;XIRECS;1.0;4
400;BOT;SUBMISSION;ASH_COATED_OSMIUM;XIRECS;10000.0;4
400;SUBMISSION;BOT;INTARIAN_PEPPER_ROOT;XIRECS;13007.0;12
500;BOT_TAKER;BOT_MAKER;VELVETFRUIT_EXTRACT;XIRECS;5267.0;5
500;SUBMISSION;BOT;INTARIAN_PEPPER_ROOT;XIRECS;13008.0;8
600;SUBMISSION;BOT;INTARIAN_PEPPER_ROOT;XIRECS;13008.0;9
600;SUBMISSION;BOT_TAKER;VELVETFRUIT_EXTRACT;XIRECS;5265.0;5
600;BOT_MAKER;BOT_TAKER;VELVETFRUIT_EXTRACT;XIRECS;5264.0;3
700;BOT_MAKER;BOT_TAKER;VELVETFRUIT_EXTRACT;XIRECS;5263.0;8
700;SUBMISSION;BOT;INTARIAN_PEPPER_ROOT;XIRECS;13008.0;8
800;BOT_MAKER;BOT_TAKER;VELVETFRUIT_EXTRACT;XIRECS;5261.0;3
800;BOT_TAKER;BOT_MAKER;VEV_5500;XIRECS;7.0;2
800;SUBMISSION;BOT;INTARIAN_PEPPER_ROOT;XIRECS;12997.0;5
800;SUBMISSION;BOT;INTARIAN_PEPPER_ROOT;XIRECS;13008.0;8
900;SUBMISSION;BOT;INTARIAN_PEPPER_ROOT;XIRECS;13008.0;8
1000;BOT_TAKER;BOT_MAKER;HYDROGEL_PACK;XIRECS;9984.0;4
1000;BOT_TAKER;BOT_MAKER;VEV_6500;XIRECS;1.0;4
1000;SUBMISSION;BOT;INTARIAN_PEPPER_ROOT;XIRECS;13008.0;4
1100;BOT_TAKER;BOT_MAKER;HYDROGEL_PACK;XIRECS;9982.0;2
1200;BOT_TAKER;BOT_MAKER;HYDROGEL_PACK;XIRECS;9983.0;6
1300;BOT_TAKER;BOT_MAKER;HYDROGEL_PACK;XIRECS;9981.0;4
1300;BOT_TAKER;BOT_MAKER;VEV_5500;XIRECS;7.0;3
1500;BOT_TAKER;BOT_MAKER;HYDROGEL_PACK;XIRECS;9979.0;6
1500;BOT_TAKER;BOT_MAKER;VELVETFRUIT_EXTRACT;XIRECS;5266.0;7
1500;BOT_TAKER;BOT_MAKER;VEV_5400;XIRECS;15.0;5
1500;SUBMISSION;BOT_TAKER;VELVETFRUIT_EXTRACT;XIRECS;5261.0;5
1600;SUBMISSION;BOT_TAKER;VEV_4000;XIRECS;1254.0;2
1700;BOT_TAKER;BOT_MAKER;HYDROGEL_PACK;XIRECS;9981.0;4
1700;SUBMISSION;BOT_TAKER;VELVETFRUIT_EXTRACT;XIRECS;5262.0;5
1700;BOT_MAKER;BOT_TAKER;VELVETFRUIT_EXTRACT;XIRECS;5261.0;5
1800;BOT_TAKER;BOT_MAKER;VELVETFRUIT_EXTRACT;XIRECS;5265.0;5
1900;BOT_TAKER;BOT_MAKER;VELVETFRUIT_EXTRACT;XIRECS;5267.0;7
1900;BOT_MAKER;BOT_TAKER;VEV_6000;XIRECS;0.0;2
1900;BOT_TAKER;SUBMISSION;HYDROGEL_PACK;XIRECS;9982.0;4
2000;BOT_MAKER;BOT_TAKER;VELVETFRUIT_EXTRACT;XIRECS;5260.0;4
2000;BOT_MAKER;BOT_TAKER;VEV_4000;XIRECS;1252.0;1
2100;BOT_MAKER;BOT_TAKER;HYDROGEL_PACK;XIRECS;9962.0;2
2100;BOT_TAKER;BOT_MAKER;VEV_5300;XIRECS;50.0;3
2200;SUBMISSION;BOT;ASH_COATED_OSMIUM;XIRECS;9995.0;9
2300;BOT_MAKER;BOT_TAKER;VELVETFRUIT_EXTRACT;XIRECS;5262.0;8
2300;BOT_MAKER;BOT_TAKER;VEV_5500;XIRECS;5.0;2
2400;BOT_MAKER;BOT_TAKER;INTARIAN_PEPPER_ROOT;XIRECS;12995.0;3
2400;SUBMISSION;BOT_TAKER;VELVETFRUIT_EXTRACT;XIRECS;5262.0;5
2400;BOT_MAKER;BOT_TAKER;VELVETFRUIT_EXTRACT;XIRECS;5261.0;1
2500;BOT_TAKER;BOT_MAKER;VELVETFRUIT_EXTRACT;XIRECS;5267.0;5
2600;BOT_MAKER;BOT_TAKER;HYDROGEL_PACK;XIRECS;9969.0;5
2600;BOT_TAKER;BOT_MAKER;VELVETFRUIT_EXTRACT;XIRECS;5267.0;7
2700;BOT_TAKER;BOT_MAKER;VELVETFRUIT_EXTRACT;XIRECS;5267.0;8
2700;BOT_MAKER;BOT_TAKER;VEV_5300;XIRECS;48.0;4
2700;BOT_MAKER;BOT_TAKER;VEV_5500;XIRECS;5.0;2
2700;BOT_TAKER;SUBMISSION;VEV_4000;XIRECS;1271.0;3
2800;BOT_TAKER;BOT_MAKER;VELVETFRUIT_EXTRACT;XIRECS;5267.0;6
2800;BOT_TAKER;BOT_MAKER;VEV_4000;XIRECS;1271.0;1
3000;BOT_TAKER;BOT_MAKER;VEV_6500;XIRECS;1.0;5
3100;BOT_TAKER;BOT_MAKER;VELVETFRUIT_EXTRACT;XIRECS;5268.0;6
3100;BOT_TAKER;BOT_MAKER;VELVETFRUIT_EXTRACT;XIRECS;5268.0;7
3200;BOT_MAKER;BOT_TAKER;VELVETFRUIT_EXTRACT;XIRECS;5263.0;6
3300;BOT_TAKER;BOT_MAKER;VELVETFRUIT_EXTRACT;XIRECS;5268.0;10
3500;BOT_TAKER;BOT_MAKER;HYDROGEL_PACK;XIRECS;9992.0;3
3500;SUBMISSION;BOT_TAKER;HYDROGEL_PACK;XIRECS;9977.0;5
3500;BOT_MAKER;BOT_TAKER;HYDROGEL_PACK;XIRECS;9976.0;1
3600;BOT_MAKER;BOT_TAKER;HYDROGEL_PACK;XIRECS;9978.0;6
3600;BOT_TAKER;BOT_MAKER;VELVETFRUIT_EXTRACT;XIRECS;5269.0;8
3700;BOT_MAKER;BOT_TAKER;HYDROGEL_PACK;XIRECS;9978.0;3
3700;BOT_MAKER;BOT_TAKER;VELVETFRUIT_EXTRACT;XIRECS;5264.0;5
3700;BOT_MAKER;BOT_TAKER;VEV_4000;XIRECS;1249.0;3
3800;BOT_TAKER;BOT_MAKER;VELVETFRUIT_EXTRACT;XIRECS;5271.0;8
3800;BOT_TAKER;SUBMISSION;HYDROGEL_PACK;XIRECS;9993.0;5
3800;BOT_TAKER;BOT_MAKER;HYDROGEL_PACK;XIRECS;9994.0;1
3900;BOT_TAKER;BOT_MAKER;VELVETFRUIT_EXTRACT;XIRECS;5272.0;7
4000;BOT_MAKER;BOT_TAKER;INTARIAN_PEPPER_ROOT;XIRECS;12997.0;7
4000;BOT_MAKER;BOT_TAKER;VELVETFRUIT_EXTRACT;XIRECS;5267.0;3
4100;BOT_MAKER;BOT_TAKER;HYDROGEL_PACK;XIRECS;9980.0;3
4100;BOT_TAKER;BOT_MAKER;VELVETFRUIT_EXTRACT;XIRECS;5273.0;7
4100;BOT_TAKER;BOT_MAKER;VEV_6500;XIRECS;1.0;3
4200;BOT_MAKER;BOT_TAKER;VEV_5400;XIRECS;13.0;2
4300;BOT_MAKER;BOT_TAKER;VELVETFRUIT_EXTRACT;XIRECS;5266.0;6
4300;BOT_TAKER;BOT_MAKER;INTARIAN_PEPPER_ROOT;XIRECS;13011.0;7
4400;BOT_TAKER;BOT_MAKER;VEV_6500;XIRECS;1.0;3
4400;BOT_TAKER;SUBMISSION;VELVETFRUIT_EXTRACT;XIRECS;5269.0;5
4500;BOT_MAKER;BOT_TAKER;HYDROGEL_PACK;XIRECS;9975.0;3
4500;BOT_TAKER;BOT_MAKER;VELVETFRUIT_EXTRACT;XIRECS;5271.0;7
4500;BOT_TAKER;BOT_MAKER;VEV_5400;XIRECS;13.0;4
4500;BOT_TAKER;SUBMISSION;ASH_COATED_OSMIUM;XIRECS;10007.0;7
4800;BOT_TAKER;BOT_MAKER;HYDROGEL_PACK;XIRECS;9993.0;5
4800;BOT_TAKER;SUBMISSION;VEV_4000;XIRECS;1268.0;1
4900;BOT_TAKER;BOT_MAKER;HYDROGEL_PACK;XIRECS;9991.0;2
4900;BOT_MAKER;BOT_TAKER;VELVETFRUIT_EXTRACT;XIRECS;5269.0;8
4900;BOT_MAKER;BOT_TAKER;VEV_6500;XIRECS;0.0;4
5100;BOT_MAKER;BOT_TAKER;HYDROGEL_PACK;XIRECS;9977.0;6
5200;BOT_TAKER;BOT_MAKER;HYDROGEL_PACK;XIRECS;9993.0;4
5200;BOT_MAKER;BOT_TAKER;VEV_4000;XIRECS;1249.0;3
5300;BOT_MAKER;BOT_TAKER;HYDROGEL_PACK;XIRECS;9978.0;3
5300;BOT_TAKER;BOT_MAKER;VELVETFRUIT_EXTRACT;XIRECS;5273.0;10
5300;BOT_TAKER;SUBMISSION;HYDROGEL_PACK;XIRECS;9993.0;5
5300;BOT_TAKER;BOT_MAKER;HYDROGEL_PACK;XIRECS;9994.0;1
5400;BOT_TAKER;BOT_MAKER;VELVETFRUIT_EXTRACT;XIRECS;5272.0;6
5400;BOT_TAKER;BOT_MAKER;VEV_5500;XIRECS;6.0;2
5400;SUBMISSION;BOT_TAKER;HYDROGEL_PACK;XIRECS;9980.0;2
5600;BOT_MAKER;BOT_TAKER;HYDROGEL_PACK;XIRECS;9980.0;6
5600;BOT_MAKER;BOT_TAKER;VELVETFRUIT_EXTRACT;XIRECS;5268.0;5
5800;BOT_TAKER;BOT_MAKER;HYDROGEL_PACK;XIRECS;9994.0;3
5800;BOT_MAKER;BOT_TAKER;VEV_5400;XIRECS;13.0;3
6100;BOT_TAKER;SUBMISSION;INTARIAN_PEPPER_ROOT;XIRECS;13014.0;4
6200;BOT_TAKER;BOT_MAKER;VELVETFRUIT_EXTRACT;XIRECS;5271.0;5
6200;SUBMISSION;BOT;INTARIAN_PEPPER_ROOT;XIRECS;13013.0;4
6400;BOT_TAKER;BOT_MAKER;INTARIAN_PEPPER_ROOT;XIRECS;13013.0;4
6500;BOT_TAKER;BOT_MAKER;VELVETFRUIT_EXTRACT;XIRECS;5271.0;5
6500;BOT_MAKER;BOT_TAKER;VEV_4000;XIRECS;1243.0;2
6600;BOT_TAKER;SUBMISSION;INTARIAN_PEPPER_ROOT;XIRECS;13015.0;8
6700;SUBMISSION;BOT;INTARIAN_PEPPER_ROOT;XIRECS;13014.0;8
6800;BOT_MAKER;BOT_TAKER;VELVETFRUIT_EXTRACT;XIRECS;5265.0;4
6800;BOT_MAKER;BOT_TAKER;VEV_6000;XIRECS;0.0;5
6900;BOT_TAKER;BOT_MAKER;VEV_5500;XIRECS;6.0;2
7000;BOT_MAKER;BOT_TAKER;ASH_COATED_OSMIUM;XIRECS;9989.0;3
7300;BOT_MAKER;BOT_TAKER;HYDROGEL_PACK;XIRECS;9988.0;4
7300;BOT_MAKER;BOT_TAKER;VELVETFRUIT_EXTRACT;XIRECS;5266.0;4
7400;BOT_TAKER;SUBMISSION;VELVETFRUIT_EXTRACT;XIRECS;5272.0;5
7500;SUBMISSION;BOT_TAKER;VELVETFRUIT_EXTRACT;XIRECS;5270.0;5
7500;BOT_MAKER;BOT_TAKER;VELVETFRUIT_EXTRACT;XIRECS;5269.0;2
7600;BOT_MAKER;BOT_TAKER;VELVETFRUIT_EXTRACT;XIRECS;5267.0;5
7600;BOT_TAKER;BOT_MAKER;VEV_6000;XIRECS;1.0;4
7700;BOT_TAKER;BOT_MAKER;VELVETFRUIT_EXTRACT;XIRECS;5271.0;4
7700;BOT_TAKER;BOT_MAKER;VEV_4000;XIRECS;1258.0;1
7700;BOT_MAKER;BOT_TAKER;VEV_6000;XIRECS;0.0;2
7700;BOT_TAKER;SUBMISSION;HYDROGEL_PACK;XIRECS;10007.0;5
7700;BOT_TAKER;BOT_MAKER;HYDROGEL_PACK;XIRECS;10008.0;1
7800;BOT_MAKER;BOT_TAKER;VELVETFRUIT_EXTRACT;XIRECS;5266.0;6
7800;BOT_TAKER;BOT_MAKER;VEV_5300;XIRECS;50.0;3
7900;BOT_TAKER;BOT_MAKER;VELVETFRUIT_EXTRACT;XIRECS;5271.0;6
7900;BOT_MAKER;BOT_TAKER;VEV_5300;XIRECS;48.0;2
8100;BOT_TAKER;SUBMISSION;VELVETFRUIT_EXTRACT;XIRECS;5271.0;5
8100;BOT_TAKER;BOT_MAKER;VELVETFRUIT_EXTRACT;XIRECS;5272.0;1
8200;BOT_TAKER;BOT_MAKER;HYDROGEL_PACK;XIRECS;10008.0;6
8200;BOT_TAKER;BOT_MAKER;VELVETFRUIT_EXTRACT;XIRECS;5272.0;5
8300;SUBMISSION;BOT_TAKER;VELVETFRUIT_EXTRACT;XIRECS;5268.0;5
8300;BOT_MAKER;BOT_TAKER;VELVETFRUIT_EXTRACT;XIRECS;5267.0;3
8400;BOT_MAKER;BOT_TAKER;VELVETFRUIT_EXTRACT;XIRECS;5266.0;7
8500;BOT_TAKER;BOT_MAKER;HYDROGEL_PACK;XIRECS;10002.0;4
8500;SUBMISSION;BOT_TAKER;VEV_4000;XIRECS;1236.0;2
8600;BOT_TAKER;BOT_MAKER;HYDROGEL_PACK;XIRECS;10004.0;4
8600;BOT_TAKER;BOT_MAKER;VELVETFRUIT_EXTRACT;XIRECS;5271.0;5
8700;BOT_TAKER;BOT_MAKER;HYDROGEL_PACK;XIRECS;10008.0;5
8700;BOT_TAKER;BOT_MAKER;VELVETFRUIT_EXTRACT;XIRECS;5271.0;4
8800;BOT_TAKER;BOT_MAKER;VELVETFRUIT_EXTRACT;XIRECS;5272.0;3
8900;BOT_TAKER;BOT_MAKER;VELVETFRUIT_EXTRACT;XIRECS;5272.0;6
8900;BOT_MAKER;BOT_TAKER;VELVETFRUIT_EXTRACT;XIRECS;5267.0;4
9000;BOT_MAKER;BOT_TAKER;VELVETFRUIT_EXTRACT;XIRECS;5268.0;3
9000;BOT_MAKER;BOT_TAKER;VEV_5500;XIRECS;5.0;3
9100;BOT_TAKER;BOT_MAKER;HYDROGEL_PACK;XIRECS;10008.0;6
9100;BOT_MAKER;BOT_TAKER;VELVETFRUIT_EXTRACT;XIRECS;5268.0;5
9300;BOT;SUBMISSION;ASH_COATED_OSMIUM;XIRECS;10002.0;2
9300;BOT_TAKER;SUBMISSION;ASH_COATED_OSMIUM;XIRECS;10008.0;6
9400;BOT_MAKER;BOT_TAKER;VELVETFRUIT_EXTRACT;XIRECS;5269.0;8
9400;BOT_TAKER;BOT_MAKER;VEV_6500;XIRECS;1.0;4
9600;BOT_MAKER;BOT_TAKER;HYDROGEL_PACK;XIRECS;9991.0;4
9600;BOT_MAKER;BOT_TAKER;VELVETFRUIT_EXTRACT;XIRECS;5268.0;8
9600;BOT_TAKER;BOT_MAKER;VEV_5500;XIRECS;6.0;4
9600;BOT_TAKER;BOT_MAKER;VEV_6000;XIRECS;1.0;3
9600;BOT_TAKER;SUBMISSION;ASH_COATED_OSMIUM;XIRECS;10011.0;9
9600;BOT_TAKER;SUBMISSION;VELVETFRUIT_EXTRACT;XIRECS;5272.0;4
9700;BOT_MAKER;BOT_TAKER;VELVETFRUIT_EXTRACT;XIRECS;5270.0;8
9900;BOT_MAKER;BOT_TAKER;VELVETFRUIT_EXTRACT;XIRECS;5272.0;3
10000;BOT_MAKER;BOT_TAKER;HYDROGEL_PACK;XIRECS;9990.0;4
10000;BOT_TAKER;BOT_MAKER;VEV_4000;XIRECS;1254.0;1
10000;BOT_TAKER;SUBMISSION;INTARIAN_PEPPER_ROOT;XIRECS;13018.0;5
10100;BOT_MAKER;BOT_TAKER;VEV_6000;XIRECS;0.0;5
10100;SUBMISSION;BOT;INTARIAN_PEPPER_ROOT;XIRECS;13017.0;5
10200;BOT_TAKER;BOT_MAKER;HYDROGEL_PACK;XIRECS;10003.0;4
10200;SUBMISSION;BOT_TAKER;ASH_COATED_OSMIUM;XIRECS;9994.0;4
10300;BOT_MAKER;BOT_TAKER;VELVETFRUIT_EXTRACT;XIRECS;5272.0;7
10300;BOT_MAKER;BOT_TAKER;VELVETFRUIT_EXTRACT;XIRECS;5272.0;7
10300;BOT_TAKER;BOT_MAKER;VEV_5400;XIRECS;16.0;4
10300;BOT_TAKER;BOT_MAKER;VEV_5500;XIRECS;6.0;5
10400;BOT_TAKER;BOT_MAKER;VEV_5500;XIRECS;6.0;3
10500;BOT_TAKER;BOT_MAKER;VEV_5500;XIRECS;6.0;3
10700;BOT_MAKER;BOT_TAKER;VEV_4000;XIRECS;1237.0;2
10800;BOT_MAKER;BOT_TAKER;HYDROGEL_PACK;XIRECS;9988.0;4
10800;BOT_TAKER;BOT_MAKER;VELVETFRUIT_EXTRACT;XIRECS;5278.0;8
10800;BOT_TAKER;BOT_MAKER;VEV_6500;XIRECS;1.0;2
10900;BOT_TAKER;BOT_MAKER;VELVETFRUIT_EXTRACT;XIRECS;5278.0;9
11000;BOT_TAKER;BOT_MAKER;HYDROGEL_PACK;XIRECS;10005.0;6
11000;BOT_TAKER;SUBMISSION;VEV_4000;XIRECS;1259.0;3
11100;BOT_TAKER;BOT_MAKER;VELVETFRUIT_EXTRACT;XIRECS;5279.0;8
11100;BOT_MAKER;BOT_TAKER;VEV_4000;XIRECS;1240.0;2
11200;BOT_TAKER;BOT_MAKER;HYDROGEL_PACK;XIRECS;10005.0;2
11200;BOT_MAKER;BOT_TAKER;VELVETFRUIT_EXTRACT;XIRECS;5274.0;8
11200;BOT_TAKER;BOT_MAKER;VEV_6000;XIRECS;1.0;2
11300;BOT_TAKER;BOT_MAKER;HYDROGEL_PACK;XIRECS;10007.0;3
11500;BOT_TAKER;BOT_MAKER;HYDROGEL_PACK;XIRECS;10006.0;3
11500;BOT_MAKER;BOT_TAKER;VEV_6000;XIRECS;0.0;3
11600;BOT_TAKER;BOT_MAKER;HYDROGEL_PACK;XIRECS;10007.0;2
11700;BOT_TAKER;BOT_MAKER;VEV_6000;XIRECS;1.0;5
11700;BOT_TAKER;SUBMISSION;VELVETFRUIT_EXTRACT;XIRECS;5280.0;5
11700;BOT_TAKER;BOT_MAKER;VELVETFRUIT_EXTRACT;XIRECS;5281.0;2
11800;BOT_TAKER;SUBMISSION;ASH_COATED_OSMIUM;XIRECS;10009.0;8
11900;BOT_MAKER;BOT_TAKER;VEV_4000;XIRECS;1242.0;3
12000;BOT_TAKER;BOT_MAKER;INTARIAN_PEPPER_ROOT;XIRECS;13019.0;7
12000;BOT_MAKER;BOT_TAKER;VELVETFRUIT_EXTRACT;XIRECS;5275.0;3
12100;BOT_TAKER;BOT_MAKER;HYDROGEL_PACK;XIRECS;10005.0;5
12100;BOT_MAKER;BOT_TAKER;VEV_4000;XIRECS;1242.0;2
12200;BOT_TAKER;BOT_MAKER;INTARIAN_PEPPER_ROOT;XIRECS;13008.0;4
12200;BOT_TAKER;BOT_MAKER;INTARIAN_PEPPER_ROOT;XIRECS;13022.0;1
12200;BOT_TAKER;BOT_MAKER;VEV_4000;XIRECS;1262.0;3
12300;BOT_TAKER;BOT_MAKER;VELVETFRUIT_EXTRACT;XIRECS;5279.0;6
12300;BOT_TAKER;BOT_MAKER;VEV_5400;XIRECS;16.0;5
12400;BOT_TAKER;BOT_MAKER;VEV_4000;XIRECS;1263.0;2
12500;BOT_TAKER;BOT_MAKER;HYDROGEL_PACK;XIRECS;10009.0;6
12500;BOT_TAKER;BOT_MAKER;VEV_5400;XIRECS;16.0;5
12600;BOT_TAKER;BOT_MAKER;VELVETFRUIT_EXTRACT;XIRECS;5281.0;6
12600;BOT_MAKER;BOT_TAKER;VEV_4000;XIRECS;1239.0;2
12600;BOT_TAKER;BOT_MAKER;VEV_5400;XIRECS;16.0;4
12800;BOT_TAKER;BOT_MAKER;HYDROGEL_PACK;XIRECS;10009.0;4
12800;BOT_TAKER;BOT_MAKER;VEV_4000;XIRECS;1259.0;1
12800;BOT_MAKER;BOT_TAKER;VEV_5500;XIRECS;5.0;2
13000;BOT_TAKER;BOT_MAKER;VELVETFRUIT_EXTRACT;XIRECS;5279.0;7
13100;BOT_MAKER;BOT_TAKER;HYDROGEL_PACK;XIRECS;9993.0;2
13300;BOT_MAKER;BOT_TAKER;HYDROGEL_PACK;XIRECS;9996.0;2
13300;BOT_TAKER;BOT_MAKER;VELVETFRUIT_EXTRACT;XIRECS;5279.0;8
13400;BOT_TAKER;SUBMISSION;VELVETFRUIT_EXTRACT;XIRECS;5279.0;5
13400;BOT_TAKER;BOT_MAKER;VELVETFRUIT_EXTRACT;XIRECS;5280.0;3
13500;BOT_MAKER;BOT_TAKER;VEV_5400;XIRECS;15.0;4
13600;BOT_MAKER;BOT_TAKER;HYDROGEL_PACK;XIRECS;9997.0;4
13600;BOT_MAKER;BOT_TAKER;HYDROGEL_PACK;XIRECS;9997.0;3
13600;SUBMISSION;BOT_TAKER;HYDROGEL_PACK;XIRECS;9998.0;5
13700;BOT_TAKER;BOT_MAKER;INTARIAN_PEPPER_ROOT;XIRECS;13021.0;8
13700;BOT_TAKER;BOT_MAKER;VELVETFRUIT_EXTRACT;XIRECS;5281.0;7
13700;BOT_MAKER;BOT_TAKER;VEV_5500;XIRECS;4.0;5
13800;BOT_MAKER;BOT_TAKER;VEV_4000;XIRECS;1240.0;3
13900;BOT_MAKER;BOT_TAKER;VELVETFRUIT_EXTRACT;XIRECS;5275.0;6
14000;BOT_TAKER;BOT_MAKER;ASH_COATED_OSMIUM;XIRECS;10009.0;5
14000;BOT_MAKER;BOT_TAKER;HYDROGEL_PACK;XIRECS;10002.0;3
14000;BOT_TAKER;SUBMISSION;VEV_4000;XIRECS;1260.0;1
14100;BOT_MAKER;BOT_TAKER;HYDROGEL_PACK;XIRECS;10003.0;5
14100;BOT_MAKER;BOT_TAKER;VELVETFRUIT_EXTRACT;XIRECS;5275.0;4
14300;BOT_TAKER;BOT_MAKER;VELVETFRUIT_EXTRACT;XIRECS;5281.0;8
14400;BOT_TAKER;BOT_MAKER;VELVETFRUIT_EXTRACT;XIRECS;5279.0;4
14400;BOT_TAKER;BOT_MAKER;VEV_6000;XIRECS;1.0;4
14400;SUBMISSION;BOT;ASH_COATED_OSMIUM;XIRECS;9998.0;8
14400;BOT_TAKER;SUBMISSION;VELVETFRUIT_EXTRACT;XIRECS;5278.0;5
14400;BOT_TAKER;BOT_MAKER;VELVETFRUIT_EXTRACT;XIRECS;5279.0;1
14500;BOT_MAKER;BOT_TAKER;VELVETFRUIT_EXTRACT;XIRECS;5274.0;8
14600;BOT_TAKER;BOT_MAKER;HYDROGEL_PACK;XIRECS;10018.0;6
14600;BOT_MAKER;BOT_TAKER;VELVETFRUIT_EXTRACT;XIRECS;5274.0;8
14600;BOT_MAKER;BOT_TAKER;VELVETFRUIT_EXTRACT;XIRECS;5274.0;5
14600;BOT_TAKER;BOT_MAKER;VEV_6500;XIRECS;1.0;2
14700;BOT_TAKER;BOT_MAKER;HYDROGEL_PACK;XIRECS;10014.0;5
14700;BOT_MAKER;BOT_TAKER;VELVETFRUIT_EXTRACT;XIRECS;5274.0;8
14800;BOT_MAKER;BOT_TAKER;VEV_4000;XIRECS;1237.0;3
14900;BOT_TAKER;BOT_MAKER;VELVETFRUIT_EXTRACT;XIRECS;5280.0;4
15000;BOT_MAKER;BOT_TAKER;VELVETFRUIT_EXTRACT;XIRECS;5275.0;6
15000;BOT_MAKER;BOT_TAKER;VEV_6000;XIRECS;0.0;2
15000;SUBMISSION;BOT_TAKER;VELVETFRUIT_EXTRACT;XIRECS;5276.0;5
15000;BOT_MAKER;BOT_TAKER;VELVETFRUIT_EXTRACT;XIRECS;5275.0;7
15100;BOT_MAKER;BOT_TAKER;VEV_6000;XIRECS;0.0;5
15200;BOT_TAKER;BOT_MAKER;VELVETFRUIT_EXTRACT;XIRECS;5281.0;4
15200;BOT_MAKER;BOT_TAKER;VEV_5500;XIRECS;4.0;3
15300;BOT_TAKER;BOT_MAKER;ASH_COATED_OSMIUM;XIRECS;10012.0;8
15400;BOT_MAKER;BOT_TAKER;VEV_6500;XIRECS;0.0;4
15500;BOT_TAKER;BOT_MAKER;HYDROGEL_PACK;XIRECS;10022.0;5
15500;BOT_MAKER;BOT_TAKER;VELVETFRUIT_EXTRACT;XIRECS;5276.0;5
15500;BOT_TAKER;BOT_MAKER;VEV_4000;XIRECS;1259.0;1
15600;BOT_TAKER;BOT_MAKER;VEV_5300;XIRECS;47.0;2
15800;BOT_MAKER;BOT_TAKER;HYDROGEL_PACK;XIRECS;10007.0;5
15800;BOT_MAKER;BOT_TAKER;VEV_5400;XIRECS;13.0;2
15800;BOT_TAKER;BOT_MAKER;VEV_5500;XIRECS;5.0;4
15800;BOT_MAKER;BOT_TAKER;VEV_6500;XIRECS;0.0;5
15900;BOT_TAKER;BOT_MAKER;VEV_4000;XIRECS;1261.0;3
15900;SUBMISSION;BOT_TAKER;VELVETFRUIT_EXTRACT;XIRECS;5274.0;3
16100;BOT_MAKER;BOT_TAKER;VELVETFRUIT_EXTRACT;XIRECS;5274.0;8
16200;BOT_MAKER;BOT_TAKER;VELVETFRUIT_EXTRACT;XIRECS;5275.0;4
16200;BOT_TAKER;BOT_MAKER;VEV_6000;XIRECS;1.0;5
16300;BOT_MAKER;BOT_TAKER;VEV_5500;XIRECS;4.0;2
16400;BOT_TAKER;BOT_MAKER;HYDROGEL_PACK;XIRECS;10028.0;2
16500;BOT_MAKER;BOT_TAKER;HYDROGEL_PACK;XIRECS;10008.0;6
16500;BOT_MAKER;BOT_TAKER;VELVETFRUIT_EXTRACT;XIRECS;5272.0;5
16500;BOT_MAKER;BOT_TAKER;VEV_4000;XIRECS;1238.0;3
16500;SUBMISSION;BOT_TAKER;VELVETFRUIT_EXTRACT;XIRECS;5273.0;5
16500;BOT_MAKER;BOT_TAKER;VELVETFRUIT_EXTRACT;XIRECS;5272.0;2
16800;BOT_TAKER;BOT_MAKER;VELVETFRUIT_EXTRACT;XIRECS;5274.0;5
16900;BOT_TAKER;BOT_MAKER;VELVETFRUIT_EXTRACT;XIRECS;5273.0;6
16900;BOT_TAKER;BOT_MAKER;VEV_6500;XIRECS;1.0;5
17000;BOT_TAKER;BOT_MAKER;VELVETFRUIT_EXTRACT;XIRECS;5274.0;4
17000;SUBMISSION;BOT_TAKER;HYDROGEL_PACK;XIRECS;10014.0;3
17100;BOT_MAKER;BOT_TAKER;VELVETFRUIT_EXTRACT;XIRECS;5268.0;10
17100;SUBMISSION;BOT_TAKER;ASH_COATED_OSMIUM;XIRECS;9992.0;6
17200;BOT_TAKER;BOT_MAKER;HYDROGEL_PACK;XIRECS;10024.0;5
17200;BOT_MAKER;BOT_TAKER;VEV_4000;XIRECS;1240.0;3
17300;BOT_MAKER;BOT_TAKER;HYDROGEL_PACK;XIRECS;10011.0;3
17300;SUBMISSION;BOT;ASH_COATED_OSMIUM;XIRECS;9997.0;10
17400;BOT_TAKER;BOT_MAKER;VELVETFRUIT_EXTRACT;XIRECS;5271.0;7
17500;BOT_MAKER;BOT_TAKER;ASH_COATED_OSMIUM;XIRECS;9991.0;4
17500;BOT_TAKER;BOT_MAKER;VEV_5500;XIRECS;5.0;4
17600;BOT_MAKER;BOT_TAKER;VEV_6500;XIRECS;0.0;4
17700;BOT_TAKER;BOT_MAKER;VELVETFRUIT_EXTRACT;XIRECS;5275.0;6
17700;BOT_TAKER;BOT_MAKER;VEV_6000;XIRECS;1.0;3
17700;BOT;SUBMISSION;ASH_COATED_OSMIUM;XIRECS;10001.0;5
17800;BOT_TAKER;BOT_MAKER;VELVETFRUIT_EXTRACT;XIRECS;5276.0;5
18000;BOT_TAKER;BOT_MAKER;INTARIAN_PEPPER_ROOT;XIRECS;13025.0;8
18100;BOT_TAKER;BOT_MAKER;HYDROGEL_PACK;XIRECS;10022.0;4
18300;BOT_MAKER;BOT_TAKER;HYDROGEL_PACK;XIRECS;10004.0;6
18300;BOT_TAKER;SUBMISSION;VELVETFRUIT_EXTRACT;XIRECS;5275.0;4
18400;BOT_MAKER;BOT_TAKER;ASH_COATED_OSMIUM;XIRECS;9992.0;10
18500;BOT_MAKER;BOT_TAKER;HYDROGEL_PACK;XIRECS;10008.0;3
18500;SUBMISSION;BOT_TAKER;VEV_4000;XIRECS;1247.0;3
18600;BOT_MAKER;BOT_TAKER;HYDROGEL_PACK;XIRECS;10010.0;6
18600;BOT_TAKER;BOT_MAKER;VELVETFRUIT_EXTRACT;XIRECS;5281.0;6
18600;BOT_MAKER;BOT_TAKER;VEV_4000;XIRECS;1246.0;3
18700;BOT_TAKER;BOT_MAKER;HYDROGEL_PACK;XIRECS;10022.0;3
18700;SUBMISSION;BOT_TAKER;VELVETFRUIT_EXTRACT;XIRECS;5276.0;5
18700;BOT_MAKER;BOT_TAKER;VELVETFRUIT_EXTRACT;XIRECS;5275.0;1
19000;BOT_MAKER;BOT_TAKER;HYDROGEL_PACK;XIRECS;10007.0;6
19100;BOT_MAKER;BOT_TAKER;HYDROGEL_PACK;XIRECS;10009.0;5
19100;BOT_MAKER;BOT_TAKER;VELVETFRUIT_EXTRACT;XIRECS;5276.0;7
19100;BOT_MAKER;BOT_TAKER;VEV_5500;XIRECS;4.0;3
19100;BOT_TAKER;BOT_MAKER;VEV_6000;XIRECS;1.0;2
19200;BOT_TAKER;BOT_MAKER;VEV_4000;XIRECS;1266.0;3
19300;BOT_MAKER;BOT_TAKER;ASH_COATED_OSMIUM;XIRECS;9993.0;9
19300;BOT_MAKER;BOT_TAKER;HYDROGEL_PACK;XIRECS;10009.0;6
19300;BOT_MAKER;BOT_TAKER;VELVETFRUIT_EXTRACT;XIRECS;5275.0;5
19300;BOT_TAKER;BOT_MAKER;VEV_4000;XIRECS;1266.0;1
19500;BOT_MAKER;BOT_TAKER;VELVETFRUIT_EXTRACT;XIRECS;5275.0;8
19500;BOT_MAKER;BOT_TAKER;VEV_6500;XIRECS;0.0;2
19700;BOT_TAKER;BOT_MAKER;HYDROGEL_PACK;XIRECS;10024.0;2
19700;BOT_MAKER;BOT_TAKER;VELVETFRUIT_EXTRACT;XIRECS;5275.0;7
19700;BOT_TAKER;SUBMISSION;VEV_4000;XIRECS;1264.0;1
19800;BOT_MAKER;BOT_TAKER;HYDROGEL_PACK;XIRECS;10011.0;2
19900;BOT_MAKER;BOT_TAKER;VELVETFRUIT_EXTRACT;XIRECS;5277.0;4
20000;BOT_TAKER;BOT_MAKER;VELVETFRUIT_EXTRACT;XIRECS;5282.0;7
20000;BOT_TAKER;BOT_MAKER;VEV_5500;XIRECS;5.0;2
20000;BOT_MAKER;BOT_TAKER;VEV_6000;XIRECS;0.0;2
20100;BOT_TAKER;BOT_MAKER;VELVETFRUIT_EXTRACT;XIRECS;5283.0;7
20100;BOT_MAKER;BOT_TAKER;VELVETFRUIT_EXTRACT;XIRECS;5278.0;5
20100;BOT_MAKER;BOT_TAKER;VEV_5300;XIRECS;47.0;4
20200;BOT_MAKER;BOT_TAKER;VELVETFRUIT_EXTRACT;XIRECS;5279.0;8
20300;BOT_MAKER;BOT_TAKER;HYDROGEL_PACK;XIRECS;10015.0;6
20300;BOT_MAKER;BOT_TAKER;VEV_4000;XIRECS;1245.0;3
20300;BOT_TAKER;BOT_MAKER;VEV_6500;XIRECS;1.0;4
20400;BOT_MAKER;BOT_TAKER;HYDROGEL_PACK;XIRECS;10018.0;3
20500;BOT_MAKER;BOT_TAKER;VEV_4000;XIRECS;1244.0;1
20600;BOT_MAKER;BOT_TAKER;HYDROGEL_PACK;XIRECS;10019.0;4
20700;BOT_MAKER;BOT_TAKER;VELVETFRUIT_EXTRACT;XIRECS;5281.0;5
20700;BOT_MAKER;BOT_TAKER;VEV_5400;XIRECS;14.0;2
20800;BOT_MAKER;BOT_TAKER;HYDROGEL_PACK;XIRECS;10018.0;3
20800;BOT_MAKER;BOT_TAKER;VELVETFRUIT_EXTRACT;XIRECS;5282.0;8
20900;BOT_MAKER;BOT_TAKER;HYDROGEL_PACK;XIRECS;10019.0;3
21000;BOT_TAKER;BOT_MAKER;VELVETFRUIT_EXTRACT;XIRECS;5288.0;5
21000;BOT_MAKER;BOT_TAKER;VEV_5500;XIRECS;4.0;5
21300;SUBMISSION;BOT_TAKER;VELVETFRUIT_EXTRACT;XIRECS;5282.0;5
21300;BOT_MAKER;BOT_TAKER;VELVETFRUIT_EXTRACT;XIRECS;5281.0;2
21400;BOT_MAKER;BOT_TAKER;HYDROGEL_PACK;XIRECS;10021.0;5
21400;BOT_MAKER;BOT_TAKER;VEV_4000;XIRECS;1243.0;3
21400;SUBMISSION;BOT_TAKER;ASH_COATED_OSMIUM;XIRECS;9991.0;6
21500;BOT_MAKER;BOT_TAKER;HYDROGEL_PACK;XIRECS;10019.0;2
21500;BOT_MAKER;BOT_TAKER;VEV_5500;XIRECS;4.0;3
21600;BOT_MAKER;BOT_TAKER;VEV_4000;XIRECS;1244.0;2
21600;BOT_MAKER;BOT_TAKER;VEV_5500;XIRECS;4.0;3
21600;SUBMISSION;BOT;ASH_COATED_OSMIUM;XIRECS;9998.0;4
21700;BOT_MAKER;BOT_TAKER;INTARIAN_PEPPER_ROOT;XIRECS;13015.0;6
21800;BOT_TAKER;BOT_MAKER;HYDROGEL_PACK;XIRECS;10035.0;4
21900;BOT_MAKER;BOT_TAKER;VELVETFRUIT_EXTRACT;XIRECS;5284.0;7
21900;BOT_MAKER;BOT_TAKER;VEV_4000;XIRECS;1241.0;3
22000;BOT_MAKER;BOT_TAKER;VELVETFRUIT_EXTRACT;XIRECS;5286.0;7
22000;BOT_MAKER;BOT_TAKER;VEV_5200;XIRECS;116.0;2
22100;BOT_TAKER;BOT_MAKER;VEV_4000;XIRECS;1261.0;2
22200;BOT_MAKER;BOT_TAKER;HYDROGEL_PACK;XIRECS;10017.0;3
22200;BOT_TAKER;BOT_MAKER;VELVETFRUIT_EXTRACT;XIRECS;5292.0;4
22200;SUBMISSION;BOT_TAKER;ASH_COATED_OSMIUM;XIRECS;9992.0;5
22300;BOT_TAKER;BOT_MAKER;HYDROGEL_PACK;XIRECS;10032.0;4
22300;BOT_TAKER;BOT_MAKER;VELVETFRUIT_EXTRACT;XIRECS;5293.0;8
22400;BOT_TAKER;BOT_MAKER;HYDROGEL_PACK;XIRECS;10031.0;3
22400;BOT_TAKER;BOT_MAKER;VELVETFRUIT_EXTRACT;XIRECS;5291.0;3
22400;BOT_MAKER;BOT_TAKER;VEV_4000;XIRECS;1242.0;3
22400;BOT_TAKER;BOT_MAKER;VEV_6000;XIRECS;1.0;4
22500;BOT_TAKER;BOT_MAKER;HYDROGEL_PACK;XIRECS;10030.0;4
22500;BOT_MAKER;BOT_TAKER;VELVETFRUIT_EXTRACT;XIRECS;5289.0;7
22500;BOT_MAKER;BOT_TAKER;VEV_6500;XIRECS;0.0;3
22600;BOT_TAKER;BOT_MAKER;ASH_COATED_OSMIUM;XIRECS;10012.0;3
22600;BOT_MAKER;BOT_TAKER;VEV_6500;XIRECS;0.0;2
22600;BOT_TAKER;SUBMISSION;VELVETFRUIT_EXTRACT;XIRECS;5293.0;5
22600;BOT_TAKER;BOT_MAKER;VELVETFRUIT_EXTRACT;XIRECS;5294.0;3
22700;BOT_TAKER;BOT_MAKER;VELVETFRUIT_EXTRACT;XIRECS;5296.0;6
22700;SUBMISSION;BOT_TAKER;VELVETFRUIT_EXTRACT;XIRECS;5291.0;5
22800;BOT_MAKER;BOT_TAKER;VEV_4000;XIRECS;1239.0;1
22800;BOT_TAKER;BOT_MAKER;VEV_5500;XIRECS;5.0;4
23000;BOT_MAKER;BOT_TAKER;VELVETFRUIT_EXTRACT;XIRECS;5290.0;7
23100;BOT_TAKER;BOT_MAKER;VEV_5400;XIRECS;16.0;2
23100;BOT_TAKER;BOT_MAKER;VEV_6000;XIRECS;1.0;5
23200;BOT_TAKER;BOT_MAKER;VELVETFRUIT_EXTRACT;XIRECS;5295.0;5
23300;BOT_TAKER;BOT_MAKER;HYDROGEL_PACK;XIRECS;10028.0;6
23300;BOT_MAKER;BOT_TAKER;VELVETFRUIT_EXTRACT;XIRECS;5291.0;3
23400;BOT_TAKER;BOT_MAKER;INTARIAN_PEPPER_ROOT;XIRECS;13030.0;6
23400;BOT_MAKER;BOT_TAKER;VELVETFRUIT_EXTRACT;XIRECS;5291.0;7
23400;BOT_TAKER;BOT_MAKER;VEV_5400;XIRECS;16.0;5
23500;BOT_MAKER;BOT_TAKER;HYDROGEL_PACK;XIRECS;10011.0;4
23500;BOT_MAKER;BOT_TAKER;VELVETFRUIT_EXTRACT;XIRECS;5292.0;4
23600;BOT_MAKER;BOT_TAKER;HYDROGEL_PACK;XIRECS;10011.0;6
23600;BOT_TAKER;BOT_MAKER;VELVETFRUIT_EXTRACT;XIRECS;5298.0;7
23600;SUBMISSION;BOT_TAKER;HYDROGEL_PACK;XIRECS;10012.0;3
23700;BOT_MAKER;BOT_TAKER;VELVETFRUIT_EXTRACT;XIRECS;5294.0;8
23700;BOT_TAKER;BOT_MAKER;VEV_6000;XIRECS;1.0;3
23700;BOT_MAKER;BOT_TAKER;VEV_6000;XIRECS;0.0;5
23800;BOT_TAKER;BOT_MAKER;HYDROGEL_PACK;XIRECS;10032.0;5
23800;BOT_MAKER;BOT_TAKER;VEV_6500;XIRECS;0.0;5
23800;BOT_MAKER;BOT_TAKER;VEV_6500;XIRECS;0.0;5
23900;BOT_TAKER;BOT_MAKER;VELVETFRUIT_EXTRACT;XIRECS;5300.0;5
23900;BOT_TAKER;BOT_MAKER;VEV_6000;XIRECS;1.0;5
24000;BOT_TAKER;BOT_MAKER;VELVETFRUIT_EXTRACT;XIRECS;5300.0;12
24100;BOT_TAKER;BOT_MAKER;VEV_5400;XIRECS;17.0;4
24200;BOT_MAKER;BOT_TAKER;HYDROGEL_PACK;XIRECS;10018.0;3
24200;SUBMISSION;BOT_TAKER;VEV_4000;XIRECS;1235.0;1
24300;BOT_MAKER;BOT_TAKER;VEV_6500;XIRECS;0.0;2
24400;BOT_MAKER;BOT_TAKER;VELVETFRUIT_EXTRACT;XIRECS;5293.0;4
24400;BOT_TAKER;BOT_MAKER;VEV_5500;XIRECS;5.0;4
24400;SUBMISSION;BOT;ASH_COATED_OSMIUM;XIRECS;9999.0;5
24500;BOT_TAKER;BOT_MAKER;VELVETFRUIT_EXTRACT;XIRECS;5297.0;5
24500;BOT_TAKER;SUBMISSION;ASH_COATED_OSMIUM;XIRECS;10009.0;6
24600;BOT_TAKER;BOT_MAKER;HYDROGEL_PACK;XIRECS;10036.0;6
24600;BOT_TAKER;BOT_MAKER;VELVETFRUIT_EXTRACT;XIRECS;5298.0;7
24800;BOT_TAKER;BOT_MAKER;ASH_COATED_OSMIUM;XIRECS;10011.0;10
24800;BOT_TAKER;BOT_MAKER;HYDROGEL_PACK;XIRECS;10034.0;6
24800;BOT_TAKER;BOT_MAKER;VELVETFRUIT_EXTRACT;XIRECS;5298.0;7
25000;BOT_TAKER;SUBMISSION;VELVETFRUIT_EXTRACT;XIRECS;5297.0;5
25000;BOT_TAKER;BOT_MAKER;VELVETFRUIT_EXTRACT;XIRECS;5298.0;2
25100;BOT_MAKER;BOT_TAKER;VELVETFRUIT_EXTRACT;XIRECS;5292.0;8
25100;BOT_MAKER;BOT_TAKER;VEV_4000;XIRECS;1232.0;2
25200;BOT_MAKER;BOT_TAKER;VEV_5500;XIRECS;4.0;4
25300;BOT_MAKER;BOT_TAKER;VEV_4000;XIRECS;1233.0;2
25300;BOT_TAKER;BOT_MAKER;VEV_5400;XIRECS;16.0;4
25300;SUBMISSION;BOT_TAKER;VELVETFRUIT_EXTRACT;XIRECS;5297.0;4
25400;BOT_TAKER;BOT_MAKER;HYDROGEL_PACK;XIRECS;10027.0;2
25400;BOT_TAKER;BOT_MAKER;VELVETFRUIT_EXTRACT;XIRECS;5302.0;6
25400;BOT_TAKER;BOT_MAKER;VEV_4000;XIRECS;1253.0;2
25500;BOT_MAKER;BOT_TAKER;VEV_6000;XIRECS;0.0;4
25600;BOT_TAKER;BOT_MAKER;VELVETFRUIT_EXTRACT;XIRECS;5302.0;9
25700;BOT_TAKER;BOT_MAKER;VELVETFRUIT_EXTRACT;XIRECS;5302.0;5
25700;BOT_TAKER;BOT_MAKER;VEV_5500;XIRECS;4.0;2
25900;BOT_TAKER;BOT_MAKER;VEV_6000;XIRECS;1.0;4
25900;BOT_MAKER;BOT_TAKER;VEV_6500;XIRECS;0.0;4
25900;BOT_TAKER;BOT_MAKER;VEV_6500;XIRECS;1.0;4
26000;BOT_MAKER;BOT_TAKER;VELVETFRUIT_EXTRACT;XIRECS;5297.0;3
26100;BOT_TAKER;BOT_MAKER;VEV_5500;XIRECS;4.0;5
26100;BOT_TAKER;SUBMISSION;ASH_COATED_OSMIUM;XIRECS;10010.0;6
26200;BOT_MAKER;BOT_TAKER;ASH_COATED_OSMIUM;XIRECS;10000.0;5
26300;BOT_TAKER;BOT_MAKER;ASH_COATED_OSMIUM;XIRECS;10011.0;7
26500;BOT_TAKER;BOT_MAKER;HYDROGEL_PACK;XIRECS;10015.0;5
26500;BOT_TAKER;BOT_MAKER;VELVETFRUIT_EXTRACT;XIRECS;5303.0;4
26600;BOT_MAKER;BOT_TAKER;HYDROGEL_PACK;XIRECS;9999.0;3
26600;BOT_MAKER;BOT_TAKER;VEV_4000;XIRECS;1234.0;3
26700;BOT_MAKER;BOT_TAKER;HYDROGEL_PACK;XIRECS;10000.0;3
26700;SUBMISSION;BOT;ASH_COATED_OSMIUM;XIRECS;10001.0;6
26800;BOT_MAKER;BOT_TAKER;VEV_5400;XIRECS;15.0;4
27000;BOT_TAKER;BOT_MAKER;HYDROGEL_PACK;XIRECS;10018.0;6
27000;BOT_MAKER;BOT_TAKER;VELVETFRUIT_EXTRACT;XIRECS;5296.0;8
27100;BOT_TAKER;BOT_MAKER;HYDROGEL_PACK;XIRECS;10020.0;3
27100;BOT_TAKER;BOT_MAKER;VELVETFRUIT_EXTRACT;XIRECS;5302.0;6
27300;BOT_MAKER;BOT_TAKER;HYDROGEL_PACK;XIRECS;10008.0;4
27300;BOT_MAKER;BOT_TAKER;VEV_4000;XIRECS;1232.0;1
27300;BOT_MAKER;BOT_TAKER;VEV_5400;XIRECS;15.0;3
27400;BOT_MAKER;BOT_TAKER;VEV_5500;XIRECS;3.0;3
27500;BOT_MAKER;BOT_TAKER;VELVETFRUIT_EXTRACT;XIRECS;5295.0;4
27600;BOT_TAKER;BOT_MAKER;VEV_5400;XIRECS;16.0;2
27600;BOT;SUBMISSION;ASH_COATED_OSMIUM;XIRECS;10005.0;6
27700;BOT_TAKER;BOT_MAKER;VEV_5300;XIRECS;46.0;4
27700;BOT_TAKER;BOT_MAKER;VEV_5400;XIRECS;16.0;4
27800;BOT_TAKER;BOT_MAKER;ASH_COATED_OSMIUM;XIRECS;10011.0;2
27800;BOT_TAKER;BOT_MAKER;HYDROGEL_PACK;XIRECS;10023.0;6
27800;BOT_MAKER;BOT_TAKER;VELVETFRUIT_EXTRACT;XIRECS;5292.0;5
27800;BOT_TAKER;BOT_MAKER;VEV_4000;XIRECS;1255.0;1
28100;BOT_MAKER;BOT_TAKER;VELVETFRUIT_EXTRACT;XIRECS;5290.0;6
28100;BOT_TAKER;BOT_MAKER;VEV_5300;XIRECS;47.0;3
28200;BOT_MAKER;BOT_TAKER;VELVETFRUIT_EXTRACT;XIRECS;5291.0;5
28200;BOT_TAKER;BOT_MAKER;INTARIAN_PEPPER_ROOT;XIRECS;13035.0;6
28300;BOT_MAKER;BOT_TAKER;VELVETFRUIT_EXTRACT;XIRECS;5289.0;8
28400;BOT_TAKER;BOT_MAKER;VEV_4000;XIRECS;1257.0;3
28400;BOT_TAKER;BOT_MAKER;VEV_5200;XIRECS;113.0;2
28400;BOT_TAKER;BOT_MAKER;VEV_6000;XIRECS;1.0;3
28400;BOT_TAKER;SUBMISSION;VEV_4000;XIRECS;1256.0;3
28500;BOT_MAKER;BOT_TAKER;HYDROGEL_PACK;XIRECS;10006.0;4
28500;BOT_TAKER;BOT_MAKER;HYDROGEL_PACK;XIRECS;10022.0;5
28500;SUBMISSION;BOT_TAKER;VELVETFRUIT_EXTRACT;XIRECS;5289.0;5
28600;BOT_MAKER;BOT_TAKER;HYDROGEL_PACK;XIRECS;10006.0;5
28600;BOT_TAKER;BOT_MAKER;VELVETFRUIT_EXTRACT;XIRECS;5292.0;5
28700;SUBMISSION;BOT_TAKER;HYDROGEL_PACK;XIRECS;10005.0;5
28700;BOT_MAKER;BOT_TAKER;HYDROGEL_PACK;XIRECS;10004.0;1
28900;BOT_MAKER;BOT_TAKER;HYDROGEL_PACK;XIRECS;10006.0;5
28900;BOT_TAKER;BOT_MAKER;VELVETFRUIT_EXTRACT;XIRECS;5291.0;7
29000;BOT_TAKER;BOT_MAKER;ASH_COATED_OSMIUM;XIRECS;10011.0;6
29000;BOT_MAKER;BOT_TAKER;VELVETFRUIT_EXTRACT;XIRECS;5285.0;4
29100;BOT_TAKER;BOT_MAKER;VELVETFRUIT_EXTRACT;XIRECS;5290.0;6
29100;BOT_MAKER;BOT_TAKER;VEV_5400;XIRECS;16.0;5
29100;BOT_MAKER;BOT_TAKER;VEV_6500;XIRECS;0.0;4
29200;BOT_TAKER;BOT_MAKER;VELVETFRUIT_EXTRACT;XIRECS;5289.0;8
29300;BOT_MAKER;BOT_TAKER;HYDROGEL_PACK;XIRECS;10001.0;4
29300;BOT_TAKER;BOT_MAKER;VELVETFRUIT_EXTRACT;XIRECS;5288.0;8
29300;BOT_TAKER;SUBMISSION;HYDROGEL_PACK;XIRECS;10016.0;4
29400;BOT_TAKER;BOT_MAKER;INTARIAN_PEPPER_ROOT;XIRECS;13036.0;4
29400;BOT_TAKER;BOT_MAKER;VELVETFRUIT_EXTRACT;XIRECS;5288.0;6
29500;BOT_MAKER;BOT_TAKER;VEV_4000;XIRECS;1240.0;2
29600;BOT_MAKER;BOT_TAKER;VEV_6500;XIRECS;0.0;3
29700;BOT_TAKER;BOT_MAKER;VEV_4000;XIRECS;1259.0;3
29800;BOT_MAKER;BOT_TAKER;VEV_4000;XIRECS;1238.0;1
29900;BOT_TAKER;BOT_MAKER;VELVETFRUIT_EXTRACT;XIRECS;5287.0;8
30100;BOT_TAKER;BOT_MAKER;VELVETFRUIT_EXTRACT;XIRECS;5288.0;7
30200;BOT_TAKER;SUBMISSION;ASH_COATED_OSMIUM;XIRECS;10011.0;2
30200;SUBMISSION;BOT_TAKER;HYDROGEL_PACK;XIRECS;10000.0;5
30300;BOT_TAKER;SUBMISSION;VELVETFRUIT_EXTRACT;XIRECS;5285.0;4
30400;BOT_MAKER;BOT_TAKER;VELVETFRUIT_EXTRACT;XIRECS;5283.0;3
30400;BOT_MAKER;BOT_TAKER;VEV_5300;XIRECS;47.0;5
30400;BOT_TAKER;BOT_MAKER;VEV_6500;XIRECS;1.0;4
30500;BOT_TAKER;BOT_MAKER;HYDROGEL_PACK;XIRECS;10011.0;5
30700;BOT_MAKER;BOT_TAKER;VELVETFRUIT_EXTRACT;XIRECS;5280.0;7
30700;SUBMISSION;BOT_TAKER;VELVETFRUIT_EXTRACT;XIRECS;5281.0;3
30800;BOT_TAKER;SUBMISSION;ASH_COATED_OSMIUM;XIRECS;10010.0;6
30900;BOT_TAKER;BOT_MAKER;HYDROGEL_PACK;XIRECS;10007.0;5
30900;BOT_MAKER;BOT_TAKER;VEV_4000;XIRECS;1241.0;1
31200;BOT_TAKER;BOT_MAKER;VELVETFRUIT_EXTRACT;XIRECS;5280.0;6
31200;BOT_MAKER;BOT_TAKER;VEV_5400;XIRECS;17.0;5
31300;BOT_TAKER;BOT_MAKER;VELVETFRUIT_EXTRACT;XIRECS;5280.0;7
31300;SUBMISSION;BOT_TAKER;ASH_COATED_OSMIUM;XIRECS;9996.0;5
31300;BOT_TAKER;SUBMISSION;HYDROGEL_PACK;XIRECS;10006.0;4
31300;SUBMISSION;BOT_TAKER;VELVETFRUIT_EXTRACT;XIRECS;5276.0;5
31300;BOT_MAKER;BOT_TAKER;VELVETFRUIT_EXTRACT;XIRECS;5275.0;1
31400;BOT_TAKER;BOT_MAKER;INTARIAN_PEPPER_ROOT;XIRECS;13042.0;4
31400;BOT_TAKER;BOT_MAKER;VELVETFRUIT_EXTRACT;XIRECS;5281.0;5
31400;BOT_TAKER;BOT_MAKER;VEV_5400;XIRECS;18.0;4
31500;BOT_TAKER;BOT_MAKER;HYDROGEL_PACK;XIRECS;10003.0;3
31600;BOT_MAKER;BOT_TAKER;HYDROGEL_PACK;XIRECS;9988.0;4
31900;BOT_TAKER;BOT_MAKER;VELVETFRUIT_EXTRACT;XIRECS;5281.0;8
32000;BOT_MAKER;BOT_TAKER;HYDROGEL_PACK;XIRECS;9987.0;6
32000;BOT_MAKER;BOT_TAKER;VEV_4000;XIRECS;1241.0;2
32000;BOT_TAKER;SUBMISSION;HYDROGEL_PACK;XIRECS;10002.0;5
32100;BOT_MAKER;BOT_TAKER;VELVETFRUIT_EXTRACT;XIRECS;5275.0;8
32100;BOT_MAKER;BOT_TAKER;VELVETFRUIT_EXTRACT;XIRECS;5275.0;6
32100;BOT_MAKER;BOT_TAKER;VEV_5500;XIRECS;5.0;4
32200;BOT_TAKER;BOT_MAKER;HYDROGEL_PACK;XIRECS;10005.0;6
32200;BOT_TAKER;BOT_MAKER;VELVETFRUIT_EXTRACT;XIRECS;5280.0;5
32200;BOT_TAKER;BOT_MAKER;VEV_4000;XIRECS;1260.0;1
32200;BOT_MAKER;BOT_TAKER;VEV_6000;XIRECS;0.0;4
32400;BOT_TAKER;BOT_MAKER;VELVETFRUIT_EXTRACT;XIRECS;5282.0;6
32500;BOT_TAKER;BOT_MAKER;VEV_5400;XIRECS;18.0;2
32600;BOT_MAKER;BOT_TAKER;VELVETFRUIT_EXTRACT;XIRECS;5275.0;5
32600;BOT_TAKER;SUBMISSION;ASH_COATED_OSMIUM;XIRECS;10011.0;2
32700;BOT_TAKER;BOT_MAKER;HYDROGEL_PACK;XIRECS;10006.0;6
32700;BOT_TAKER;BOT_MAKER;INTARIAN_PEPPER_ROOT;XIRECS;13040.0;4
32700;BOT_TAKER;BOT_MAKER;VEV_5500;XIRECS;6.0;5
32800;BOT_MAKER;BOT_TAKER;HYDROGEL_PACK;XIRECS;9991.0;6
32800;BOT_TAKER;BOT_MAKER;VELVETFRUIT_EXTRACT;XIRECS;5280.0;5
32900;BOT_TAKER;BOT_MAKER;ASH_COATED_OSMIUM;XIRECS;10012.0;5
32900;BOT_TAKER;BOT_MAKER;VELVETFRUIT_EXTRACT;XIRECS;5281.0;8
32900;BOT_MAKER;BOT_TAKER;VEV_4000;XIRECS;1237.0;2
32900;BOT_MAKER;BOT_TAKER;VEV_6500;XIRECS;0.0;2
33000;SUBMISSION;BOT_TAKER;VEV_4000;XIRECS;1238.0;3
33100;BOT_MAKER;BOT_TAKER;HYDROGEL_PACK;XIRECS;9990.0;2
33100;BOT_TAKER;BOT_MAKER;VEV_5400;XIRECS;19.0;4
33200;BOT_TAKER;BOT_MAKER;HYDROGEL_PACK;XIRECS;10005.0;2
33300;BOT_MAKER;BOT_TAKER;VELVETFRUIT_EXTRACT;XIRECS;5277.0;3
33300;BOT_TAKER;BOT_MAKER;VEV_4000;XIRECS;1256.0;2
33300;BOT_TAKER;BOT_MAKER;VEV_5400;XIRECS;18.0;5
33400;BOT_MAKER;BOT_TAKER;VEV_5300;XIRECS;45.0;5
33400;SUBMISSION;BOT_TAKER;HYDROGEL_PACK;XIRECS;9988.0;3
33400;BOT_TAKER;SUBMISSION;VELVETFRUIT_EXTRACT;XIRECS;5280.0;5
33400;BOT_TAKER;BOT_MAKER;VELVETFRUIT_EXTRACT;XIRECS;5281.0;2
33500;BOT_TAKER;BOT_MAKER;VEV_6000;XIRECS;1.0;2
33700;BOT_TAKER;BOT_MAKER;VELVETFRUIT_EXTRACT;XIRECS;5280.0;8
33800;BOT_TAKER;BOT_MAKER;VEV_5500;XIRECS;6.0;3
33900;BOT_TAKER;BOT_MAKER;VELVETFRUIT_EXTRACT;XIRECS;5282.0;4
33900;SUBMISSION;BOT_TAKER;HYDROGEL_PACK;XIRECS;9991.0;5
34000;BOT_TAKER;BOT_MAKER;HYDROGEL_PACK;XIRECS;10005.0;4
34000;BOT_MAKER;BOT_TAKER;VELVETFRUIT_EXTRACT;XIRECS;5279.0;5
34000;BOT_MAKER;BOT_TAKER;VEV_5300;XIRECS;46.0;5
34100;BOT_MAKER;BOT_TAKER;HYDROGEL_PACK;XIRECS;9990.0;5
34100;BOT_TAKER;BOT_MAKER;VEV_6500;XIRECS;1.0;5
34300;BOT_TAKER;BOT_MAKER;VELVETFRUIT_EXTRACT;XIRECS;5284.0;7
34300;SUBMISSION;BOT_TAKER;ASH_COATED_OSMIUM;XIRECS;9997.0;2
34300;SUBMISSION;BOT_TAKER;VELVETFRUIT_EXTRACT;XIRECS;5280.0;5
34300;BOT_MAKER;BOT_TAKER;VELVETFRUIT_EXTRACT;XIRECS;5279.0;3
34400;BOT_TAKER;BOT_MAKER;INTARIAN_PEPPER_ROOT;XIRECS;13036.0;5
34400;BOT_MAKER;BOT_TAKER;VEV_5400;XIRECS;17.0;3
34400;BOT;SUBMISSION;ASH_COATED_OSMIUM;XIRECS;10005.0;5
34500;BOT_TAKER;BOT_MAKER;VEV_6000;XIRECS;1.0;3
34600;BOT_MAKER;BOT_TAKER;HYDROGEL_PACK;XIRECS;9989.0;5
34600;BOT_MAKER;BOT_TAKER;INTARIAN_PEPPER_ROOT;XIRECS;13024.0;3
34600;SUBMISSION;BOT_TAKER;VELVETFRUIT_EXTRACT;XIRECS;5280.0;5
34800;BOT_MAKER;BOT_TAKER;HYDROGEL_PACK;XIRECS;9989.0;4
34800;BOT_MAKER;BOT_TAKER;INTARIAN_PEPPER_ROOT;XIRECS;13028.0;6
34800;BOT_TAKER;BOT_MAKER;VEV_5400;XIRECS;19.0;5
35000;BOT_TAKER;BOT_MAKER;HYDROGEL_PACK;XIRECS;10007.0;3
35200;BOT_MAKER;BOT_TAKER;HYDROGEL_PACK;XIRECS;9993.0;6
35200;BOT_TAKER;BOT_MAKER;VEV_4000;XIRECS;1254.0;1
35200;BOT_TAKER;SUBMISSION;VEV_4000;XIRECS;1253.0;3
35300;BOT_TAKER;BOT_MAKER;HYDROGEL_PACK;XIRECS;10009.0;6
35300;BOT_TAKER;BOT_MAKER;VEV_5300;XIRECS;51.0;5
35400;BOT_TAKER;BOT_MAKER;ASH_COATED_OSMIUM;XIRECS;10011.0;5
35400;BOT_TAKER;SUBMISSION;VELVETFRUIT_EXTRACT;XIRECS;5283.0;5
35400;BOT_TAKER;BOT_MAKER;VELVETFRUIT_EXTRACT;XIRECS;5284.0;1
35600;BOT_MAKER;BOT_TAKER;VEV_6000;XIRECS;0.0;4
35700;BOT_MAKER;BOT_TAKER;VELVETFRUIT_EXTRACT;XIRECS;5278.0;5
35700;BOT_MAKER;BOT_TAKER;VEV_4000;XIRECS;1234.0;2
35700;BOT_TAKER;BOT_MAKER;VEV_6000;XIRECS;1.0;3
35700;SUBMISSION;BOT_TAKER;ASH_COATED_OSMIUM;XIRECS;9995.0;10
35800;BOT_TAKER;BOT_MAKER;VELVETFRUIT_EXTRACT;XIRECS;5284.0;8
35900;BOT_TAKER;BOT_MAKER;HYDROGEL_PACK;XIRECS;10011.0;3
35900;BOT_MAKER;BOT_TAKER;VELVETFRUIT_EXTRACT;XIRECS;5279.0;7
35900;BOT_TAKER;BOT_MAKER;VEV_5500;XIRECS;5.0;2
35900;BOT_TAKER;BOT_MAKER;VEV_6000;XIRECS;1.0;4
36000;BOT_TAKER;BOT_MAKER;HYDROGEL_PACK;XIRECS;10013.0;6
36000;BOT_MAKER;BOT_TAKER;VELVETFRUIT_EXTRACT;XIRECS;5280.0;6
36000;BOT_MAKER;BOT_TAKER;VEV_5400;XIRECS;18.0;5
36000;BOT_MAKER;BOT_TAKER;VEV_6500;XIRECS;0.0;2
36000;SUBMISSION;BOT_TAKER;ASH_COATED_OSMIUM;XIRECS;9995.0;4
36100;BOT_MAKER;BOT_TAKER;INTARIAN_PEPPER_ROOT;XIRECS;13029.0;5
36100;BOT_MAKER;BOT_TAKER;VELVETFRUIT_EXTRACT;XIRECS;5279.0;5
36100;SUBMISSION;BOT_TAKER;VELVETFRUIT_EXTRACT;XIRECS;5280.0;3
36200;BOT_MAKER;BOT_TAKER;VEV_5300;XIRECS;49.0;4
36300;BOT_MAKER;BOT_TAKER;VEV_5500;XIRECS;4.0;5
36300;BOT_TAKER;SUBMISSION;HYDROGEL_PACK;XIRECS;10012.0;2
36400;BOT_MAKER;BOT_TAKER;HYDROGEL_PACK;XIRECS;10001.0;6
36400;BOT_MAKER;BOT_TAKER;VELVETFRUIT_EXTRACT;XIRECS;5279.0;4
36500;BOT_TAKER;BOT_MAKER;HYDROGEL_PACK;XIRECS;10018.0;4
36500;SUBMISSION;BOT_TAKER;HYDROGEL_PACK;XIRECS;10003.0;5
36600;BOT_TAKER;BOT_MAKER;VELVETFRUIT_EXTRACT;XIRECS;5284.0;4
36700;BOT_MAKER;BOT_TAKER;VEV_5500;XIRECS;4.0;4
36800;BOT_TAKER;BOT_MAKER;HYDROGEL_PACK;XIRECS;10021.0;2
36800;BOT_MAKER;BOT_TAKER;VELVETFRUIT_EXTRACT;XIRECS;5277.0;8
36800;BOT_TAKER;BOT_MAKER;VEV_5500;XIRECS;5.0;5
36800;BOT_MAKER;BOT_TAKER;VEV_6500;XIRECS;0.0;3
36900;BOT_MAKER;BOT_TAKER;VELVETFRUIT_EXTRACT;XIRECS;5274.0;5
37000;BOT_TAKER;BOT_MAKER;VELVETFRUIT_EXTRACT;XIRECS;5279.0;7
37000;BOT_TAKER;BOT_MAKER;VEV_4000;XIRECS;1255.0;2
37200;BOT_TAKER;BOT_MAKER;VELVETFRUIT_EXTRACT;XIRECS;5279.0;4
37300;BOT_TAKER;BOT_MAKER;HYDROGEL_PACK;XIRECS;10014.0;3
37300;BOT_MAKER;BOT_TAKER;VELVETFRUIT_EXTRACT;XIRECS;5274.0;5
37400;BOT_MAKER;BOT_TAKER;VELVETFRUIT_EXTRACT;XIRECS;5275.0;12
37600;BOT_MAKER;BOT_TAKER;VELVETFRUIT_EXTRACT;XIRECS;5278.0;7
37600;BOT_TAKER;BOT_MAKER;VEV_5500;XIRECS;5.0;2
37600;BOT_TAKER;BOT_MAKER;VEV_6500;XIRECS;1.0;2
37600;BOT_TAKER;SUBMISSION;HYDROGEL_PACK;XIRECS;10013.0;4
37700;BOT_MAKER;BOT_TAKER;HYDROGEL_PACK;XIRECS;9999.0;5
37700;BOT_MAKER;BOT_TAKER;VEV_6500;XIRECS;0.0;4
37800;BOT_MAKER;BOT_TAKER;HYDROGEL_PACK;XIRECS;9998.0;6
37800;BOT_MAKER;BOT_TAKER;VEV_5500;XIRECS;4.0;5
37900;BOT_TAKER;BOT_MAKER;VELVETFRUIT_EXTRACT;XIRECS;5284.0;8
38000;BOT_MAKER;BOT_TAKER;HYDROGEL_PACK;XIRECS;9995.0;2
38100;BOT_MAKER;BOT_TAKER;VELVETFRUIT_EXTRACT;XIRECS;5280.0;8
38100;BOT_TAKER;BOT_MAKER;VEV_5400;XIRECS;19.0;2
38200;BOT_TAKER;BOT_MAKER;INTARIAN_PEPPER_ROOT;XIRECS;13048.0;4
38300;BOT_TAKER;BOT_MAKER;VELVETFRUIT_EXTRACT;XIRECS;5286.0;7
38300;SUBMISSION;BOT;ASH_COATED_OSMIUM;XIRECS;9998.0;6
38400;BOT_MAKER;BOT_TAKER;VELVETFRUIT_EXTRACT;XIRECS;5280.0;8
38800;BOT_TAKER;BOT_MAKER;VELVETFRUIT_EXTRACT;XIRECS;5285.0;4
38800;SUBMISSION;BOT_TAKER;VELVETFRUIT_EXTRACT;XIRECS;5281.0;3
38900;BOT_MAKER;BOT_TAKER;VELVETFRUIT_EXTRACT;XIRECS;5281.0;3
39000;BOT_TAKER;BOT_MAKER;HYDROGEL_PACK;XIRECS;10006.0;4
39000;BOT_MAKER;BOT_TAKER;VELVETFRUIT_EXTRACT;XIRECS;5280.0;6
39100;BOT_MAKER;BOT_TAKER;HYDROGEL_PACK;XIRECS;9995.0;2
39100;BOT_TAKER;BOT_MAKER;VELVETFRUIT_EXTRACT;XIRECS;5286.0;11
39200;BOT_MAKER;BOT_TAKER;HYDROGEL_PACK;XIRECS;9997.0;4
39200;BOT_TAKER;BOT_MAKER;VELVETFRUIT_EXTRACT;XIRECS;5286.0;5
39200;BOT_MAKER;BOT_TAKER;VEV_6000;XIRECS;0.0;5
39200;BOT_TAKER;SUBMISSION;VELVETFRUIT_EXTRACT;XIRECS;5285.0;3
39300;BOT_TAKER;BOT_MAKER;HYDROGEL_PACK;XIRECS;10012.0;5
39300;BOT_MAKER;BOT_TAKER;VELVETFRUIT_EXTRACT;XIRECS;5282.0;8
39300;BOT_TAKER;BOT_MAKER;VEV_4000;XIRECS;1258.0;2
39300;SUBMISSION;BOT_TAKER;VELVETFRUIT_EXTRACT;XIRECS;5283.0;5
39300;BOT_MAKER;BOT_TAKER;VELVETFRUIT_EXTRACT;XIRECS;5282.0;1
39400;BOT_MAKER;BOT_TAKER;VEV_6000;XIRECS;0.0;3
39500;SUBMISSION;BOT_TAKER;HYDROGEL_PACK;XIRECS;9999.0;5
39500;BOT_MAKER;BOT_TAKER;HYDROGEL_PACK;XIRECS;9998.0;1
39600;BOT_MAKER;BOT_TAKER;VEV_4000;XIRECS;1240.0;3
39700;BOT_MAKER;BOT_TAKER;VEV_5300;XIRECS;48.0;5
39700;BOT_TAKER;BOT_MAKER;VEV_5500;XIRECS;4.0;2
39700;BOT_MAKER;BOT_TAKER;INTARIAN_PEPPER_ROOT;XIRECS;13033.0;7
39700;SUBMISSION;BOT_TAKER;VELVETFRUIT_EXTRACT;XIRECS;5286.0;3
39800;BOT_TAKER;SUBMISSION;VELVETFRUIT_EXTRACT;XIRECS;5288.0;3
39900;BOT_TAKER;BOT_MAKER;VELVETFRUIT_EXTRACT;XIRECS;5291.0;5
39900;BOT_TAKER;BOT_MAKER;VEV_4000;XIRECS;1263.0;2
39900;BOT_TAKER;BOT_MAKER;VEV_6500;XIRECS;1.0;3
39900;BOT_TAKER;SUBMISSION;ASH_COATED_OSMIUM;XIRECS;10008.0;5
40200;BOT_MAKER;BOT_TAKER;HYDROGEL_PACK;XIRECS;10002.0;2
40200;BOT_MAKER;BOT_TAKER;VELVETFRUIT_EXTRACT;XIRECS;5284.0;8
40200;BOT_TAKER;BOT_MAKER;VEV_6500;XIRECS;1.0;3
40300;BOT_TAKER;BOT_MAKER;VELVETFRUIT_EXTRACT;XIRECS;5289.0;6
40400;BOT_TAKER;BOT_MAKER;ASH_COATED_OSMIUM;XIRECS;10009.0;4
40400;BOT_TAKER;BOT_MAKER;VELVETFRUIT_EXTRACT;XIRECS;5289.0;4
40400;BOT_MAKER;BOT_TAKER;VEV_5500;XIRECS;3.0;4
40500;BOT_TAKER;BOT_MAKER;HYDROGEL_PACK;XIRECS;10022.0;5
40500;BOT_TAKER;BOT_MAKER;VEV_4000;XIRECS;1261.0;2
40600;BOT_MAKER;BOT_TAKER;ASH_COATED_OSMIUM;XIRECS;9998.0;5
40600;BOT_TAKER;BOT_MAKER;VEV_4000;XIRECS;1260.0;3
40700;BOT_TAKER;BOT_MAKER;VELVETFRUIT_EXTRACT;XIRECS;5286.0;7
40800;BOT_TAKER;BOT_MAKER;HYDROGEL_PACK;XIRECS;10021.0;6
40800;BOT_MAKER;BOT_TAKER;VELVETFRUIT_EXTRACT;XIRECS;5281.0;8
40900;BOT_MAKER;BOT_TAKER;HYDROGEL_PACK;XIRECS;10007.0;4
40900;BOT_MAKER;BOT_TAKER;VELVETFRUIT_EXTRACT;XIRECS;5281.0;6
40900;BOT_MAKER;BOT_TAKER;VEV_4000;XIRECS;1242.0;3
41000;BOT_TAKER;BOT_MAKER;HYDROGEL_PACK;XIRECS;10029.0;6
41000;BOT_TAKER;BOT_MAKER;VEV_4000;XIRECS;1262.0;2
41300;BOT_TAKER;BOT_MAKER;VELVETFRUIT_EXTRACT;XIRECS;5284.0;5
41400;BOT_TAKER;BOT_MAKER;VELVETFRUIT_EXTRACT;XIRECS;5283.0;3
41400;BOT_TAKER;BOT_MAKER;VEV_4000;XIRECS;1262.0;2
41400;BOT_TAKER;SUBMISSION;VEV_4000;XIRECS;1261.0;3
41500;BOT_TAKER;BOT_MAKER;VELVETFRUIT_EXTRACT;XIRECS;5281.0;5
41500;SUBMISSION;BOT_TAKER;VELVETFRUIT_EXTRACT;XIRECS;5276.0;3
41600;BOT_MAKER;BOT_TAKER;HYDROGEL_PACK;XIRECS;10012.0;2
41600;BOT_TAKER;BOT_MAKER;VELVETFRUIT_EXTRACT;XIRECS;5279.0;7
41600;BOT_TAKER;BOT_MAKER;VEV_5400;XIRECS;19.0;5
41700;BOT_MAKER;BOT_TAKER;HYDROGEL_PACK;XIRECS;10013.0;6
41700;SUBMISSION;BOT_TAKER;HYDROGEL_PACK;XIRECS;10014.0;5
41800;BOT_MAKER;BOT_TAKER;ASH_COATED_OSMIUM;XIRECS;9995.0;6
41800;BOT_TAKER;BOT_MAKER;HYDROGEL_PACK;XIRECS;10032.0;6
41800;SUBMISSION;BOT_TAKER;VELVETFRUIT_EXTRACT;XIRECS;5278.0;5
41800;BOT_MAKER;BOT_TAKER;VELVETFRUIT_EXTRACT;XIRECS;5277.0;3
41900;BOT_TAKER;BOT_MAKER;VEV_4000;XIRECS;1261.0;2
41900;BOT_TAKER;BOT_MAKER;VEV_6000;XIRECS;1.0;5
42000;BOT_MAKER;BOT_TAKER;VEV_4000;XIRECS;1241.0;1
42100;BOT_MAKER;BOT_TAKER;VELVETFRUIT_EXTRACT;XIRECS;5275.0;8
42100;BOT_TAKER;BOT_MAKER;VEV_5400;XIRECS;19.0;3
42100;BOT_TAKER;SUBMISSION;VELVETFRUIT_EXTRACT;XIRECS;5279.0;3
42200;BOT_MAKER;BOT_TAKER;VELVETFRUIT_EXTRACT;XIRECS;5274.0;9
42300;BOT_TAKER;SUBMISSION;HYDROGEL_PACK;XIRECS;10038.0;3
42300;SUBMISSION;BOT_TAKER;VEV_4000;XIRECS;1241.0;2
42400;BOT_MAKER;BOT_TAKER;VELVETFRUIT_EXTRACT;XIRECS;5275.0;8
42400;BOT_TAKER;BOT_MAKER;VEV_6500;XIRECS;1.0;3
42500;BOT_TAKER;BOT_MAKER;VELVETFRUIT_EXTRACT;XIRECS;5279.0;8
42500;BOT_TAKER;BOT_MAKER;VEV_5500;XIRECS;4.0;5
42600;BOT_MAKER;BOT_TAKER;VELVETFRUIT_EXTRACT;XIRECS;5275.0;6
42600;BOT_MAKER;BOT_TAKER;VEV_6500;XIRECS;0.0;4
42700;BOT_TAKER;BOT_MAKER;VELVETFRUIT_EXTRACT;XIRECS;5281.0;4
42700;BOT;SUBMISSION;ASH_COATED_OSMIUM;XIRECS;10005.0;9
42900;BOT_TAKER;BOT_MAKER;VEV_4000;XIRECS;1266.0;1
43000;BOT_MAKER;BOT_TAKER;HYDROGEL_PACK;XIRECS;10023.0;3
43100;BOT_MAKER;BOT_TAKER;VELVETFRUIT_EXTRACT;XIRECS;5274.0;7
43200;BOT_MAKER;BOT_TAKER;HYDROGEL_PACK;XIRECS;10027.0;3
43200;BOT_MAKER;BOT_TAKER;VELVETFRUIT_EXTRACT;XIRECS;5275.0;3
43300;BOT_MAKER;BOT_TAKER;VEV_6000;XIRECS;0.0;5
43400;BOT_MAKER;BOT_TAKER;VELVETFRUIT_EXTRACT;XIRECS;5274.0;7
43400;BOT_MAKER;BOT_TAKER;VEV_5400;XIRECS;18.0;5
43400;BOT_TAKER;SUBMISSION;VELVETFRUIT_EXTRACT;XIRECS;5279.0;5
43400;BOT_TAKER;BOT_MAKER;VELVETFRUIT_EXTRACT;XIRECS;5280.0;1
43500;BOT_MAKER;BOT_TAKER;HYDROGEL_PACK;XIRECS;10035.0;6
43500;BOT_MAKER;BOT_TAKER;VELVETFRUIT_EXTRACT;XIRECS;5274.0;6
43500;SUBMISSION;BOT_TAKER;HYDROGEL_PACK;XIRECS;10036.0;5
43600;SUBMISSION;BOT_TAKER;HYDROGEL_PACK;XIRECS;10033.0;2
43700;BOT_TAKER;BOT_MAKER;VELVETFRUIT_EXTRACT;XIRECS;5277.0;4
43700;BOT_MAKER;BOT_TAKER;VEV_4000;XIRECS;1244.0;3
43700;BOT_MAKER;BOT_TAKER;VEV_5400;XIRECS;18.0;4
43700;BOT_TAKER;SUBMISSION;VEV_4000;XIRECS;1264.0;2
43800;BOT_TAKER;BOT_MAKER;HYDROGEL_PACK;XIRECS;10049.0;2
43800;BOT_MAKER;BOT_TAKER;VEV_4000;XIRECS;1243.0;3
43900;BOT_TAKER;BOT_MAKER;HYDROGEL_PACK;XIRECS;10049.0;5
43900;BOT;SUBMISSION;ASH_COATED_OSMIUM;XIRECS;10004.0;5
43900;BOT_TAKER;SUBMISSION;VEV_4000;XIRECS;1262.0;1
44000;BOT_TAKER;BOT_MAKER;VELVETFRUIT_EXTRACT;XIRECS;5278.0;8
44000;BOT_TAKER;SUBMISSION;VELVETFRUIT_EXTRACT;XIRECS;5277.0;3
44100;BOT_MAKER;BOT_TAKER;ASH_COATED_OSMIUM;XIRECS;9995.0;4
44100;BOT_MAKER;BOT_TAKER;INTARIAN_PEPPER_ROOT;XIRECS;13037.0;4
44300;BOT_TAKER;BOT_MAKER;HYDROGEL_PACK;XIRECS;10055.0;3
44400;BOT_TAKER;BOT_MAKER;HYDROGEL_PACK;XIRECS;10057.0;2
44400;BOT_MAKER;BOT_TAKER;VELVETFRUIT_EXTRACT;XIRECS;5276.0;8
44400;BOT_TAKER;BOT_MAKER;VEV_5300;XIRECS;50.0;2
44400;BOT_TAKER;BOT_MAKER;VEV_5500;XIRECS;4.0;4
44400;SUBMISSION;BOT_TAKER;ASH_COATED_OSMIUM;XIRECS;9996.0;3
44600;BOT_TAKER;BOT_MAKER;VEV_6500;XIRECS;1.0;4
44700;BOT_TAKER;BOT_MAKER;HYDROGEL_PACK;XIRECS;10056.0;5
44700;BOT_MAKER;BOT_TAKER;VEV_4000;XIRECS;1240.0;2
44800;BOT_TAKER;BOT_MAKER;VEV_4000;XIRECS;1261.0;2
44900;BOT_TAKER;BOT_MAKER;VELVETFRUIT_EXTRACT;XIRECS;5280.0;8
44900;BOT;SUBMISSION;ASH_COATED_OSMIUM;XIRECS;10004.0;7
45000;BOT_TAKER;BOT_MAKER;HYDROGEL_PACK;XIRECS;10058.0;3
45000;BOT_MAKER;BOT_TAKER;VELVETFRUIT_EXTRACT;XIRECS;5272.0;4
45000;BOT_TAKER;BOT_MAKER;VEV_4000;XIRECS;1263.0;3
45200;BOT_MAKER;BOT_TAKER;VELVETFRUIT_EXTRACT;XIRECS;5271.0;8
45200;BOT_TAKER;BOT_MAKER;VEV_6000;XIRECS;1.0;3
45300;BOT_MAKER;BOT_TAKER;ASH_COATED_OSMIUM;XIRECS;9994.0;6
45400;BOT_TAKER;BOT_MAKER;HYDROGEL_PACK;XIRECS;10050.0;5
45400;BOT_MAKER;BOT_TAKER;VEV_4000;XIRECS;1239.0;2
45500;BOT_MAKER;BOT_TAKER;VELVETFRUIT_EXTRACT;XIRECS;5270.0;7
45600;SUBMISSION;BOT_TAKER;ASH_COATED_OSMIUM;XIRECS;9995.0;5
45600;SUBMISSION;BOT_TAKER;VELVETFRUIT_EXTRACT;XIRECS;5271.0;5
45700;BOT_TAKER;BOT_MAKER;HYDROGEL_PACK;XIRECS;10046.0;6
45700;BOT_TAKER;BOT_MAKER;VELVETFRUIT_EXTRACT;XIRECS;5276.0;7
45800;BOT_TAKER;BOT_MAKER;VELVETFRUIT_EXTRACT;XIRECS;5278.0;8
45800;BOT_MAKER;BOT_TAKER;VEV_6500;XIRECS;0.0;3
45900;BOT_MAKER;BOT_TAKER;ASH_COATED_OSMIUM;XIRECS;9994.0;4
45900;BOT_MAKER;BOT_TAKER;INTARIAN_PEPPER_ROOT;XIRECS;13039.0;7
46000;BOT_TAKER;BOT_MAKER;VELVETFRUIT_EXTRACT;XIRECS;5277.0;9
46100;BOT_TAKER;BOT_MAKER;VELVETFRUIT_EXTRACT;XIRECS;5277.0;5
46100;BOT_TAKER;BOT_MAKER;VEV_5500;XIRECS;4.0;4
46300;BOT_TAKER;BOT_MAKER;VELVETFRUIT_EXTRACT;XIRECS;5280.0;7
46400;BOT_TAKER;BOT_MAKER;HYDROGEL_PACK;XIRECS;10044.0;6
46400;BOT_TAKER;BOT_MAKER;VEV_5500;XIRECS;4.0;4
46400;BOT_TAKER;BOT_MAKER;VEV_5500;XIRECS;4.0;4
46400;BOT_TAKER;BOT_MAKER;VEV_6500;XIRECS;1.0;5
46500;BOT_TAKER;BOT_MAKER;VELVETFRUIT_EXTRACT;XIRECS;5280.0;4
46500;BOT_TAKER;SUBMISSION;ASH_COATED_OSMIUM;XIRECS;10008.0;3
46600;BOT_TAKER;BOT_MAKER;VELVETFRUIT_EXTRACT;XIRECS;5279.0;5
46600;BOT_TAKER;BOT_MAKER;VEV_5500;XIRECS;4.0;4
46700;BOT_TAKER;BOT_MAKER;ASH_COATED_OSMIUM;XIRECS;10012.0;4
46700;BOT_TAKER;BOT_MAKER;VEV_4000;XIRECS;1263.0;3
46700;BOT_MAKER;BOT_TAKER;VEV_5500;XIRECS;3.0;5
46700;BOT_TAKER;BOT_MAKER;VEV_6500;XIRECS;1.0;2
46700;BOT_TAKER;SUBMISSION;HYDROGEL_PACK;XIRECS;10045.0;5
46800;BOT_MAKER;BOT_TAKER;VELVETFRUIT_EXTRACT;XIRECS;5276.0;8
46800;BOT_TAKER;BOT_MAKER;VEV_4000;XIRECS;1263.0;3
46900;BOT_MAKER;BOT_TAKER;VELVETFRUIT_EXTRACT;XIRECS;5274.0;7
47000;BOT_MAKER;BOT_TAKER;HYDROGEL_PACK;XIRECS;10032.0;2
47000;BOT_MAKER;BOT_TAKER;VELVETFRUIT_EXTRACT;XIRECS;5273.0;4
47100;BOT_TAKER;BOT_MAKER;HYDROGEL_PACK;XIRECS;10049.0;5
47100;BOT_MAKER;BOT_TAKER;VELVETFRUIT_EXTRACT;XIRECS;5274.0;4
47100;BOT_MAKER;BOT_TAKER;VEV_4000;XIRECS;1242.0;3
47200;BOT_TAKER;BOT_MAKER;VEV_5400;XIRECS;19.0;2
47300;BOT_MAKER;BOT_TAKER;VELVETFRUIT_EXTRACT;XIRECS;5273.0;8
47300;BOT_MAKER;BOT_TAKER;VEV_5400;XIRECS;17.0;4
47400;BOT_TAKER;BOT_MAKER;VEV_5500;XIRECS;3.0;2
47500;BOT_MAKER;BOT_TAKER;VEV_5400;XIRECS;17.0;5
47500;BOT_TAKER;BOT_MAKER;VEV_5500;XIRECS;3.0;3
47700;BOT_TAKER;BOT_MAKER;VELVETFRUIT_EXTRACT;XIRECS;5279.0;4
47700;BOT_TAKER;SUBMISSION;VELVETFRUIT_EXTRACT;XIRECS;5278.0;3
47800;BOT_MAKER;BOT_TAKER;VELVETFRUIT_EXTRACT;XIRECS;5272.0;4
47800;BOT_TAKER;BOT_MAKER;VEV_4000;XIRECS;1264.0;3
47800;BOT_TAKER;BOT_MAKER;VEV_6500;XIRECS;1.0;4
47900;BOT_MAKER;BOT_TAKER;VELVETFRUIT_EXTRACT;XIRECS;5272.0;6
47900;BOT_MAKER;BOT_TAKER;VELVETFRUIT_EXTRACT;XIRECS;5272.0;4
48000;BOT_TAKER;BOT_MAKER;HYDROGEL_PACK;XIRECS;10049.0;5
48000;SUBMISSION;BOT_TAKER;VELVETFRUIT_EXTRACT;XIRECS;5272.0;5
48100;BOT_TAKER;BOT_MAKER;VEV_5500;XIRECS;3.0;3
48200;BOT_MAKER;BOT_TAKER;ASH_COATED_OSMIUM;XIRECS;9993.0;5
48200;BOT_MAKER;BOT_TAKER;VEV_5500;XIRECS;2.0;2
48300;BOT_MAKER;BOT_TAKER;VELVETFRUIT_EXTRACT;XIRECS;5273.0;6
48400;BOT_MAKER;BOT_TAKER;VELVETFRUIT_EXTRACT;XIRECS;5273.0;11
48400;BOT_TAKER;BOT_MAKER;VEV_5500;XIRECS;3.0;3
48500;BOT_TAKER;BOT_MAKER;HYDROGEL_PACK;XIRECS;10044.0;2
48500;BOT_MAKER;BOT_TAKER;VELVETFRUIT_EXTRACT;XIRECS;5272.0;5
48500;BOT_TAKER;BOT_MAKER;VEV_6500;XIRECS;1.0;3
48500;BOT_TAKER;SUBMISSION;HYDROGEL_PACK;XIRECS;10043.0;5
48500;BOT_TAKER;BOT_MAKER;HYDROGEL_PACK;XIRECS;10044.0;1
48500;BOT_TAKER;SUBMISSION;VELVETFRUIT_EXTRACT;XIRECS;5277.0;5
48500;BOT_TAKER;BOT_MAKER;VELVETFRUIT_EXTRACT;XIRECS;5278.0;2
48600;BOT_MAKER;BOT_TAKER;HYDROGEL_PACK;XIRECS;10029.0;5
48600;BOT_MAKER;BOT_TAKER;VELVETFRUIT_EXTRACT;XIRECS;5273.0;5
48800;SUBMISSION;BOT_TAKER;VEV_4000;XIRECS;1244.0;1
48900;BOT_TAKER;BOT_MAKER;VEV_4000;XIRECS;1262.0;2
49000;BOT_TAKER;BOT_MAKER;HYDROGEL_PACK;XIRECS;10043.0;5
49000;BOT_TAKER;BOT_MAKER;VEV_6000;XIRECS;1.0;5
49100;BOT_TAKER;BOT_MAKER;VELVETFRUIT_EXTRACT;XIRECS;5283.0;8
49200;BOT_TAKER;BOT_MAKER;HYDROGEL_PACK;XIRECS;10039.0;5
49200;BOT_MAKER;BOT_TAKER;VEV_5400;XIRECS;17.0;3
49300;BOT_MAKER;BOT_TAKER;VELVETFRUIT_EXTRACT;XIRECS;5279.0;8
49300;BOT_TAKER;BOT_MAKER;VEV_6000;XIRECS;1.0;2
49300;SUBMISSION;BOT_TAKER;ASH_COATED_OSMIUM;XIRECS;9990.0;4
49400;BOT_TAKER;BOT_MAKER;HYDROGEL_PACK;XIRECS;10036.0;4
49600;BOT_MAKER;BOT_TAKER;VELVETFRUIT_EXTRACT;XIRECS;5276.0;3
49600;BOT_TAKER;BOT_MAKER;VEV_6000;XIRECS;1.0;5
49800;BOT_TAKER;BOT_MAKER;HYDROGEL_PACK;XIRECS;10039.0;2
49800;BOT_MAKER;BOT_TAKER;VELVETFRUIT_EXTRACT;XIRECS;5280.0;7
49800;BOT_TAKER;BOT_MAKER;VEV_6500;XIRECS;1.0;4
50000;BOT_TAKER;BOT_MAKER;VELVETFRUIT_EXTRACT;XIRECS;5286.0;7
50000;BOT_TAKER;BOT_MAKER;VEV_4000;XIRECS;1260.0;1
50100;BOT_MAKER;BOT_TAKER;HYDROGEL_PACK;XIRECS;10023.0;3
50200;BOT_MAKER;BOT_TAKER;VELVETFRUIT_EXTRACT;XIRECS;5282.0;5
50200;SUBMISSION;BOT;ASH_COATED_OSMIUM;XIRECS;9999.0;8
50200;BOT_TAKER;SUBMISSION;HYDROGEL_PACK;XIRECS;10034.0;3
50300;BOT_TAKER;BOT_MAKER;VEV_5400;XIRECS;19.0;2
50400;BOT_TAKER;BOT_MAKER;HYDROGEL_PACK;XIRECS;10032.0;3
50400;SUBMISSION;BOT_TAKER;VELVETFRUIT_EXTRACT;XIRECS;5283.0;3
50500;BOT_TAKER;BOT_MAKER;VELVETFRUIT_EXTRACT;XIRECS;5288.0;7
50600;BOT_MAKER;BOT_TAKER;HYDROGEL_PACK;XIRECS;10020.0;5
50600;BOT_TAKER;BOT_MAKER;VELVETFRUIT_EXTRACT;XIRECS;5286.0;5
50600;SUBMISSION;BOT_TAKER;HYDROGEL_PACK;XIRECS;10021.0;5
50600;BOT_MAKER;BOT_TAKER;HYDROGEL_PACK;XIRECS;10020.0;1
50700;BOT_MAKER;BOT_TAKER;VEV_5500;XIRECS;2.0;2
50700;BOT_TAKER;SUBMISSION;VELVETFRUIT_EXTRACT;XIRECS;5287.0;5
50700;BOT_TAKER;BOT_MAKER;VELVETFRUIT_EXTRACT;XIRECS;5288.0;2
50900;BOT_MAKER;BOT_TAKER;VELVETFRUIT_EXTRACT;XIRECS;5285.0;3
50900;BOT_MAKER;BOT_TAKER;VEV_4000;XIRECS;1240.0;2
51000;BOT_MAKER;BOT_TAKER;HYDROGEL_PACK;XIRECS;10022.0;6
51000;BOT_MAKER;BOT_TAKER;VELVETFRUIT_EXTRACT;XIRECS;5287.0;7
51000;BOT_TAKER;BOT_MAKER;VEV_4000;XIRECS;1261.0;1
51100;BOT_MAKER;BOT_TAKER;INTARIAN_PEPPER_ROOT;XIRECS;13044.0;6
51100;BOT_TAKER;BOT_MAKER;VELVETFRUIT_EXTRACT;XIRECS;5292.0;8
51200;BOT_MAKER;BOT_TAKER;VEV_5400;XIRECS;17.0;2
51200;SUBMISSION;BOT_TAKER;ASH_COATED_OSMIUM;XIRECS;9992.0;10
51300;BOT_TAKER;BOT_MAKER;VELVETFRUIT_EXTRACT;XIRECS;5290.0;5
51300;SUBMISSION;BOT_TAKER;VELVETFRUIT_EXTRACT;XIRECS;5285.0;5
51300;BOT_MAKER;BOT_TAKER;VELVETFRUIT_EXTRACT;XIRECS;5284.0;3
51300;BOT_TAKER;SUBMISSION;VEV_5200;XIRECS;115.0;2
51400;BOT_TAKER;BOT_MAKER;HYDROGEL_PACK;XIRECS;10038.0;6
51400;BOT_MAKER;BOT_TAKER;VELVETFRUIT_EXTRACT;XIRECS;5286.0;4
51400;BOT;SUBMISSION;ASH_COATED_OSMIUM;XIRECS;10000.0;4
51500;BOT_MAKER;BOT_TAKER;HYDROGEL_PACK;XIRECS;10025.0;5
51500;BOT_TAKER;BOT_MAKER;VEV_6500;XIRECS;1.0;3
51600;BOT_TAKER;BOT_MAKER;VEV_4000;XIRECS;1259.0;1
51700;BOT_TAKER;BOT_MAKER;VEV_4000;XIRECS;1258.0;3
51800;BOT_MAKER;BOT_TAKER;VELVETFRUIT_EXTRACT;XIRECS;5288.0;6
51800;SUBMISSION;BOT_TAKER;VELVETFRUIT_EXTRACT;XIRECS;5289.0;5
51900;BOT_TAKER;BOT_MAKER;VELVETFRUIT_EXTRACT;XIRECS;5293.0;4
51900;BOT_MAKER;BOT_TAKER;VEV_5400;XIRECS;17.0;3
51900;BOT_MAKER;BOT_TAKER;INTARIAN_PEPPER_ROOT;XIRECS;13045.0;7
52000;BOT_MAKER;BOT_TAKER;VELVETFRUIT_EXTRACT;XIRECS;5288.0;7
52000;BOT_TAKER;BOT_MAKER;VEV_6500;XIRECS;1.0;2
52100;BOT_TAKER;SUBMISSION;VELVETFRUIT_EXTRACT;XIRECS;5293.0;5
52100;BOT_TAKER;BOT_MAKER;VELVETFRUIT_EXTRACT;XIRECS;5294.0;3
52200;SUBMISSION;BOT_TAKER;ASH_COATED_OSMIUM;XIRECS;9988.0;5
52300;BOT_TAKER;BOT_MAKER;VEV_4000;XIRECS;1259.0;3
52300;BOT_MAKER;BOT_TAKER;VEV_6000;XIRECS;0.0;4
52300;SUBMISSION;BOT_TAKER;VEV_4000;XIRECS;1239.0;2
52400;BOT_MAKER;BOT_TAKER;VELVETFRUIT_EXTRACT;XIRECS;5289.0;6
52400;BOT_TAKER;BOT_MAKER;VEV_5500;XIRECS;4.0;2
52500;BOT_TAKER;BOT_MAKER;HYDROGEL_PACK;XIRECS;10045.0;5
52500;BOT_TAKER;BOT_MAKER;VELVETFRUIT_EXTRACT;XIRECS;5293.0;4
52600;BOT_TAKER;BOT_MAKER;HYDROGEL_PACK;XIRECS;10045.0;3
52600;BOT_TAKER;BOT_MAKER;VEV_4000;XIRECS;1258.0;1
52700;BOT_MAKER;BOT_TAKER;HYDROGEL_PACK;XIRECS;10028.0;2
52700;BOT_TAKER;BOT_MAKER;VELVETFRUIT_EXTRACT;XIRECS;5296.0;14
52800;BOT_TAKER;BOT_MAKER;HYDROGEL_PACK;XIRECS;10044.0;5
52800;SUBMISSION;BOT_TAKER;ASH_COATED_OSMIUM;XIRECS;9991.0;10
53000;BOT_MAKER;BOT_TAKER;VEV_4000;XIRECS;1239.0;3
53100;BOT_TAKER;BOT_MAKER;VELVETFRUIT_EXTRACT;XIRECS;5297.0;5
53200;SUBMISSION;BOT_TAKER;VELVETFRUIT_EXTRACT;XIRECS;5293.0;5
53200;BOT_MAKER;BOT_TAKER;VELVETFRUIT_EXTRACT;XIRECS;5292.0;1
53300;BOT_TAKER;BOT_MAKER;VEV_6000;XIRECS;1.0;4
53400;BOT_TAKER;BOT_MAKER;HYDROGEL_PACK;XIRECS;10053.0;3
53400;BOT_TAKER;BOT_MAKER;VELVETFRUIT_EXTRACT;XIRECS;5297.0;5
53500;BOT_MAKER;BOT_TAKER;INTARIAN_PEPPER_ROOT;XIRECS;13046.0;3
53500;BOT_MAKER;BOT_TAKER;VELVETFRUIT_EXTRACT;XIRECS;5293.0;8
53500;BOT_TAKER;BOT_MAKER;VEV_5500;XIRECS;3.0;2
53500;BOT_TAKER;SUBMISSION;HYDROGEL_PACK;XIRECS;10051.0;4
53600;BOT_TAKER;BOT_MAKER;VEV_6000;XIRECS;1.0;5
53600;BOT_TAKER;SUBMISSION;HYDROGEL_PACK;XIRECS;10051.0;2
53600;BOT_TAKER;SUBMISSION;INTARIAN_PEPPER_ROOT;XIRECS;13062.0;5
53700;BOT_TAKER;BOT_MAKER;HYDROGEL_PACK;XIRECS;10051.0;6
53700;BOT_MAKER;BOT_TAKER;VELVETFRUIT_EXTRACT;XIRECS;5291.0;5
53700;SUBMISSION;BOT;INTARIAN_PEPPER_ROOT;XIRECS;13061.0;5
53800;BOT_MAKER;BOT_TAKER;HYDROGEL_PACK;XIRECS;10035.0;3
53800;BOT_MAKER;BOT_TAKER;HYDROGEL_PACK;XIRECS;10035.0;6
53800;BOT_TAKER;BOT_MAKER;VEV_6000;XIRECS;1.0;2
53900;BOT_TAKER;BOT_MAKER;VEV_6000;XIRECS;1.0;2
54000;BOT_TAKER;BOT_MAKER;HYDROGEL_PACK;XIRECS;10049.0;3
54000;BOT_MAKER;BOT_TAKER;VELVETFRUIT_EXTRACT;XIRECS;5293.0;9
54100;BOT_MAKER;BOT_TAKER;VELVETFRUIT_EXTRACT;XIRECS;5291.0;8
54100;BOT_MAKER;BOT_TAKER;VEV_4000;XIRECS;1243.0;2
54100;BOT_MAKER;BOT_TAKER;VEV_4000;XIRECS;1243.0;3
54200;BOT_TAKER;BOT_MAKER;ASH_COATED_OSMIUM;XIRECS;10005.0;6
54200;BOT_TAKER;BOT_MAKER;HYDROGEL_PACK;XIRECS;10053.0;6
54200;BOT_TAKER;BOT_MAKER;VELVETFRUIT_EXTRACT;XIRECS;5299.0;3
54200;BOT_TAKER;BOT_MAKER;VEV_4000;XIRECS;1263.0;3
54200;BOT_TAKER;BOT_MAKER;VEV_6000;XIRECS;1.0;3
54300;BOT_TAKER;BOT_MAKER;HYDROGEL_PACK;XIRECS;10058.0;3
54300;BOT_MAKER;BOT_TAKER;VELVETFRUIT_EXTRACT;XIRECS;5293.0;4
54400;BOT_MAKER;BOT_TAKER;HYDROGEL_PACK;XIRECS;10042.0;6
54400;BOT_TAKER;BOT_MAKER;VELVETFRUIT_EXTRACT;XIRECS;5298.0;8
54400;BOT_MAKER;BOT_TAKER;VEV_6000;XIRECS;0.0;4
54400;SUBMISSION;BOT_TAKER;VELVETFRUIT_EXTRACT;XIRECS;5294.0;5
54400;BOT_MAKER;BOT_TAKER;VELVETFRUIT_EXTRACT;XIRECS;5293.0;1
54500;BOT_TAKER;BOT_MAKER;VELVETFRUIT_EXTRACT;XIRECS;5299.0;7
54500;BOT_MAKER;BOT_TAKER;VEV_6000;XIRECS;0.0;2
54600;BOT_MAKER;BOT_TAKER;VEV_5300;XIRECS;41.0;3
54700;BOT_TAKER;BOT_MAKER;HYDROGEL_PACK;XIRECS;10056.0;2
54800;BOT_MAKER;BOT_TAKER;INTARIAN_PEPPER_ROOT;XIRECS;13048.0;5
54900;BOT_TAKER;BOT_MAKER;HYDROGEL_PACK;XIRECS;10054.0;6
54900;BOT_MAKER;BOT_TAKER;VEV_4000;XIRECS;1242.0;1
55000;BOT_MAKER;BOT_TAKER;VELVETFRUIT_EXTRACT;XIRECS;5291.0;3
55100;BOT_TAKER;BOT_MAKER;INTARIAN_PEPPER_ROOT;XIRECS;13062.0;3
55200;BOT_TAKER;BOT_MAKER;HYDROGEL_PACK;XIRECS;10054.0;5
55200;BOT_MAKER;BOT_TAKER;HYDROGEL_PACK;XIRECS;10038.0;5
55400;BOT_TAKER;BOT_MAKER;HYDROGEL_PACK;XIRECS;10059.0;2
55500;BOT_TAKER;BOT_MAKER;VELVETFRUIT_EXTRACT;XIRECS;5297.0;5
55500;BOT_TAKER;BOT_MAKER;VEV_4000;XIRECS;1258.0;3
55500;BOT_TAKER;SUBMISSION;HYDROGEL_PACK;XIRECS;10059.0;2
55600;BOT_MAKER;BOT_TAKER;INTARIAN_PEPPER_ROOT;XIRECS;13049.0;6
55600;BOT_TAKER;BOT_MAKER;VEV_4000;XIRECS;1259.0;2
55700;BOT_MAKER;BOT_TAKER;VELVETFRUIT_EXTRACT;XIRECS;5295.0;6
55700;BOT_TAKER;BOT_MAKER;VEV_4000;XIRECS;1260.0;3
55800;BOT_TAKER;BOT_MAKER;HYDROGEL_PACK;XIRECS;10060.0;2
55900;BOT_MAKER;BOT_TAKER;VELVETFRUIT_EXTRACT;XIRECS;5297.0;5
56000;BOT_TAKER;BOT_MAKER;HYDROGEL_PACK;XIRECS;10059.0;6
56000;BOT_MAKER;BOT_TAKER;VELVETFRUIT_EXTRACT;XIRECS;5295.0;8
56000;BOT_TAKER;BOT_MAKER;VEV_5400;XIRECS;18.0;2
56100;BOT_MAKER;BOT_TAKER;HYDROGEL_PACK;XIRECS;10041.0;2
56200;BOT_TAKER;BOT_MAKER;VELVETFRUIT_EXTRACT;XIRECS;5300.0;7
56200;SUBMISSION;BOT_TAKER;HYDROGEL_PACK;XIRECS;10046.0;4
56200;BOT_TAKER;SUBMISSION;VELVETFRUIT_EXTRACT;XIRECS;5299.0;5
56200;BOT_TAKER;BOT_MAKER;VELVETFRUIT_EXTRACT;XIRECS;5300.0;3
56300;BOT_MAKER;BOT_TAKER;HYDROGEL_PACK;XIRECS;10046.0;2
56300;BOT_TAKER;BOT_MAKER;VEV_6000;XIRECS;1.0;5
56300;BOT_TAKER;SUBMISSION;VELVETFRUIT_EXTRACT;XIRECS;5301.0;5
56300;BOT_TAKER;BOT_MAKER;VELVETFRUIT_EXTRACT;XIRECS;5302.0;3
56400;BOT_TAKER;BOT_MAKER;HYDROGEL_PACK;XIRECS;10061.0;6
56500;BOT_TAKER;BOT_MAKER;VELVETFRUIT_EXTRACT;XIRECS;5301.0;3
56600;BOT_MAKER;BOT_TAKER;VELVETFRUIT_EXTRACT;XIRECS;5296.0;5
56600;BOT_TAKER;BOT_MAKER;VEV_6500;XIRECS;1.0;5
56600;SUBMISSION;BOT_TAKER;HYDROGEL_PACK;XIRECS;10049.0;5
56600;BOT_MAKER;BOT_TAKER;HYDROGEL_PACK;XIRECS;10048.0;1
56700;BOT_TAKER;BOT_MAKER;ASH_COATED_OSMIUM;XIRECS;10005.0;3
56700;BOT_TAKER;BOT_MAKER;VEV_4000;XIRECS;1257.0;2
56700;BOT_TAKER;BOT_MAKER;VEV_6000;XIRECS;1.0;2
57000;BOT_MAKER;BOT_TAKER;VEV_4000;XIRECS;1237.0;1
57000;BOT_TAKER;SUBMISSION;VELVETFRUIT_EXTRACT;XIRECS;5299.0;5
57000;BOT_TAKER;BOT_MAKER;VELVETFRUIT_EXTRACT;XIRECS;5300.0;3
57100;BOT_TAKER;BOT_MAKER;HYDROGEL_PACK;XIRECS;10069.0;4
57100;BOT_TAKER;BOT_MAKER;VELVETFRUIT_EXTRACT;XIRECS;5300.0;5
57200;BOT_TAKER;BOT_MAKER;HYDROGEL_PACK;XIRECS;10072.0;3
57200;BOT_TAKER;BOT_MAKER;VEV_5400;XIRECS;19.0;2
57300;BOT_MAKER;BOT_TAKER;VELVETFRUIT_EXTRACT;XIRECS;5295.0;7
57300;BOT_MAKER;BOT_TAKER;INTARIAN_PEPPER_ROOT;XIRECS;13047.0;3
57400;BOT_MAKER;BOT_TAKER;VELVETFRUIT_EXTRACT;XIRECS;5294.0;12
57400;BOT_MAKER;BOT_TAKER;VEV_5400;XIRECS;17.0;4
57500;BOT_TAKER;BOT_MAKER;HYDROGEL_PACK;XIRECS;10071.0;5
57500;BOT_TAKER;BOT_MAKER;VELVETFRUIT_EXTRACT;XIRECS;5299.0;3
57500;BOT_TAKER;BOT_MAKER;VEV_4000;XIRECS;1261.0;2
57600;BOT_MAKER;BOT_TAKER;VELVETFRUIT_EXTRACT;XIRECS;5294.0;5
57700;BOT_TAKER;BOT_MAKER;HYDROGEL_PACK;XIRECS;10072.0;6
57800;BOT_TAKER;BOT_MAKER;HYDROGEL_PACK;XIRECS;10070.0;4
57800;BOT_TAKER;BOT_MAKER;VEV_6000;XIRECS;1.0;5
57900;BOT_MAKER;BOT_TAKER;HYDROGEL_PACK;XIRECS;10054.0;2
57900;BOT_TAKER;BOT_MAKER;VELVETFRUIT_EXTRACT;XIRECS;5301.0;8
57900;BOT_TAKER;BOT_MAKER;VEV_4000;XIRECS;1261.0;2
57900;BOT;SUBMISSION;ASH_COATED_OSMIUM;XIRECS;10000.0;10
58000;BOT_TAKER;BOT_MAKER;VEV_6500;XIRECS;1.0;4
58100;BOT_MAKER;BOT_TAKER;VELVETFRUIT_EXTRACT;XIRECS;5295.0;4
58200;BOT_MAKER;BOT_TAKER;HYDROGEL_PACK;XIRECS;10054.0;4
58300;BOT_TAKER;BOT_MAKER;HYDROGEL_PACK;XIRECS;10071.0;5
58300;BOT_TAKER;BOT_MAKER;VELVETFRUIT_EXTRACT;XIRECS;5300.0;4
58400;BOT_MAKER;BOT_TAKER;VEV_5400;XIRECS;17.0;5
58500;BOT_TAKER;SUBMISSION;ASH_COATED_OSMIUM;XIRECS;10009.0;2
58500;BOT_TAKER;BOT_MAKER;INTARIAN_PEPPER_ROOT;XIRECS;13066.0;8
58800;SUBMISSION;BOT;ASH_COATED_OSMIUM;XIRECS;9996.0;8
59100;BOT_TAKER;BOT_MAKER;VELVETFRUIT_EXTRACT;XIRECS;5299.0;7
59200;BOT_TAKER;BOT_MAKER;HYDROGEL_PACK;XIRECS;10063.0;4
59200;BOT_MAKER;BOT_TAKER;VELVETFRUIT_EXTRACT;XIRECS;5294.0;7
59300;BOT_TAKER;SUBMISSION;HYDROGEL_PACK;XIRECS;10065.0;2
59300;BOT_MAKER;BOT_TAKER;INTARIAN_PEPPER_ROOT;XIRECS;13052.0;4
59300;BOT_TAKER;SUBMISSION;VELVETFRUIT_EXTRACT;XIRECS;5299.0;3
59400;BOT_TAKER;BOT_MAKER;VEV_6000;XIRECS;1.0;2
59500;BOT_MAKER;BOT_TAKER;HYDROGEL_PACK;XIRECS;10050.0;5
59500;BOT_MAKER;BOT_TAKER;VELVETFRUIT_EXTRACT;XIRECS;5293.0;3
59600;BOT_TAKER;BOT_MAKER;VEV_6500;XIRECS;1.0;4
59700;BOT_TAKER;BOT_MAKER;VEV_6500;XIRECS;1.0;5
60000;BOT_TAKER;BOT_MAKER;VELVETFRUIT_EXTRACT;XIRECS;5300.0;4
60000;BOT_MAKER;BOT_TAKER;VEV_6000;XIRECS;0.0;2
60200;BOT_MAKER;BOT_TAKER;VELVETFRUIT_EXTRACT;XIRECS;5294.0;5
60200;BOT_MAKER;BOT_TAKER;INTARIAN_PEPPER_ROOT;XIRECS;13050.0;4
60300;BOT_TAKER;BOT_MAKER;VELVETFRUIT_EXTRACT;XIRECS;5301.0;8
60300;SUBMISSION;BOT;ASH_COATED_OSMIUM;XIRECS;9998.0;5
60400;BOT_MAKER;BOT_TAKER;VEV_6500;XIRECS;0.0;5
60500;BOT_TAKER;BOT_MAKER;VEV_5400;XIRECS;20.0;5
60500;BOT_TAKER;BOT_MAKER;VEV_5500;XIRECS;4.0;2
60600;BOT_TAKER;BOT_MAKER;VELVETFRUIT_EXTRACT;XIRECS;5302.0;7
60600;BOT_TAKER;BOT_MAKER;VEV_5500;XIRECS;4.0;3
60600;BOT_TAKER;BOT_MAKER;VEV_6000;XIRECS;1.0;5
60700;BOT_MAKER;BOT_TAKER;VEV_4000;XIRECS;1234.0;1
60700;BOT_MAKER;BOT_TAKER;VEV_6500;XIRECS;0.0;5
60800;BOT_TAKER;BOT_MAKER;HYDROGEL_PACK;XIRECS;10062.0;6
60800;BOT_MAKER;BOT_TAKER;VELVETFRUIT_EXTRACT;XIRECS;5294.0;5
60800;BOT;SUBMISSION;ASH_COATED_OSMIUM;XIRECS;10002.0;9
60900;BOT_TAKER;BOT_MAKER;HYDROGEL_PACK;XIRECS;10067.0;5
60900;BOT_MAKER;BOT_TAKER;VEV_6500;XIRECS;0.0;2
60900;BOT_TAKER;SUBMISSION;VEV_4000;XIRECS;1253.0;3
61000;BOT_TAKER;BOT_MAKER;HYDROGEL_PACK;XIRECS;10066.0;4
61000;BOT_MAKER;BOT_TAKER;VEV_6000;XIRECS;0.0;4
61000;SUBMISSION;BOT_TAKER;HYDROGEL_PACK;XIRECS;10051.0;2
61200;BOT_TAKER;BOT_MAKER;VEV_5400;XIRECS;20.0;2
61300;BOT_TAKER;BOT_MAKER;HYDROGEL_PACK;XIRECS;10068.0;2
61300;BOT_TAKER;BOT_MAKER;VELVETFRUIT_EXTRACT;XIRECS;5300.0;7
61400;BOT_MAKER;BOT_TAKER;VEV_5400;XIRECS;18.0;4
61400;BOT_MAKER;BOT_TAKER;VEV_5500;XIRECS;3.0;5
61400;BOT_TAKER;BOT_MAKER;VEV_6500;XIRECS;1.0;5
61500;BOT_TAKER;SUBMISSION;HYDROGEL_PACK;XIRECS;10065.0;5
61500;BOT_TAKER;BOT_MAKER;HYDROGEL_PACK;XIRECS;10066.0;1
61500;SUBMISSION;BOT_TAKER;VELVETFRUIT_EXTRACT;XIRECS;5292.0;4
61600;BOT_TAKER;BOT_MAKER;HYDROGEL_PACK;XIRECS;10062.0;6
61600;BOT_TAKER;BOT_MAKER;VELVETFRUIT_EXTRACT;XIRECS;5298.0;3
61600;BOT_TAKER;BOT_MAKER;VEV_4000;XIRECS;1253.0;2
61600;BOT_TAKER;SUBMISSION;VELVETFRUIT_EXTRACT;XIRECS;5297.0;5
61600;BOT_TAKER;BOT_MAKER;VELVETFRUIT_EXTRACT;XIRECS;5298.0;2
61700;BOT_TAKER;BOT_MAKER;VELVETFRUIT_EXTRACT;XIRECS;5299.0;7
61800;BOT_MAKER;BOT_TAKER;HYDROGEL_PACK;XIRECS;10042.0;4
61900;BOT_MAKER;BOT_TAKER;HYDROGEL_PACK;XIRECS;10041.0;6
62000;BOT_TAKER;BOT_MAKER;ASH_COATED_OSMIUM;XIRECS;10008.0;4
62000;BOT_MAKER;BOT_TAKER;HYDROGEL_PACK;XIRECS;10040.0;3
62000;BOT_MAKER;BOT_TAKER;VELVETFRUIT_EXTRACT;XIRECS;5288.0;5
62000;SUBMISSION;BOT_TAKER;ASH_COATED_OSMIUM;XIRECS;9993.0;8
62000;BOT_TAKER;SUBMISSION;VELVETFRUIT_EXTRACT;XIRECS;5292.0;3
62100;BOT_MAKER;BOT_TAKER;VEV_6500;XIRECS;0.0;3
62100;SUBMISSION;BOT_TAKER;HYDROGEL_PACK;XIRECS;10038.0;5
62100;BOT_MAKER;BOT_TAKER;HYDROGEL_PACK;XIRECS;10037.0;1
62200;BOT_TAKER;BOT_MAKER;VELVETFRUIT_EXTRACT;XIRECS;5296.0;8
62200;BOT_TAKER;BOT_MAKER;VEV_6000;XIRECS;1.0;2
62300;BOT_TAKER;BOT_MAKER;HYDROGEL_PACK;XIRECS;10055.0;4
62300;SUBMISSION;BOT;ASH_COATED_OSMIUM;XIRECS;9997.0;10
62400;BOT_TAKER;BOT_MAKER;VELVETFRUIT_EXTRACT;XIRECS;5296.0;6
62400;BOT_MAKER;BOT_TAKER;VEV_4000;XIRECS;1231.0;2
62400;BOT_MAKER;BOT_TAKER;VEV_6500;XIRECS;0.0;3
62500;BOT_TAKER;BOT_MAKER;HYDROGEL_PACK;XIRECS;10058.0;2
62500;BOT_TAKER;BOT_MAKER;VELVETFRUIT_EXTRACT;XIRECS;5296.0;3
62700;BOT_TAKER;BOT_MAKER;HYDROGEL_PACK;XIRECS;10056.0;5
62800;BOT_MAKER;BOT_TAKER;VELVETFRUIT_EXTRACT;XIRECS;5291.0;8
62800;SUBMISSION;BOT;ASH_COATED_OSMIUM;XIRECS;9997.0;6
62900;BOT_MAKER;BOT_TAKER;VELVETFRUIT_EXTRACT;XIRECS;5291.0;6
62900;BOT_TAKER;BOT_MAKER;VEV_6500;XIRECS;1.0;3
63000;BOT_TAKER;BOT_MAKER;HYDROGEL_PACK;XIRECS;10058.0;4
63000;BOT_TAKER;BOT_MAKER;VELVETFRUIT_EXTRACT;XIRECS;5297.0;5
63000;SUBMISSION;BOT_TAKER;ASH_COATED_OSMIUM;XIRECS;9994.0;2
63100;BOT_TAKER;BOT_MAKER;HYDROGEL_PACK;XIRECS;10057.0;2
63100;BOT_MAKER;BOT_TAKER;VEV_4000;XIRECS;1229.0;2
63100;BOT_MAKER;BOT_TAKER;VEV_5400;XIRECS;16.0;3
63300;BOT_MAKER;BOT_TAKER;HYDROGEL_PACK;XIRECS;10040.0;5
63300;BOT_MAKER;BOT_TAKER;VEV_6500;XIRECS;0.0;2
63300;BOT_TAKER;SUBMISSION;HYDROGEL_PACK;XIRECS;10055.0;4
63400;BOT_TAKER;BOT_MAKER;VELVETFRUIT_EXTRACT;XIRECS;5297.0;4
63600;BOT_TAKER;BOT_MAKER;HYDROGEL_PACK;XIRECS;10053.0;3
63600;BOT_TAKER;BOT_MAKER;VEV_4000;XIRECS;1251.0;2
63700;BOT_MAKER;BOT_TAKER;HYDROGEL_PACK;XIRECS;10038.0;2
63700;BOT_TAKER;BOT_MAKER;VEV_6000;XIRECS;1.0;4
63700;BOT_MAKER;BOT_TAKER;VEV_6500;XIRECS;0.0;2
63800;BOT_TAKER;BOT_MAKER;VEV_4000;XIRECS;1254.0;1
63900;BOT_MAKER;BOT_TAKER;VEV_5400;XIRECS;16.0;2
63900;BOT_TAKER;BOT_MAKER;VEV_5500;XIRECS;3.0;3
64000;BOT_MAKER;BOT_TAKER;HYDROGEL_PACK;XIRECS;10035.0;2
64100;BOT_TAKER;BOT_MAKER;HYDROGEL_PACK;XIRECS;10050.0;3
64100;BOT_MAKER;BOT_TAKER;VELVETFRUIT_EXTRACT;XIRECS;5291.0;8
64100;BOT_TAKER;BOT_MAKER;VEV_4000;XIRECS;1253.0;3
64200;BOT_TAKER;BOT_MAKER;VELVETFRUIT_EXTRACT;XIRECS;5296.0;8
64200;BOT_MAKER;BOT_TAKER;VEV_5500;XIRECS;2.0;2
64200;SUBMISSION;BOT_TAKER;HYDROGEL_PACK;XIRECS;10036.0;5
64200;BOT_MAKER;BOT_TAKER;HYDROGEL_PACK;XIRECS;10035.0;1
64300;BOT_MAKER;BOT_TAKER;VELVETFRUIT_EXTRACT;XIRECS;5291.0;8
64400;BOT_TAKER;BOT_MAKER;VELVETFRUIT_EXTRACT;XIRECS;5297.0;5
64400;SUBMISSION;BOT_TAKER;VELVETFRUIT_EXTRACT;XIRECS;5293.0;5
64400;BOT_MAKER;BOT_TAKER;VELVETFRUIT_EXTRACT;XIRECS;5292.0;2
64500;BOT_TAKER;BOT_MAKER;HYDROGEL_PACK;XIRECS;10047.0;6
64600;BOT_MAKER;BOT_TAKER;HYDROGEL_PACK;XIRECS;10029.0;4
64600;BOT_MAKER;BOT_TAKER;VEV_4000;XIRECS;1229.0;3
64600;BOT_MAKER;BOT_TAKER;VEV_5500;XIRECS;2.0;4
64600;BOT_TAKER;BOT_MAKER;VEV_5500;XIRECS;3.0;2
64600;BOT;SUBMISSION;ASH_COATED_OSMIUM;XIRECS;10003.0;5
64700;BOT_TAKER;BOT_MAKER;VEV_4000;XIRECS;1249.0;3
64700;BOT_MAKER;BOT_TAKER;VEV_5500;XIRECS;2.0;3
64700;BOT_MAKER;BOT_TAKER;VEV_6500;XIRECS;0.0;3
64800;BOT_MAKER;BOT_TAKER;HYDROGEL_PACK;XIRECS;10034.0;4
64800;BOT_TAKER;BOT_MAKER;VELVETFRUIT_EXTRACT;XIRECS;5297.0;8
64800;SUBMISSION;BOT_TAKER;VELVETFRUIT_EXTRACT;XIRECS;5292.0;5
64800;BOT_MAKER;BOT_TAKER;VELVETFRUIT_EXTRACT;XIRECS;5291.0;3
64900;BOT_TAKER;BOT_MAKER;VEV_6000;XIRECS;1.0;5
65000;BOT_MAKER;BOT_TAKER;VELVETFRUIT_EXTRACT;XIRECS;5292.0;4
65000;BOT_MAKER;BOT_TAKER;VEV_4000;XIRECS;1227.0;1
65000;BOT_MAKER;BOT_TAKER;VEV_6500;XIRECS;0.0;2
65200;BOT_TAKER;BOT_MAKER;HYDROGEL_PACK;XIRECS;10045.0;3
65200;BOT_TAKER;BOT_MAKER;VEV_6000;XIRECS;1.0;3
65300;BOT_MAKER;BOT_TAKER;VELVETFRUIT_EXTRACT;XIRECS;5290.0;5
65300;SUBMISSION;BOT_TAKER;ASH_COATED_OSMIUM;XIRECS;9995.0;10
65400;BOT_TAKER;BOT_MAKER;HYDROGEL_PACK;XIRECS;10048.0;3
65400;BOT_MAKER;BOT_TAKER;VELVETFRUIT_EXTRACT;XIRECS;5292.0;7
65600;BOT_MAKER;BOT_TAKER;VEV_6000;XIRECS;0.0;3
65700;BOT_MAKER;BOT_TAKER;HYDROGEL_PACK;XIRECS;10039.0;3
65800;BOT_TAKER;BOT_MAKER;HYDROGEL_PACK;XIRECS;10054.0;3
65800;BOT_MAKER;BOT_TAKER;VELVETFRUIT_EXTRACT;XIRECS;5288.0;8
65800;BOT_TAKER;BOT_MAKER;VEV_6000;XIRECS;1.0;3
65800;BOT_TAKER;SUBMISSION;HYDROGEL_PACK;XIRECS;10053.0;4
65900;BOT_MAKER;BOT_TAKER;INTARIAN_PEPPER_ROOT;XIRECS;13059.0;3
66000;BOT_TAKER;BOT_MAKER;INTARIAN_PEPPER_ROOT;XIRECS;13073.0;4
66000;BOT_MAKER;BOT_TAKER;VELVETFRUIT_EXTRACT;XIRECS;5286.0;3
66000;BOT;SUBMISSION;ASH_COATED_OSMIUM;XIRECS;10003.0;8
66200;BOT_TAKER;BOT_MAKER;VEV_6000;XIRECS;1.0;3
66200;BOT_TAKER;SUBMISSION;VEV_4000;XIRECS;1245.0;1
66300;BOT_MAKER;BOT_TAKER;ASH_COATED_OSMIUM;XIRECS;9995.0;5
66300;BOT_MAKER;BOT_TAKER;VELVETFRUIT_EXTRACT;XIRECS;5287.0;6
66300;SUBMISSION;BOT_TAKER;VELVETFRUIT_EXTRACT;XIRECS;5288.0;4
66400;BOT_TAKER;BOT_MAKER;VELVETFRUIT_EXTRACT;XIRECS;5290.0;5
66500;BOT_TAKER;BOT_MAKER;VELVETFRUIT_EXTRACT;XIRECS;5291.0;3
66500;BOT_TAKER;BOT_MAKER;VEV_5300;XIRECS;46.0;3
66500;BOT_MAKER;BOT_TAKER;VEV_6500;XIRECS;0.0;5
66600;BOT_MAKER;BOT_TAKER;HYDROGEL_PACK;XIRECS;10045.0;5
66600;BOT_MAKER;BOT_TAKER;VEV_5400;XIRECS;16.0;4
66700;BOT_MAKER;BOT_TAKER;VELVETFRUIT_EXTRACT;XIRECS;5287.0;4
66700;BOT_TAKER;BOT_MAKER;VEV_6000;XIRECS;1.0;3
66900;BOT_TAKER;BOT_MAKER;HYDROGEL_PACK;XIRECS;10066.0;4
66900;BOT_MAKER;BOT_TAKER;VEV_6000;XIRECS;0.0;5
66900;BOT_TAKER;SUBMISSION;HYDROGEL_PACK;XIRECS;10065.0;2
67000;BOT_MAKER;BOT_TAKER;VEV_4000;XIRECS;1219.0;2
67100;BOT_MAKER;BOT_TAKER;VEV_4000;XIRECS;1221.0;1
67100;BOT_MAKER;BOT_TAKER;VEV_4000;XIRECS;1221.0;2
67100;BOT_TAKER;BOT_MAKER;VEV_6500;XIRECS;1.0;2
67200;BOT_MAKER;BOT_TAKER;VELVETFRUIT_EXTRACT;XIRECS;5286.0;4
67200;BOT_MAKER;BOT_TAKER;VEV_4000;XIRECS;1222.0;3
67200;BOT_TAKER;BOT_MAKER;VEV_6000;XIRECS;1.0;5
67200;SUBMISSION;BOT_TAKER;HYDROGEL_PACK;XIRECS;10050.0;5
67300;BOT_MAKER;BOT_TAKER;VEV_5500;XIRECS;3.0;2
67400;BOT_MAKER;BOT_TAKER;HYDROGEL_PACK;XIRECS;10047.0;6
67400;BOT_MAKER;BOT_TAKER;VELVETFRUIT_EXTRACT;XIRECS;5283.0;7
67500;BOT_TAKER;BOT_MAKER;VEV_5500;XIRECS;4.0;3
67600;BOT_TAKER;BOT_MAKER;ASH_COATED_OSMIUM;XIRECS;10010.0;2
67600;BOT_MAKER;BOT_TAKER;VELVETFRUIT_EXTRACT;XIRECS;5286.0;4
67600;BOT_TAKER;BOT_MAKER;VEV_4000;XIRECS;1242.0;3
67700;BOT_TAKER;SUBMISSION;VELVETFRUIT_EXTRACT;XIRECS;5291.0;5
67700;BOT_TAKER;BOT_MAKER;VELVETFRUIT_EXTRACT;XIRECS;5292.0;1
67800;BOT_TAKER;BOT_MAKER;VELVETFRUIT_EXTRACT;XIRECS;5292.0;8
67900;BOT_MAKER;BOT_TAKER;HYDROGEL_PACK;XIRECS;10040.0;5
67900;BOT_TAKER;SUBMISSION;VELVETFRUIT_EXTRACT;XIRECS;5293.0;4
68100;BOT_MAKER;BOT_TAKER;VEV_5500;XIRECS;3.0;5
68100;BOT_TAKER;SUBMISSION;VELVETFRUIT_EXTRACT;XIRECS;5290.0;4
68200;BOT_MAKER;BOT_TAKER;VELVETFRUIT_EXTRACT;XIRECS;5286.0;8
68200;BOT_MAKER;BOT_TAKER;VEV_6500;XIRECS;0.0;3
68200;BOT;SUBMISSION;ASH_COATED_OSMIUM;XIRECS;10002.0;8
68200;BOT_MAKER;BOT_TAKER;INTARIAN_PEPPER_ROOT;XIRECS;13061.0;7
68200;SUBMISSION;BOT_TAKER;VELVETFRUIT_EXTRACT;XIRECS;5287.0;5
68200;BOT_MAKER;BOT_TAKER;VELVETFRUIT_EXTRACT;XIRECS;5286.0;5
68300;BOT_TAKER;SUBMISSION;VELVETFRUIT_EXTRACT;XIRECS;5290.0;5
68300;BOT_TAKER;BOT_MAKER;VELVETFRUIT_EXTRACT;XIRECS;5291.0;1
68500;BOT_TAKER;BOT_MAKER;VEV_5500;XIRECS;4.0;3
68700;BOT_MAKER;BOT_TAKER;VELVETFRUIT_EXTRACT;XIRECS;5285.0;3
69000;BOT_TAKER;BOT_MAKER;VEV_6500;XIRECS;1.0;5
69000;SUBMISSION;BOT_TAKER;VELVETFRUIT_EXTRACT;XIRECS;5286.0;5
69000;BOT_MAKER;BOT_TAKER;VELVETFRUIT_EXTRACT;XIRECS;5285.0;2
69100;BOT_MAKER;BOT_TAKER;VELVETFRUIT_EXTRACT;XIRECS;5284.0;6
69200;BOT_TAKER;BOT_MAKER;VEV_5300;XIRECS;47.0;4
69200;BOT_TAKER;SUBMISSION;ASH_COATED_OSMIUM;XIRECS;10010.0;3
69200;SUBMISSION;BOT_TAKER;VELVETFRUIT_EXTRACT;XIRECS;5285.0;5
69200;BOT_MAKER;BOT_TAKER;VELVETFRUIT_EXTRACT;XIRECS;5284.0;2
69300;BOT_TAKER;BOT_MAKER;HYDROGEL_PACK;XIRECS;10063.0;3
69300;BOT_TAKER;SUBMISSION;HYDROGEL_PACK;XIRECS;10062.0;2
69400;BOT_MAKER;BOT_TAKER;VEV_4000;XIRECS;1223.0;1
69400;BOT_TAKER;SUBMISSION;HYDROGEL_PACK;XIRECS;10062.0;3
69500;BOT_TAKER;BOT_MAKER;HYDROGEL_PACK;XIRECS;10061.0;2
69600;BOT_MAKER;BOT_TAKER;VELVETFRUIT_EXTRACT;XIRECS;5284.0;7
69600;SUBMISSION;BOT_TAKER;VELVETFRUIT_EXTRACT;XIRECS;5285.0;5
69600;BOT_MAKER;BOT_TAKER;VELVETFRUIT_EXTRACT;XIRECS;5284.0;2
69700;BOT;SUBMISSION;ASH_COATED_OSMIUM;XIRECS;10003.0;5
69800;BOT_TAKER;BOT_MAKER;VEV_4000;XIRECS;1245.0;3
69900;BOT_MAKER;BOT_TAKER;HYDROGEL_PACK;XIRECS;10047.0;4
69900;BOT_TAKER;BOT_MAKER;VELVETFRUIT_EXTRACT;XIRECS;5292.0;8
69900;BOT_TAKER;BOT_MAKER;VEV_5400;XIRECS;16.0;3
70000;BOT_TAKER;BOT_MAKER;HYDROGEL_PACK;XIRECS;10063.0;3
70000;BOT_TAKER;BOT_MAKER;VELVETFRUIT_EXTRACT;XIRECS;5294.0;4
70000;BOT_TAKER;BOT_MAKER;VEV_4000;XIRECS;1245.0;1
70000;BOT_TAKER;BOT_MAKER;VEV_6500;XIRECS;1.0;5
70000;SUBMISSION;BOT_TAKER;VELVETFRUIT_EXTRACT;XIRECS;5289.0;5
70000;BOT_MAKER;BOT_TAKER;VELVETFRUIT_EXTRACT;XIRECS;5288.0;2
70100;BOT_MAKER;BOT_TAKER;VELVETFRUIT_EXTRACT;XIRECS;5287.0;4
70100;BOT_MAKER;BOT_TAKER;VEV_5300;XIRECS;44.0;4
70100;BOT_TAKER;BOT_MAKER;VEV_6500;XIRECS;1.0;2
70200;BOT_MAKER;BOT_TAKER;VELVETFRUIT_EXTRACT;XIRECS;5287.0;6
70300;BOT_MAKER;BOT_TAKER;HYDROGEL_PACK;XIRECS;10048.0;4
70300;BOT_MAKER;BOT_TAKER;VELVETFRUIT_EXTRACT;XIRECS;5287.0;4
70300;BOT_TAKER;BOT_MAKER;VEV_5300;XIRECS;46.0;4
70300;BOT_TAKER;SUBMISSION;VELVETFRUIT_EXTRACT;XIRECS;5292.0;5
70300;BOT_TAKER;BOT_MAKER;VELVETFRUIT_EXTRACT;XIRECS;5293.0;1
70400;BOT_TAKER;BOT_MAKER;VEV_4000;XIRECS;1245.0;2
70500;BOT_TAKER;BOT_MAKER;HYDROGEL_PACK;XIRECS;10063.0;2
70700;BOT_TAKER;BOT_MAKER;VELVETFRUIT_EXTRACT;XIRECS;5291.0;7
70700;BOT_MAKER;BOT_TAKER;VEV_4000;XIRECS;1225.0;1
70800;BOT_TAKER;BOT_MAKER;HYDROGEL_PACK;XIRECS;10061.0;5
70800;BOT_MAKER;BOT_TAKER;INTARIAN_PEPPER_ROOT;XIRECS;13064.0;3
70800;BOT_MAKER;BOT_TAKER;VELVETFRUIT_EXTRACT;XIRECS;5284.0;5
70900;BOT_TAKER;BOT_MAKER;HYDROGEL_PACK;XIRECS;10063.0;2
71000;BOT_TAKER;BOT_MAKER;HYDROGEL_PACK;XIRECS;10061.0;6
71100;BOT_MAKER;BOT_TAKER;HYDROGEL_PACK;XIRECS;10046.0;2
71100;BOT_MAKER;BOT_TAKER;VELVETFRUIT_EXTRACT;XIRECS;5282.0;5
71100;BOT_MAKER;BOT_TAKER;VELVETFRUIT_EXTRACT;XIRECS;5282.0;4
71200;BOT_TAKER;BOT_MAKER;HYDROGEL_PACK;XIRECS;10064.0;6
71400;BOT_MAKER;BOT_TAKER;VELVETFRUIT_EXTRACT;XIRECS;5280.0;8
71500;BOT_MAKER;BOT_TAKER;VEV_5500;XIRECS;3.0;2
71500;BOT_TAKER;BOT_MAKER;VEV_6000;XIRECS;1.0;4
71600;BOT_TAKER;BOT_MAKER;VEV_5500;XIRECS;4.0;4
71600;BOT_TAKER;SUBMISSION;VELVETFRUIT_EXTRACT;XIRECS;5284.0;5
71600;BOT_TAKER;BOT_MAKER;VELVETFRUIT_EXTRACT;XIRECS;5285.0;1
71700;BOT_TAKER;BOT_MAKER;HYDROGEL_PACK;XIRECS;10062.0;4
71700;BOT_MAKER;BOT_TAKER;VELVETFRUIT_EXTRACT;XIRECS;5281.0;7
71900;SUBMISSION;BOT_TAKER;VELVETFRUIT_EXTRACT;XIRECS;5282.0;5
71900;BOT_MAKER;BOT_TAKER;VELVETFRUIT_EXTRACT;XIRECS;5281.0;2
72000;BOT_MAKER;BOT_TAKER;INTARIAN_PEPPER_ROOT;XIRECS;13065.0;4
72000;BOT_MAKER;BOT_TAKER;VELVETFRUIT_EXTRACT;XIRECS;5279.0;8
72000;BOT_TAKER;SUBMISSION;HYDROGEL_PACK;XIRECS;10065.0;3
72100;BOT_TAKER;BOT_MAKER;HYDROGEL_PACK;XIRECS;10067.0;5
72100;BOT_TAKER;BOT_MAKER;VELVETFRUIT_EXTRACT;XIRECS;5282.0;8
72200;BOT_TAKER;BOT_MAKER;HYDROGEL_PACK;XIRECS;10063.0;3
72300;BOT_TAKER;BOT_MAKER;VELVETFRUIT_EXTRACT;XIRECS;5283.0;4
72300;BOT_TAKER;BOT_MAKER;VEV_5500;XIRECS;4.0;5
72400;BOT_TAKER;BOT_MAKER;VELVETFRUIT_EXTRACT;XIRECS;5284.0;8
72400;BOT_TAKER;BOT_MAKER;VEV_5400;XIRECS;16.0;3
72400;BOT_MAKER;BOT_TAKER;VEV_5500;XIRECS;3.0;3
72400;SUBMISSION;BOT;ASH_COATED_OSMIUM;XIRECS;9998.0;8
72600;BOT_MAKER;BOT_TAKER;VELVETFRUIT_EXTRACT;XIRECS;5279.0;4
72600;BOT_MAKER;BOT_TAKER;VEV_5300;XIRECS;40.0;2
72600;BOT_MAKER;BOT_TAKER;VEV_6000;XIRECS;0.0;2
72700;BOT_TAKER;BOT_MAKER;VELVETFRUIT_EXTRACT;XIRECS;5283.0;7
72700;BOT_MAKER;BOT_TAKER;VEV_6000;XIRECS;0.0;3
72800;BOT_MAKER;BOT_TAKER;HYDROGEL_PACK;XIRECS;10047.0;6
72800;BOT_TAKER;BOT_MAKER;VELVETFRUIT_EXTRACT;XIRECS;5284.0;4
72800;BOT_MAKER;BOT_TAKER;VEV_6000;XIRECS;0.0;5
72800;SUBMISSION;BOT_TAKER;VELVETFRUIT_EXTRACT;XIRECS;5280.0;4
72900;BOT_TAKER;BOT_MAKER;HYDROGEL_PACK;XIRECS;10064.0;3
72900;BOT_TAKER;BOT_MAKER;VEV_5400;XIRECS;17.0;4
73000;BOT_TAKER;BOT_MAKER;HYDROGEL_PACK;XIRECS;10069.0;3
73100;BOT_MAKER;BOT_TAKER;VEV_5400;XIRECS;15.0;2
73100;BOT_TAKER;SUBMISSION;HYDROGEL_PACK;XIRECS;10068.0;3
73200;BOT_MAKER;BOT_TAKER;HYDROGEL_PACK;XIRECS;10053.0;2
73300;BOT_TAKER;BOT_MAKER;VEV_6000;XIRECS;1.0;4
73300;SUBMISSION;BOT_TAKER;VEV_4000;XIRECS;1227.0;2
73400;BOT_MAKER;BOT_TAKER;HYDROGEL_PACK;XIRECS;10056.0;2
73500;BOT_MAKER;BOT_TAKER;HYDROGEL_PACK;XIRECS;10054.0;5
73500;BOT_TAKER;BOT_MAKER;VELVETFRUIT_EXTRACT;XIRECS;5284.0;4
73500;BOT_MAKER;BOT_TAKER;VEV_5300;XIRECS;40.0;2
73600;BOT_MAKER;BOT_TAKER;HYDROGEL_PACK;XIRECS;10054.0;2
73600;BOT_MAKER;BOT_TAKER;VELVETFRUIT_EXTRACT;XIRECS;5279.0;3
73600;BOT_MAKER;BOT_TAKER;VEV_6000;XIRECS;0.0;4
73700;BOT_MAKER;BOT_TAKER;HYDROGEL_PACK;XIRECS;10054.0;4
73700;BOT_MAKER;BOT_TAKER;VELVETFRUIT_EXTRACT;XIRECS;5280.0;3
73800;BOT_TAKER;BOT_MAKER;HYDROGEL_PACK;XIRECS;10069.0;4
73800;BOT_MAKER;BOT_TAKER;VEV_5400;XIRECS;16.0;3
74000;BOT_TAKER;BOT_MAKER;HYDROGEL_PACK;XIRECS;10067.0;3
74100;BOT_MAKER;BOT_TAKER;VEV_6500;XIRECS;0.0;5
74100;BOT_TAKER;SUBMISSION;HYDROGEL_PACK;XIRECS;10061.0;5
74200;BOT_MAKER;BOT_TAKER;VELVETFRUIT_EXTRACT;XIRECS;5279.0;5
74200;BOT_TAKER;BOT_MAKER;VEV_5500;XIRECS;4.0;4
74200;BOT_MAKER;BOT_TAKER;VEV_6000;XIRECS;0.0;5
74300;BOT_TAKER;BOT_MAKER;VELVETFRUIT_EXTRACT;XIRECS;5285.0;5
74300;BOT_MAKER;BOT_TAKER;VEV_6000;XIRECS;0.0;5
74400;BOT_TAKER;BOT_MAKER;VELVETFRUIT_EXTRACT;XIRECS;5287.0;4
74400;BOT_MAKER;BOT_TAKER;VEV_4000;XIRECS;1225.0;3
74600;BOT_TAKER;SUBMISSION;VEV_4000;XIRECS;1246.0;2
74700;BOT_MAKER;BOT_TAKER;VELVETFRUIT_EXTRACT;XIRECS;5282.0;6
74700;BOT_TAKER;BOT_MAKER;VEV_4000;XIRECS;1247.0;2
75000;BOT_MAKER;BOT_TAKER;VELVETFRUIT_EXTRACT;XIRECS;5283.0;8
75200;BOT_TAKER;BOT_MAKER;HYDROGEL_PACK;XIRECS;10061.0;5
75200;BOT_MAKER;BOT_TAKER;VELVETFRUIT_EXTRACT;XIRECS;5283.0;4
75200;SUBMISSION;BOT_TAKER;VELVETFRUIT_EXTRACT;XIRECS;5284.0;5
75200;BOT_MAKER;BOT_TAKER;VELVETFRUIT_EXTRACT;XIRECS;5283.0;2
75300;BOT_TAKER;BOT_MAKER;HYDROGEL_PACK;XIRECS;10063.0;6
75300;BOT_TAKER;BOT_MAKER;VEV_4000;XIRECS;1245.0;2
75300;BOT_MAKER;BOT_TAKER;VEV_6500;XIRECS;0.0;2
75400;BOT_TAKER;BOT_MAKER;ASH_COATED_OSMIUM;XIRECS;10012.0;9
75400;BOT_TAKER;BOT_MAKER;HYDROGEL_PACK;XIRECS;10066.0;4
75400;BOT_MAKER;BOT_TAKER;VEV_5500;XIRECS;3.0;2
75500;BOT_TAKER;BOT_MAKER;VELVETFRUIT_EXTRACT;XIRECS;5288.0;7
75500;BOT_TAKER;BOT_MAKER;VEV_5500;XIRECS;4.0;3
75600;BOT_MAKER;BOT_TAKER;HYDROGEL_PACK;XIRECS;10047.0;2
75600;BOT_MAKER;BOT_TAKER;VELVETFRUIT_EXTRACT;XIRECS;5282.0;6
75600;BOT_TAKER;BOT_MAKER;VELVETFRUIT_EXTRACT;XIRECS;5288.0;6
75700;SUBMISSION;BOT_TAKER;VELVETFRUIT_EXTRACT;XIRECS;5284.0;5
75700;BOT_MAKER;BOT_TAKER;VELVETFRUIT_EXTRACT;XIRECS;5283.0;2
75800;BOT_MAKER;BOT_TAKER;HYDROGEL_PACK;XIRECS;10046.0;6
75800;BOT_MAKER;BOT_TAKER;VELVETFRUIT_EXTRACT;XIRECS;5285.0;6
75800;BOT_MAKER;BOT_TAKER;VEV_4000;XIRECS;1222.0;3
75800;BOT_TAKER;BOT_MAKER;VEV_5500;XIRECS;4.0;2
76000;BOT_TAKER;BOT_MAKER;VEV_5500;XIRECS;4.0;4
76100;BOT_TAKER;BOT_MAKER;VELVETFRUIT_EXTRACT;XIRECS;5292.0;7
76100;BOT_TAKER;BOT_MAKER;VEV_6000;XIRECS;1.0;3
76200;BOT_MAKER;BOT_TAKER;HYDROGEL_PACK;XIRECS;10043.0;4
76200;BOT_TAKER;BOT_MAKER;VEV_5400;XIRECS;17.0;5
76200;BOT_MAKER;BOT_TAKER;VEV_6000;XIRECS;0.0;4
76300;BOT_TAKER;BOT_MAKER;VELVETFRUIT_EXTRACT;XIRECS;5292.0;7
76400;BOT_TAKER;BOT_MAKER;INTARIAN_PEPPER_ROOT;XIRECS;13083.0;4
76400;BOT_TAKER;BOT_MAKER;VEV_5300;XIRECS;46.0;5
76500;BOT_TAKER;BOT_MAKER;VELVETFRUIT_EXTRACT;XIRECS;5291.0;7
76600;BOT_TAKER;BOT_MAKER;HYDROGEL_PACK;XIRECS;10063.0;6
76600;BOT_MAKER;BOT_TAKER;VEV_6500;XIRECS;0.0;2
76600;BOT_TAKER;SUBMISSION;VELVETFRUIT_EXTRACT;XIRECS;5291.0;3
76700;BOT_MAKER;BOT_TAKER;HYDROGEL_PACK;XIRECS;10045.0;2
76700;BOT_MAKER;BOT_TAKER;VELVETFRUIT_EXTRACT;XIRECS;5289.0;3
76700;BOT_MAKER;BOT_TAKER;VELVETFRUIT_EXTRACT;XIRECS;5289.0;10
76700;SUBMISSION;BOT_TAKER;ASH_COATED_OSMIUM;XIRECS;9998.0;3
76700;BOT_TAKER;SUBMISSION;HYDROGEL_PACK;XIRECS;10060.0;5
76700;BOT_TAKER;BOT_MAKER;HYDROGEL_PACK;XIRECS;10061.0;1
76800;BOT_MAKER;BOT_TAKER;ASH_COATED_OSMIUM;XIRECS;9996.0;2
76800;BOT_MAKER;BOT_TAKER;HYDROGEL_PACK;XIRECS;10045.0;5
76800;BOT_MAKER;BOT_TAKER;VELVETFRUIT_EXTRACT;XIRECS;5288.0;3
76800;BOT_MAKER;BOT_TAKER;VEV_5400;XIRECS;15.0;2
76900;BOT_MAKER;BOT_TAKER;HYDROGEL_PACK;XIRECS;10044.0;5
76900;BOT_MAKER;BOT_TAKER;VELVETFRUIT_EXTRACT;XIRECS;5287.0;7
76900;BOT_TAKER;BOT_MAKER;VELVETFRUIT_EXTRACT;XIRECS;5291.0;5
76900;BOT_MAKER;BOT_TAKER;VEV_5500;XIRECS;3.0;3
77000;BOT_TAKER;BOT_MAKER;HYDROGEL_PACK;XIRECS;10058.0;2
77000;BOT_TAKER;BOT_MAKER;VEV_4000;XIRECS;1245.0;3
77200;BOT_TAKER;BOT_MAKER;VEV_6500;XIRECS;1.0;3
77400;BOT_TAKER;BOT_MAKER;HYDROGEL_PACK;XIRECS;10056.0;6
77400;BOT_MAKER;BOT_TAKER;VEV_4000;XIRECS;1223.0;3
77500;BOT_TAKER;BOT_MAKER;VELVETFRUIT_EXTRACT;XIRECS;5297.0;8
77700;BOT_MAKER;BOT_TAKER;HYDROGEL_PACK;XIRECS;10042.0;3
77700;BOT_MAKER;BOT_TAKER;VELVETFRUIT_EXTRACT;XIRECS;5290.0;3
77700;BOT_TAKER;BOT_MAKER;VELVETFRUIT_EXTRACT;XIRECS;5295.0;4
77700;BOT_TAKER;BOT_MAKER;VEV_6000;XIRECS;1.0;4
77800;BOT_MAKER;BOT_TAKER;VEV_4000;XIRECS;1223.0;1
77800;BOT_MAKER;BOT_TAKER;VEV_5200;XIRECS;96.0;3
77800;BOT_TAKER;SUBMISSION;VELVETFRUIT_EXTRACT;XIRECS;5292.0;5
77800;BOT_TAKER;BOT_MAKER;VELVETFRUIT_EXTRACT;XIRECS;5293.0;8
77900;BOT_TAKER;BOT_MAKER;VELVETFRUIT_EXTRACT;XIRECS;5293.0;7
78000;BOT_MAKER;BOT_TAKER;VELVETFRUIT_EXTRACT;XIRECS;5286.0;7
78000;BOT_TAKER;BOT_MAKER;VEV_5400;XIRECS;17.0;5
78000;BOT_TAKER;BOT_MAKER;VEV_5500;XIRECS;4.0;3
78000;BOT_TAKER;SUBMISSION;VELVETFRUIT_EXTRACT;XIRECS;5290.0;5
78000;BOT_TAKER;BOT_MAKER;VELVETFRUIT_EXTRACT;XIRECS;5291.0;3
78100;BOT_MAKER;BOT_TAKER;VELVETFRUIT_EXTRACT;XIRECS;5287.0;6
78100;BOT_MAKER;BOT_TAKER;VEV_6500;XIRECS;0.0;4
78200;BOT_MAKER;BOT_TAKER;VEV_6500;XIRECS;0.0;2
78200;SUBMISSION;BOT_TAKER;ASH_COATED_OSMIUM;XIRECS;9996.0;5
78300;BOT_TAKER;BOT_MAKER;HYDROGEL_PACK;XIRECS;10061.0;3
78400;BOT_MAKER;BOT_TAKER;HYDROGEL_PACK;XIRECS;10046.0;4
78500;BOT_MAKER;BOT_TAKER;VELVETFRUIT_EXTRACT;XIRECS;5288.0;8
78600;BOT_MAKER;BOT_TAKER;HYDROGEL_PACK;XIRECS;10048.0;3
78600;BOT_MAKER;BOT_TAKER;VELVETFRUIT_EXTRACT;XIRECS;5286.0;6
78800;BOT_TAKER;BOT_MAKER;VEV_5300;XIRECS;42.0;4
78900;BOT_TAKER;BOT_MAKER;VELVETFRUIT_EXTRACT;XIRECS;5290.0;8
78900;BOT_MAKER;BOT_TAKER;VEV_4000;XIRECS;1219.0;3
79000;BOT_MAKER;BOT_TAKER;VELVETFRUIT_EXTRACT;XIRECS;5285.0;3
79100;BOT_MAKER;BOT_TAKER;VELVETFRUIT_EXTRACT;XIRECS;5284.0;11
79100;BOT_TAKER;BOT_MAKER;VEV_6500;XIRECS;1.0;2
79200;BOT_TAKER;BOT_MAKER;HYDROGEL_PACK;XIRECS;10066.0;5
79200;BOT_TAKER;BOT_MAKER;VELVETFRUIT_EXTRACT;XIRECS;5290.0;5
79300;BOT_TAKER;BOT_MAKER;HYDROGEL_PACK;XIRECS;10064.0;2
79300;BOT_MAKER;BOT_TAKER;VELVETFRUIT_EXTRACT;XIRECS;5285.0;5
79500;BOT_TAKER;SUBMISSION;VELVETFRUIT_EXTRACT;XIRECS;5288.0;3
79600;BOT_TAKER;BOT_MAKER;HYDROGEL_PACK;XIRECS;10070.0;4
79700;BOT_TAKER;BOT_MAKER;VELVETFRUIT_EXTRACT;XIRECS;5289.0;4
79700;BOT_MAKER;BOT_TAKER;VEV_5400;XIRECS;15.0;2
79700;SUBMISSION;BOT_TAKER;VEV_4000;XIRECS;1224.0;1
79800;BOT_TAKER;BOT_MAKER;VEV_4000;XIRECS;1242.0;2
79800;BOT_TAKER;BOT_MAKER;VEV_6500;XIRECS;1.0;5
79900;BOT_MAKER;BOT_TAKER;VEV_5500;XIRECS;3.0;4
80000;BOT_TAKER;BOT_MAKER;VELVETFRUIT_EXTRACT;XIRECS;5291.0;4
80100;BOT_MAKER;BOT_TAKER;VELVETFRUIT_EXTRACT;XIRECS;5286.0;7
80100;BOT_TAKER;BOT_MAKER;VEV_5400;XIRECS;18.0;5
80200;BOT_MAKER;BOT_TAKER;VELVETFRUIT_EXTRACT;XIRECS;5285.0;7
80200;BOT_TAKER;SUBMISSION;ASH_COATED_OSMIUM;XIRECS;10011.0;3
80300;BOT_MAKER;BOT_TAKER;VEV_5400;XIRECS;16.0;5
80400;BOT_MAKER;BOT_TAKER;HYDROGEL_PACK;XIRECS;10065.0;6
80500;BOT_TAKER;BOT_MAKER;VEV_4000;XIRECS;1243.0;2
80600;BOT;SUBMISSION;ASH_COATED_OSMIUM;XIRECS;10005.0;7
80700;BOT_MAKER;BOT_TAKER;HYDROGEL_PACK;XIRECS;10061.0;5
80700;BOT_TAKER;SUBMISSION;VELVETFRUIT_EXTRACT;XIRECS;5288.0;5
80700;BOT_TAKER;BOT_MAKER;VELVETFRUIT_EXTRACT;XIRECS;5289.0;1
80800;BOT_MAKER;BOT_TAKER;VELVETFRUIT_EXTRACT;XIRECS;5283.0;5
80900;BOT_MAKER;BOT_TAKER;VELVETFRUIT_EXTRACT;XIRECS;5282.0;8
80900;BOT_MAKER;BOT_TAKER;VEV_6000;XIRECS;0.0;5
80900;SUBMISSION;BOT_TAKER;HYDROGEL_PACK;XIRECS;10057.0;5
80900;SUBMISSION;BOT_TAKER;VEV_4000;XIRECS;1222.0;2
81100;BOT_MAKER;BOT_TAKER;HYDROGEL_PACK;XIRECS;10054.0;3
81100;BOT_MAKER;BOT_TAKER;VELVETFRUIT_EXTRACT;XIRECS;5281.0;8
81200;BOT_TAKER;BOT_MAKER;VEV_4000;XIRECS;1240.0;2
81200;BOT_TAKER;BOT_MAKER;VEV_5500;XIRECS;4.0;5
81200;BOT_MAKER;BOT_TAKER;VEV_6500;XIRECS;0.0;2
81300;BOT_MAKER;BOT_TAKER;VELVETFRUIT_EXTRACT;XIRECS;5283.0;7
81300;BOT_TAKER;BOT_MAKER;VEV_4000;XIRECS;1240.0;2
81300;BOT_MAKER;BOT_TAKER;VEV_5200;XIRECS;98.0;5
81300;BOT_MAKER;BOT_TAKER;VEV_5400;XIRECS;16.0;3
81400;BOT_MAKER;BOT_TAKER;HYDROGEL_PACK;XIRECS;10054.0;4
81500;BOT_TAKER;BOT_MAKER;HYDROGEL_PACK;XIRECS;10070.0;6
81600;BOT_TAKER;BOT_MAKER;ASH_COATED_OSMIUM;XIRECS;10013.0;5
81600;BOT_TAKER;BOT_MAKER;VEV_6500;XIRECS;1.0;2
81700;BOT_MAKER;BOT_TAKER;VELVETFRUIT_EXTRACT;XIRECS;5281.0;8
81800;BOT_MAKER;BOT_TAKER;HYDROGEL_PACK;XIRECS;10053.0;4
81900;BOT_MAKER;BOT_TAKER;VEV_6500;XIRECS;0.0;2
82000;BOT_TAKER;BOT_MAKER;HYDROGEL_PACK;XIRECS;10067.0;3
82000;BOT_TAKER;BOT_MAKER;VELVETFRUIT_EXTRACT;XIRECS;5286.0;6
82100;BOT_TAKER;BOT_MAKER;HYDROGEL_PACK;XIRECS;10066.0;3
82100;BOT_TAKER;BOT_MAKER;VELVETFRUIT_EXTRACT;XIRECS;5286.0;5
82200;BOT_TAKER;BOT_MAKER;HYDROGEL_PACK;XIRECS;10069.0;3
82200;BOT_TAKER;BOT_MAKER;VELVETFRUIT_EXTRACT;XIRECS;5285.0;6
82300;BOT_TAKER;BOT_MAKER;HYDROGEL_PACK;XIRECS;10068.0;5
82300;BOT_TAKER;BOT_MAKER;VEV_5400;XIRECS;18.0;5
82400;BOT_TAKER;BOT_MAKER;INTARIAN_PEPPER_ROOT;XIRECS;13089.0;6
82400;BOT_MAKER;BOT_TAKER;VELVETFRUIT_EXTRACT;XIRECS;5278.0;5
82500;BOT_TAKER;BOT_MAKER;HYDROGEL_PACK;XIRECS;10066.0;2
82500;BOT_MAKER;BOT_TAKER;VEV_4000;XIRECS;1219.0;3
82600;BOT_TAKER;BOT_MAKER;HYDROGEL_PACK;XIRECS;10068.0;6
82600;SUBMISSION;BOT_TAKER;HYDROGEL_PACK;XIRECS;10053.0;2
82700;BOT_MAKER;BOT_TAKER;INTARIAN_PEPPER_ROOT;XIRECS;13076.0;6
82700;BOT_MAKER;BOT_TAKER;VELVETFRUIT_EXTRACT;XIRECS;5277.0;11
82900;BOT_MAKER;BOT_TAKER;HYDROGEL_PACK;XIRECS;10052.0;4
83100;BOT_MAKER;BOT_TAKER;VELVETFRUIT_EXTRACT;XIRECS;5276.0;5
83100;BOT_MAKER;BOT_TAKER;VEV_4000;XIRECS;1223.0;1
83100;BOT_TAKER;BOT_MAKER;VEV_6500;XIRECS;1.0;4
83200;BOT_MAKER;BOT_TAKER;VELVETFRUIT_EXTRACT;XIRECS;5278.0;7
83400;BOT_MAKER;BOT_TAKER;HYDROGEL_PACK;XIRECS;10052.0;2
83400;BOT_TAKER;BOT_MAKER;VELVETFRUIT_EXTRACT;XIRECS;5284.0;7
83400;SUBMISSION;BOT_TAKER;VELVETFRUIT_EXTRACT;XIRECS;5280.0;5
83400;BOT_MAKER;BOT_TAKER;VELVETFRUIT_EXTRACT;XIRECS;5279.0;3
83500;BOT_TAKER;BOT_MAKER;VELVETFRUIT_EXTRACT;XIRECS;5282.0;5
83600;BOT_TAKER;BOT_MAKER;HYDROGEL_PACK;XIRECS;10070.0;3
83600;BOT_MAKER;BOT_TAKER;VELVETFRUIT_EXTRACT;XIRECS;5278.0;5
83600;BOT_TAKER;BOT_MAKER;VEV_6000;XIRECS;1.0;5
83600;BOT_TAKER;SUBMISSION;VELVETFRUIT_EXTRACT;XIRECS;5281.0;5
83700;BOT_TAKER;BOT_MAKER;ASH_COATED_OSMIUM;XIRECS;10010.0;10
83700;BOT_TAKER;BOT_MAKER;HYDROGEL_PACK;XIRECS;10068.0;3
83700;BOT_MAKER;BOT_TAKER;VEV_6000;XIRECS;0.0;2
83900;BOT_TAKER;BOT_MAKER;VELVETFRUIT_EXTRACT;XIRECS;5283.0;5
83900;BOT_TAKER;BOT_MAKER;VEV_5500;XIRECS;4.0;2
83900;BOT_MAKER;BOT_TAKER;VEV_6500;XIRECS;0.0;5
83900;BOT_TAKER;SUBMISSION;ASH_COATED_OSMIUM;XIRECS;10009.0;5
83900;BOT_TAKER;SUBMISSION;VELVETFRUIT_EXTRACT;XIRECS;5282.0;5
83900;BOT_TAKER;BOT_MAKER;VELVETFRUIT_EXTRACT;XIRECS;5283.0;1
84000;SUBMISSION;BOT_TAKER;HYDROGEL_PACK;XIRECS;10053.0;4
84100;BOT_TAKER;BOT_MAKER;VELVETFRUIT_EXTRACT;XIRECS;5283.0;8
84100;BOT_TAKER;BOT_MAKER;VEV_4000;XIRECS;1243.0;2
84100;BOT_TAKER;BOT_MAKER;VEV_6500;XIRECS;1.0;3
84200;BOT_MAKER;BOT_TAKER;HYDROGEL_PACK;XIRECS;10055.0;5
84200;BOT_MAKER;BOT_TAKER;VEV_6000;XIRECS;0.0;5
84300;BOT_MAKER;BOT_TAKER;VELVETFRUIT_EXTRACT;XIRECS;5278.0;4
84300;BOT_TAKER;BOT_MAKER;VEV_6000;XIRECS;1.0;2
84300;BOT_MAKER;BOT_TAKER;VEV_6000;XIRECS;0.0;5
84400;BOT_TAKER;SUBMISSION;VEV_4000;XIRECS;1244.0;3
84500;BOT_TAKER;BOT_MAKER;VEV_6500;XIRECS;1.0;3
84700;BOT_MAKER;BOT_TAKER;VELVETFRUIT_EXTRACT;XIRECS;5278.0;3
84700;BOT_TAKER;BOT_MAKER;VEV_6500;XIRECS;1.0;5
84700;BOT;SUBMISSION;ASH_COATED_OSMIUM;XIRECS;10002.0;6
84800;BOT_TAKER;BOT_MAKER;VEV_6500;XIRECS;1.0;2
84900;BOT_MAKER;BOT_TAKER;VEV_5400;XIRECS;18.0;2
85000;BOT_TAKER;BOT_MAKER;HYDROGEL_PACK;XIRECS;10079.0;2
85000;BOT_TAKER;BOT_MAKER;VEV_6000;XIRECS;1.0;2
85200;BOT_MAKER;BOT_TAKER;VELVETFRUIT_EXTRACT;XIRECS;5281.0;7
85300;BOT_TAKER;BOT_MAKER;INTARIAN_PEPPER_ROOT;XIRECS;13092.0;7
85300;BOT_MAKER;BOT_TAKER;VELVETFRUIT_EXTRACT;XIRECS;5281.0;6
85300;BOT_TAKER;BOT_MAKER;VEV_6500;XIRECS;1.0;3
85400;BOT_MAKER;BOT_TAKER;HYDROGEL_PACK;XIRECS;10066.0;5
85500;BOT_TAKER;BOT_MAKER;HYDROGEL_PACK;XIRECS;10080.0;2
85500;BOT_TAKER;BOT_MAKER;VELVETFRUIT_EXTRACT;XIRECS;5285.0;8
85800;BOT_TAKER;BOT_MAKER;HYDROGEL_PACK;XIRECS;10077.0;5
85800;BOT_TAKER;BOT_MAKER;VELVETFRUIT_EXTRACT;XIRECS;5284.0;10
85800;BOT_MAKER;BOT_TAKER;VEV_5400;XIRECS;19.0;5
85800;BOT_TAKER;BOT_MAKER;VEV_6000;XIRECS;1.0;4
85900;BOT_TAKER;BOT_MAKER;HYDROGEL_PACK;XIRECS;10077.0;5
85900;BOT_MAKER;BOT_TAKER;VELVETFRUIT_EXTRACT;XIRECS;5279.0;5
85900;BOT_TAKER;BOT_MAKER;VELVETFRUIT_EXTRACT;XIRECS;5284.0;7
85900;BOT_TAKER;BOT_MAKER;VEV_6500;XIRECS;1.0;3
86000;BOT_TAKER;BOT_MAKER;HYDROGEL_PACK;XIRECS;10078.0;6
86000;SUBMISSION;BOT;ASH_COATED_OSMIUM;XIRECS;10000.0;8
86100;BOT_TAKER;BOT_MAKER;VEV_5500;XIRECS;4.0;4
86100;BOT_TAKER;BOT_MAKER;VEV_6500;XIRECS;1.0;5
86200;BOT_MAKER;BOT_TAKER;VELVETFRUIT_EXTRACT;XIRECS;5281.0;4
86200;BOT_MAKER;BOT_TAKER;VEV_5300;XIRECS;43.0;2
86200;BOT_TAKER;SUBMISSION;VELVETFRUIT_EXTRACT;XIRECS;5286.0;4
86200;SUBMISSION;BOT_TAKER;VEV_4000;XIRECS;1221.0;2
86300;SUBMISSION;BOT_TAKER;HYDROGEL_PACK;XIRECS;10063.0;3
86400;BOT_MAKER;BOT_TAKER;HYDROGEL_PACK;XIRECS;10059.0;2
86400;BOT_TAKER;BOT_MAKER;VEV_6000;XIRECS;1.0;5
86500;BOT_TAKER;BOT_MAKER;HYDROGEL_PACK;XIRECS;10074.0;4
86500;BOT_MAKER;BOT_TAKER;VELVETFRUIT_EXTRACT;XIRECS;5278.0;8
86500;BOT_TAKER;BOT_MAKER;VEV_5400;XIRECS;20.0;4
86500;BOT_MAKER;BOT_TAKER;VEV_6500;XIRECS;0.0;5
86600;BOT_TAKER;BOT_MAKER;HYDROGEL_PACK;XIRECS;10075.0;4
86600;BOT_TAKER;BOT_MAKER;VEV_5400;XIRECS;21.0;5
86700;BOT_TAKER;BOT_MAKER;VELVETFRUIT_EXTRACT;XIRECS;5286.0;4
86800;BOT_TAKER;BOT_MAKER;HYDROGEL_PACK;XIRECS;10072.0;4
86800;SUBMISSION;BOT_TAKER;VELVETFRUIT_EXTRACT;XIRECS;5280.0;5
86900;BOT_MAKER;BOT_TAKER;HYDROGEL_PACK;XIRECS;10057.0;6
86900;BOT_TAKER;BOT_MAKER;HYDROGEL_PACK;XIRECS;10073.0;3
86900;BOT_MAKER;BOT_TAKER;INTARIAN_PEPPER_ROOT;XIRECS;13080.0;6
87000;BOT_TAKER;BOT_MAKER;VEV_4000;XIRECS;1244.0;3
87100;BOT_MAKER;BOT_TAKER;VELVETFRUIT_EXTRACT;XIRECS;5279.0;10
87100;BOT_TAKER;SUBMISSION;HYDROGEL_PACK;XIRECS;10070.0;2
87200;BOT_TAKER;BOT_MAKER;VELVETFRUIT_EXTRACT;XIRECS;5283.0;4
87200;BOT_MAKER;BOT_TAKER;VEV_6500;XIRECS;0.0;5
87300;BOT_TAKER;SUBMISSION;VEV_4000;XIRECS;1245.0;1
87400;BOT_TAKER;BOT_MAKER;HYDROGEL_PACK;XIRECS;10068.0;4
87400;BOT_MAKER;BOT_TAKER;VELVETFRUIT_EXTRACT;XIRECS;5279.0;4
87500;BOT_MAKER;BOT_TAKER;VELVETFRUIT_EXTRACT;XIRECS;5278.0;6
87600;BOT_TAKER;BOT_MAKER;ASH_COATED_OSMIUM;XIRECS;10009.0;5
87600;BOT_MAKER;BOT_TAKER;HYDROGEL_PACK;XIRECS;10051.0;5
87600;BOT_MAKER;BOT_TAKER;VEV_5500;XIRECS;2.0;4
87600;SUBMISSION;BOT_TAKER;ASH_COATED_OSMIUM;XIRECS;9992.0;2
87700;BOT_TAKER;BOT_MAKER;HYDROGEL_PACK;XIRECS;10068.0;5
87800;BOT_TAKER;BOT_MAKER;VEV_4000;XIRECS;1247.0;1
87800;BOT_TAKER;BOT_MAKER;VEV_5500;XIRECS;3.0;2
87900;BOT_TAKER;BOT_MAKER;HYDROGEL_PACK;XIRECS;10065.0;5
88100;BOT_TAKER;BOT_MAKER;HYDROGEL_PACK;XIRECS;10064.0;2
88200;BOT_TAKER;BOT_MAKER;VELVETFRUIT_EXTRACT;XIRECS;5286.0;3
88200;BOT_MAKER;BOT_TAKER;VEV_4000;XIRECS;1223.0;1
88300;BOT_TAKER;BOT_MAKER;HYDROGEL_PACK;XIRECS;10063.0;3
88300;BOT_MAKER;BOT_TAKER;VELVETFRUIT_EXTRACT;XIRECS;5281.0;5
88300;BOT_MAKER;BOT_TAKER;VEV_5400;XIRECS;18.0;3
88600;BOT_TAKER;BOT_MAKER;VEV_5300;XIRECS;45.0;2
88700;BOT_MAKER;BOT_TAKER;VELVETFRUIT_EXTRACT;XIRECS;5282.0;8
88700;BOT_MAKER;BOT_TAKER;VEV_6000;XIRECS;0.0;2
88700;SUBMISSION;BOT_TAKER;HYDROGEL_PACK;XIRECS;10044.0;5
88700;BOT_MAKER;BOT_TAKER;HYDROGEL_PACK;XIRECS;10043.0;1
88800;BOT_TAKER;BOT_MAKER;HYDROGEL_PACK;XIRECS;10063.0;5
88800;BOT_MAKER;BOT_TAKER;VEV_4000;XIRECS;1225.0;3
88900;BOT_TAKER;BOT_MAKER;VELVETFRUIT_EXTRACT;XIRECS;5288.0;7
88900;BOT_TAKER;BOT_MAKER;VELVETFRUIT_EXTRACT;XIRECS;5288.0;8
88900;BOT_TAKER;BOT_MAKER;VEV_4000;XIRECS;1247.0;2
88900;BOT_MAKER;BOT_TAKER;VEV_6500;XIRECS;0.0;4
88900;SUBMISSION;BOT_TAKER;HYDROGEL_PACK;XIRECS;10047.0;3
89000;BOT_TAKER;BOT_MAKER;VELVETFRUIT_EXTRACT;XIRECS;5289.0;10
89100;BOT_TAKER;BOT_MAKER;HYDROGEL_PACK;XIRECS;10065.0;2
89100;BOT_MAKER;BOT_TAKER;VELVETFRUIT_EXTRACT;XIRECS;5284.0;4
89100;BOT_TAKER;BOT_MAKER;VEV_6500;XIRECS;1.0;3
89200;BOT_TAKER;BOT_MAKER;INTARIAN_PEPPER_ROOT;XIRECS;13096.0;6
89200;BOT_TAKER;BOT_MAKER;VEV_6000;XIRECS;1.0;4
89300;BOT_TAKER;BOT_MAKER;HYDROGEL_PACK;XIRECS;10063.0;2
89300;BOT_MAKER;BOT_TAKER;VELVETFRUIT_EXTRACT;XIRECS;5284.0;6
89400;BOT_MAKER;BOT_TAKER;HYDROGEL_PACK;XIRECS;10044.0;2
89400;BOT_TAKER;BOT_MAKER;VELVETFRUIT_EXTRACT;XIRECS;5290.0;4
89400;BOT_MAKER;BOT_TAKER;VEV_5500;XIRECS;2.0;4
89500;BOT_TAKER;BOT_MAKER;HYDROGEL_PACK;XIRECS;10060.0;2
89500;BOT_MAKER;BOT_TAKER;VELVETFRUIT_EXTRACT;XIRECS;5284.0;6
89600;BOT_TAKER;BOT_MAKER;VELVETFRUIT_EXTRACT;XIRECS;5288.0;5
89600;BOT_TAKER;BOT_MAKER;VEV_6000;XIRECS;1.0;2
89600;SUBMISSION;BOT_TAKER;HYDROGEL_PACK;XIRECS;10042.0;5
89600;BOT_TAKER;SUBMISSION;VELVETFRUIT_EXTRACT;XIRECS;5287.0;5
89600;BOT_TAKER;BOT_MAKER;VELVETFRUIT_EXTRACT;XIRECS;5288.0;1
89700;SUBMISSION;BOT_TAKER;VELVETFRUIT_EXTRACT;XIRECS;5285.0;5
89800;BOT_TAKER;BOT_MAKER;VELVETFRUIT_EXTRACT;XIRECS;5290.0;4
89900;BOT_TAKER;BOT_MAKER;VEV_4000;XIRECS;1240.0;3
89900;SUBMISSION;BOT_TAKER;HYDROGEL_PACK;XIRECS;10041.0;5
89900;BOT_MAKER;BOT_TAKER;HYDROGEL_PACK;XIRECS;10040.0;1
90000;BOT_TAKER;BOT_MAKER;VEV_6500;XIRECS;1.0;2
90000;BOT_TAKER;SUBMISSION;VELVETFRUIT_EXTRACT;XIRECS;5288.0;5
90000;BOT_TAKER;BOT_MAKER;VELVETFRUIT_EXTRACT;XIRECS;5289.0;2
90100;BOT_MAKER;BOT_TAKER;VEV_5300;XIRECS;44.0;2
90100;SUBMISSION;BOT_TAKER;ASH_COATED_OSMIUM;XIRECS;9994.0;2
90200;BOT_MAKER;BOT_TAKER;HYDROGEL_PACK;XIRECS;10037.0;4
90200;BOT_MAKER;BOT_TAKER;VELVETFRUIT_EXTRACT;XIRECS;5285.0;8
90300;BOT_TAKER;BOT_MAKER;VELVETFRUIT_EXTRACT;XIRECS;5289.0;7
90300;BOT_MAKER;BOT_TAKER;VEV_5400;XIRECS;18.0;3
90300;SUBMISSION;BOT_TAKER;HYDROGEL_PACK;XIRECS;10038.0;3
90300;BOT_TAKER;SUBMISSION;VELVETFRUIT_EXTRACT;XIRECS;5288.0;3
90400;BOT_MAKER;BOT_TAKER;HYDROGEL_PACK;XIRECS;10035.0;6
90400;BOT_TAKER;BOT_MAKER;VEV_4000;XIRECS;1238.0;1
90500;BOT_TAKER;BOT_MAKER;HYDROGEL_PACK;XIRECS;10052.0;2
90500;BOT_MAKER;BOT_TAKER;HYDROGEL_PACK;XIRECS;10036.0;2
90500;SUBMISSION;BOT_TAKER;VELVETFRUIT_EXTRACT;XIRECS;5286.0;5
90600;BOT_MAKER;BOT_TAKER;VEV_4000;XIRECS;1218.0;1
90600;BOT_TAKER;SUBMISSION;HYDROGEL_PACK;XIRECS;10052.0;5
90600;BOT_TAKER;BOT_MAKER;HYDROGEL_PACK;XIRECS;10053.0;1
90700;BOT_MAKER;BOT_TAKER;VEV_4000;XIRECS;1218.0;1
90800;BOT_MAKER;BOT_TAKER;ASH_COATED_OSMIUM;XIRECS;9993.0;2
90800;BOT_MAKER;BOT_TAKER;VELVETFRUIT_EXTRACT;XIRECS;5283.0;6
90800;BOT_MAKER;BOT_TAKER;VEV_5400;XIRECS;18.0;3
90900;BOT_MAKER;BOT_TAKER;HYDROGEL_PACK;XIRECS;10042.0;4
90900;BOT_MAKER;BOT_TAKER;VEV_4000;XIRECS;1218.0;2
91100;SUBMISSION;BOT_TAKER;VELVETFRUIT_EXTRACT;XIRECS;5284.0;5
91500;BOT_TAKER;BOT_MAKER;VEV_4000;XIRECS;1240.0;1
91500;BOT_TAKER;BOT_MAKER;VEV_6500;XIRECS;1.0;2
91600;BOT_TAKER;BOT_MAKER;VEV_5500;XIRECS;3.0;4
91700;BOT_TAKER;BOT_MAKER;HYDROGEL_PACK;XIRECS;10056.0;2
91700;BOT_MAKER;BOT_TAKER;VELVETFRUIT_EXTRACT;XIRECS;5281.0;8
91700;BOT_MAKER;BOT_TAKER;VEV_4000;XIRECS;1220.0;2
92000;BOT_TAKER;BOT_MAKER;VELVETFRUIT_EXTRACT;XIRECS;5286.0;7
92100;BOT_TAKER;BOT_MAKER;VELVETFRUIT_EXTRACT;XIRECS;5286.0;3
92200;BOT_MAKER;BOT_TAKER;VEV_4000;XIRECS;1218.0;2
92200;SUBMISSION;BOT_TAKER;HYDROGEL_PACK;XIRECS;10037.0;3
92300;BOT_MAKER;BOT_TAKER;VEV_5400;XIRECS;18.0;2
92400;BOT_MAKER;BOT_TAKER;VEV_6500;XIRECS;0.0;2
92400;BOT_MAKER;BOT_TAKER;VEV_6500;XIRECS;0.0;3
92400;BOT_TAKER;SUBMISSION;HYDROGEL_PACK;XIRECS;10053.0;4
92400;SUBMISSION;BOT_TAKER;VEV_4000;XIRECS;1220.0;1
92500;BOT_MAKER;BOT_TAKER;VELVETFRUIT_EXTRACT;XIRECS;5278.0;7
92500;BOT_TAKER;SUBMISSION;VELVETFRUIT_EXTRACT;XIRECS;5283.0;5
92500;BOT_TAKER;BOT_MAKER;VELVETFRUIT_EXTRACT;XIRECS;5284.0;3
92600;BOT;SUBMISSION;ASH_COATED_OSMIUM;XIRECS;10002.0;10
92700;BOT_TAKER;BOT_MAKER;HYDROGEL_PACK;XIRECS;10051.0;6
92800;BOT_TAKER;BOT_MAKER;HYDROGEL_PACK;XIRECS;10048.0;5
92800;BOT_TAKER;BOT_MAKER;VELVETFRUIT_EXTRACT;XIRECS;5284.0;8
92800;BOT_TAKER;BOT_MAKER;VEV_6000;XIRECS;1.0;4
92900;BOT_MAKER;BOT_TAKER;VELVETFRUIT_EXTRACT;XIRECS;5278.0;5
93000;BOT_TAKER;BOT_MAKER;HYDROGEL_PACK;XIRECS;10050.0;6
93100;BOT_MAKER;BOT_TAKER;VELVETFRUIT_EXTRACT;XIRECS;5277.0;6
93200;BOT_MAKER;BOT_TAKER;HYDROGEL_PACK;XIRECS;10035.0;2
93200;BOT_MAKER;BOT_TAKER;VEV_6000;XIRECS;0.0;5
93300;BOT_MAKER;BOT_TAKER;INTARIAN_PEPPER_ROOT;XIRECS;13083.0;6
93400;BOT_MAKER;BOT_TAKER;VELVETFRUIT_EXTRACT;XIRECS;5280.0;6
93400;BOT_TAKER;BOT_MAKER;VEV_5500;XIRECS;3.0;4
93400;BOT_TAKER;SUBMISSION;VELVETFRUIT_EXTRACT;XIRECS;5284.0;5
93400;BOT_TAKER;BOT_MAKER;VELVETFRUIT_EXTRACT;XIRECS;5285.0;3
93500;BOT_TAKER;BOT_MAKER;VEV_4000;XIRECS;1242.0;1
93500;BOT_MAKER;BOT_TAKER;VEV_6000;XIRECS;0.0;2
93600;BOT_TAKER;BOT_MAKER;ASH_COATED_OSMIUM;XIRECS;10009.0;5
93600;BOT_MAKER;BOT_TAKER;HYDROGEL_PACK;XIRECS;10036.0;3
93600;SUBMISSION;BOT_TAKER;VELVETFRUIT_EXTRACT;XIRECS;5281.0;5
93700;BOT_MAKER;BOT_TAKER;VELVETFRUIT_EXTRACT;XIRECS;5280.0;5
93700;BOT_TAKER;BOT_MAKER;VEV_4000;XIRECS;1241.0;1
93800;SUBMISSION;BOT_TAKER;ASH_COATED_OSMIUM;XIRECS;9994.0;6
93900;BOT_MAKER;BOT_TAKER;HYDROGEL_PACK;XIRECS;10040.0;4
94000;BOT_TAKER;BOT_MAKER;VELVETFRUIT_EXTRACT;XIRECS;5285.0;10
94100;BOT_TAKER;BOT_MAKER;HYDROGEL_PACK;XIRECS;10056.0;4
94100;BOT_MAKER;BOT_TAKER;VEV_5300;XIRECS;39.0;3
94100;BOT_TAKER;BOT_MAKER;VEV_5400;XIRECS;20.0;3
94100;BOT_TAKER;SUBMISSION;ASH_COATED_OSMIUM;XIRECS;10008.0;8
94300;BOT_TAKER;BOT_MAKER;HYDROGEL_PACK;XIRECS;10061.0;4
94300;BOT_MAKER;BOT_TAKER;INTARIAN_PEPPER_ROOT;XIRECS;13087.0;5
94300;BOT_MAKER;BOT_TAKER;VEV_6500;XIRECS;0.0;2
94400;BOT_MAKER;BOT_TAKER;VELVETFRUIT_EXTRACT;XIRECS;5277.0;6
94500;BOT_MAKER;BOT_TAKER;VEV_6000;XIRECS;0.0;4
94600;BOT;SUBMISSION;ASH_COATED_OSMIUM;XIRECS;10001.0;4
94600;BOT_TAKER;SUBMISSION;VEV_4000;XIRECS;1240.0;1
94700;BOT_TAKER;SUBMISSION;VELVETFRUIT_EXTRACT;XIRECS;5281.0;5
94800;BOT_MAKER;BOT_TAKER;VEV_4000;XIRECS;1219.0;2
94900;BOT_MAKER;BOT_TAKER;ASH_COATED_OSMIUM;XIRECS;9992.0;4
94900;BOT_MAKER;BOT_TAKER;VELVETFRUIT_EXTRACT;XIRECS;5277.0;5
94900;BOT_MAKER;BOT_TAKER;VEV_5500;XIRECS;2.0;3
95000;BOT_MAKER;BOT_TAKER;VELVETFRUIT_EXTRACT;XIRECS;5278.0;9
95000;BOT_TAKER;BOT_MAKER;VEV_5400;XIRECS;19.0;3
95100;BOT_MAKER;BOT_TAKER;VEV_5500;XIRECS;2.0;3
95200;BOT_TAKER;BOT_MAKER;VEV_6500;XIRECS;1.0;4
95300;BOT_MAKER;BOT_TAKER;VEV_5500;XIRECS;2.0;5
95300;BOT_TAKER;BOT_MAKER;VEV_6500;XIRECS;1.0;4
95400;BOT_MAKER;BOT_TAKER;HYDROGEL_PACK;XIRECS;10053.0;5
95500;BOT_TAKER;BOT_MAKER;HYDROGEL_PACK;XIRECS;10069.0;3
95500;BOT_MAKER;BOT_TAKER;VEV_5200;XIRECS;102.0;2
95500;BOT_MAKER;BOT_TAKER;VEV_6000;XIRECS;0.0;4
95500;BOT_TAKER;BOT_MAKER;VEV_6500;XIRECS;1.0;3
95600;BOT_MAKER;BOT_TAKER;VELVETFRUIT_EXTRACT;XIRECS;5277.0;5
95600;BOT_TAKER;BOT_MAKER;VEV_6500;XIRECS;1.0;4
96100;BOT_TAKER;BOT_MAKER;ASH_COATED_OSMIUM;XIRECS;10010.0;5
96100;BOT_TAKER;BOT_MAKER;VEV_4000;XIRECS;1234.0;1
96200;BOT_TAKER;BOT_MAKER;VELVETFRUIT_EXTRACT;XIRECS;5279.0;6
96300;BOT_MAKER;BOT_TAKER;ASH_COATED_OSMIUM;XIRECS;9991.0;3
96300;BOT_TAKER;BOT_MAKER;HYDROGEL_PACK;XIRECS;10067.0;2
96300;BOT_MAKER;BOT_TAKER;VEV_6000;XIRECS;0.0;5
96600;BOT_MAKER;BOT_TAKER;VEV_5400;XIRECS;17.0;4
96700;BOT_MAKER;BOT_TAKER;HYDROGEL_PACK;XIRECS;10053.0;2
96700;BOT_MAKER;BOT_TAKER;VEV_5400;XIRECS;17.0;5
96900;BOT_MAKER;BOT_TAKER;HYDROGEL_PACK;XIRECS;10052.0;3
97000;BOT_TAKER;BOT_MAKER;HYDROGEL_PACK;XIRECS;10068.0;6
97100;BOT_TAKER;SUBMISSION;ASH_COATED_OSMIUM;XIRECS;10006.0;2
97100;BOT_TAKER;SUBMISSION;HYDROGEL_PACK;XIRECS;10076.0;3
97200;BOT_TAKER;BOT_MAKER;VELVETFRUIT_EXTRACT;XIRECS;5284.0;3
97200;BOT_MAKER;BOT_TAKER;VEV_4000;XIRECS;1212.0;3
97200;BOT;SUBMISSION;ASH_COATED_OSMIUM;XIRECS;10001.0;9
97300;BOT_TAKER;BOT_MAKER;HYDROGEL_PACK;XIRECS;10078.0;3
97300;BOT_MAKER;BOT_TAKER;HYDROGEL_PACK;XIRECS;10059.0;2
97300;BOT_TAKER;BOT_MAKER;VELVETFRUIT_EXTRACT;XIRECS;5285.0;3
97400;BOT_TAKER;BOT_MAKER;HYDROGEL_PACK;XIRECS;10076.0;6
97400;BOT_MAKER;BOT_TAKER;VELVETFRUIT_EXTRACT;XIRECS;5280.0;5
97400;BOT_TAKER;SUBMISSION;VELVETFRUIT_EXTRACT;XIRECS;5285.0;5
97500;BOT_MAKER;BOT_TAKER;VEV_4000;XIRECS;1213.0;2
97600;BOT_MAKER;BOT_TAKER;HYDROGEL_PACK;XIRECS;10060.0;5
97800;BOT_TAKER;BOT_MAKER;HYDROGEL_PACK;XIRECS;10081.0;3
97800;BOT_TAKER;BOT_MAKER;VEV_6000;XIRECS;1.0;2
97900;BOT_TAKER;BOT_MAKER;VEV_4000;XIRECS;1234.0;3
98000;BOT_MAKER;BOT_TAKER;VEV_5300;XIRECS;37.0;2
98000;BOT_MAKER;BOT_TAKER;VEV_5500;XIRECS;1.0;3
98100;BOT_MAKER;BOT_TAKER;HYDROGEL_PACK;XIRECS;10064.0;5
98100;BOT_MAKER;BOT_TAKER;VELVETFRUIT_EXTRACT;XIRECS;5279.0;3
98100;SUBMISSION;BOT_TAKER;VELVETFRUIT_EXTRACT;XIRECS;5280.0;5
98100;BOT_MAKER;BOT_TAKER;VELVETFRUIT_EXTRACT;XIRECS;5279.0;1
98200;BOT_MAKER;BOT_TAKER;INTARIAN_PEPPER_ROOT;XIRECS;13091.0;3
98400;BOT_MAKER;BOT_TAKER;VELVETFRUIT_EXTRACT;XIRECS;5278.0;6
98500;BOT_TAKER;BOT_MAKER;HYDROGEL_PACK;XIRECS;10079.0;3
98500;BOT_TAKER;BOT_MAKER;VELVETFRUIT_EXTRACT;XIRECS;5283.0;3
98500;BOT_MAKER;BOT_TAKER;VEV_4000;XIRECS;1212.0;1
98800;BOT_MAKER;BOT_TAKER;VEV_6000;XIRECS;0.0;5
98900;BOT_TAKER;BOT_MAKER;VELVETFRUIT_EXTRACT;XIRECS;5281.0;6
98900;BOT_TAKER;BOT_MAKER;VEV_5300;XIRECS;39.0;2
98900;BOT_TAKER;SUBMISSION;ASH_COATED_OSMIUM;XIRECS;10009.0;5
99100;BOT_TAKER;BOT_MAKER;HYDROGEL_PACK;XIRECS;10092.0;6
99100;BOT_TAKER;BOT_MAKER;VELVETFRUIT_EXTRACT;XIRECS;5281.0;4
99100;SUBMISSION;BOT;ASH_COATED_OSMIUM;XIRECS;9997.0;5
99100;BOT_TAKER;SUBMISSION;HYDROGEL_PACK;XIRECS;10091.0;5
99100;SUBMISSION;BOT_TAKER;VELVETFRUIT_EXTRACT;XIRECS;5278.0;5
99100;BOT_MAKER;BOT_TAKER;VELVETFRUIT_EXTRACT;XIRECS;5277.0;2
99200;BOT_TAKER;BOT_MAKER;HYDROGEL_PACK;XIRECS;10090.0;5
99200;BOT_MAKER;BOT_TAKER;VEV_4000;XIRECS;1212.0;3
99300;BOT_TAKER;BOT_MAKER;VELVETFRUIT_EXTRACT;XIRECS;5282.0;11
99300;BOT_TAKER;BOT_MAKER;VEV_5400;XIRECS;19.0;4
99500;BOT_MAKER;BOT_TAKER;HYDROGEL_PACK;XIRECS;10083.0;3
99500;SUBMISSION;BOT;ASH_COATED_OSMIUM;XIRECS;9996.0;6
