timestamp;buyer;seller;symbol;currency;price;quantity
0;BOT_TAKER;BOT_MAKER;VELVETFRUIT_EXTRACT;XIRECS;5265.0;8
100;BOT_TAKER;BOT_MAKER;VELVETFRUIT_EXTRACT;XIRECS;5265.0;5
100;BOT_MAKER;BOT_TAKER;VEV_4000;XIRECS;1253.0;3
200;BOT_TAKER;BOT_MAKER;VELVETFRUIT_EXTRACT;XIRECS;5266.0;7
200;BOT_MAKER;BOT_TAKER;VEV_4000;XIRECS;1252.0;3
300;BOT_TAKER;BOT_MAKER;VELVETFRUIT_EXTRACT;XIRECS;5267.0;6
300;BOT_MAKER;BOT_TAKER;VEV_4000;XIRECS;1253.0;2
400;BOT_TAKER;BOT_MAKER;VEV_4000;XIRECS;1273.0;2
400;BOT_TAKER;BOT_MAKER;VEV_5400;XIRECS;17.0;4
500;BOT_MAKER;BOT_TAKER;VELVETFRUIT_EXTRACT;XIRECS;5261.0;3
700;BOT_TAKER;BOT_MAKER;VELVETFRUIT_EXTRACT;XIRECS;5266.0;4
700;BOT_TAKER;BOT_MAKER;VEV_6000;XIRECS;1.0;3
800;BOT_MAKER;BOT_TAKER;HYDROGEL_PACK;XIRECS;9961.0;5
800;BOT_TAKER;BOT_MAKER;HYDROGEL_PACK;XIRECS;9977.0;2
800;BOT_TAKER;BOT_MAKER;VELVETFRUIT_EXTRACT;XIRECS;5266.0;6
800;BOT_MAKER;BOT_TAKER;VEV_4000;XIRECS;1254.0;2
900;BOT_MAKER;BOT_TAKER;HYDROGEL_PACK;XIRECS;9959.0;2
900;BOT_MAKER;BOT_TAKER;VELVETFRUIT_EXTRACT;XIRECS;5262.0;6
900;BOT_MAKER;BOT_TAKER;VEV_6500;XIRECS;0.0;2
1000;BOT_TAKER;BOT_MAKER;VELVETFRUIT_EXTRACT;XIRECS;5267.0;3
1100;BOT_MAKER;BOT_TAKER;HYDROGEL_PACK;XIRECS;9963.0;2
1100;BOT_MAKER;BOT_TAKER;VEV_5400;XIRECS;16.0;2
1100;BOT_MAKER;BOT_TAKER;VEV_5500;XIRECS;6.0;3
1100;BOT_TAKER;BOT_MAKER;VEV_5500;XIRECS;7.0;4
1200;BOT_MAKER;BOT_TAKER;VELVETFRUIT_EXTRACT;XIRECS;5264.0;3
1300;BOT_MAKER;BOT_TAKER;VEV_6000;XIRECS;0.0;3
1500;BOT_MAKER;BOT_TAKER;VEV_5500;XIRECS;6.0;2
1700;BOT_MAKER;BOT_TAKER;HYDROGEL_PACK;XIRECS;9965.0;3
1800;BOT_MAKER;BOT_TAKER;HYDROGEL_PACK;XIRECS;9965.0;5
1900;BOT_TAKER;BOT_MAKER;HYDROGEL_PACK;XIRECS;9983.0;4
1900;BOT_MAKER;BOT_TAKER;VELVETFRUIT_EXTRACT;XIRECS;5263.0;9
2100;BOT_TAKER;BOT_MAKER;VEV_6000;XIRECS;1.0;4
2200;BOT_MAKER;BOT_TAKER;VELVETFRUIT_EXTRACT;XIRECS;5264.0;8
2300;BOT_TAKER;BOT_MAKER;HYDROGEL_PACK;XIRECS;9985.0;6
2300;BOT_MAKER;BOT_TAKER;VELVETFRUIT_EXTRACT;XIRECS;5264.0;5
2300;BOT_MAKER;BOT_TAKER;VEV_5500;XIRECS;6.0;5
2400;BOT_MAKER;BOT_TAKER;HYDROGEL_PACK;XIRECS;9971.0;3
2700;BOT_MAKER;BOT_TAKER;VEV_5500;XIRECS;6.0;4
2800;BOT_MAKER;BOT_TAKER;VELVETFRUIT_EXTRACT;XIRECS;5262.0;3
2800;BOT_MAKER;BOT_TAKER;VEV_6000;XIRECS;0.0;2
3000;BOT_MAKER;BOT_TAKER;VELVETFRUIT_EXTRACT;XIRECS;5262.0;7
3100;BOT_TAKER;BOT_MAKER;VEV_4000;XIRECS;1280.0;3
3200;BOT_MAKER;BOT_TAKER;HYDROGEL_PACK;XIRECS;9972.0;6
3200;BOT_TAKER;BOT_MAKER;VELVETFRUIT_EXTRACT;XIRECS;5268.0;7
3300;BOT_MAKER;BOT_TAKER;VELVETFRUIT_EXTRACT;XIRECS;5263.0;5
3400;BOT_MAKER;BOT_TAKER;HYDROGEL_PACK;XIRECS;9973.0;3
3400;BOT_MAKER;BOT_TAKER;VEV_6000;XIRECS;0.0;5
3500;BOT_MAKER;BOT_TAKER;VELVETFRUIT_EXTRACT;XIRECS;5264.0;3
3600;BOT_TAKER;BOT_MAKER;VEV_5300;XIRECS;52.0;5
3700;BOT_TAKER;BOT_MAKER;VEV_6500;XIRECS;1.0;5
3800;BOT_TAKER;BOT_MAKER;VELVETFRUIT_EXTRACT;XIRECS;5268.0;3
3900;BOT_MAKER;BOT_TAKER;VELVETFRUIT_EXTRACT;XIRECS;5262.0;6
4100;BOT_TAKER;BOT_MAKER;HYDROGEL_PACK;XIRECS;9988.0;3
4100;BOT_TAKER;BOT_MAKER;HYDROGEL_PACK;XIRECS;9988.0;6
4100;BOT_MAKER;BOT_TAKER;VELVETFRUIT_EXTRACT;XIRECS;5266.0;4
4100;BOT_MAKER;BOT_TAKER;VELVETFRUIT_EXTRACT;XIRECS;5266.0;4
4100;BOT_TAKER;BOT_MAKER;VEV_4000;XIRECS;1278.0;2
4200;BOT_MAKER;BOT_TAKER;HYDROGEL_PACK;XIRECS;9973.0;4
4200;BOT_TAKER;BOT_MAKER;VELVETFRUIT_EXTRACT;XIRECS;5270.0;5
4300;BOT_MAKER;BOT_TAKER;HYDROGEL_PACK;XIRECS;9970.0;2
4300;BOT_MAKER;BOT_TAKER;VEV_4000;XIRECS;1256.0;2
4400;BOT_TAKER;BOT_MAKER;VELVETFRUIT_EXTRACT;XIRECS;5271.0;7
4400;BOT_MAKER;BOT_TAKER;VEV_4000;XIRECS;1255.0;1
4500;BOT_TAKER;BOT_MAKER;VELVETFRUIT_EXTRACT;XIRECS;5274.0;8
4600;BOT_MAKER;BOT_TAKER;VELVETFRUIT_EXTRACT;XIRECS;5266.0;8
4600;BOT_MAKER;BOT_TAKER;VEV_4000;XIRECS;1254.0;1
4600;BOT_TAKER;BOT_MAKER;VEV_5400;XIRECS;16.0;4
4900;BOT_MAKER;BOT_TAKER;HYDROGEL_PACK;XIRECS;9962.0;2
5000;BOT_TAKER;BOT_MAKER;VEV_6000;XIRECS;1.0;4
5100;BOT_MAKER;BOT_TAKER;HYDROGEL_PACK;XIRECS;9965.0;5
5200;BOT_MAKER;BOT_TAKER;VELVETFRUIT_EXTRACT;XIRECS;5262.0;5
5400;BOT_TAKER;BOT_MAKER;VEV_6000;XIRECS;1.0;5
5400;BOT_MAKER;BOT_TAKER;VEV_6500;XIRECS;0.0;4
5500;BOT_MAKER;BOT_TAKER;HYDROGEL_PACK;XIRECS;9963.0;4
5500;BOT_TAKER;BOT_MAKER;VELVETFRUIT_EXTRACT;XIRECS;5268.0;6
5500;BOT_TAKER;BOT_MAKER;VEV_6000;XIRECS;1.0;4
5600;BOT_MAKER;BOT_TAKER;VEV_6500;XIRECS;0.0;3
5600;BOT_MAKER;BOT_TAKER;VEV_6500;XIRECS;0.0;5
5700;BOT_MAKER;BOT_TAKER;VELVETFRUIT_EXTRACT;XIRECS;5265.0;13
5800;BOT_TAKER;BOT_MAKER;HYDROGEL_PACK;XIRECS;9977.0;3
5800;BOT_TAKER;BOT_MAKER;VELVETFRUIT_EXTRACT;XIRECS;5270.0;8
6000;BOT_TAKER;BOT_MAKER;HYDROGEL_PACK;XIRECS;9977.0;2
6000;BOT_TAKER;BOT_MAKER;VELVETFRUIT_EXTRACT;XIRECS;5268.0;7
6000;BOT_TAKER;BOT_MAKER;VEV_4000;XIRECS;1272.0;3
6000;BOT_TAKER;BOT_MAKER;VEV_5500;XIRECS;7.0;5
6100;BOT_MAKER;BOT_TAKER;VEV_4000;XIRECS;1253.0;2
6200;BOT_TAKER;BOT_MAKER;HYDROGEL_PACK;XIRECS;9978.0;3
6200;BOT_TAKER;BOT_MAKER;VELVETFRUIT_EXTRACT;XIRECS;5270.0;8
6300;BOT_TAKER;BOT_MAKER;VEV_6500;XIRECS;1.0;4
6400;BOT_MAKER;BOT_TAKER;HYDROGEL_PACK;XIRECS;9960.0;4
6400;BOT_MAKER;BOT_TAKER;VEV_4000;XIRECS;1252.0;2
6400;BOT_TAKER;BOT_MAKER;VEV_6500;XIRECS;1.0;4
6500;BOT_TAKER;BOT_MAKER;VELVETFRUIT_EXTRACT;XIRECS;5269.0;5
6500;BOT_TAKER;BOT_MAKER;VEV_6500;XIRECS;1.0;5
6600;BOT_MAKER;BOT_TAKER;VEV_4000;XIRECS;1255.0;3
6600;BOT_TAKER;BOT_MAKER;VEV_6000;XIRECS;1.0;4
6900;BOT_TAKER;BOT_MAKER;HYDROGEL_PACK;XIRECS;9979.0;2
7100;BOT_MAKER;BOT_TAKER;VEV_5300;XIRECS;50.0;3
7200;BOT_TAKER;BOT_MAKER;HYDROGEL_PACK;XIRECS;9978.0;4
7200;BOT_MAKER;BOT_TAKER;VELVETFRUIT_EXTRACT;XIRECS;5261.0;3
7400;BOT_MAKER;BOT_TAKER;VEV_4000;XIRECS;1259.0;1
7500;BOT_TAKER;BOT_MAKER;HYDROGEL_PACK;XIRECS;9976.0;5
7500;BOT_TAKER;BOT_MAKER;VELVETFRUIT_EXTRACT;XIRECS;5268.0;4
7500;BOT_TAKER;BOT_MAKER;VEV_4000;XIRECS;1282.0;2
7500;BOT_MAKER;BOT_TAKER;VEV_5500;XIRECS;5.0;3
7600;BOT_MAKER;BOT_TAKER;VEV_5400;XIRECS;15.0;2
7800;BOT_TAKER;BOT_MAKER;HYDROGEL_PACK;XIRECS;9975.0;5
7800;BOT_TAKER;BOT_MAKER;HYDROGEL_PACK;XIRECS;9975.0;6
7800;BOT_MAKER;BOT_TAKER;VELVETFRUIT_EXTRACT;XIRECS;5262.0;14
7900;BOT_TAKER;BOT_MAKER;VEV_5300;XIRECS;53.0;2
8000;BOT_MAKER;BOT_TAKER;VELVETFRUIT_EXTRACT;XIRECS;5260.0;8
8100;BOT_MAKER;BOT_TAKER;HYDROGEL_PACK;XIRECS;9959.0;5
8100;BOT_MAKER;BOT_TAKER;VELVETFRUIT_EXTRACT;XIRECS;5262.0;6
8100;BOT_TAKER;BOT_MAKER;VEV_5300;XIRECS;53.0;3
8200;BOT_MAKER;BOT_TAKER;HYDROGEL_PACK;XIRECS;9957.0;5
8200;BOT_MAKER;BOT_TAKER;VELVETFRUIT_EXTRACT;XIRECS;5262.0;4
8600;BOT_MAKER;BOT_TAKER;HYDROGEL_PACK;XIRECS;9950.0;5
8700;BOT_MAKER;BOT_TAKER;HYDROGEL_PACK;XIRECS;9953.0;3
8800;BOT_TAKER;BOT_MAKER;VELVETFRUIT_EXTRACT;XIRECS;5267.0;8
8900;BOT_MAKER;BOT_TAKER;VELVETFRUIT_EXTRACT;XIRECS;5261.0;12
8900;BOT_TAKER;BOT_MAKER;VELVETFRUIT_EXTRACT;XIRECS;5266.0;7
8900;BOT_TAKER;BOT_MAKER;VEV_4000;XIRECS;1282.0;1
8900;BOT_MAKER;BOT_TAKER;VEV_5300;XIRECS;53.0;3
8900;BOT_TAKER;BOT_MAKER;VEV_5400;XIRECS;17.0;5
9000;BOT_MAKER;BOT_TAKER;VEV_6500;XIRECS;0.0;2
9100;BOT_TAKER;BOT_MAKER;HYDROGEL_PACK;XIRECS;9971.0;3
9200;BOT_MAKER;BOT_TAKER;VEV_6000;XIRECS;0.0;5
9200;BOT_TAKER;BOT_MAKER;VEV_6500;XIRECS;1.0;5
9300;BOT_MAKER;BOT_TAKER;VEV_6000;XIRECS;0.0;5
9400;BOT_TAKER;BOT_MAKER;HYDROGEL_PACK;XIRECS;9970.0;6
9400;BOT_TAKER;BOT_MAKER;VELVETFRUIT_EXTRACT;XIRECS;5267.0;4
9600;BOT_TAKER;BOT_MAKER;VELVETFRUIT_EXTRACT;XIRECS;5266.0;3
9600;BOT_TAKER;BOT_MAKER;VEV_5200;XIRECS;109.0;3
9700;BOT_MAKER;BOT_TAKER;VELVETFRUIT_EXTRACT;XIRECS;5259.0;7
9700;BOT_MAKER;BOT_TAKER;VELVETFRUIT_EXTRACT;XIRECS;5259.0;4
9800;BOT_MAKER;BOT_TAKER;HYDROGEL_PACK;XIRECS;9951.0;6
9800;BOT_MAKER;BOT_TAKER;VELVETFRUIT_EXTRACT;XIRECS;5260.0;3
9900;BOT_MAKER;BOT_TAKER;HYDROGEL_PACK;XIRECS;9952.0;3
9900;BOT_MAKER;BOT_TAKER;VEV_5500;XIRECS;4.0;5
10000;BOT_TAKER;BOT_MAKER;HYDROGEL_PACK;XIRECS;9967.0;2
10000;BOT_MAKER;BOT_TAKER;VEV_6500;XIRECS;0.0;4
10100;BOT_MAKER;BOT_TAKER;HYDROGEL_PACK;XIRECS;9953.0;6
10100;BOT_TAKER;BOT_MAKER;VELVETFRUIT_EXTRACT;XIRECS;5265.0;4
10200;BOT_MAKER;BOT_TAKER;VELVETFRUIT_EXTRACT;XIRECS;5262.0;5
10200;BOT_MAKER;BOT_TAKER;VEV_5500;XIRECS;4.0;5
10300;BOT_MAKER;BOT_TAKER;HYDROGEL_PACK;XIRECS;9953.0;5
10300;BOT_TAKER;BOT_MAKER;VEV_5500;XIRECS;5.0;3
10500;BOT_TAKER;BOT_MAKER;HYDROGEL_PACK;XIRECS;9968.0;5
10500;BOT_MAKER;BOT_TAKER;VEV_4000;XIRECS;1264.0;3
10500;BOT_MAKER;BOT_TAKER;VEV_6000;XIRECS;0.0;4
10600;BOT_MAKER;BOT_TAKER;HYDROGEL_PACK;XIRECS;9953.0;3
10600;BOT_MAKER;BOT_TAKER;VELVETFRUIT_EXTRACT;XIRECS;5258.0;5
10700;BOT_TAKER;BOT_MAKER;VELVETFRUIT_EXTRACT;XIRECS;5264.0;4
10800;BOT_TAKER;BOT_MAKER;VELVETFRUIT_EXTRACT;XIRECS;5267.0;15
10800;BOT_TAKER;BOT_MAKER;VEV_4000;XIRECS;1286.0;2
10900;BOT_MAKER;BOT_TAKER;HYDROGEL_PACK;XIRECS;9946.0;4
10900;BOT_MAKER;BOT_TAKER;VELVETFRUIT_EXTRACT;XIRECS;5258.0;5
11300;BOT_TAKER;BOT_MAKER;VEV_4000;XIRECS;1291.0;3
11500;BOT_TAKER;BOT_MAKER;HYDROGEL_PACK;XIRECS;9957.0;3
11700;BOT_TAKER;BOT_MAKER;VELVETFRUIT_EXTRACT;XIRECS;5260.0;4
11800;BOT_MAKER;BOT_TAKER;HYDROGEL_PACK;XIRECS;9937.0;5
11800;BOT_MAKER;BOT_TAKER;VEV_4000;XIRECS;1271.0;1
11800;BOT_MAKER;BOT_TAKER;VEV_6500;XIRECS;0.0;2
11900;BOT_MAKER;BOT_TAKER;VELVETFRUIT_EXTRACT;XIRECS;5256.0;8
11900;BOT_TAKER;BOT_MAKER;VEV_4000;XIRECS;1290.0;3
11900;BOT_TAKER;BOT_MAKER;VEV_6000;XIRECS;1.0;5
12000;BOT_TAKER;BOT_MAKER;VEV_6000;XIRECS;1.0;2
12100;BOT_MAKER;BOT_TAKER;VELVETFRUIT_EXTRACT;XIRECS;5259.0;13
12200;BOT_MAKER;BOT_TAKER;HYDROGEL_PACK;XIRECS;9932.0;4
12200;BOT_TAKER;BOT_MAKER;VELVETFRUIT_EXTRACT;XIRECS;5263.0;4
12500;BOT_MAKER;BOT_TAKER;VELVETFRUIT_EXTRACT;XIRECS;5257.0;6
12600;BOT_TAKER;BOT_MAKER;HYDROGEL_PACK;XIRECS;9953.0;4
13000;BOT_TAKER;BOT_MAKER;HYDROGEL_PACK;XIRECS;9955.0;2
13100;BOT_MAKER;BOT_TAKER;VELVETFRUIT_EXTRACT;XIRECS;5259.0;8
13100;BOT_MAKER;BOT_TAKER;VEV_4000;XIRECS;1271.0;1
13400;BOT_TAKER;BOT_MAKER;HYDROGEL_PACK;XIRECS;9951.0;2
13700;BOT_MAKER;BOT_TAKER;HYDROGEL_PACK;XIRECS;9933.0;5
13700;BOT_MAKER;BOT_TAKER;VEV_4000;XIRECS;1266.0;1
14100;BOT_TAKER;BOT_MAKER;VELVETFRUIT_EXTRACT;XIRECS;5264.0;14
14200;BOT_MAKER;BOT_TAKER;HYDROGEL_PACK;XIRECS;9933.0;3
14200;BOT_TAKER;BOT_MAKER;VELVETFRUIT_EXTRACT;XIRECS;5262.0;8
14300;BOT_TAKER;BOT_MAKER;VEV_5400;XIRECS;19.0;2
14400;BOT_TAKER;BOT_MAKER;VELVETFRUIT_EXTRACT;XIRECS;5264.0;7
14400;BOT_TAKER;BOT_MAKER;VEV_4000;XIRECS;1284.0;3
14500;BOT_MAKER;BOT_TAKER;HYDROGEL_PACK;XIRECS;9933.0;4
14500;BOT_TAKER;BOT_MAKER;VEV_5500;XIRECS;5.0;2
14600;BOT_MAKER;BOT_TAKER;VEV_4000;XIRECS;1265.0;1
14700;BOT_TAKER;BOT_MAKER;HYDROGEL_PACK;XIRECS;9948.0;4
14800;BOT_MAKER;BOT_TAKER;VELVETFRUIT_EXTRACT;XIRECS;5259.0;8
14900;BOT_TAKER;BOT_MAKER;HYDROGEL_PACK;XIRECS;9948.0;6
15100;BOT_MAKER;BOT_TAKER;HYDROGEL_PACK;XIRECS;9927.0;5
15100;BOT_MAKER;BOT_TAKER;VELVETFRUIT_EXTRACT;XIRECS;5258.0;4
15100;BOT_MAKER;BOT_TAKER;VEV_6000;XIRECS;0.0;5
15200;BOT_TAKER;BOT_MAKER;HYDROGEL_PACK;XIRECS;9945.0;5
15200;BOT_MAKER;BOT_TAKER;VELVETFRUIT_EXTRACT;XIRECS;5257.0;3
15300;BOT_TAKER;BOT_MAKER;HYDROGEL_PACK;XIRECS;9940.0;3
15300;BOT_TAKER;BOT_MAKER;VELVETFRUIT_EXTRACT;XIRECS;5262.0;4
15300;BOT_TAKER;BOT_MAKER;VEV_5500;XIRECS;5.0;3
15400;BOT_TAKER;BOT_MAKER;HYDROGEL_PACK;XIRECS;9939.0;3
15400;BOT_TAKER;BOT_MAKER;VELVETFRUIT_EXTRACT;XIRECS;5260.0;5
15400;BOT_TAKER;BOT_MAKER;VEV_6500;XIRECS;1.0;5
15500;BOT_TAKER;BOT_MAKER;HYDROGEL_PACK;XIRECS;9935.0;2
15500;BOT_TAKER;BOT_MAKER;VELVETFRUIT_EXTRACT;XIRECS;5261.0;3
15600;BOT_MAKER;BOT_TAKER;HYDROGEL_PACK;XIRECS;9918.0;5
15600;BOT_MAKER;BOT_TAKER;VELVETFRUIT_EXTRACT;XIRECS;5258.0;8
15600;BOT_MAKER;BOT_TAKER;VEV_6500;XIRECS;0.0;5
15800;BOT_TAKER;BOT_MAKER;VEV_4000;XIRECS;1287.0;3
15900;BOT_TAKER;BOT_MAKER;HYDROGEL_PACK;XIRECS;9937.0;5
16000;BOT_TAKER;BOT_MAKER;VELVETFRUIT_EXTRACT;XIRECS;5263.0;7
16000;BOT_TAKER;BOT_MAKER;VEV_5500;XIRECS;5.0;3
16000;BOT_TAKER;BOT_MAKER;VEV_6000;XIRECS;1.0;3
16100;BOT_MAKER;BOT_TAKER;VEV_4000;XIRECS;1266.0;2
16500;BOT_TAKER;BOT_MAKER;VEV_5500;XIRECS;5.0;2
16600;BOT_TAKER;BOT_MAKER;VELVETFRUIT_EXTRACT;XIRECS;5265.0;5
16600;BOT_TAKER;BOT_MAKER;VELVETFRUIT_EXTRACT;XIRECS;5265.0;5
16700;BOT_TAKER;BOT_MAKER;HYDROGEL_PACK;XIRECS;9934.0;2
16700;BOT_MAKER;BOT_TAKER;VEV_4000;XIRECS;1266.0;1
16900;BOT_MAKER;BOT_TAKER;VELVETFRUIT_EXTRACT;XIRECS;5264.0;5
16900;BOT_MAKER;BOT_TAKER;VEV_6500;XIRECS;0.0;4
17000;BOT_TAKER;BOT_MAKER;VELVETFRUIT_EXTRACT;XIRECS;5270.0;8
17100;BOT_TAKER;BOT_MAKER;VELVETFRUIT_EXTRACT;XIRECS;5272.0;7
17100;BOT_MAKER;BOT_TAKER;VEV_4000;XIRECS;1264.0;1
17200;BOT_MAKER;BOT_TAKER;VELVETFRUIT_EXTRACT;XIRECS;5268.0;3
17200;BOT_TAKER;BOT_MAKER;VELVETFRUIT_EXTRACT;XIRECS;5274.0;7
17200;BOT_MAKER;BOT_TAKER;VEV_4000;XIRECS;1265.0;3
17300;BOT_MAKER;BOT_TAKER;HYDROGEL_PACK;XIRECS;9910.0;4
17300;BOT_TAKER;BOT_MAKER;VELVETFRUIT_EXTRACT;XIRECS;5274.0;3
17400;BOT_TAKER;BOT_MAKER;VELVETFRUIT_EXTRACT;XIRECS;5274.0;6
17500;BOT_MAKER;BOT_TAKER;VELVETFRUIT_EXTRACT;XIRECS;5269.0;5
17500;BOT_MAKER;BOT_TAKER;VEV_4000;XIRECS;1266.0;1
17800;BOT_MAKER;BOT_TAKER;VELVETFRUIT_EXTRACT;XIRECS;5271.0;8
17900;BOT_MAKER;BOT_TAKER;HYDROGEL_PACK;XIRECS;9917.0;6
18200;BOT_TAKER;BOT_MAKER;VELVETFRUIT_EXTRACT;XIRECS;5280.0;7
18200;BOT_MAKER;BOT_TAKER;VELVETFRUIT_EXTRACT;XIRECS;5275.0;3
18300;BOT_TAKER;BOT_MAKER;HYDROGEL_PACK;XIRECS;9932.0;2
18300;BOT_TAKER;BOT_MAKER;VELVETFRUIT_EXTRACT;XIRECS;5281.0;6
18300;BOT_MAKER;BOT_TAKER;VEV_6000;XIRECS;0.0;2
18400;BOT_TAKER;BOT_MAKER;HYDROGEL_PACK;XIRECS;9931.0;3
18500;BOT_MAKER;BOT_TAKER;VEV_6500;XIRECS;0.0;2
18600;BOT_TAKER;BOT_MAKER;HYDROGEL_PACK;XIRECS;9934.0;6
18600;BOT_MAKER;BOT_TAKER;VELVETFRUIT_EXTRACT;XIRECS;5272.0;8
18600;BOT_TAKER;BOT_MAKER;VEV_4000;XIRECS;1286.0;1
18700;BOT_MAKER;BOT_TAKER;VELVETFRUIT_EXTRACT;XIRECS;5273.0;9
18800;BOT_TAKER;BOT_MAKER;VEV_6500;XIRECS;1.0;2
18900;BOT_MAKER;BOT_TAKER;VELVETFRUIT_EXTRACT;XIRECS;5274.0;6
19100;BOT_TAKER;BOT_MAKER;VEV_5300;XIRECS;54.0;2
19100;BOT_MAKER;BOT_TAKER;VEV_5500;XIRECS;3.0;2
19100;BOT_MAKER;BOT_TAKER;VEV_6000;XIRECS;0.0;2
19300;BOT_TAKER;BOT_MAKER;HYDROGEL_PACK;XIRECS;9929.0;2
19300;BOT_TAKER;BOT_MAKER;VEV_4000;XIRECS;1287.0;3
19300;BOT_TAKER;BOT_MAKER;VEV_6500;XIRECS;1.0;5
19400;BOT_TAKER;BOT_MAKER;VELVETFRUIT_EXTRACT;XIRECS;5279.0;6
19400;BOT_TAKER;BOT_MAKER;VEV_6000;XIRECS;1.0;2
19500;BOT_MAKER;BOT_TAKER;HYDROGEL_PACK;XIRECS;9911.0;2
19500;BOT_TAKER;BOT_MAKER;VELVETFRUIT_EXTRACT;XIRECS;5279.0;5
19600;BOT_MAKER;BOT_TAKER;VEV_5500;XIRECS;3.0;2
19700;BOT_TAKER;BOT_MAKER;VELVETFRUIT_EXTRACT;XIRECS;5281.0;8
19900;BOT_MAKER;BOT_TAKER;VELVETFRUIT_EXTRACT;XIRECS;5277.0;5
20100;BOT_MAKER;BOT_TAKER;VELVETFRUIT_EXTRACT;XIRECS;5276.0;7
20200;BOT_MAKER;BOT_TAKER;VELVETFRUIT_EXTRACT;XIRECS;5276.0;6
20200;BOT_TAKER;BOT_MAKER;VEV_6500;XIRECS;1.0;5
20300;BOT_TAKER;BOT_MAKER;HYDROGEL_PACK;XIRECS;9926.0;6
20300;BOT_MAKER;BOT_TAKER;VELVETFRUIT_EXTRACT;XIRECS;5276.0;7
20300;BOT_TAKER;BOT_MAKER;VEV_6500;XIRECS;1.0;2
20400;BOT_TAKER;BOT_MAKER;VELVETFRUIT_EXTRACT;XIRECS;5282.0;8
20500;BOT_TAKER;BOT_MAKER;VELVETFRUIT_EXTRACT;XIRECS;5282.0;5
20500;BOT_TAKER;BOT_MAKER;VEV_6000;XIRECS;1.0;2
20600;BOT_MAKER;BOT_TAKER;VELVETFRUIT_EXTRACT;XIRECS;5277.0;5
20700;BOT_TAKER;BOT_MAKER;VELVETFRUIT_EXTRACT;XIRECS;5282.0;3
20700;BOT_MAKER;BOT_TAKER;VEV_6000;XIRECS;0.0;2
20900;BOT_MAKER;BOT_TAKER;VELVETFRUIT_EXTRACT;XIRECS;5277.0;7
20900;BOT_TAKER;BOT_MAKER;VEV_6500;XIRECS;1.0;5
21000;BOT_TAKER;BOT_MAKER;VELVETFRUIT_EXTRACT;XIRECS;5282.0;3
21200;BOT_TAKER;BOT_MAKER;HYDROGEL_PACK;XIRECS;9929.0;2
21200;BOT_TAKER;BOT_MAKER;VELVETFRUIT_EXTRACT;XIRECS;5283.0;5
21400;BOT_TAKER;BOT_MAKER;VELVETFRUIT_EXTRACT;XIRECS;5285.0;3
21500;BOT_TAKER;BOT_MAKER;HYDROGEL_PACK;XIRECS;9928.0;5
21500;BOT_MAKER;BOT_TAKER;VELVETFRUIT_EXTRACT;XIRECS;5278.0;3
21600;BOT_TAKER;BOT_MAKER;HYDROGEL_PACK;XIRECS;9928.0;6
21600;BOT_MAKER;BOT_TAKER;VELVETFRUIT_EXTRACT;XIRECS;5279.0;5
21600;BOT_MAKER;BOT_TAKER;VEV_4000;XIRECS;1270.0;2
21700;BOT_MAKER;BOT_TAKER;VELVETFRUIT_EXTRACT;XIRECS;5280.0;10
21800;BOT_TAKER;BOT_MAKER;VELVETFRUIT_EXTRACT;XIRECS;5284.0;3
21800;BOT_TAKER;BOT_MAKER;VEV_5400;XIRECS;16.0;5
21900;BOT_MAKER;BOT_TAKER;HYDROGEL_PACK;XIRECS;9915.0;6
22000;BOT_MAKER;BOT_TAKER;HYDROGEL_PACK;XIRECS;9914.0;6
22000;BOT_TAKER;BOT_MAKER;VEV_5500;XIRECS;5.0;4
22100;BOT_MAKER;BOT_TAKER;HYDROGEL_PACK;XIRECS;9916.0;6
22100;BOT_MAKER;BOT_TAKER;VELVETFRUIT_EXTRACT;XIRECS;5278.0;8
22100;BOT_MAKER;BOT_TAKER;VEV_4000;XIRECS;1272.0;1
22100;BOT_MAKER;BOT_TAKER;VEV_6000;XIRECS;0.0;5
22100;BOT_TAKER;BOT_MAKER;VEV_6500;XIRECS;1.0;5
22100;BOT_TAKER;BOT_MAKER;VEV_6500;XIRECS;1.0;2
22300;BOT_TAKER;BOT_MAKER;VELVETFRUIT_EXTRACT;XIRECS;5282.0;5
22400;BOT_TAKER;BOT_MAKER;HYDROGEL_PACK;XIRECS;9932.0;3
22400;BOT_MAKER;BOT_TAKER;VELVETFRUIT_EXTRACT;XIRECS;5276.0;15
22500;BOT_TAKER;BOT_MAKER;VELVETFRUIT_EXTRACT;XIRECS;5279.0;6
22600;BOT_MAKER;BOT_TAKER;VELVETFRUIT_EXTRACT;XIRECS;5274.0;7
22700;BOT_TAKER;BOT_MAKER;HYDROGEL_PACK;XIRECS;9931.0;5
22800;BOT_TAKER;BOT_MAKER;HYDROGEL_PACK;XIRECS;9931.0;2
22800;BOT_MAKER;BOT_TAKER;VEV_4000;XIRECS;1271.0;2
22900;BOT_MAKER;BOT_TAKER;VEV_4000;XIRECS;1271.0;2
22900;BOT_MAKER;BOT_TAKER;VEV_6500;XIRECS;0.0;5
23100;BOT_TAKER;BOT_MAKER;VELVETFRUIT_EXTRACT;XIRECS;5281.0;3
23100;BOT_TAKER;BOT_MAKER;VEV_4000;XIRECS;1292.0;3
23200;BOT_MAKER;BOT_TAKER;HYDROGEL_PACK;XIRECS;9921.0;5
23200;BOT_TAKER;BOT_MAKER;VELVETFRUIT_EXTRACT;XIRECS;5280.0;9
23300;BOT_TAKER;BOT_MAKER;HYDROGEL_PACK;XIRECS;9937.0;4
23300;BOT_MAKER;BOT_TAKER;HYDROGEL_PACK;XIRECS;9921.0;3
23400;BOT_MAKER;BOT_TAKER;VELVETFRUIT_EXTRACT;XIRECS;5278.0;7
23400;BOT_TAKER;BOT_MAKER;VEV_6000;XIRECS;1.0;4
23500;BOT_MAKER;BOT_TAKER;VELVETFRUIT_EXTRACT;XIRECS;5279.0;4
23600;BOT_TAKER;BOT_MAKER;VEV_4000;XIRECS;1289.0;3
23600;BOT_MAKER;BOT_TAKER;VEV_5300;XIRECS;53.0;2
23700;BOT_MAKER;BOT_TAKER;VELVETFRUIT_EXTRACT;XIRECS;5279.0;8
23700;BOT_MAKER;BOT_TAKER;VEV_5300;XIRECS;53.0;2
23800;BOT_MAKER;BOT_TAKER;VELVETFRUIT_EXTRACT;XIRECS;5279.0;13
23800;BOT_MAKER;BOT_TAKER;VEV_4000;XIRECS;1270.0;3
23800;BOT_TAKER;BOT_MAKER;VEV_5500;XIRECS;4.0;3
23900;BOT_TAKER;BOT_MAKER;VEV_5300;XIRECS;55.0;2
24100;BOT_TAKER;BOT_MAKER;VEV_6500;XIRECS;1.0;2
24200;BOT_TAKER;BOT_MAKER;VELVETFRUIT_EXTRACT;XIRECS;5284.0;7
24200;BOT_MAKER;BOT_TAKER;VEV_6000;XIRECS;0.0;2
24300;BOT_TAKER;BOT_MAKER;HYDROGEL_PACK;XIRECS;9935.0;5
24400;BOT_MAKER;BOT_TAKER;VEV_4000;XIRECS;1269.0;3
24500;BOT_MAKER;BOT_TAKER;VELVETFRUIT_EXTRACT;XIRECS;5279.0;3
24500;BOT_TAKER;BOT_MAKER;VEV_4000;XIRECS;1292.0;3
24600;BOT_TAKER;BOT_MAKER;HYDROGEL_PACK;XIRECS;9938.0;6
24600;BOT_MAKER;BOT_TAKER;VELVETFRUIT_EXTRACT;XIRECS;5278.0;7
24700;BOT_TAKER;BOT_MAKER;VELVETFRUIT_EXTRACT;XIRECS;5283.0;7
24700;BOT_MAKER;BOT_TAKER;VEV_6500;XIRECS;0.0;2
24800;BOT_TAKER;BOT_MAKER;HYDROGEL_PACK;XIRECS;9939.0;4
24900;BOT_TAKER;BOT_MAKER;VELVETFRUIT_EXTRACT;XIRECS;5285.0;5
24900;BOT_TAKER;BOT_MAKER;VEV_5400;XIRECS;17.0;4
24900;BOT_MAKER;BOT_TAKER;VEV_6500;XIRECS;0.0;4
25200;BOT_MAKER;BOT_TAKER;HYDROGEL_PACK;XIRECS;9925.0;4
25200;BOT_TAKER;BOT_MAKER;VELVETFRUIT_EXTRACT;XIRECS;5285.0;4
25300;BOT_MAKER;BOT_TAKER;HYDROGEL_PACK;XIRECS;9921.0;2
25300;BOT_MAKER;BOT_TAKER;VEV_5400;XIRECS;15.0;2
25500;BOT_MAKER;BOT_TAKER;VELVETFRUIT_EXTRACT;XIRECS;5279.0;6
25500;BOT_MAKER;BOT_TAKER;VELVETFRUIT_EXTRACT;XIRECS;5279.0;6
25800;BOT_TAKER;BOT_MAKER;HYDROGEL_PACK;XIRECS;9943.0;3
25800;BOT_MAKER;BOT_TAKER;VELVETFRUIT_EXTRACT;XIRECS;5278.0;8
25800;BOT_TAKER;BOT_MAKER;VEV_4000;XIRECS;1292.0;2
26000;BOT_MAKER;BOT_TAKER;HYDROGEL_PACK;XIRECS;9928.0;4
26000;BOT_MAKER;BOT_TAKER;VELVETFRUIT_EXTRACT;XIRECS;5279.0;8
26000;BOT_TAKER;BOT_MAKER;VEV_5400;XIRECS;16.0;5
26100;BOT_TAKER;BOT_MAKER;VEV_5300;XIRECS;53.0;5
26200;BOT_MAKER;BOT_TAKER;HYDROGEL_PACK;XIRECS;9927.0;6
26200;BOT_MAKER;BOT_TAKER;VEV_4000;XIRECS;1271.0;3
26300;BOT_TAKER;BOT_MAKER;HYDROGEL_PACK;XIRECS;9940.0;3
26300;BOT_MAKER;BOT_TAKER;VELVETFRUIT_EXTRACT;XIRECS;5278.0;8
26400;BOT_MAKER;BOT_TAKER;VEV_5300;XIRECS;51.0;1
26500;BOT_MAKER;BOT_TAKER;VELVETFRUIT_EXTRACT;XIRECS;5276.0;9
26700;BOT_TAKER;BOT_MAKER;VELVETFRUIT_EXTRACT;XIRECS;5282.0;6
26700;BOT_MAKER;BOT_TAKER;VEV_5500;XIRECS;3.0;4
26900;BOT_TAKER;BOT_MAKER;VELVETFRUIT_EXTRACT;XIRECS;5280.0;6
27000;BOT_MAKER;BOT_TAKER;HYDROGEL_PACK;XIRECS;9919.0;4
27000;BOT_MAKER;BOT_TAKER;VEV_4000;XIRECS;1274.0;2
27100;BOT_TAKER;BOT_MAKER;VELVETFRUIT_EXTRACT;XIRECS;5280.0;8
27200;BOT_MAKER;BOT_TAKER;VELVETFRUIT_EXTRACT;XIRECS;5276.0;5
27300;BOT_TAKER;BOT_MAKER;VELVETFRUIT_EXTRACT;XIRECS;5280.0;7
27300;BOT_TAKER;BOT_MAKER;VELVETFRUIT_EXTRACT;XIRECS;5280.0;5
27300;BOT_TAKER;BOT_MAKER;VEV_5300;XIRECS;54.0;5
27300;BOT_MAKER;BOT_TAKER;VEV_6500;XIRECS;0.0;4
27500;BOT_MAKER;BOT_TAKER;VEV_6000;XIRECS;0.0;2
27500;BOT_MAKER;BOT_TAKER;VEV_6500;XIRECS;0.0;5
27600;BOT_MAKER;BOT_TAKER;VEV_4000;XIRECS;1273.0;3
27800;BOT_MAKER;BOT_TAKER;VEV_6500;XIRECS;0.0;4
27900;BOT_TAKER;BOT_MAKER;VEV_6500;XIRECS;1.0;5
28200;BOT_TAKER;BOT_MAKER;HYDROGEL_PACK;XIRECS;9928.0;6
28200;BOT_MAKER;BOT_TAKER;VELVETFRUIT_EXTRACT;XIRECS;5279.0;7
28200;BOT_MAKER;BOT_TAKER;VEV_6000;XIRECS;0.0;2
28200;BOT_MAKER;BOT_TAKER;VEV_6500;XIRECS;0.0;3
28500;BOT_MAKER;BOT_TAKER;VELVETFRUIT_EXTRACT;XIRECS;5283.0;7
28500;BOT_TAKER;BOT_MAKER;VEV_5500;XIRECS;5.0;5
28600;BOT_TAKER;BOT_MAKER;VELVETFRUIT_EXTRACT;XIRECS;5289.0;7
28600;BOT_MAKER;BOT_TAKER;VEV_4000;XIRECS;1273.0;3
28800;BOT_TAKER;BOT_MAKER;HYDROGEL_PACK;XIRECS;9925.0;4
28900;BOT_MAKER;BOT_TAKER;VELVETFRUIT_EXTRACT;XIRECS;5285.0;7
29000;BOT_MAKER;BOT_TAKER;HYDROGEL_PACK;XIRECS;9909.0;5
29000;BOT_TAKER;BOT_MAKER;VELVETFRUIT_EXTRACT;XIRECS;5288.0;6
29100;BOT_TAKER;BOT_MAKER;HYDROGEL_PACK;XIRECS;9922.0;5
29100;BOT_TAKER;BOT_MAKER;VELVETFRUIT_EXTRACT;XIRECS;5288.0;6
29100;BOT_MAKER;BOT_TAKER;VEV_5300;XIRECS;54.0;5
29100;BOT_TAKER;BOT_MAKER;VEV_6000;XIRECS;1.0;4
29200;BOT_TAKER;BOT_MAKER;VELVETFRUIT_EXTRACT;XIRECS;5288.0;7
29200;BOT_MAKER;BOT_TAKER;VEV_6000;XIRECS;0.0;2
29400;BOT_TAKER;BOT_MAKER;HYDROGEL_PACK;XIRECS;9925.0;5
29400;BOT_MAKER;BOT_TAKER;VEV_5500;XIRECS;3.0;3
29500;BOT_MAKER;BOT_TAKER;HYDROGEL_PACK;XIRECS;9907.0;6
29500;BOT_MAKER;BOT_TAKER;VELVETFRUIT_EXTRACT;XIRECS;5283.0;8
29500;BOT_TAKER;BOT_MAKER;VELVETFRUIT_EXTRACT;XIRECS;5288.0;7
29600;BOT_MAKER;BOT_TAKER;VELVETFRUIT_EXTRACT;XIRECS;5285.0;5
29600;BOT_TAKER;BOT_MAKER;VEV_6000;XIRECS;1.0;4
29700;BOT_TAKER;BOT_MAKER;HYDROGEL_PACK;XIRECS;9922.0;5
29700;BOT_MAKER;BOT_TAKER;VELVETFRUIT_EXTRACT;XIRECS;5282.0;6
29700;BOT_MAKER;BOT_TAKER;VEV_5500;XIRECS;3.0;5
29800;BOT_TAKER;BOT_MAKER;HYDROGEL_PACK;XIRECS;9922.0;3
29900;BOT_MAKER;BOT_TAKER;HYDROGEL_PACK;XIRECS;9904.0;5
30000;BOT_MAKER;BOT_TAKER;VEV_6500;XIRECS;0.0;3
30200;BOT_TAKER;BOT_MAKER;HYDROGEL_PACK;XIRECS;9923.0;5
30200;BOT_TAKER;BOT_MAKER;HYDROGEL_PACK;XIRECS;9923.0;2
30300;BOT_TAKER;BOT_MAKER;VELVETFRUIT_EXTRACT;XIRECS;5289.0;5
30300;BOT_MAKER;BOT_TAKER;VEV_6500;XIRECS;0.0;3
30400;BOT_MAKER;BOT_TAKER;HYDROGEL_PACK;XIRECS;9905.0;6
30500;BOT_MAKER;BOT_TAKER;VELVETFRUIT_EXTRACT;XIRECS;5286.0;5
30600;BOT_MAKER;BOT_TAKER;VELVETFRUIT_EXTRACT;XIRECS;5287.0;3
30700;BOT_MAKER;BOT_TAKER;HYDROGEL_PACK;XIRECS;9908.0;5
30800;BOT_MAKER;BOT_TAKER;VELVETFRUIT_EXTRACT;XIRECS;5286.0;7
31000;BOT_MAKER;BOT_TAKER;VEV_6000;XIRECS;0.0;3
31100;BOT_TAKER;BOT_MAKER;VEV_4000;XIRECS;1290.0;3
31200;BOT_MAKER;BOT_TAKER;VELVETFRUIT_EXTRACT;XIRECS;5287.0;8
31200;BOT_MAKER;BOT_TAKER;VEV_4000;XIRECS;1268.0;3
31300;BOT_MAKER;BOT_TAKER;VELVETFRUIT_EXTRACT;XIRECS;5286.0;8
31300;BOT_TAKER;BOT_MAKER;VEV_5500;XIRECS;3.0;4
31400;BOT_TAKER;BOT_MAKER;HYDROGEL_PACK;XIRECS;9923.0;6
31400;BOT_TAKER;BOT_MAKER;VELVETFRUIT_EXTRACT;XIRECS;5291.0;14
31500;BOT_TAKER;BOT_MAKER;HYDROGEL_PACK;XIRECS;9923.0;4
31500;BOT_TAKER;BOT_MAKER;VELVETFRUIT_EXTRACT;XIRECS;5293.0;6
31500;BOT_MAKER;BOT_TAKER;VEV_4000;XIRECS;1267.0;2
31500;BOT_MAKER;BOT_TAKER;VEV_6500;XIRECS;0.0;4
31600;BOT_TAKER;BOT_MAKER;HYDROGEL_PACK;XIRECS;9924.0;3
31600;BOT_TAKER;BOT_MAKER;VEV_5400;XIRECS;16.0;5
31600;BOT_TAKER;BOT_MAKER;VEV_5500;XIRECS;3.0;5
31800;BOT_MAKER;BOT_TAKER;VEV_4000;XIRECS;1267.0;3
32000;BOT_TAKER;BOT_MAKER;HYDROGEL_PACK;XIRECS;9919.0;3
32100;BOT_TAKER;BOT_MAKER;VELVETFRUIT_EXTRACT;XIRECS;5291.0;6
32100;BOT_TAKER;BOT_MAKER;VEV_6000;XIRECS;1.0;4
32200;BOT_TAKER;BOT_MAKER;HYDROGEL_PACK;XIRECS;9915.0;3
32300;BOT_TAKER;BOT_MAKER;HYDROGEL_PACK;XIRECS;9911.0;4
32400;BOT_MAKER;BOT_TAKER;VELVETFRUIT_EXTRACT;XIRECS;5284.0;3
32400;BOT_MAKER;BOT_TAKER;VEV_5300;XIRECS;53.0;2
32500;BOT_TAKER;BOT_MAKER;VELVETFRUIT_EXTRACT;XIRECS;5289.0;4
32500;BOT_MAKER;BOT_TAKER;VEV_5500;XIRECS;2.0;4
32600;BOT_TAKER;BOT_MAKER;VELVETFRUIT_EXTRACT;XIRECS;5289.0;4
32700;BOT_MAKER;BOT_TAKER;VELVETFRUIT_EXTRACT;XIRECS;5284.0;7
32800;BOT_MAKER;BOT_TAKER;HYDROGEL_PACK;XIRECS;9893.0;4
32900;BOT_TAKER;BOT_MAKER;HYDROGEL_PACK;XIRECS;9910.0;5
33000;BOT_TAKER;BOT_MAKER;HYDROGEL_PACK;XIRECS;9906.0;4
33000;BOT_MAKER;BOT_TAKER;VELVETFRUIT_EXTRACT;XIRECS;5285.0;5
33100;BOT_TAKER;BOT_MAKER;VELVETFRUIT_EXTRACT;XIRECS;5289.0;5
33300;BOT_TAKER;BOT_MAKER;HYDROGEL_PACK;XIRECS;9900.0;4
33300;BOT_TAKER;BOT_MAKER;VEV_6500;XIRECS;1.0;5
33500;BOT_TAKER;BOT_MAKER;VELVETFRUIT_EXTRACT;XIRECS;5289.0;8
33500;BOT_TAKER;BOT_MAKER;VEV_5000;XIRECS;271.0;1
33600;BOT_MAKER;BOT_TAKER;VELVETFRUIT_EXTRACT;XIRECS;5283.0;8
33900;BOT_TAKER;BOT_MAKER;VELVETFRUIT_EXTRACT;XIRECS;5289.0;7
33900;BOT_MAKER;BOT_TAKER;VEV_4000;XIRECS;1269.0;1
34000;BOT_MAKER;BOT_TAKER;VELVETFRUIT_EXTRACT;XIRECS;5282.0;7
34000;BOT_TAKER;BOT_MAKER;VEV_5400;XIRECS;16.0;3
34100;BOT_TAKER;BOT_MAKER;VELVETFRUIT_EXTRACT;XIRECS;5285.0;5
34100;BOT_MAKER;BOT_TAKER;VEV_5500;XIRECS;2.0;2
34200;BOT_TAKER;BOT_MAKER;HYDROGEL_PACK;XIRECS;9899.0;3
34200;BOT_TAKER;BOT_MAKER;VEV_5400;XIRECS;16.0;2
34300;BOT_MAKER;BOT_TAKER;HYDROGEL_PACK;XIRECS;9882.0;2
34300;BOT_TAKER;BOT_MAKER;VELVETFRUIT_EXTRACT;XIRECS;5285.0;10
34400;BOT_MAKER;BOT_TAKER;HYDROGEL_PACK;XIRECS;9885.0;4
34400;BOT_TAKER;BOT_MAKER;VELVETFRUIT_EXTRACT;XIRECS;5286.0;3
34600;BOT_MAKER;BOT_TAKER;VELVETFRUIT_EXTRACT;XIRECS;5281.0;8
34700;BOT_MAKER;BOT_TAKER;HYDROGEL_PACK;XIRECS;9887.0;2
34700;BOT_MAKER;BOT_TAKER;VEV_6000;XIRECS;0.0;2
34800;BOT_MAKER;BOT_TAKER;VELVETFRUIT_EXTRACT;XIRECS;5282.0;8
34900;BOT_TAKER;BOT_MAKER;VEV_4000;XIRECS;1290.0;2
35000;BOT_MAKER;BOT_TAKER;HYDROGEL_PACK;XIRECS;9888.0;5
35000;BOT_TAKER;BOT_MAKER;VELVETFRUIT_EXTRACT;XIRECS;5287.0;6
35000;BOT_MAKER;BOT_TAKER;VELVETFRUIT_EXTRACT;XIRECS;5282.0;7
35000;BOT_MAKER;BOT_TAKER;VEV_5500;XIRECS;2.0;3
35100;BOT_TAKER;BOT_MAKER;VELVETFRUIT_EXTRACT;XIRECS;5288.0;7
35200;BOT_TAKER;BOT_MAKER;VELVETFRUIT_EXTRACT;XIRECS;5289.0;6
35300;BOT_MAKER;BOT_TAKER;VEV_5300;XIRECS;52.0;3
35300;BOT_TAKER;BOT_MAKER;VEV_5500;XIRECS;3.0;5
35400;BOT_MAKER;BOT_TAKER;VEV_6000;XIRECS;0.0;4
35500;BOT_MAKER;BOT_TAKER;HYDROGEL_PACK;XIRECS;9892.0;4
35600;BOT_TAKER;BOT_MAKER;VEV_6500;XIRECS;1.0;4
35700;BOT_TAKER;BOT_MAKER;HYDROGEL_PACK;XIRECS;9905.0;5
35700;BOT_MAKER;BOT_TAKER;VELVETFRUIT_EXTRACT;XIRECS;5282.0;4
35900;BOT_TAKER;BOT_MAKER;VELVETFRUIT_EXTRACT;XIRECS;5287.0;8
36000;BOT_TAKER;BOT_MAKER;VELVETFRUIT_EXTRACT;XIRECS;5289.0;6
36100;BOT_TAKER;BOT_MAKER;VELVETFRUIT_EXTRACT;XIRECS;5290.0;5
36100;BOT_TAKER;BOT_MAKER;VEV_4000;XIRECS;1294.0;1
36100;BOT_MAKER;BOT_TAKER;VEV_5500;XIRECS;2.0;4
36200;BOT_MAKER;BOT_TAKER;HYDROGEL_PACK;XIRECS;9885.0;3
36300;BOT_TAKER;BOT_MAKER;VEV_4000;XIRECS;1294.0;3
36400;BOT_MAKER;BOT_TAKER;VEV_5500;XIRECS;2.0;2
36400;BOT_MAKER;BOT_TAKER;VEV_6500;XIRECS;0.0;4
36500;BOT_TAKER;BOT_MAKER;HYDROGEL_PACK;XIRECS;9904.0;5
36500;BOT_MAKER;BOT_TAKER;VEV_5400;XIRECS;15.0;4
36700;BOT_TAKER;BOT_MAKER;HYDROGEL_PACK;XIRECS;9899.0;5
36800;BOT_MAKER;BOT_TAKER;HYDROGEL_PACK;XIRECS;9882.0;4
36900;BOT_TAKER;BOT_MAKER;VELVETFRUIT_EXTRACT;XIRECS;5290.0;11
37000;BOT_TAKER;BOT_MAKER;HYDROGEL_PACK;XIRECS;9896.0;6
37000;BOT_TAKER;BOT_MAKER;VELVETFRUIT_EXTRACT;XIRECS;5289.0;14
37000;BOT_TAKER;BOT_MAKER;VEV_6500;XIRECS;1.0;5
37300;BOT_TAKER;BOT_MAKER;VELVETFRUIT_EXTRACT;XIRECS;5288.0;6
37400;BOT_TAKER;BOT_MAKER;VEV_6500;XIRECS;1.0;5
37500;BOT_MAKER;BOT_TAKER;HYDROGEL_PACK;XIRECS;9881.0;5
37500;BOT_MAKER;BOT_TAKER;VELVETFRUIT_EXTRACT;XIRECS;5284.0;9
37500;BOT_MAKER;BOT_TAKER;VEV_6000;XIRECS;0.0;5
37600;BOT_MAKER;BOT_TAKER;VEV_4000;XIRECS;1271.0;1
37700;BOT_MAKER;BOT_TAKER;VEV_4000;XIRECS;1272.0;2
37700;BOT_TAKER;BOT_MAKER;VEV_5500;XIRECS;3.0;2
37700;BOT_TAKER;BOT_MAKER;VEV_6000;XIRECS;1.0;2
37700;BOT_MAKER;BOT_TAKER;VEV_6500;XIRECS;0.0;4
37800;BOT_MAKER;BOT_TAKER;HYDROGEL_PACK;XIRECS;9883.0;3
37900;BOT_MAKER;BOT_TAKER;VEV_5300;XIRECS;51.0;4
37900;BOT_MAKER;BOT_TAKER;VEV_6000;XIRECS;0.0;5
38100;BOT_MAKER;BOT_TAKER;HYDROGEL_PACK;XIRECS;9884.0;5
38100;BOT_TAKER;BOT_MAKER;VEV_5400;XIRECS;17.0;2
38100;BOT_TAKER;BOT_MAKER;VEV_5500;XIRECS;3.0;4
38200;BOT_MAKER;BOT_TAKER;HYDROGEL_PACK;XIRECS;9885.0;4
38300;BOT_MAKER;BOT_TAKER;VELVETFRUIT_EXTRACT;XIRECS;5288.0;8
38300;BOT_MAKER;BOT_TAKER;VEV_5400;XIRECS;16.0;4
38400;BOT_MAKER;BOT_TAKER;VEV_4000;XIRECS;1272.0;2
38500;BOT_TAKER;BOT_MAKER;HYDROGEL_PACK;XIRECS;9905.0;4
38500;BOT_MAKER;BOT_TAKER;VELVETFRUIT_EXTRACT;XIRECS;5289.0;9
38500;BOT_TAKER;BOT_MAKER;VEV_4000;XIRECS;1295.0;1
38600;BOT_MAKER;BOT_TAKER;HYDROGEL_PACK;XIRECS;9887.0;5
38700;BOT_MAKER;BOT_TAKER;VEV_5300;XIRECS;50.0;2
38800;BOT_MAKER;BOT_TAKER;VEV_4000;XIRECS;1276.0;1
39000;BOT_TAKER;BOT_MAKER;VELVETFRUIT_EXTRACT;XIRECS;5297.0;5
39000;BOT_MAKER;BOT_TAKER;VELVETFRUIT_EXTRACT;XIRECS;5291.0;4
39000;BOT_TAKER;BOT_MAKER;VEV_6500;XIRECS;1.0;3
39100;BOT_TAKER;BOT_MAKER;HYDROGEL_PACK;XIRECS;9903.0;2
39100;BOT_MAKER;BOT_TAKER;VELVETFRUIT_EXTRACT;XIRECS;5291.0;7
39200;BOT_TAKER;BOT_MAKER;VEV_4000;XIRECS;1298.0;1
39300;BOT_MAKER;BOT_TAKER;VELVETFRUIT_EXTRACT;XIRECS;5290.0;7
39500;BOT_TAKER;BOT_MAKER;HYDROGEL_PACK;XIRECS;9902.0;2
39500;BOT_TAKER;BOT_MAKER;VELVETFRUIT_EXTRACT;XIRECS;5297.0;13
39600;BOT_TAKER;BOT_MAKER;VELVETFRUIT_EXTRACT;XIRECS;5296.0;3
39700;BOT_TAKER;BOT_MAKER;VEV_4000;XIRECS;1300.0;2
39800;BOT_MAKER;BOT_TAKER;VELVETFRUIT_EXTRACT;XIRECS;5291.0;6
39800;BOT_MAKER;BOT_TAKER;VEV_5500;XIRECS;2.0;4
39900;BOT_MAKER;BOT_TAKER;HYDROGEL_PACK;XIRECS;9882.0;4
39900;BOT_TAKER;BOT_MAKER;VELVETFRUIT_EXTRACT;XIRECS;5296.0;5
40000;BOT_MAKER;BOT_TAKER;HYDROGEL_PACK;XIRECS;9880.0;4
40100;BOT_TAKER;BOT_MAKER;HYDROGEL_PACK;XIRECS;9897.0;3
40100;BOT_TAKER;BOT_MAKER;VELVETFRUIT_EXTRACT;XIRECS;5296.0;6
40100;BOT_TAKER;BOT_MAKER;VEV_4000;XIRECS;1300.0;2
40200;BOT_MAKER;BOT_TAKER;VELVETFRUIT_EXTRACT;XIRECS;5289.0;6
40400;BOT_TAKER;BOT_MAKER;VELVETFRUIT_EXTRACT;XIRECS;5295.0;4
40500;BOT_MAKER;BOT_TAKER;VEV_5300;XIRECS;50.0;5
40600;BOT_MAKER;BOT_TAKER;VEV_6500;XIRECS;0.0;5
40700;BOT_MAKER;BOT_TAKER;HYDROGEL_PACK;XIRECS;9873.0;4
40800;BOT_MAKER;BOT_TAKER;HYDROGEL_PACK;XIRECS;9876.0;4
40800;BOT_MAKER;BOT_TAKER;VEV_5500;XIRECS;2.0;4
40900;BOT_TAKER;BOT_MAKER;HYDROGEL_PACK;XIRECS;9892.0;2
41000;BOT_TAKER;BOT_MAKER;VEV_5400;XIRECS;15.0;2
41100;BOT_MAKER;BOT_TAKER;HYDROGEL_PACK;XIRECS;9877.0;2
41100;BOT_TAKER;BOT_MAKER;VEV_6500;XIRECS;1.0;2
41200;BOT_TAKER;BOT_MAKER;VELVETFRUIT_EXTRACT;XIRECS;5293.0;8
41400;BOT_MAKER;BOT_TAKER;HYDROGEL_PACK;XIRECS;9877.0;6
41400;BOT_MAKER;BOT_TAKER;VEV_4000;XIRECS;1275.0;1
41400;BOT_MAKER;BOT_TAKER;VEV_6000;XIRECS;0.0;5
41500;BOT_TAKER;BOT_MAKER;HYDROGEL_PACK;XIRECS;9895.0;2
41500;BOT_MAKER;BOT_TAKER;VELVETFRUIT_EXTRACT;XIRECS;5288.0;8
41500;BOT_TAKER;BOT_MAKER;VEV_5400;XIRECS;16.0;4
41600;BOT_MAKER;BOT_TAKER;VELVETFRUIT_EXTRACT;XIRECS;5290.0;5
41700;BOT_TAKER;BOT_MAKER;VEV_4000;XIRECS;1298.0;3
41800;BOT_TAKER;BOT_MAKER;VEV_4000;XIRECS;1300.0;2
42000;BOT_MAKER;BOT_TAKER;VEV_5500;XIRECS;2.0;4
42200;BOT_TAKER;BOT_MAKER;HYDROGEL_PACK;XIRECS;9904.0;6
42200;BOT_TAKER;BOT_MAKER;HYDROGEL_PACK;XIRECS;9904.0;4
42200;BOT_TAKER;BOT_MAKER;VEV_4000;XIRECS;1302.0;1
42400;BOT_MAKER;BOT_TAKER;HYDROGEL_PACK;XIRECS;9887.0;6
42400;BOT_MAKER;BOT_TAKER;VELVETFRUIT_EXTRACT;XIRECS;5289.0;7
42600;BOT_MAKER;BOT_TAKER;VEV_5300;XIRECS;52.0;3
42700;BOT_MAKER;BOT_TAKER;HYDROGEL_PACK;XIRECS;9886.0;4
42700;BOT_TAKER;BOT_MAKER;VEV_5400;XIRECS;17.0;5
42800;BOT_TAKER;BOT_MAKER;VEV_6000;XIRECS;1.0;5
42900;BOT_MAKER;BOT_TAKER;VEV_6500;XIRECS;0.0;5
43000;BOT_TAKER;BOT_MAKER;VELVETFRUIT_EXTRACT;XIRECS;5297.0;7
43200;BOT_TAKER;BOT_MAKER;VELVETFRUIT_EXTRACT;XIRECS;5295.0;8
43200;BOT_TAKER;BOT_MAKER;VEV_6000;XIRECS;1.0;5
43300;BOT_TAKER;BOT_MAKER;VELVETFRUIT_EXTRACT;XIRECS;5295.0;5
43300;BOT_TAKER;BOT_MAKER;VEV_5500;XIRECS;4.0;5
43400;BOT_TAKER;BOT_MAKER;HYDROGEL_PACK;XIRECS;9900.0;5
43400;BOT_TAKER;BOT_MAKER;VEV_5400;XIRECS;16.0;5
43400;BOT_TAKER;BOT_MAKER;VEV_6000;XIRECS;1.0;3
43500;BOT_MAKER;BOT_TAKER;VEV_5500;XIRECS;3.0;4
43900;BOT_MAKER;BOT_TAKER;VEV_5500;XIRECS;3.0;2
44000;BOT_TAKER;BOT_MAKER;VELVETFRUIT_EXTRACT;XIRECS;5294.0;3
44100;BOT_MAKER;BOT_TAKER;VEV_4000;XIRECS;1285.0;2
44200;BOT_MAKER;BOT_TAKER;HYDROGEL_PACK;XIRECS;9879.0;2
44300;BOT_TAKER;BOT_MAKER;HYDROGEL_PACK;XIRECS;9893.0;5
44500;BOT_TAKER;BOT_MAKER;HYDROGEL_PACK;XIRECS;9895.0;2
44500;BOT_MAKER;BOT_TAKER;VELVETFRUIT_EXTRACT;XIRECS;5291.0;14
44700;BOT_MAKER;BOT_TAKER;HYDROGEL_PACK;XIRECS;9876.0;2
44900;BOT_TAKER;BOT_MAKER;HYDROGEL_PACK;XIRECS;9888.0;5
44900;BOT_TAKER;BOT_MAKER;VEV_5300;XIRECS;55.0;3
44900;BOT_MAKER;BOT_TAKER;VEV_6000;XIRECS;0.0;4
45000;BOT_MAKER;BOT_TAKER;HYDROGEL_PACK;XIRECS;9874.0;6
45000;BOT_TAKER;BOT_MAKER;VEV_4000;XIRECS;1307.0;2
45100;BOT_MAKER;BOT_TAKER;VELVETFRUIT_EXTRACT;XIRECS;5291.0;8
45100;BOT_TAKER;BOT_MAKER;VEV_4000;XIRECS;1306.0;2
45200;BOT_MAKER;BOT_TAKER;VELVETFRUIT_EXTRACT;XIRECS;5293.0;4
45200;BOT_MAKER;BOT_TAKER;VELVETFRUIT_EXTRACT;XIRECS;5293.0;5
45200;BOT_TAKER;BOT_MAKER;VEV_4000;XIRECS;1306.0;2
45300;BOT_TAKER;BOT_MAKER;HYDROGEL_PACK;XIRECS;9892.0;5
45300;BOT_TAKER;BOT_MAKER;VELVETFRUIT_EXTRACT;XIRECS;5299.0;8
45300;BOT_TAKER;BOT_MAKER;VEV_4000;XIRECS;1308.0;2
45300;BOT_MAKER;BOT_TAKER;VEV_5400;XIRECS;14.0;3
45400;BOT_MAKER;BOT_TAKER;VEV_5500;XIRECS;2.0;4
45600;BOT_MAKER;BOT_TAKER;HYDROGEL_PACK;XIRECS;9873.0;5
45600;BOT_MAKER;BOT_TAKER;VELVETFRUIT_EXTRACT;XIRECS;5294.0;3
45700;BOT_MAKER;BOT_TAKER;HYDROGEL_PACK;XIRECS;9872.0;2
45700;BOT_MAKER;BOT_TAKER;VEV_4000;XIRECS;1288.0;1
45700;BOT_TAKER;BOT_MAKER;VEV_5500;XIRECS;4.0;4
45800;BOT_MAKER;BOT_TAKER;VEV_4000;XIRECS;1287.0;2
46100;BOT_MAKER;BOT_TAKER;VEV_5500;XIRECS;2.0;5
46200;BOT_TAKER;BOT_MAKER;VEV_5400;XIRECS;15.0;4
46300;BOT_MAKER;BOT_TAKER;VELVETFRUIT_EXTRACT;XIRECS;5298.0;8
46300;BOT_MAKER;BOT_TAKER;VEV_4000;XIRECS;1288.0;1
46400;BOT_TAKER;BOT_MAKER;HYDROGEL_PACK;XIRECS;9879.0;4
46400;BOT_TAKER;BOT_MAKER;VELVETFRUIT_EXTRACT;XIRECS;5303.0;8
46400;BOT_MAKER;BOT_TAKER;VEV_4000;XIRECS;1287.0;1
46500;BOT_TAKER;BOT_MAKER;HYDROGEL_PACK;XIRECS;9880.0;6
46600;BOT_MAKER;BOT_TAKER;VELVETFRUIT_EXTRACT;XIRECS;5298.0;3
46700;BOT_MAKER;BOT_TAKER;HYDROGEL_PACK;XIRECS;9862.0;5
46800;BOT_MAKER;BOT_TAKER;HYDROGEL_PACK;XIRECS;9863.0;2
46800;BOT_MAKER;BOT_TAKER;VEV_6000;XIRECS;0.0;4
46900;BOT_MAKER;BOT_TAKER;VELVETFRUIT_EXTRACT;XIRECS;5298.0;3
47100;BOT_MAKER;BOT_TAKER;HYDROGEL_PACK;XIRECS;9864.0;5
47100;BOT_MAKER;BOT_TAKER;VELVETFRUIT_EXTRACT;XIRECS;5300.0;5
47100;BOT_MAKER;BOT_TAKER;VEV_4000;XIRECS;1285.0;3
47200;BOT_MAKER;BOT_TAKER;HYDROGEL_PACK;XIRECS;9864.0;5
47200;BOT_MAKER;BOT_TAKER;VELVETFRUIT_EXTRACT;XIRECS;5300.0;10
47200;BOT_MAKER;BOT_TAKER;VEV_6000;XIRECS;0.0;3
47200;BOT_MAKER;BOT_TAKER;VEV_6500;XIRECS;0.0;2
47300;BOT_TAKER;BOT_MAKER;VELVETFRUIT_EXTRACT;XIRECS;5307.0;7
47500;BOT_MAKER;BOT_TAKER;VELVETFRUIT_EXTRACT;XIRECS;5305.0;3
47600;BOT_MAKER;BOT_TAKER;VELVETFRUIT_EXTRACT;XIRECS;5303.0;3
47800;BOT_MAKER;BOT_TAKER;HYDROGEL_PACK;XIRECS;9858.0;6
47800;BOT_TAKER;BOT_MAKER;VEV_6000;XIRECS;1.0;3
47800;BOT_MAKER;BOT_TAKER;VEV_6500;XIRECS;0.0;2
47900;BOT_TAKER;BOT_MAKER;VEV_5500;XIRECS;3.0;5
48200;BOT_MAKER;BOT_TAKER;VELVETFRUIT_EXTRACT;XIRECS;5303.0;5
48200;BOT_MAKER;BOT_TAKER;VELVETFRUIT_EXTRACT;XIRECS;5303.0;8
48200;BOT_TAKER;BOT_MAKER;VEV_5500;XIRECS;3.0;2
48400;BOT_MAKER;BOT_TAKER;VEV_5300;XIRECS;56.0;3
48500;BOT_TAKER;BOT_MAKER;VELVETFRUIT_EXTRACT;XIRECS;5307.0;7
48500;BOT_MAKER;BOT_TAKER;VEV_4000;XIRECS;1287.0;2
48500;BOT_TAKER;BOT_MAKER;VEV_5400;XIRECS;15.0;4
48500;BOT_MAKER;BOT_TAKER;VEV_6000;XIRECS;0.0;4
48600;BOT_MAKER;BOT_TAKER;HYDROGEL_PACK;XIRECS;9860.0;5
48600;BOT_MAKER;BOT_TAKER;VEV_6500;XIRECS;0.0;3
48700;BOT_MAKER;BOT_TAKER;HYDROGEL_PACK;XIRECS;9859.0;6
48700;BOT_MAKER;BOT_TAKER;VEV_5500;XIRECS;2.0;4
48800;BOT_MAKER;BOT_TAKER;VELVETFRUIT_EXTRACT;XIRECS;5302.0;7
48900;BOT_TAKER;BOT_MAKER;VELVETFRUIT_EXTRACT;XIRECS;5306.0;3
48900;BOT_TAKER;BOT_MAKER;VEV_6500;XIRECS;1.0;3
49000;BOT_TAKER;BOT_MAKER;HYDROGEL_PACK;XIRECS;9877.0;2
49000;BOT_TAKER;BOT_MAKER;VEV_5400;XIRECS;16.0;3
49100;BOT_MAKER;BOT_TAKER;HYDROGEL_PACK;XIRECS;9859.0;6
49100;BOT_MAKER;BOT_TAKER;VELVETFRUIT_EXTRACT;XIRECS;5302.0;6
49200;BOT_MAKER;BOT_TAKER;VELVETFRUIT_EXTRACT;XIRECS;5301.0;7
49300;BOT_TAKER;BOT_MAKER;VELVETFRUIT_EXTRACT;XIRECS;5306.0;3
49300;BOT_MAKER;BOT_TAKER;VEV_4000;XIRECS;1290.0;2
49500;BOT_MAKER;BOT_TAKER;VELVETFRUIT_EXTRACT;XIRECS;5301.0;5
49600;BOT_MAKER;BOT_TAKER;HYDROGEL_PACK;XIRECS;9849.0;5
49600;BOT_TAKER;BOT_MAKER;VEV_6000;XIRECS;1.0;3
49700;BOT_MAKER;BOT_TAKER;HYDROGEL_PACK;XIRECS;9847.0;6
49800;BOT_TAKER;BOT_MAKER;VEV_5400;XIRECS;17.0;2
49900;BOT_MAKER;BOT_TAKER;VELVETFRUIT_EXTRACT;XIRECS;5298.0;11
50000;BOT_MAKER;BOT_TAKER;VELVETFRUIT_EXTRACT;XIRECS;5297.0;4
50100;BOT_MAKER;BOT_TAKER;VELVETFRUIT_EXTRACT;XIRECS;5297.0;5
50100;BOT_TAKER;BOT_MAKER;VEV_5500;XIRECS;4.0;2
50200;BOT_MAKER;BOT_TAKER;VELVETFRUIT_EXTRACT;XIRECS;5298.0;6
50200;BOT_TAKER;BOT_MAKER;VEV_4000;XIRECS;1312.0;1
50300;BOT_TAKER;BOT_MAKER;VELVETFRUIT_EXTRACT;XIRECS;5303.0;4
50300;BOT_MAKER;BOT_TAKER;VEV_5500;XIRECS;3.0;2
50400;BOT_MAKER;BOT_TAKER;HYDROGEL_PACK;XIRECS;9851.0;4
50400;BOT_TAKER;BOT_MAKER;VEV_5400;XIRECS;17.0;5
50900;BOT_TAKER;BOT_MAKER;HYDROGEL_PACK;XIRECS;9872.0;2
51000;BOT_TAKER;BOT_MAKER;HYDROGEL_PACK;XIRECS;9873.0;5
51100;BOT_MAKER;BOT_TAKER;HYDROGEL_PACK;XIRECS;9853.0;5
51200;BOT_TAKER;BOT_MAKER;VELVETFRUIT_EXTRACT;XIRECS;5304.0;7
51200;BOT_MAKER;BOT_TAKER;VEV_4000;XIRECS;1287.0;1
51200;BOT_TAKER;BOT_MAKER;VEV_5500;XIRECS;4.0;3
51300;BOT_MAKER;BOT_TAKER;VELVETFRUIT_EXTRACT;XIRECS;5299.0;3
51400;BOT_TAKER;BOT_MAKER;HYDROGEL_PACK;XIRECS;9878.0;4
51400;BOT_TAKER;BOT_MAKER;VEV_4000;XIRECS;1306.0;1
51400;BOT_TAKER;BOT_MAKER;VEV_5500;XIRECS;4.0;5
51500;BOT_MAKER;BOT_TAKER;VELVETFRUIT_EXTRACT;XIRECS;5299.0;4
51600;BOT_MAKER;BOT_TAKER;HYDROGEL_PACK;XIRECS;9861.0;2
51600;BOT_MAKER;BOT_TAKER;VELVETFRUIT_EXTRACT;XIRECS;5299.0;5
51600;BOT_MAKER;BOT_TAKER;VEV_4000;XIRECS;1286.0;1
51700;BOT_TAKER;BOT_MAKER;VELVETFRUIT_EXTRACT;XIRECS;5302.0;8
51700;BOT_MAKER;BOT_TAKER;VELVETFRUIT_EXTRACT;XIRECS;5297.0;5
51700;BOT_MAKER;BOT_TAKER;VEV_5500;XIRECS;3.0;3
51800;BOT_MAKER;BOT_TAKER;HYDROGEL_PACK;XIRECS;9861.0;5
51900;BOT_TAKER;BOT_MAKER;HYDROGEL_PACK;XIRECS;9881.0;2
52000;BOT_TAKER;BOT_MAKER;VEV_5500;XIRECS;4.0;4
52100;BOT_TAKER;BOT_MAKER;VELVETFRUIT_EXTRACT;XIRECS;5304.0;6
52200;BOT_TAKER;BOT_MAKER;VEV_6000;XIRECS;1.0;2
52200;BOT_TAKER;BOT_MAKER;VEV_6500;XIRECS;1.0;2
52300;BOT_MAKER;BOT_TAKER;VELVETFRUIT_EXTRACT;XIRECS;5298.0;3
52400;BOT_TAKER;BOT_MAKER;VELVETFRUIT_EXTRACT;XIRECS;5302.0;4
52500;BOT_TAKER;BOT_MAKER;HYDROGEL_PACK;XIRECS;9880.0;3
52500;BOT_TAKER;BOT_MAKER;VELVETFRUIT_EXTRACT;XIRECS;5303.0;3
52500;BOT_TAKER;BOT_MAKER;VEV_5400;XIRECS;17.0;5
52600;BOT_MAKER;BOT_TAKER;VEV_5500;XIRECS;3.0;2
52700;BOT_TAKER;BOT_MAKER;HYDROGEL_PACK;XIRECS;9877.0;2
52800;BOT_TAKER;BOT_MAKER;VELVETFRUIT_EXTRACT;XIRECS;5302.0;4
52800;BOT_TAKER;BOT_MAKER;VELVETFRUIT_EXTRACT;XIRECS;5302.0;8
52900;BOT_MAKER;BOT_TAKER;HYDROGEL_PACK;XIRECS;9863.0;2
53100;BOT_TAKER;BOT_MAKER;VEV_5300;XIRECS;63.0;4
53200;BOT_MAKER;BOT_TAKER;HYDROGEL_PACK;XIRECS;9863.0;2
53200;BOT_MAKER;BOT_TAKER;VELVETFRUIT_EXTRACT;XIRECS;5297.0;8
53300;BOT_TAKER;BOT_MAKER;VELVETFRUIT_EXTRACT;XIRECS;5302.0;3
53400;BOT_MAKER;BOT_TAKER;HYDROGEL_PACK;XIRECS;9857.0;2
53600;BOT_MAKER;BOT_TAKER;VELVETFRUIT_EXTRACT;XIRECS;5296.0;5
53600;BOT_MAKER;BOT_TAKER;VEV_4000;XIRECS;1285.0;3
53700;BOT_MAKER;BOT_TAKER;VEV_4000;XIRECS;1285.0;3
53800;BOT_MAKER;BOT_TAKER;HYDROGEL_PACK;XIRECS;9855.0;2
53800;BOT_TAKER;BOT_MAKER;VEV_5500;XIRECS;4.0;4
54000;BOT_TAKER;BOT_MAKER;VELVETFRUIT_EXTRACT;XIRECS;5302.0;5
54000;BOT_MAKER;BOT_TAKER;VEV_5500;XIRECS;3.0;2
54100;BOT_TAKER;BOT_MAKER;VEV_5300;XIRECS;62.0;2
54200;BOT_MAKER;BOT_TAKER;VEV_6500;XIRECS;0.0;2
54300;BOT_MAKER;BOT_TAKER;VELVETFRUIT_EXTRACT;XIRECS;5293.0;4
54300;BOT_MAKER;BOT_TAKER;VEV_6000;XIRECS;0.0;4
54400;BOT_TAKER;BOT_MAKER;VELVETFRUIT_EXTRACT;XIRECS;5298.0;5
54400;BOT_MAKER;BOT_TAKER;VEV_5300;XIRECS;60.0;3
54500;BOT_MAKER;BOT_TAKER;VEV_4000;XIRECS;1286.0;1
54600;BOT_TAKER;BOT_MAKER;VEV_5300;XIRECS;62.0;3
54700;BOT_TAKER;BOT_MAKER;HYDROGEL_PACK;XIRECS;9865.0;5
54700;BOT_MAKER;BOT_TAKER;VEV_4000;XIRECS;1285.0;2
54900;BOT_MAKER;BOT_TAKER;HYDROGEL_PACK;XIRECS;9848.0;3
54900;BOT_MAKER;BOT_TAKER;VEV_6500;XIRECS;0.0;5
55000;BOT_MAKER;BOT_TAKER;HYDROGEL_PACK;XIRECS;9846.0;6
55000;BOT_MAKER;BOT_TAKER;VEV_6000;XIRECS;0.0;4
55100;BOT_TAKER;BOT_MAKER;HYDROGEL_PACK;XIRECS;9862.0;6
55200;BOT_MAKER;BOT_TAKER;VEV_5400;XIRECS;14.0;3
55300;BOT_TAKER;BOT_MAKER;VEV_6000;XIRECS;1.0;4
55400;BOT_MAKER;BOT_TAKER;VELVETFRUIT_EXTRACT;XIRECS;5293.0;7
55400;BOT_TAKER;BOT_MAKER;VEV_6500;XIRECS;1.0;4
55600;BOT_MAKER;BOT_TAKER;HYDROGEL_PACK;XIRECS;9846.0;5
55700;BOT_MAKER;BOT_TAKER;VELVETFRUIT_EXTRACT;XIRECS;5293.0;3
55800;BOT_TAKER;BOT_MAKER;HYDROGEL_PACK;XIRECS;9864.0;6
55800;BOT_MAKER;BOT_TAKER;VELVETFRUIT_EXTRACT;XIRECS;5294.0;5
55900;BOT_TAKER;BOT_MAKER;HYDROGEL_PACK;XIRECS;9862.0;2
56000;BOT_MAKER;BOT_TAKER;VEV_4000;XIRECS;1281.0;1
56000;BOT_MAKER;BOT_TAKER;VEV_5500;XIRECS;2.0;5
56100;BOT_MAKER;BOT_TAKER;VEV_4000;XIRECS;1282.0;2
56200;BOT_MAKER;BOT_TAKER;VEV_6000;XIRECS;0.0;2
56200;BOT_TAKER;BOT_MAKER;VEV_6500;XIRECS;1.0;3
56300;BOT_TAKER;BOT_MAKER;VELVETFRUIT_EXTRACT;XIRECS;5298.0;5
56300;BOT_TAKER;BOT_MAKER;VEV_6000;XIRECS;1.0;5
56400;BOT_MAKER;BOT_TAKER;VELVETFRUIT_EXTRACT;XIRECS;5292.0;7
56400;BOT_MAKER;BOT_TAKER;VEV_5500;XIRECS;2.0;5
56500;BOT_MAKER;BOT_TAKER;VEV_6000;XIRECS;0.0;4
56600;BOT_MAKER;BOT_TAKER;VEV_5500;XIRECS;2.0;5
56700;BOT_MAKER;BOT_TAKER;HYDROGEL_PACK;XIRECS;9838.0;5
56700;BOT_TAKER;BOT_MAKER;VEV_6000;XIRECS;1.0;3
56800;BOT_MAKER;BOT_TAKER;VELVETFRUIT_EXTRACT;XIRECS;5293.0;5
56800;BOT_TAKER;BOT_MAKER;VEV_4000;XIRECS;1302.0;2
56800;BOT_MAKER;BOT_TAKER;VEV_6000;XIRECS;0.0;4
57100;BOT_TAKER;BOT_MAKER;VEV_5400;XIRECS;16.0;4
57200;BOT_MAKER;BOT_TAKER;VELVETFRUIT_EXTRACT;XIRECS;5287.0;5
57300;BOT_TAKER;BOT_MAKER;HYDROGEL_PACK;XIRECS;9855.0;2
57400;BOT_TAKER;BOT_MAKER;HYDROGEL_PACK;XIRECS;9851.0;5
57400;BOT_MAKER;BOT_TAKER;VELVETFRUIT_EXTRACT;XIRECS;5286.0;5
57400;BOT_MAKER;BOT_TAKER;VEV_6000;XIRECS;0.0;5
57400;BOT_MAKER;BOT_TAKER;VEV_6500;XIRECS;0.0;4
57500;BOT_MAKER;BOT_TAKER;VELVETFRUIT_EXTRACT;XIRECS;5287.0;5
57600;BOT_TAKER;BOT_MAKER;VELVETFRUIT_EXTRACT;XIRECS;5292.0;6
58300;BOT_TAKER;BOT_MAKER;HYDROGEL_PACK;XIRECS;9853.0;2
58400;BOT_MAKER;BOT_TAKER;VEV_5400;XIRECS;15.0;2
58500;BOT_MAKER;BOT_TAKER;HYDROGEL_PACK;XIRECS;9833.0;6
58600;BOT_MAKER;BOT_TAKER;HYDROGEL_PACK;XIRECS;9837.0;5
58600;BOT_MAKER;BOT_TAKER;VELVETFRUIT_EXTRACT;XIRECS;5292.0;6
58600;BOT_TAKER;BOT_MAKER;VEV_5500;XIRECS;4.0;4
58700;BOT_TAKER;BOT_MAKER;VELVETFRUIT_EXTRACT;XIRECS;5296.0;4
58700;BOT_TAKER;BOT_MAKER;VEV_4000;XIRECS;1302.0;1
58800;BOT_MAKER;BOT_TAKER;HYDROGEL_PACK;XIRECS;9837.0;3
58800;BOT_MAKER;BOT_TAKER;VELVETFRUIT_EXTRACT;XIRECS;5290.0;5
58900;BOT_MAKER;BOT_TAKER;HYDROGEL_PACK;XIRECS;9839.0;3
59000;BOT_TAKER;BOT_MAKER;HYDROGEL_PACK;XIRECS;9856.0;4
59000;BOT_TAKER;BOT_MAKER;VEV_6000;XIRECS;1.0;2
59100;BOT_MAKER;BOT_TAKER;HYDROGEL_PACK;XIRECS;9841.0;4
59100;BOT_TAKER;BOT_MAKER;VELVETFRUIT_EXTRACT;XIRECS;5295.0;8
59200;BOT_MAKER;BOT_TAKER;VEV_6000;XIRECS;0.0;3
59300;BOT_TAKER;BOT_MAKER;HYDROGEL_PACK;XIRECS;9857.0;2
59400;BOT_TAKER;BOT_MAKER;HYDROGEL_PACK;XIRECS;9854.0;4
59400;BOT_TAKER;BOT_MAKER;VEV_4000;XIRECS;1302.0;1
59400;BOT_MAKER;BOT_TAKER;VEV_5300;XIRECS;61.0;2
59500;BOT_MAKER;BOT_TAKER;VELVETFRUIT_EXTRACT;XIRECS;5290.0;5
59800;BOT_MAKER;BOT_TAKER;VEV_6000;XIRECS;0.0;3
59800;BOT_TAKER;BOT_MAKER;VEV_6500;XIRECS;1.0;2
59900;BOT_MAKER;BOT_TAKER;VELVETFRUIT_EXTRACT;XIRECS;5288.0;7
59900;BOT_MAKER;BOT_TAKER;VEV_5500;XIRECS;2.0;2
60100;BOT_TAKER;BOT_MAKER;HYDROGEL_PACK;XIRECS;9845.0;5
60100;BOT_TAKER;BOT_MAKER;VELVETFRUIT_EXTRACT;XIRECS;5293.0;6
60200;BOT_MAKER;BOT_TAKER;VEV_4000;XIRECS;1281.0;3
60300;BOT_TAKER;BOT_MAKER;HYDROGEL_PACK;XIRECS;9853.0;4
60300;BOT_TAKER;BOT_MAKER;VELVETFRUIT_EXTRACT;XIRECS;5292.0;5
60400;BOT_MAKER;BOT_TAKER;HYDROGEL_PACK;XIRECS;9841.0;4
60400;BOT_MAKER;BOT_TAKER;VEV_5300;XIRECS;59.0;2
60500;BOT_MAKER;BOT_TAKER;HYDROGEL_PACK;XIRECS;9841.0;2
60700;BOT_TAKER;BOT_MAKER;HYDROGEL_PACK;XIRECS;9860.0;5
60700;BOT_MAKER;BOT_TAKER;VELVETFRUIT_EXTRACT;XIRECS;5289.0;7
60900;BOT_MAKER;BOT_TAKER;HYDROGEL_PACK;XIRECS;9844.0;4
60900;BOT_MAKER;BOT_TAKER;VELVETFRUIT_EXTRACT;XIRECS;5289.0;3
61000;BOT_TAKER;BOT_MAKER;VEV_4000;XIRECS;1304.0;2
61100;BOT_MAKER;BOT_TAKER;HYDROGEL_PACK;XIRECS;9845.0;6
61100;BOT_MAKER;BOT_TAKER;VEV_4000;XIRECS;1282.0;3
61100;BOT_TAKER;BOT_MAKER;VEV_5500;XIRECS;3.0;5
61200;BOT_MAKER;BOT_TAKER;VELVETFRUIT_EXTRACT;XIRECS;5288.0;6
61300;BOT_TAKER;BOT_MAKER;HYDROGEL_PACK;XIRECS;9859.0;3
61500;BOT_MAKER;BOT_TAKER;VEV_5300;XIRECS;59.0;2
61500;BOT_MAKER;BOT_TAKER;VEV_5400;XIRECS;17.0;3
61600;BOT_TAKER;BOT_MAKER;VELVETFRUIT_EXTRACT;XIRECS;5291.0;8
61700;BOT_TAKER;BOT_MAKER;HYDROGEL_PACK;XIRECS;9861.0;6
62000;BOT_TAKER;BOT_MAKER;VELVETFRUIT_EXTRACT;XIRECS;5289.0;8
62200;BOT_MAKER;BOT_TAKER;VELVETFRUIT_EXTRACT;XIRECS;5282.0;7
62300;BOT_MAKER;BOT_TAKER;HYDROGEL_PACK;XIRECS;9838.0;5
62300;BOT_MAKER;BOT_TAKER;VELVETFRUIT_EXTRACT;XIRECS;5282.0;7
62300;BOT_MAKER;BOT_TAKER;VEV_5400;XIRECS;17.0;2
62500;BOT_MAKER;BOT_TAKER;HYDROGEL_PACK;XIRECS;9834.0;3
62500;BOT_TAKER;BOT_MAKER;HYDROGEL_PACK;XIRECS;9850.0;4
62500;BOT_MAKER;BOT_TAKER;VELVETFRUIT_EXTRACT;XIRECS;5280.0;3
62500;BOT_TAKER;BOT_MAKER;VEV_6000;XIRECS;1.0;3
62700;BOT_MAKER;BOT_TAKER;VELVETFRUIT_EXTRACT;XIRECS;5278.0;7
63000;BOT_TAKER;BOT_MAKER;HYDROGEL_PACK;XIRECS;9858.0;4
63000;BOT_TAKER;BOT_MAKER;VEV_4000;XIRECS;1308.0;1
63100;BOT_MAKER;BOT_TAKER;HYDROGEL_PACK;XIRECS;9841.0;4
63100;BOT_TAKER;BOT_MAKER;VEV_6000;XIRECS;1.0;5
63400;BOT_MAKER;BOT_TAKER;HYDROGEL_PACK;XIRECS;9847.0;2
63400;BOT_TAKER;BOT_MAKER;VELVETFRUIT_EXTRACT;XIRECS;5277.0;3
63500;BOT_MAKER;BOT_TAKER;VELVETFRUIT_EXTRACT;XIRECS;5272.0;3
63500;BOT_MAKER;BOT_TAKER;VEV_6000;XIRECS;0.0;4
63600;BOT_MAKER;BOT_TAKER;VELVETFRUIT_EXTRACT;XIRECS;5271.0;4
63700;BOT_TAKER;BOT_MAKER;HYDROGEL_PACK;XIRECS;9863.0;3
63700;BOT_MAKER;BOT_TAKER;VELVETFRUIT_EXTRACT;XIRECS;5271.0;9
63800;BOT_TAKER;BOT_MAKER;VELVETFRUIT_EXTRACT;XIRECS;5278.0;3
64100;BOT_TAKER;BOT_MAKER;HYDROGEL_PACK;XIRECS;9860.0;2
64100;BOT_MAKER;BOT_TAKER;VEV_6500;XIRECS;0.0;3
64200;BOT_TAKER;BOT_MAKER;HYDROGEL_PACK;XIRECS;9860.0;6
64200;BOT_TAKER;BOT_MAKER;VEV_6000;XIRECS;1.0;5
64300;BOT_TAKER;BOT_MAKER;VEV_4000;XIRECS;1309.0;2
64400;BOT_TAKER;BOT_MAKER;VEV_5500;XIRECS;3.0;2
64600;BOT_MAKER;BOT_TAKER;HYDROGEL_PACK;XIRECS;9840.0;5
64600;BOT_MAKER;BOT_TAKER;VEV_5500;XIRECS;2.0;4
64700;BOT_MAKER;BOT_TAKER;HYDROGEL_PACK;XIRECS;9841.0;2
64700;BOT_TAKER;BOT_MAKER;VEV_6500;XIRECS;1.0;2
64700;BOT_TAKER;BOT_MAKER;VEV_6500;XIRECS;1.0;5
64800;BOT_MAKER;BOT_TAKER;VELVETFRUIT_EXTRACT;XIRECS;5272.0;10
64800;BOT_TAKER;BOT_MAKER;VELVETFRUIT_EXTRACT;XIRECS;5277.0;4
64800;BOT_TAKER;BOT_MAKER;VEV_5300;XIRECS;60.0;3
64900;BOT_MAKER;BOT_TAKER;VEV_6500;XIRECS;0.0;2
65000;BOT_MAKER;BOT_TAKER;HYDROGEL_PACK;XIRECS;9838.0;6
65100;BOT_TAKER;BOT_MAKER;VELVETFRUIT_EXTRACT;XIRECS;5277.0;5
65100;BOT_MAKER;BOT_TAKER;VELVETFRUIT_EXTRACT;XIRECS;5271.0;4
65200;BOT_MAKER;BOT_TAKER;HYDROGEL_PACK;XIRECS;9835.0;5
65200;BOT_MAKER;BOT_TAKER;VELVETFRUIT_EXTRACT;XIRECS;5273.0;5
65200;BOT_TAKER;BOT_MAKER;VELVETFRUIT_EXTRACT;XIRECS;5279.0;4
65300;BOT_MAKER;BOT_TAKER;VELVETFRUIT_EXTRACT;XIRECS;5272.0;5
65400;BOT_MAKER;BOT_TAKER;VEV_6000;XIRECS;0.0;2
65500;BOT_MAKER;BOT_TAKER;HYDROGEL_PACK;XIRECS;9831.0;3
65500;BOT_TAKER;BOT_MAKER;VELVETFRUIT_EXTRACT;XIRECS;5278.0;4
65600;BOT_MAKER;BOT_TAKER;HYDROGEL_PACK;XIRECS;9831.0;3
65700;BOT_MAKER;BOT_TAKER;HYDROGEL_PACK;XIRECS;9835.0;3
65800;BOT_MAKER;BOT_TAKER;VELVETFRUIT_EXTRACT;XIRECS;5273.0;6
65800;BOT_TAKER;BOT_MAKER;VEV_5300;XIRECS;60.0;4
65800;BOT_TAKER;BOT_MAKER;VEV_5400;XIRECS;16.0;3
65800;BOT_MAKER;BOT_TAKER;VEV_6000;XIRECS;0.0;3
66000;BOT_TAKER;BOT_MAKER;HYDROGEL_PACK;XIRECS;9852.0;6
66000;BOT_MAKER;BOT_TAKER;VELVETFRUIT_EXTRACT;XIRECS;5274.0;8
66100;BOT_TAKER;BOT_MAKER;HYDROGEL_PACK;XIRECS;9852.0;2
66300;BOT_TAKER;BOT_MAKER;HYDROGEL_PACK;XIRECS;9855.0;5
66300;BOT_MAKER;BOT_TAKER;VELVETFRUIT_EXTRACT;XIRECS;5272.0;3
66300;BOT_TAKER;BOT_MAKER;VEV_4000;XIRECS;1311.0;1
66300;BOT_TAKER;BOT_MAKER;VEV_6500;XIRECS;1.0;4
66400;BOT_TAKER;BOT_MAKER;VEV_6500;XIRECS;1.0;5
66600;BOT_TAKER;BOT_MAKER;VELVETFRUIT_EXTRACT;XIRECS;5275.0;7
66600;BOT_MAKER;BOT_TAKER;VEV_5500;XIRECS;2.0;5
66700;BOT_MAKER;BOT_TAKER;HYDROGEL_PACK;XIRECS;9843.0;6
66800;BOT_TAKER;BOT_MAKER;HYDROGEL_PACK;XIRECS;9860.0;4
66900;BOT_MAKER;BOT_TAKER;VEV_4000;XIRECS;1290.0;3
67000;BOT_MAKER;BOT_TAKER;VELVETFRUIT_EXTRACT;XIRECS;5271.0;5
67100;BOT_TAKER;BOT_MAKER;HYDROGEL_PACK;XIRECS;9859.0;6
67100;BOT_MAKER;BOT_TAKER;VELVETFRUIT_EXTRACT;XIRECS;5269.0;8
67100;BOT_MAKER;BOT_TAKER;VEV_5200;XIRECS;104.0;2
67200;BOT_MAKER;BOT_TAKER;VELVETFRUIT_EXTRACT;XIRECS;5270.0;4
67200;BOT_MAKER;BOT_TAKER;VELVETFRUIT_EXTRACT;XIRECS;5270.0;4
67300;BOT_TAKER;BOT_MAKER;HYDROGEL_PACK;XIRECS;9861.0;6
67400;BOT_TAKER;BOT_MAKER;HYDROGEL_PACK;XIRECS;9859.0;5
67500;BOT_TAKER;BOT_MAKER;VEV_6000;XIRECS;1.0;5
67700;BOT_TAKER;BOT_MAKER;HYDROGEL_PACK;XIRECS;9857.0;4
67700;BOT_TAKER;BOT_MAKER;VELVETFRUIT_EXTRACT;XIRECS;5273.0;7
67800;BOT_TAKER;BOT_MAKER;HYDROGEL_PACK;XIRECS;9861.0;5
67900;BOT_MAKER;BOT_TAKER;VELVETFRUIT_EXTRACT;XIRECS;5266.0;3
68200;BOT_MAKER;BOT_TAKER;VELVETFRUIT_EXTRACT;XIRECS;5267.0;7
68200;BOT_TAKER;BOT_MAKER;VEV_4000;XIRECS;1310.0;2
68200;BOT_TAKER;BOT_MAKER;VEV_5300;XIRECS;60.0;5
68300;BOT_TAKER;BOT_MAKER;VELVETFRUIT_EXTRACT;XIRECS;5272.0;6
68400;BOT_MAKER;BOT_TAKER;VELVETFRUIT_EXTRACT;XIRECS;5267.0;12
68400;BOT_MAKER;BOT_TAKER;VEV_6500;XIRECS;0.0;3
68500;BOT_TAKER;BOT_MAKER;VELVETFRUIT_EXTRACT;XIRECS;5271.0;3
68500;BOT_TAKER;BOT_MAKER;VELVETFRUIT_EXTRACT;XIRECS;5271.0;3
68600;BOT_MAKER;BOT_TAKER;HYDROGEL_PACK;XIRECS;9842.0;3
68600;BOT_MAKER;BOT_TAKER;VELVETFRUIT_EXTRACT;XIRECS;5267.0;4
68700;BOT_TAKER;BOT_MAKER;HYDROGEL_PACK;XIRECS;9857.0;4
68800;BOT_TAKER;BOT_MAKER;VEV_4000;XIRECS;1308.0;2
68900;BOT_TAKER;BOT_MAKER;VEV_5500;XIRECS;3.0;5
69000;BOT_MAKER;BOT_TAKER;HYDROGEL_PACK;XIRECS;9834.0;4
69000;BOT_TAKER;BOT_MAKER;VEV_4000;XIRECS;1310.0;2
69100;BOT_MAKER;BOT_TAKER;VEV_4000;XIRECS;1289.0;3
69200;BOT_TAKER;BOT_MAKER;HYDROGEL_PACK;XIRECS;9849.0;4
69200;BOT_MAKER;BOT_TAKER;VEV_5500;XIRECS;2.0;4
69300;BOT_MAKER;BOT_TAKER;HYDROGEL_PACK;XIRECS;9835.0;3
69500;BOT_MAKER;BOT_TAKER;HYDROGEL_PACK;XIRECS;9837.0;2
69500;BOT_TAKER;BOT_MAKER;VELVETFRUIT_EXTRACT;XIRECS;5272.0;5
69600;BOT_TAKER;BOT_MAKER;HYDROGEL_PACK;XIRECS;9851.0;5
69600;BOT_MAKER;BOT_TAKER;VEV_6000;XIRECS;0.0;5
69700;BOT_MAKER;BOT_TAKER;VEV_6500;XIRECS;0.0;5
69900;BOT_MAKER;BOT_TAKER;HYDROGEL_PACK;XIRECS;9830.0;4
70000;BOT_MAKER;BOT_TAKER;HYDROGEL_PACK;XIRECS;9827.0;5
70200;BOT_TAKER;BOT_MAKER;HYDROGEL_PACK;XIRECS;9847.0;3
70300;BOT_TAKER;BOT_MAKER;HYDROGEL_PACK;XIRECS;9851.0;4
70400;BOT_MAKER;BOT_TAKER;VEV_6500;XIRECS;0.0;4
70500;BOT_TAKER;BOT_MAKER;HYDROGEL_PACK;XIRECS;9848.0;2
70500;BOT_TAKER;BOT_MAKER;VELVETFRUIT_EXTRACT;XIRECS;5274.0;8
70500;BOT_TAKER;BOT_MAKER;VEV_4000;XIRECS;1312.0;3
70700;BOT_MAKER;BOT_TAKER;HYDROGEL_PACK;XIRECS;9830.0;5
70800;BOT_MAKER;BOT_TAKER;VELVETFRUIT_EXTRACT;XIRECS;5269.0;5
70800;BOT_MAKER;BOT_TAKER;VEV_5500;XIRECS;2.0;5
70800;BOT_MAKER;BOT_TAKER;VEV_6000;XIRECS;0.0;2
70900;BOT_TAKER;BOT_MAKER;HYDROGEL_PACK;XIRECS;9843.0;3
71100;BOT_MAKER;BOT_TAKER;HYDROGEL_PACK;XIRECS;9827.0;4
71100;BOT_MAKER;BOT_TAKER;VEV_6000;XIRECS;0.0;4
71500;BOT_MAKER;BOT_TAKER;VELVETFRUIT_EXTRACT;XIRECS;5267.0;3
71500;BOT_MAKER;BOT_TAKER;VEV_6000;XIRECS;0.0;5
71700;BOT_TAKER;BOT_MAKER;HYDROGEL_PACK;XIRECS;9840.0;2
71800;BOT_MAKER;BOT_TAKER;VEV_4000;XIRECS;1289.0;2
72000;BOT_MAKER;BOT_TAKER;VELVETFRUIT_EXTRACT;XIRECS;5267.0;8
72100;BOT_TAKER;BOT_MAKER;VELVETFRUIT_EXTRACT;XIRECS;5273.0;4
72400;BOT_MAKER;BOT_TAKER;VEV_6500;XIRECS;0.0;2
72600;BOT_TAKER;BOT_MAKER;HYDROGEL_PACK;XIRECS;9847.0;3
72600;BOT_TAKER;BOT_MAKER;VELVETFRUIT_EXTRACT;XIRECS;5270.0;6
72600;BOT_MAKER;BOT_TAKER;VEV_6000;XIRECS;0.0;4
72600;BOT_TAKER;BOT_MAKER;VEV_6500;XIRECS;1.0;4
72700;BOT_MAKER;BOT_TAKER;VELVETFRUIT_EXTRACT;XIRECS;5264.0;5
72700;BOT_TAKER;BOT_MAKER;VEV_5300;XIRECS;61.0;2
72800;BOT_TAKER;BOT_MAKER;HYDROGEL_PACK;XIRECS;9847.0;6
72800;BOT_MAKER;BOT_TAKER;VEV_6000;XIRECS;0.0;5
72900;BOT_TAKER;BOT_MAKER;VELVETFRUIT_EXTRACT;XIRECS;5271.0;5
72900;BOT_MAKER;BOT_TAKER;VELVETFRUIT_EXTRACT;XIRECS;5266.0;7
72900;BOT_TAKER;BOT_MAKER;VEV_5400;XIRECS;17.0;2
72900;BOT_MAKER;BOT_TAKER;VEV_5400;XIRECS;15.0;3
73000;BOT_MAKER;BOT_TAKER;HYDROGEL_PACK;XIRECS;9826.0;5
73000;BOT_MAKER;BOT_TAKER;VEV_5400;XIRECS;15.0;5
73200;BOT_TAKER;BOT_MAKER;HYDROGEL_PACK;XIRECS;9844.0;3
73200;BOT_TAKER;BOT_MAKER;VELVETFRUIT_EXTRACT;XIRECS;5271.0;8
73500;BOT_TAKER;BOT_MAKER;HYDROGEL_PACK;XIRECS;9844.0;6
73700;BOT_MAKER;BOT_TAKER;HYDROGEL_PACK;XIRECS;9833.0;6
73700;BOT_MAKER;BOT_TAKER;VELVETFRUIT_EXTRACT;XIRECS;5268.0;5
73700;BOT_MAKER;BOT_TAKER;VELVETFRUIT_EXTRACT;XIRECS;5268.0;4
73700;BOT_TAKER;BOT_MAKER;VEV_5500;XIRECS;4.0;4
73800;BOT_TAKER;BOT_MAKER;HYDROGEL_PACK;XIRECS;9851.0;2
73800;BOT_MAKER;BOT_TAKER;VELVETFRUIT_EXTRACT;XIRECS;5266.0;7
73800;BOT_MAKER;BOT_TAKER;VELVETFRUIT_EXTRACT;XIRECS;5266.0;7
73900;BOT_MAKER;BOT_TAKER;VEV_4000;XIRECS;1293.0;1
73900;BOT_MAKER;BOT_TAKER;VEV_5400;XIRECS;15.0;3
74000;BOT_TAKER;BOT_MAKER;VEV_4000;XIRECS;1314.0;2
74100;BOT_MAKER;BOT_TAKER;VELVETFRUIT_EXTRACT;XIRECS;5265.0;8
74200;BOT_MAKER;BOT_TAKER;VELVETFRUIT_EXTRACT;XIRECS;5265.0;8
74200;BOT_TAKER;BOT_MAKER;VELVETFRUIT_EXTRACT;XIRECS;5269.0;4
74300;BOT_MAKER;BOT_TAKER;HYDROGEL_PACK;XIRECS;9844.0;5
74300;BOT_MAKER;BOT_TAKER;VEV_4000;XIRECS;1289.0;1
74400;BOT_MAKER;BOT_TAKER;HYDROGEL_PACK;XIRECS;9845.0;6
74400;BOT_TAKER;BOT_MAKER;VELVETFRUIT_EXTRACT;XIRECS;5272.0;3
74400;BOT_TAKER;BOT_MAKER;VEV_5400;XIRECS;17.0;4
74500;BOT_TAKER;BOT_MAKER;HYDROGEL_PACK;XIRECS;9864.0;2
74800;BOT_MAKER;BOT_TAKER;VEV_6500;XIRECS;0.0;3
74900;BOT_TAKER;BOT_MAKER;VEV_6500;XIRECS;1.0;3
74900;BOT_TAKER;BOT_MAKER;VEV_6500;XIRECS;1.0;4
75000;BOT_MAKER;BOT_TAKER;VELVETFRUIT_EXTRACT;XIRECS;5268.0;5
75000;BOT_MAKER;BOT_TAKER;VEV_4000;XIRECS;1292.0;3
75100;BOT_MAKER;BOT_TAKER;VELVETFRUIT_EXTRACT;XIRECS;5268.0;8
75200;BOT_TAKER;BOT_MAKER;VELVETFRUIT_EXTRACT;XIRECS;5273.0;8
75400;BOT_TAKER;BOT_MAKER;HYDROGEL_PACK;XIRECS;9860.0;5
75500;BOT_TAKER;BOT_MAKER;HYDROGEL_PACK;XIRECS;9864.0;4
75500;BOT_TAKER;BOT_MAKER;VELVETFRUIT_EXTRACT;XIRECS;5275.0;5
75500;BOT_TAKER;BOT_MAKER;VEV_5500;XIRECS;4.0;3
75500;BOT_MAKER;BOT_TAKER;VEV_5500;XIRECS;3.0;4
75700;BOT_MAKER;BOT_TAKER;VELVETFRUIT_EXTRACT;XIRECS;5269.0;5
75700;BOT_MAKER;BOT_TAKER;VEV_5400;XIRECS;15.0;5
75700;BOT_TAKER;BOT_MAKER;VEV_5500;XIRECS;4.0;4
75700;BOT_TAKER;BOT_MAKER;VEV_6500;XIRECS;1.0;4
75800;BOT_MAKER;BOT_TAKER;VELVETFRUIT_EXTRACT;XIRECS;5268.0;8
75800;BOT_TAKER;BOT_MAKER;VEV_5300;XIRECS;59.0;2
75900;BOT_MAKER;BOT_TAKER;VEV_6000;XIRECS;0.0;4
76000;BOT_MAKER;BOT_TAKER;HYDROGEL_PACK;XIRECS;9843.0;6
76000;BOT_MAKER;BOT_TAKER;VELVETFRUIT_EXTRACT;XIRECS;5268.0;4
76000;BOT_TAKER;BOT_MAKER;VEV_5500;XIRECS;4.0;5
76100;BOT_MAKER;BOT_TAKER;VELVETFRUIT_EXTRACT;XIRECS;5268.0;7
76100;BOT_MAKER;BOT_TAKER;VEV_5500;XIRECS;3.0;2
76200;BOT_TAKER;BOT_MAKER;VELVETFRUIT_EXTRACT;XIRECS;5272.0;8
76200;BOT_MAKER;BOT_TAKER;VEV_6000;XIRECS;0.0;5
76300;BOT_MAKER;BOT_TAKER;HYDROGEL_PACK;XIRECS;9839.0;4
76400;BOT_MAKER;BOT_TAKER;VELVETFRUIT_EXTRACT;XIRECS;5266.0;6
76600;BOT_TAKER;BOT_MAKER;HYDROGEL_PACK;XIRECS;9861.0;5
76600;BOT_TAKER;BOT_MAKER;VELVETFRUIT_EXTRACT;XIRECS;5273.0;6
76600;BOT_MAKER;BOT_TAKER;VEV_4000;XIRECS;1291.0;1
76600;BOT_MAKER;BOT_TAKER;VEV_6000;XIRECS;0.0;3
76700;BOT_MAKER;BOT_TAKER;VELVETFRUIT_EXTRACT;XIRECS;5268.0;6
76800;BOT_MAKER;BOT_TAKER;HYDROGEL_PACK;XIRECS;9845.0;6
76800;BOT_TAKER;BOT_MAKER;VELVETFRUIT_EXTRACT;XIRECS;5274.0;6
76800;BOT_MAKER;BOT_TAKER;VEV_5500;XIRECS;2.0;3
76900;BOT_MAKER;BOT_TAKER;VEV_6000;XIRECS;0.0;4
77000;BOT_MAKER;BOT_TAKER;HYDROGEL_PACK;XIRECS;9847.0;5
77000;BOT_MAKER;BOT_TAKER;VELVETFRUIT_EXTRACT;XIRECS;5269.0;6
77100;BOT_TAKER;BOT_MAKER;HYDROGEL_PACK;XIRECS;9862.0;2
77100;BOT_MAKER;BOT_TAKER;VELVETFRUIT_EXTRACT;XIRECS;5268.0;4
77200;BOT_TAKER;BOT_MAKER;VELVETFRUIT_EXTRACT;XIRECS;5273.0;8
77200;BOT_MAKER;BOT_TAKER;VELVETFRUIT_EXTRACT;XIRECS;5269.0;6
77300;BOT_TAKER;BOT_MAKER;VELVETFRUIT_EXTRACT;XIRECS;5272.0;4
77500;BOT_TAKER;BOT_MAKER;HYDROGEL_PACK;XIRECS;9859.0;4
77500;BOT_MAKER;BOT_TAKER;VELVETFRUIT_EXTRACT;XIRECS;5267.0;6
77600;BOT_MAKER;BOT_TAKER;HYDROGEL_PACK;XIRECS;9844.0;5
77600;BOT_TAKER;BOT_MAKER;VEV_5500;XIRECS;4.0;2
77600;BOT_MAKER;BOT_TAKER;VEV_6000;XIRECS;0.0;4
78000;BOT_TAKER;BOT_MAKER;HYDROGEL_PACK;XIRECS;9862.0;6
78100;BOT_MAKER;BOT_TAKER;HYDROGEL_PACK;XIRECS;9847.0;4
78100;BOT_TAKER;BOT_MAKER;VEV_4000;XIRECS;1313.0;2
78100;BOT_TAKER;BOT_MAKER;VEV_6000;XIRECS;1.0;2
78200;BOT_MAKER;BOT_TAKER;VELVETFRUIT_EXTRACT;XIRECS;5270.0;5
78200;BOT_MAKER;BOT_TAKER;VELVETFRUIT_EXTRACT;XIRECS;5270.0;5
78300;BOT_TAKER;BOT_MAKER;VELVETFRUIT_EXTRACT;XIRECS;5274.0;8
78300;BOT_TAKER;BOT_MAKER;VELVETFRUIT_EXTRACT;XIRECS;5274.0;6
78300;BOT_MAKER;BOT_TAKER;VEV_6500;XIRECS;0.0;4
78400;BOT_MAKER;BOT_TAKER;VELVETFRUIT_EXTRACT;XIRECS;5269.0;4
78600;BOT_MAKER;BOT_TAKER;HYDROGEL_PACK;XIRECS;9848.0;6
78600;BOT_MAKER;BOT_TAKER;VEV_5500;XIRECS;3.0;2
78600;BOT_MAKER;BOT_TAKER;VEV_6000;XIRECS;0.0;5
78700;BOT_MAKER;BOT_TAKER;VELVETFRUIT_EXTRACT;XIRECS;5267.0;4
78800;BOT_TAKER;BOT_MAKER;VELVETFRUIT_EXTRACT;XIRECS;5272.0;4
78800;BOT_MAKER;BOT_TAKER;VEV_5500;XIRECS;3.0;5
78900;BOT_MAKER;BOT_TAKER;VEV_6500;XIRECS;0.0;5
79000;BOT_TAKER;BOT_MAKER;HYDROGEL_PACK;XIRECS;9871.0;5
79100;BOT_TAKER;BOT_MAKER;HYDROGEL_PACK;XIRECS;9871.0;5
79100;BOT_TAKER;BOT_MAKER;VELVETFRUIT_EXTRACT;XIRECS;5270.0;7
79100;BOT_TAKER;BOT_MAKER;VEV_6500;XIRECS;1.0;5
79300;BOT_TAKER;BOT_MAKER;VELVETFRUIT_EXTRACT;XIRECS;5269.0;7
79300;BOT_TAKER;BOT_MAKER;VEV_4000;XIRECS;1312.0;3
79300;BOT_TAKER;BOT_MAKER;VEV_6000;XIRECS;1.0;2
79400;BOT_TAKER;BOT_MAKER;VEV_6000;XIRECS;1.0;4
79500;BOT_MAKER;BOT_TAKER;HYDROGEL_PACK;XIRECS;9852.0;6
79700;BOT_MAKER;BOT_TAKER;HYDROGEL_PACK;XIRECS;9848.0;3
79700;BOT_TAKER;BOT_MAKER;VELVETFRUIT_EXTRACT;XIRECS;5268.0;5
79800;BOT_MAKER;BOT_TAKER;HYDROGEL_PACK;XIRECS;9851.0;3
80000;BOT_TAKER;BOT_MAKER;VELVETFRUIT_EXTRACT;XIRECS;5267.0;7
80000;BOT_MAKER;BOT_TAKER;VEV_6500;XIRECS;0.0;5
80100;BOT_TAKER;BOT_MAKER;VELVETFRUIT_EXTRACT;XIRECS;5266.0;6
80100;BOT_TAKER;BOT_MAKER;VEV_6500;XIRECS;1.0;3
80300;BOT_MAKER;BOT_TAKER;VEV_4000;XIRECS;1291.0;1
80300;BOT_MAKER;BOT_TAKER;VEV_5400;XIRECS;15.0;2
80600;BOT_MAKER;BOT_TAKER;VELVETFRUIT_EXTRACT;XIRECS;5261.0;5
80700;BOT_TAKER;BOT_MAKER;HYDROGEL_PACK;XIRECS;9865.0;3
80700;BOT_TAKER;BOT_MAKER;VELVETFRUIT_EXTRACT;XIRECS;5269.0;5
80700;BOT_MAKER;BOT_TAKER;VEV_5400;XIRECS;15.0;5
80800;BOT_TAKER;BOT_MAKER;VEV_4000;XIRECS;1313.0;2
80900;BOT_MAKER;BOT_TAKER;VELVETFRUIT_EXTRACT;XIRECS;5265.0;6
80900;BOT_MAKER;BOT_TAKER;VEV_4000;XIRECS;1290.0;3
80900;BOT_TAKER;BOT_MAKER;VEV_5500;XIRECS;4.0;4
80900;BOT_TAKER;BOT_MAKER;VEV_6500;XIRECS;1.0;2
81200;BOT_TAKER;BOT_MAKER;VEV_5400;XIRECS;17.0;5
81300;BOT_MAKER;BOT_TAKER;VELVETFRUIT_EXTRACT;XIRECS;5265.0;5
81300;BOT_MAKER;BOT_TAKER;VEV_6000;XIRECS;0.0;5
81400;BOT_TAKER;BOT_MAKER;VELVETFRUIT_EXTRACT;XIRECS;5269.0;7
81600;BOT_TAKER;BOT_MAKER;HYDROGEL_PACK;XIRECS;9860.0;5
81600;BOT_TAKER;BOT_MAKER;VEV_4000;XIRECS;1314.0;3
81700;BOT_TAKER;BOT_MAKER;VEV_4000;XIRECS;1315.0;1
81800;BOT_MAKER;BOT_TAKER;HYDROGEL_PACK;XIRECS;9844.0;4
82000;BOT_MAKER;BOT_TAKER;VELVETFRUIT_EXTRACT;XIRECS;5260.0;6
82200;BOT_TAKER;BOT_MAKER;VELVETFRUIT_EXTRACT;XIRECS;5266.0;3
82300;BOT_MAKER;BOT_TAKER;VELVETFRUIT_EXTRACT;XIRECS;5260.0;5
82300;BOT_MAKER;BOT_TAKER;VEV_5500;XIRECS;3.0;2
82400;BOT_TAKER;BOT_MAKER;HYDROGEL_PACK;XIRECS;9869.0;2
82400;BOT_MAKER;BOT_TAKER;VEV_5300;XIRECS;56.0;5
82500;BOT_MAKER;BOT_TAKER;VEV_5500;XIRECS;3.0;5
82600;BOT_TAKER;BOT_MAKER;VELVETFRUIT_EXTRACT;XIRECS;5263.0;8
82600;BOT_TAKER;BOT_MAKER;VEV_5300;XIRECS;59.0;2
82600;BOT_TAKER;BOT_MAKER;VEV_6500;XIRECS;1.0;5
82700;BOT_MAKER;BOT_TAKER;HYDROGEL_PACK;XIRECS;9851.0;2
82900;BOT_TAKER;BOT_MAKER;VEV_4000;XIRECS;1309.0;1
82900;BOT_TAKER;BOT_MAKER;VEV_5500;XIRECS;4.0;5
83000;BOT_TAKER;BOT_MAKER;HYDROGEL_PACK;XIRECS;9864.0;5
83000;BOT_MAKER;BOT_TAKER;VEV_6000;XIRECS;0.0;5
83200;BOT_MAKER;BOT_TAKER;VEV_4000;XIRECS;1289.0;1
83200;BOT_MAKER;BOT_TAKER;VEV_6500;XIRECS;0.0;2
83300;BOT_MAKER;BOT_TAKER;HYDROGEL_PACK;XIRECS;9844.0;4
83300;BOT_TAKER;BOT_MAKER;VELVETFRUIT_EXTRACT;XIRECS;5264.0;8
83300;BOT_TAKER;BOT_MAKER;VEV_5300;XIRECS;61.0;2
83300;BOT_MAKER;BOT_TAKER;VEV_5500;XIRECS;3.0;3
83300;BOT_MAKER;BOT_TAKER;VEV_6000;XIRECS;0.0;4
83400;BOT_MAKER;BOT_TAKER;HYDROGEL_PACK;XIRECS;9845.0;5
83500;BOT_TAKER;BOT_MAKER;VEV_4000;XIRECS;1309.0;2
83500;BOT_TAKER;BOT_MAKER;VEV_6500;XIRECS;1.0;2
83600;BOT_MAKER;BOT_TAKER;HYDROGEL_PACK;XIRECS;9846.0;4
83600;BOT_TAKER;BOT_MAKER;VEV_4000;XIRECS;1309.0;3
83700;BOT_TAKER;BOT_MAKER;HYDROGEL_PACK;XIRECS;9862.0;2
83700;BOT_TAKER;BOT_MAKER;VELVETFRUIT_EXTRACT;XIRECS;5263.0;6
83700;BOT_MAKER;BOT_TAKER;VEV_4000;XIRECS;1289.0;1
83800;BOT_MAKER;BOT_TAKER;HYDROGEL_PACK;XIRECS;9849.0;3
83900;BOT_TAKER;BOT_MAKER;HYDROGEL_PACK;XIRECS;9863.0;4
83900;BOT_TAKER;BOT_MAKER;VELVETFRUIT_EXTRACT;XIRECS;5262.0;8
83900;BOT_MAKER;BOT_TAKER;VEV_5400;XIRECS;15.0;2
83900;BOT_MAKER;BOT_TAKER;VEV_6500;XIRECS;0.0;2
84000;BOT_TAKER;BOT_MAKER;VEV_5500;XIRECS;4.0;5
84100;BOT_TAKER;BOT_MAKER;VELVETFRUIT_EXTRACT;XIRECS;5262.0;7
84300;BOT_TAKER;BOT_MAKER;VELVETFRUIT_EXTRACT;XIRECS;5261.0;5
84300;BOT_TAKER;BOT_MAKER;VEV_5500;XIRECS;4.0;3
84400;BOT_MAKER;BOT_TAKER;VELVETFRUIT_EXTRACT;XIRECS;5255.0;7
84500;BOT_TAKER;BOT_MAKER;HYDROGEL_PACK;XIRECS;9861.0;3
84600;BOT_TAKER;BOT_MAKER;VELVETFRUIT_EXTRACT;XIRECS;5260.0;4
84700;BOT_TAKER;BOT_MAKER;HYDROGEL_PACK;XIRECS;9861.0;6
84700;BOT_MAKER;BOT_TAKER;VELVETFRUIT_EXTRACT;XIRECS;5254.0;3
84800;BOT_MAKER;BOT_TAKER;HYDROGEL_PACK;XIRECS;9843.0;5
85200;BOT_MAKER;BOT_TAKER;HYDROGEL_PACK;XIRECS;9842.0;4
85200;BOT_MAKER;BOT_TAKER;VELVETFRUIT_EXTRACT;XIRECS;5251.0;4
85300;BOT_MAKER;BOT_TAKER;VELVETFRUIT_EXTRACT;XIRECS;5252.0;6
85300;BOT_MAKER;BOT_TAKER;VEV_4000;XIRECS;1288.0;2
85300;BOT_TAKER;BOT_MAKER;VEV_5500;XIRECS;4.0;5
85500;BOT_MAKER;BOT_TAKER;HYDROGEL_PACK;XIRECS;9837.0;4
85600;BOT_MAKER;BOT_TAKER;HYDROGEL_PACK;XIRECS;9840.0;6
85600;BOT_MAKER;BOT_TAKER;VELVETFRUIT_EXTRACT;XIRECS;5251.0;4
85700;BOT_TAKER;BOT_MAKER;HYDROGEL_PACK;XIRECS;9859.0;3
85700;BOT_TAKER;BOT_MAKER;VELVETFRUIT_EXTRACT;XIRECS;5257.0;14
85700;BOT_TAKER;BOT_MAKER;VEV_4000;XIRECS;1311.0;2
85800;BOT_TAKER;BOT_MAKER;VELVETFRUIT_EXTRACT;XIRECS;5258.0;8
85900;BOT_MAKER;BOT_TAKER;VEV_4000;XIRECS;1286.0;3
86000;BOT_MAKER;BOT_TAKER;VELVETFRUIT_EXTRACT;XIRECS;5251.0;3
86100;BOT_MAKER;BOT_TAKER;VELVETFRUIT_EXTRACT;XIRECS;5250.0;7
86100;BOT_MAKER;BOT_TAKER;VEV_4000;XIRECS;1285.0;2
86100;BOT_MAKER;BOT_TAKER;VEV_5500;XIRECS;3.0;4
86200;BOT_TAKER;BOT_MAKER;VELVETFRUIT_EXTRACT;XIRECS;5257.0;9
86200;BOT_MAKER;BOT_TAKER;VEV_5500;XIRECS;3.0;2
86200;BOT_TAKER;BOT_MAKER;VEV_6500;XIRECS;1.0;5
86300;BOT_TAKER;BOT_MAKER;HYDROGEL_PACK;XIRECS;9863.0;2
86300;BOT_TAKER;BOT_MAKER;VEV_4000;XIRECS;1307.0;1
86300;BOT_TAKER;BOT_MAKER;VEV_5300;XIRECS;62.0;4
86400;BOT_TAKER;BOT_MAKER;HYDROGEL_PACK;XIRECS;9864.0;4
86500;BOT_MAKER;BOT_TAKER;VEV_5500;XIRECS;3.0;3
86600;BOT_MAKER;BOT_TAKER;HYDROGEL_PACK;XIRECS;9855.0;5
86900;BOT_TAKER;BOT_MAKER;HYDROGEL_PACK;XIRECS;9864.0;3
87000;BOT_TAKER;BOT_MAKER;HYDROGEL_PACK;XIRECS;9864.0;6
87000;BOT_TAKER;BOT_MAKER;VEV_5400;XIRECS;17.0;3
87100;BOT_TAKER;BOT_MAKER;VELVETFRUIT_EXTRACT;XIRECS;5252.0;3
87200;BOT_TAKER;BOT_MAKER;HYDROGEL_PACK;XIRECS;9863.0;3
87200;BOT_MAKER;BOT_TAKER;VELVETFRUIT_EXTRACT;XIRECS;5247.0;4
87200;BOT_MAKER;BOT_TAKER;VELVETFRUIT_EXTRACT;XIRECS;5247.0;7
87200;BOT_TAKER;BOT_MAKER;VEV_5300;XIRECS;63.0;4
87300;BOT_TAKER;BOT_MAKER;VELVETFRUIT_EXTRACT;XIRECS;5252.0;7
87400;BOT_MAKER;BOT_TAKER;VEV_4000;XIRECS;1288.0;2
87500;BOT_TAKER;BOT_MAKER;VELVETFRUIT_EXTRACT;XIRECS;5251.0;7
87500;BOT_MAKER;BOT_TAKER;VELVETFRUIT_EXTRACT;XIRECS;5246.0;4
87500;BOT_MAKER;BOT_TAKER;VEV_6500;XIRECS;0.0;5
87600;BOT_MAKER;BOT_TAKER;VEV_4000;XIRECS;1288.0;3
87700;BOT_MAKER;BOT_TAKER;VELVETFRUIT_EXTRACT;XIRECS;5246.0;8
87800;BOT_MAKER;BOT_TAKER;HYDROGEL_PACK;XIRECS;9849.0;5
87800;BOT_TAKER;BOT_MAKER;VELVETFRUIT_EXTRACT;XIRECS;5251.0;8
87900;BOT_MAKER;BOT_TAKER;HYDROGEL_PACK;XIRECS;9850.0;3
87900;BOT_TAKER;BOT_MAKER;VELVETFRUIT_EXTRACT;XIRECS;5251.0;4
88000;BOT_TAKER;BOT_MAKER;VEV_5400;XIRECS;16.0;3
88100;BOT_MAKER;BOT_TAKER;VEV_4000;XIRECS;1287.0;1
88300;BOT_TAKER;BOT_MAKER;VEV_5500;XIRECS;4.0;3
88400;BOT_TAKER;BOT_MAKER;VEV_4000;XIRECS;1308.0;1
88400;BOT_TAKER;BOT_MAKER;VEV_5400;XIRECS;16.0;4
88600;BOT_TAKER;BOT_MAKER;HYDROGEL_PACK;XIRECS;9871.0;5
88600;BOT_MAKER;BOT_TAKER;VELVETFRUIT_EXTRACT;XIRECS;5244.0;3
88700;BOT_TAKER;BOT_MAKER;VELVETFRUIT_EXTRACT;XIRECS;5247.0;6
88700;BOT_MAKER;BOT_TAKER;VEV_5500;XIRECS;3.0;2
88800;BOT_MAKER;BOT_TAKER;VEV_4000;XIRECS;1284.0;3
88800;BOT_MAKER;BOT_TAKER;VEV_6500;XIRECS;0.0;2
88900;BOT_MAKER;BOT_TAKER;VEV_4000;XIRECS;1284.0;1
89000;BOT_TAKER;BOT_MAKER;VELVETFRUIT_EXTRACT;XIRECS;5248.0;7
89000;BOT_MAKER;BOT_TAKER;VEV_4000;XIRECS;1284.0;2
89100;BOT_TAKER;BOT_MAKER;HYDROGEL_PACK;XIRECS;9875.0;2
89200;BOT_TAKER;BOT_MAKER;VELVETFRUIT_EXTRACT;XIRECS;5247.0;8
89300;BOT_TAKER;BOT_MAKER;VELVETFRUIT_EXTRACT;XIRECS;5247.0;3
89300;BOT_TAKER;BOT_MAKER;VEV_6000;XIRECS;1.0;3
89300;BOT_MAKER;BOT_TAKER;VEV_6500;XIRECS;0.0;4
89500;BOT_MAKER;BOT_TAKER;VELVETFRUIT_EXTRACT;XIRECS;5240.0;7
89500;BOT_MAKER;BOT_TAKER;VEV_4000;XIRECS;1283.0;1
89500;BOT_MAKER;BOT_TAKER;VEV_5400;XIRECS;16.0;5
89600;BOT_TAKER;BOT_MAKER;VELVETFRUIT_EXTRACT;XIRECS;5246.0;7
89600;BOT_MAKER;BOT_TAKER;VEV_5500;XIRECS;3.0;5
89700;BOT_TAKER;BOT_MAKER;HYDROGEL_PACK;XIRECS;9873.0;6
89800;BOT_MAKER;BOT_TAKER;HYDROGEL_PACK;XIRECS;9856.0;2
89800;BOT_MAKER;BOT_TAKER;VELVETFRUIT_EXTRACT;XIRECS;5242.0;5
89900;BOT_TAKER;BOT_MAKER;HYDROGEL_PACK;XIRECS;9873.0;5
90000;BOT_TAKER;BOT_MAKER;VELVETFRUIT_EXTRACT;XIRECS;5246.0;3
90000;BOT_MAKER;BOT_TAKER;VEV_4000;XIRECS;1283.0;3
90100;BOT_TAKER;BOT_MAKER;VEV_5400;XIRECS;17.0;3
90200;BOT_MAKER;BOT_TAKER;HYDROGEL_PACK;XIRECS;9859.0;3
90200;BOT_TAKER;BOT_MAKER;VELVETFRUIT_EXTRACT;XIRECS;5243.0;7
90300;BOT_TAKER;BOT_MAKER;VELVETFRUIT_EXTRACT;XIRECS;5242.0;7
90300;BOT_MAKER;BOT_TAKER;VEV_5400;XIRECS;16.0;5
90600;BOT_MAKER;BOT_TAKER;VEV_4000;XIRECS;1277.0;2
90700;BOT_MAKER;BOT_TAKER;VELVETFRUIT_EXTRACT;XIRECS;5236.0;6
90700;BOT_MAKER;BOT_TAKER;VEV_5400;XIRECS;16.0;2
90800;BOT_MAKER;BOT_TAKER;VEV_6000;XIRECS;0.0;2
90900;BOT_TAKER;BOT_MAKER;VEV_5400;XIRECS;18.0;5
91100;BOT_MAKER;BOT_TAKER;VELVETFRUIT_EXTRACT;XIRECS;5237.0;3
91200;BOT_MAKER;BOT_TAKER;VEV_6500;XIRECS;0.0;4
91400;BOT_TAKER;BOT_MAKER;VELVETFRUIT_EXTRACT;XIRECS;5242.0;4
91500;BOT_MAKER;BOT_TAKER;VELVETFRUIT_EXTRACT;XIRECS;5236.0;6
91600;BOT_TAKER;BOT_MAKER;VELVETFRUIT_EXTRACT;XIRECS;5241.0;7
91600;BOT_TAKER;BOT_MAKER;VEV_5500;XIRECS;4.0;3
91700;BOT_TAKER;BOT_MAKER;HYDROGEL_PACK;XIRECS;9890.0;5
91700;BOT_MAKER;BOT_TAKER;VELVETFRUIT_EXTRACT;XIRECS;5235.0;5
91700;BOT_MAKER;BOT_TAKER;VEV_4000;XIRECS;1276.0;2
91900;BOT_TAKER;BOT_MAKER;VELVETFRUIT_EXTRACT;XIRECS;5241.0;7
91900;BOT_MAKER;BOT_TAKER;VEV_6000;XIRECS;0.0;3
92000;BOT_TAKER;BOT_MAKER;VELVETFRUIT_EXTRACT;XIRECS;5243.0;4
92000;BOT_MAKER;BOT_TAKER;VEV_6500;XIRECS;0.0;2
92100;BOT_MAKER;BOT_TAKER;HYDROGEL_PACK;XIRECS;9874.0;2
92300;BOT_MAKER;BOT_TAKER;HYDROGEL_PACK;XIRECS;9873.0;2
92400;BOT_MAKER;BOT_TAKER;VEV_6000;XIRECS;0.0;5
92500;BOT_TAKER;BOT_MAKER;HYDROGEL_PACK;XIRECS;9893.0;5
92500;BOT_MAKER;BOT_TAKER;VELVETFRUIT_EXTRACT;XIRECS;5236.0;8
92500;BOT_MAKER;BOT_TAKER;VEV_4000;XIRECS;1273.0;1
92500;BOT_TAKER;BOT_MAKER;VEV_5400;XIRECS;17.0;3
92900;BOT_TAKER;BOT_MAKER;VELVETFRUIT_EXTRACT;XIRECS;5245.0;12
92900;BOT_TAKER;BOT_MAKER;VEV_5400;XIRECS;18.0;2
93000;BOT_TAKER;BOT_MAKER;VELVETFRUIT_EXTRACT;XIRECS;5244.0;8
93100;BOT_MAKER;BOT_TAKER;HYDROGEL_PACK;XIRECS;9874.0;6
93100;BOT_TAKER;BOT_MAKER;VEV_5500;XIRECS;3.0;4
93200;BOT_MAKER;BOT_TAKER;VELVETFRUIT_EXTRACT;XIRECS;5237.0;8
93300;BOT_TAKER;BOT_MAKER;VELVETFRUIT_EXTRACT;XIRECS;5242.0;7
93300;BOT_MAKER;BOT_TAKER;VELVETFRUIT_EXTRACT;XIRECS;5237.0;13
93400;BOT_TAKER;BOT_MAKER;VELVETFRUIT_EXTRACT;XIRECS;5244.0;10
93400;BOT_TAKER;BOT_MAKER;VEV_4000;XIRECS;1289.0;1
93400;BOT_MAKER;BOT_TAKER;VEV_5500;XIRECS;2.0;4
93500;BOT_MAKER;BOT_TAKER;HYDROGEL_PACK;XIRECS;9877.0;2
93600;BOT_MAKER;BOT_TAKER;HYDROGEL_PACK;XIRECS;9878.0;5
93600;BOT_MAKER;BOT_TAKER;VELVETFRUIT_EXTRACT;XIRECS;5238.0;4
93700;BOT_TAKER;BOT_MAKER;VELVETFRUIT_EXTRACT;XIRECS;5244.0;8
93700;BOT_TAKER;BOT_MAKER;VELVETFRUIT_EXTRACT;XIRECS;5244.0;8
93700;BOT_MAKER;BOT_TAKER;VEV_6500;XIRECS;0.0;2
93800;BOT_TAKER;BOT_MAKER;VELVETFRUIT_EXTRACT;XIRECS;5242.0;14
93900;BOT_MAKER;BOT_TAKER;VELVETFRUIT_EXTRACT;XIRECS;5239.0;6
94000;BOT_MAKER;BOT_TAKER;VELVETFRUIT_EXTRACT;XIRECS;5238.0;7
94000;BOT_TAKER;BOT_MAKER;VEV_4000;XIRECS;1289.0;2
94200;BOT_MAKER;BOT_TAKER;VEV_4000;XIRECS;1267.0;2
94300;BOT_TAKER;BOT_MAKER;VELVETFRUIT_EXTRACT;XIRECS;5242.0;6
94400;BOT_TAKER;BOT_MAKER;HYDROGEL_PACK;XIRECS;9891.0;5
94400;BOT_TAKER;BOT_MAKER;VEV_6000;XIRECS;1.0;5
94500;BOT_TAKER;BOT_MAKER;VELVETFRUIT_EXTRACT;XIRECS;5243.0;4
94500;BOT_MAKER;BOT_TAKER;VEV_5500;XIRECS;2.0;5
94600;BOT_TAKER;BOT_MAKER;VEV_4000;XIRECS;1291.0;1
94700;BOT_TAKER;BOT_MAKER;VELVETFRUIT_EXTRACT;XIRECS;5240.0;4
94800;BOT_MAKER;BOT_TAKER;HYDROGEL_PACK;XIRECS;9875.0;2
94900;BOT_TAKER;BOT_MAKER;VELVETFRUIT_EXTRACT;XIRECS;5241.0;8
94900;BOT_TAKER;BOT_MAKER;VEV_6000;XIRECS;1.0;3
95000;BOT_MAKER;BOT_TAKER;VELVETFRUIT_EXTRACT;XIRECS;5237.0;7
95000;BOT_MAKER;BOT_TAKER;VEV_6500;XIRECS;0.0;4
95100;BOT_TAKER;BOT_MAKER;HYDROGEL_PACK;XIRECS;9887.0;3
95200;BOT_TAKER;BOT_MAKER;VELVETFRUIT_EXTRACT;XIRECS;5242.0;7
95200;BOT_MAKER;BOT_TAKER;VEV_5400;XIRECS;17.0;2
95200;BOT_TAKER;BOT_MAKER;VEV_5400;XIRECS;18.0;2
95700;BOT_MAKER;BOT_TAKER;HYDROGEL_PACK;XIRECS;9875.0;2
95700;BOT_TAKER;BOT_MAKER;VELVETFRUIT_EXTRACT;XIRECS;5245.0;8
95700;BOT_MAKER;BOT_TAKER;VEV_4000;XIRECS;1273.0;3
95700;BOT_TAKER;BOT_MAKER;VEV_5400;XIRECS;19.0;3
95900;BOT_TAKER;BOT_MAKER;VELVETFRUIT_EXTRACT;XIRECS;5245.0;5
96000;BOT_TAKER;BOT_MAKER;VEV_4000;XIRECS;1295.0;1
96100;BOT_MAKER;BOT_TAKER;HYDROGEL_PACK;XIRECS;9871.0;2
96100;BOT_MAKER;BOT_TAKER;VEV_5400;XIRECS;16.0;4
96200;BOT_MAKER;BOT_TAKER;VELVETFRUIT_EXTRACT;XIRECS;5241.0;9
96200;BOT_MAKER;BOT_TAKER;VEV_6000;XIRECS;0.0;5
96400;BOT_TAKER;BOT_MAKER;VEV_5500;XIRECS;2.0;4
96400;BOT_TAKER;BOT_MAKER;VEV_6500;XIRECS;1.0;3
96500;BOT_MAKER;BOT_TAKER;VELVETFRUIT_EXTRACT;XIRECS;5242.0;13
96500;BOT_TAKER;BOT_MAKER;VEV_6000;XIRECS;1.0;4
96500;BOT_TAKER;BOT_MAKER;VEV_6000;XIRECS;1.0;2
96500;BOT_TAKER;BOT_MAKER;VEV_6500;XIRECS;1.0;2
96600;BOT_MAKER;BOT_TAKER;HYDROGEL_PACK;XIRECS;9870.0;6
96600;BOT_MAKER;BOT_TAKER;VELVETFRUIT_EXTRACT;XIRECS;5242.0;3
96700;BOT_MAKER;BOT_TAKER;VELVETFRUIT_EXTRACT;XIRECS;5239.0;5
96700;BOT_MAKER;BOT_TAKER;VEV_4000;XIRECS;1274.0;3
96800;BOT_MAKER;BOT_TAKER;VELVETFRUIT_EXTRACT;XIRECS;5239.0;8
96800;BOT_MAKER;BOT_TAKER;VEV_4000;XIRECS;1274.0;3
96900;BOT_MAKER;BOT_TAKER;VELVETFRUIT_EXTRACT;XIRECS;5239.0;7
96900;BOT_MAKER;BOT_TAKER;VEV_5400;XIRECS;17.0;5
97000;BOT_MAKER;BOT_TAKER;HYDROGEL_PACK;XIRECS;9869.0;3
97000;BOT_TAKER;BOT_MAKER;VEV_5300;XIRECS;64.0;3
97200;BOT_MAKER;BOT_TAKER;VELVETFRUIT_EXTRACT;XIRECS;5241.0;7
97400;BOT_TAKER;BOT_MAKER;VEV_5300;XIRECS;64.0;4
97500;BOT_MAKER;BOT_TAKER;VEV_4000;XIRECS;1273.0;1
97600;BOT_MAKER;BOT_TAKER;HYDROGEL_PACK;XIRECS;9875.0;4
97600;BOT_MAKER;BOT_TAKER;VEV_4000;XIRECS;1274.0;3
97600;BOT_MAKER;BOT_TAKER;VEV_6500;XIRECS;0.0;2
97700;BOT_MAKER;BOT_TAKER;HYDROGEL_PACK;XIRECS;9879.0;3
97700;BOT_TAKER;BOT_MAKER;VELVETFRUIT_EXTRACT;XIRECS;5243.0;9
97800;BOT_MAKER;BOT_TAKER;VELVETFRUIT_EXTRACT;XIRECS;5237.0;8
97800;BOT_MAKER;BOT_TAKER;VEV_4000;XIRECS;1273.0;3
97900;BOT_MAKER;BOT_TAKER;VELVETFRUIT_EXTRACT;XIRECS;5237.0;8
97900;BOT_MAKER;BOT_TAKER;VEV_5300;XIRECS;61.0;5
97900;BOT_TAKER;BOT_MAKER;VEV_6000;XIRECS;1.0;3
98000;BOT_MAKER;BOT_TAKER;VELVETFRUIT_EXTRACT;XIRECS;5236.0;8
98100;BOT_TAKER;BOT_MAKER;HYDROGEL_PACK;XIRECS;9892.0;6
98100;BOT_MAKER;BOT_TAKER;VELVETFRUIT_EXTRACT;XIRECS;5236.0;3
98200;BOT_MAKER;BOT_TAKER;HYDROGEL_PACK;XIRECS;9877.0;3
98300;BOT_TAKER;BOT_MAKER;VELVETFRUIT_EXTRACT;XIRECS;5242.0;3
98300;BOT_MAKER;BOT_TAKER;VEV_6500;XIRECS;0.0;2
98400;BOT_MAKER;BOT_TAKER;HYDROGEL_PACK;XIRECS;9871.0;3
98400;BOT_TAKER;BOT_MAKER;VEV_5500;XIRECS;3.0;4
98400;BOT_MAKER;BOT_TAKER;VEV_6000;XIRECS;0.0;5
98500;BOT_MAKER;BOT_TAKER;VEV_6500;XIRECS;0.0;5
98600;BOT_TAKER;BOT_MAKER;HYDROGEL_PACK;XIRECS;9892.0;2
98600;BOT_TAKER;BOT_MAKER;VEV_4000;XIRECS;1294.0;1
98700;BOT_MAKER;BOT_TAKER;HYDROGEL_PACK;XIRECS;9874.0;6
98800;BOT_TAKER;BOT_MAKER;VELVETFRUIT_EXTRACT;XIRECS;5240.0;7
98800;BOT_MAKER;BOT_TAKER;VEV_6000;XIRECS;0.0;4
98900;BOT_MAKER;BOT_TAKER;VEV_5500;XIRECS;2.0;2
99100;BOT_MAKER;BOT_TAKER;VELVETFRUIT_EXTRACT;XIRECS;5235.0;4
99100;BOT_TAKER;BOT_MAKER;VEV_4000;XIRECS;1294.0;2
99300;BOT_MAKER;BOT_TAKER;VEV_6000;XIRECS;0.0;4
99400;BOT_TAKER;BOT_MAKER;VELVETFRUIT_EXTRACT;XIRECS;5242.0;5
99500;BOT_TAKER;BOT_MAKER;VELVETFRUIT_EXTRACT;XIRECS;5243.0;6
99500;BOT_TAKER;BOT_MAKER;VEV_4000;XIRECS;1294.0;3
99500;BOT_MAKER;BOT_TAKER;VEV_6000;XIRECS;0.0;2
99700;BOT_TAKER;BOT_MAKER;HYDROGEL_PACK;XIRECS;9888.0;4
99700;BOT_MAKER;BOT_TAKER;VELVETFRUIT_EXTRACT;XIRECS;5237.0;4
99700;BOT_MAKER;BOT_TAKER;VEV_4000;XIRECS;1272.0;1
99800;BOT_MAKER;BOT_TAKER;VELVETFRUIT_EXTRACT;XIRECS;5239.0;6
99800;BOT_TAKER;BOT_MAKER;VEV_4000;XIRECS;1293.0;2
99900;BOT_MAKER;BOT_TAKER;VELVETFRUIT_EXTRACT;XIRECS;5237.0;8
100000;BOT_TAKER;BOT_MAKER;VELVETFRUIT_EXTRACT;XIRECS;5243.0;7
100000;BOT_TAKER;BOT_MAKER;VEV_6500;XIRECS;1.0;4
100100;BOT_TAKER;BOT_MAKER;HYDROGEL_PACK;XIRECS;9886.0;2
100100;BOT_MAKER;BOT_TAKER;VEV_5500;XIRECS;2.0;5
100200;BOT_MAKER;BOT_TAKER;HYDROGEL_PACK;XIRECS;9873.0;5
100300;BOT_MAKER;BOT_TAKER;VELVETFRUIT_EXTRACT;XIRECS;5238.0;4
100500;BOT_MAKER;BOT_TAKER;VELVETFRUIT_EXTRACT;XIRECS;5236.0;9
100600;BOT_TAKER;BOT_MAKER;VELVETFRUIT_EXTRACT;XIRECS;5241.0;6
100700;BOT_MAKER;BOT_TAKER;HYDROGEL_PACK;XIRECS;9879.0;3
100700;BOT_MAKER;BOT_TAKER;VELVETFRUIT_EXTRACT;XIRECS;5237.0;10
100700;BOT_MAKER;BOT_TAKER;VEV_5400;XIRECS;18.0;2
100800;BOT_TAKER;BOT_MAKER;HYDROGEL_PACK;XIRECS;9892.0;4
100800;BOT_MAKER;BOT_TAKER;VELVETFRUIT_EXTRACT;XIRECS;5237.0;8
100900;BOT_MAKER;BOT_TAKER;VEV_4000;XIRECS;1273.0;1
101000;BOT_MAKER;BOT_TAKER;VELVETFRUIT_EXTRACT;XIRECS;5237.0;5
101000;BOT_MAKER;BOT_TAKER;VEV_5300;XIRECS;58.0;2
101000;BOT_TAKER;BOT_MAKER;VEV_6000;XIRECS;1.0;5
101100;BOT_MAKER;BOT_TAKER;HYDROGEL_PACK;XIRECS;9877.0;2
101100;BOT_MAKER;BOT_TAKER;VELVETFRUIT_EXTRACT;XIRECS;5236.0;10
101200;BOT_TAKER;BOT_MAKER;VELVETFRUIT_EXTRACT;XIRECS;5240.0;8
101300;BOT_MAKER;BOT_TAKER;VELVETFRUIT_EXTRACT;XIRECS;5233.0;7
101400;BOT_TAKER;BOT_MAKER;VELVETFRUIT_EXTRACT;XIRECS;5239.0;6
101400;BOT_TAKER;BOT_MAKER;VEV_5400;XIRECS;18.0;1
101400;BOT_TAKER;BOT_MAKER;VEV_5400;XIRECS;19.0;3
101400;BOT_MAKER;BOT_TAKER;VEV_6000;XIRECS;0.0;4
101500;BOT_MAKER;BOT_TAKER;HYDROGEL_PACK;XIRECS;9873.0;4
101500;BOT_MAKER;BOT_TAKER;VELVETFRUIT_EXTRACT;XIRECS;5233.0;8
101600;BOT_TAKER;BOT_MAKER;VEV_4000;XIRECS;1296.0;2
101600;BOT_TAKER;BOT_MAKER;VEV_5300;XIRECS;62.0;5
101700;BOT_MAKER;BOT_TAKER;VELVETFRUIT_EXTRACT;XIRECS;5233.0;5
101800;BOT_MAKER;BOT_TAKER;HYDROGEL_PACK;XIRECS;9874.0;6
101800;BOT_TAKER;BOT_MAKER;VELVETFRUIT_EXTRACT;XIRECS;5236.0;3
101800;BOT_MAKER;BOT_TAKER;VEV_5300;XIRECS;59.0;4
102000;BOT_TAKER;BOT_MAKER;VEV_6000;XIRECS;1.0;5
102100;BOT_MAKER;BOT_TAKER;VELVETFRUIT_EXTRACT;XIRECS;5235.0;7
102200;BOT_TAKER;BOT_MAKER;HYDROGEL_PACK;XIRECS;9887.0;3
102300;BOT_TAKER;BOT_MAKER;VELVETFRUIT_EXTRACT;XIRECS;5237.0;12
102300;BOT_TAKER;BOT_MAKER;VEV_6500;XIRECS;1.0;4
102400;BOT_TAKER;BOT_MAKER;HYDROGEL_PACK;XIRECS;9883.0;5
102500;BOT_MAKER;BOT_TAKER;HYDROGEL_PACK;XIRECS;9870.0;3
102600;BOT_MAKER;BOT_TAKER;HYDROGEL_PACK;XIRECS;9870.0;2
102600;BOT_MAKER;BOT_TAKER;VELVETFRUIT_EXTRACT;XIRECS;5231.0;7
102600;BOT_TAKER;BOT_MAKER;VEV_6000;XIRECS;1.0;4
102700;BOT_MAKER;BOT_TAKER;VELVETFRUIT_EXTRACT;XIRECS;5229.0;7
102700;BOT_TAKER;BOT_MAKER;VEV_4000;XIRECS;1294.0;3
102700;BOT_MAKER;BOT_TAKER;VEV_6500;XIRECS;0.0;2
102900;BOT_MAKER;BOT_TAKER;HYDROGEL_PACK;XIRECS;9873.0;6
102900;BOT_TAKER;BOT_MAKER;VELVETFRUIT_EXTRACT;XIRECS;5237.0;4
102900;BOT_MAKER;BOT_TAKER;VEV_5300;XIRECS;60.0;2
103000;BOT_TAKER;BOT_MAKER;VELVETFRUIT_EXTRACT;XIRECS;5236.0;8
103100;BOT_TAKER;BOT_MAKER;VEV_5300;XIRECS;62.0;4
103200;BOT_MAKER;BOT_TAKER;VELVETFRUIT_EXTRACT;XIRECS;5228.0;4
103300;BOT_TAKER;BOT_MAKER;VEV_5300;XIRECS;62.0;5
103400;BOT_MAKER;BOT_TAKER;HYDROGEL_PACK;XIRECS;9884.0;2
103400;BOT_MAKER;BOT_TAKER;VEV_6000;XIRECS;0.0;4
103700;BOT_MAKER;BOT_TAKER;HYDROGEL_PACK;XIRECS;9886.0;5
103700;BOT_MAKER;BOT_TAKER;VELVETFRUIT_EXTRACT;XIRECS;5228.0;4
103800;BOT_TAKER;BOT_MAKER;VELVETFRUIT_EXTRACT;XIRECS;5234.0;5
103800;BOT_TAKER;BOT_MAKER;VEV_5400;XIRECS;18.0;3
103900;BOT_TAKER;BOT_MAKER;HYDROGEL_PACK;XIRECS;9896.0;5
103900;BOT_TAKER;BOT_MAKER;VELVETFRUIT_EXTRACT;XIRECS;5233.0;4
103900;BOT_TAKER;BOT_MAKER;VEV_4000;XIRECS;1292.0;1
104000;BOT_MAKER;BOT_TAKER;VEV_6500;XIRECS;0.0;5
104100;BOT_TAKER;BOT_MAKER;VEV_5300;XIRECS;61.0;5
104200;BOT_TAKER;BOT_MAKER;VELVETFRUIT_EXTRACT;XIRECS;5235.0;4
104300;BOT_MAKER;BOT_TAKER;VEV_4000;XIRECS;1273.0;1
104400;BOT_TAKER;BOT_MAKER;VELVETFRUIT_EXTRACT;XIRECS;5235.0;3
104400;BOT_TAKER;BOT_MAKER;VEV_5400;XIRECS;18.0;5
104500;BOT_MAKER;BOT_TAKER;HYDROGEL_PACK;XIRECS;9884.0;5
104500;BOT_MAKER;BOT_TAKER;VEV_6500;XIRECS;0.0;3
104600;BOT_MAKER;BOT_TAKER;VEV_4000;XIRECS;1273.0;2
104700;BOT_TAKER;BOT_MAKER;HYDROGEL_PACK;XIRECS;9905.0;5
104700;BOT_TAKER;BOT_MAKER;VEV_6500;XIRECS;1.0;3
104800;BOT_TAKER;BOT_MAKER;VEV_4000;XIRECS;1295.0;2
104800;BOT_MAKER;BOT_TAKER;VEV_5400;XIRECS;16.0;4
104900;BOT_TAKER;BOT_MAKER;HYDROGEL_PACK;XIRECS;9908.0;3
104900;BOT_MAKER;BOT_TAKER;VELVETFRUIT_EXTRACT;XIRECS;5226.0;10
104900;BOT_MAKER;BOT_TAKER;VEV_6500;XIRECS;0.0;5
105000;BOT_TAKER;BOT_MAKER;VELVETFRUIT_EXTRACT;XIRECS;5231.0;3
105200;BOT_TAKER;BOT_MAKER;VELVETFRUIT_EXTRACT;XIRECS;5230.0;6
105200;BOT_MAKER;BOT_TAKER;VEV_4000;XIRECS;1274.0;2
105300;BOT_TAKER;BOT_MAKER;VELVETFRUIT_EXTRACT;XIRECS;5228.0;7
105500;BOT_TAKER;BOT_MAKER;VELVETFRUIT_EXTRACT;XIRECS;5228.0;7
105700;BOT_MAKER;BOT_TAKER;HYDROGEL_PACK;XIRECS;9891.0;3
105700;BOT_TAKER;BOT_MAKER;VELVETFRUIT_EXTRACT;XIRECS;5229.0;7
105700;BOT_TAKER;BOT_MAKER;VEV_5500;XIRECS;3.0;4
105900;BOT_TAKER;BOT_MAKER;HYDROGEL_PACK;XIRECS;9909.0;4
106000;BOT_MAKER;BOT_TAKER;VELVETFRUIT_EXTRACT;XIRECS;5225.0;8
106100;BOT_TAKER;BOT_MAKER;VEV_5500;XIRECS;3.0;3
106200;BOT_MAKER;BOT_TAKER;VELVETFRUIT_EXTRACT;XIRECS;5223.0;8
106200;BOT_TAKER;BOT_MAKER;VEV_6000;XIRECS;1.0;5
106300;BOT_MAKER;BOT_TAKER;HYDROGEL_PACK;XIRECS;9886.0;2
106400;BOT_TAKER;BOT_MAKER;VELVETFRUIT_EXTRACT;XIRECS;5227.0;7
106500;BOT_TAKER;BOT_MAKER;VEV_5500;XIRECS;3.0;3
106500;BOT_MAKER;BOT_TAKER;VEV_6000;XIRECS;0.0;2
106600;BOT_MAKER;BOT_TAKER;HYDROGEL_PACK;XIRECS;9884.0;3
106700;BOT_TAKER;BOT_MAKER;VEV_4000;XIRECS;1292.0;3
106800;BOT_TAKER;BOT_MAKER;VELVETFRUIT_EXTRACT;XIRECS;5228.0;8
106900;BOT_MAKER;BOT_TAKER;HYDROGEL_PACK;XIRECS;9881.0;2
107000;BOT_TAKER;BOT_MAKER;VELVETFRUIT_EXTRACT;XIRECS;5228.0;7
107100;BOT_TAKER;BOT_MAKER;HYDROGEL_PACK;XIRECS;9893.0;4
107100;BOT_MAKER;BOT_TAKER;VELVETFRUIT_EXTRACT;XIRECS;5222.0;9
107100;BOT_TAKER;BOT_MAKER;VEV_6500;XIRECS;1.0;2
107200;BOT_TAKER;BOT_MAKER;VELVETFRUIT_EXTRACT;XIRECS;5229.0;6
107300;BOT_MAKER;BOT_TAKER;HYDROGEL_PACK;XIRECS;9872.0;4
107400;BOT_MAKER;BOT_TAKER;VEV_4000;XIRECS;1279.0;2
107500;BOT_MAKER;BOT_TAKER;HYDROGEL_PACK;XIRECS;9871.0;4
107700;BOT_MAKER;BOT_TAKER;HYDROGEL_PACK;XIRECS;9872.0;3
107700;BOT_MAKER;BOT_TAKER;VELVETFRUIT_EXTRACT;XIRECS;5226.0;7
107800;BOT_TAKER;BOT_MAKER;HYDROGEL_PACK;XIRECS;9885.0;5
107800;BOT_MAKER;BOT_TAKER;VEV_4000;XIRECS;1280.0;1
107900;BOT_MAKER;BOT_TAKER;HYDROGEL_PACK;XIRECS;9869.0;2
108000;BOT_TAKER;BOT_MAKER;VELVETFRUIT_EXTRACT;XIRECS;5232.0;8
108000;BOT_TAKER;BOT_MAKER;VEV_5500;XIRECS;3.0;2
108000;BOT_TAKER;BOT_MAKER;VEV_6500;XIRECS;1.0;4
108100;BOT_MAKER;BOT_TAKER;VELVETFRUIT_EXTRACT;XIRECS;5226.0;8
108200;BOT_TAKER;BOT_MAKER;VELVETFRUIT_EXTRACT;XIRECS;5231.0;3
108300;BOT_TAKER;BOT_MAKER;HYDROGEL_PACK;XIRECS;9888.0;3
108400;BOT_MAKER;BOT_TAKER;VELVETFRUIT_EXTRACT;XIRECS;5226.0;15
108400;BOT_MAKER;BOT_TAKER;VEV_4000;XIRECS;1280.0;1
108500;BOT_MAKER;BOT_TAKER;HYDROGEL_PACK;XIRECS;9872.0;3
108500;BOT_TAKER;BOT_MAKER;VELVETFRUIT_EXTRACT;XIRECS;5230.0;8
108500;BOT_TAKER;BOT_MAKER;VEV_5300;XIRECS;60.0;4
108500;BOT_MAKER;BOT_TAKER;VEV_5400;XIRECS;16.0;5
108600;BOT_TAKER;BOT_MAKER;VELVETFRUIT_EXTRACT;XIRECS;5231.0;6
108600;BOT_MAKER;BOT_TAKER;VEV_5500;XIRECS;2.0;4
108600;BOT_TAKER;BOT_MAKER;VEV_5500;XIRECS;3.0;4
108700;BOT_TAKER;BOT_MAKER;HYDROGEL_PACK;XIRECS;9886.0;4
108700;BOT_TAKER;BOT_MAKER;HYDROGEL_PACK;XIRECS;9886.0;4
108700;BOT_TAKER;BOT_MAKER;VELVETFRUIT_EXTRACT;XIRECS;5233.0;8
108700;BOT_TAKER;BOT_MAKER;VELVETFRUIT_EXTRACT;XIRECS;5233.0;7
108700;BOT_MAKER;BOT_TAKER;VEV_6500;XIRECS;0.0;2
109000;BOT_MAKER;BOT_TAKER;VELVETFRUIT_EXTRACT;XIRECS;5228.0;10
109100;BOT_MAKER;BOT_TAKER;HYDROGEL_PACK;XIRECS;9868.0;4
109100;BOT_MAKER;BOT_TAKER;VEV_5400;XIRECS;17.0;3
109400;BOT_MAKER;BOT_TAKER;VELVETFRUIT_EXTRACT;XIRECS;5230.0;3
109500;BOT_TAKER;BOT_MAKER;VELVETFRUIT_EXTRACT;XIRECS;5235.0;5
109600;BOT_MAKER;BOT_TAKER;HYDROGEL_PACK;XIRECS;9878.0;5
109600;BOT_TAKER;BOT_MAKER;VELVETFRUIT_EXTRACT;XIRECS;5235.0;6
109600;BOT_TAKER;BOT_MAKER;VEV_4000;XIRECS;1303.0;2
109700;BOT_TAKER;BOT_MAKER;HYDROGEL_PACK;XIRECS;9892.0;2
109700;BOT_TAKER;BOT_MAKER;VELVETFRUIT_EXTRACT;XIRECS;5236.0;3
109800;BOT_MAKER;BOT_TAKER;VEV_4000;XIRECS;1280.0;2
109900;BOT_TAKER;BOT_MAKER;VELVETFRUIT_EXTRACT;XIRECS;5234.0;8
109900;BOT_MAKER;BOT_TAKER;VEV_5500;XIRECS;2.0;2
110000;BOT_TAKER;BOT_MAKER;HYDROGEL_PACK;XIRECS;9888.0;4
110000;BOT_MAKER;BOT_TAKER;VELVETFRUIT_EXTRACT;XIRECS;5229.0;4
110000;BOT_TAKER;BOT_MAKER;VEV_6500;XIRECS;1.0;3
110100;BOT_MAKER;BOT_TAKER;VELVETFRUIT_EXTRACT;XIRECS;5229.0;3
110300;BOT_TAKER;BOT_MAKER;VEV_5300;XIRECS;61.0;3
110300;BOT_MAKER;BOT_TAKER;VEV_6000;XIRECS;0.0;2
110400;BOT_TAKER;BOT_MAKER;HYDROGEL_PACK;XIRECS;9889.0;6
110400;BOT_TAKER;BOT_MAKER;VELVETFRUIT_EXTRACT;XIRECS;5233.0;3
110400;BOT_TAKER;BOT_MAKER;VEV_6000;XIRECS;1.0;4
110600;BOT_MAKER;BOT_TAKER;VELVETFRUIT_EXTRACT;XIRECS;5229.0;7
110600;BOT_MAKER;BOT_TAKER;VEV_5400;XIRECS;17.0;2
110600;BOT_TAKER;BOT_MAKER;VEV_6000;XIRECS;1.0;3
110700;BOT_MAKER;BOT_TAKER;HYDROGEL_PACK;XIRECS;9877.0;3
110700;BOT_MAKER;BOT_TAKER;VELVETFRUIT_EXTRACT;XIRECS;5230.0;7
110800;BOT_TAKER;BOT_MAKER;VEV_6000;XIRECS;1.0;2
110900;BOT_MAKER;BOT_TAKER;VELVETFRUIT_EXTRACT;XIRECS;5231.0;4
111000;BOT_TAKER;BOT_MAKER;VEV_5500;XIRECS;3.0;5
111100;BOT_TAKER;BOT_MAKER;VEV_4000;XIRECS;1303.0;1
111200;BOT_TAKER;BOT_MAKER;HYDROGEL_PACK;XIRECS;9889.0;6
111300;BOT_MAKER;BOT_TAKER;VELVETFRUIT_EXTRACT;XIRECS;5231.0;7
111400;BOT_TAKER;BOT_MAKER;HYDROGEL_PACK;XIRECS;9890.0;2
111400;BOT_MAKER;BOT_TAKER;VELVETFRUIT_EXTRACT;XIRECS;5230.0;5
111500;BOT_TAKER;BOT_MAKER;VELVETFRUIT_EXTRACT;XIRECS;5233.0;7
111600;BOT_MAKER;BOT_TAKER;HYDROGEL_PACK;XIRECS;9875.0;6
111600;BOT_TAKER;BOT_MAKER;VEV_6500;XIRECS;1.0;5
111700;BOT_TAKER;BOT_MAKER;VELVETFRUIT_EXTRACT;XIRECS;5235.0;3
111700;BOT_MAKER;BOT_TAKER;VELVETFRUIT_EXTRACT;XIRECS;5230.0;4
111800;BOT_TAKER;BOT_MAKER;HYDROGEL_PACK;XIRECS;9890.0;4
111900;BOT_TAKER;BOT_MAKER;VELVETFRUIT_EXTRACT;XIRECS;5235.0;5
111900;BOT_TAKER;BOT_MAKER;VEV_5400;XIRECS;19.0;2
112000;BOT_MAKER;BOT_TAKER;HYDROGEL_PACK;XIRECS;9871.0;3
112000;BOT_TAKER;BOT_MAKER;VEV_5400;XIRECS;19.0;5
112200;BOT_MAKER;BOT_TAKER;HYDROGEL_PACK;XIRECS;9871.0;2
112200;BOT_TAKER;BOT_MAKER;VELVETFRUIT_EXTRACT;XIRECS;5233.0;11
112200;BOT_MAKER;BOT_TAKER;VEV_4000;XIRECS;1274.0;3
112300;BOT_MAKER;BOT_TAKER;HYDROGEL_PACK;XIRECS;9869.0;4
112400;BOT_TAKER;BOT_MAKER;HYDROGEL_PACK;XIRECS;9884.0;3
112400;BOT_MAKER;BOT_TAKER;VELVETFRUIT_EXTRACT;XIRECS;5228.0;3
112500;BOT_TAKER;BOT_MAKER;HYDROGEL_PACK;XIRECS;9882.0;3
112500;BOT_TAKER;BOT_MAKER;VELVETFRUIT_EXTRACT;XIRECS;5234.0;7
112500;BOT_TAKER;BOT_MAKER;VEV_6000;XIRECS;1.0;5
112600;BOT_TAKER;BOT_MAKER;VEV_5400;XIRECS;19.0;4
112700;BOT_MAKER;BOT_TAKER;HYDROGEL_PACK;XIRECS;9866.0;3
112700;BOT_MAKER;BOT_TAKER;VELVETFRUIT_EXTRACT;XIRECS;5228.0;7
112700;BOT_TAKER;BOT_MAKER;VEV_4000;XIRECS;1294.0;1
112700;BOT_TAKER;BOT_MAKER;VEV_5500;XIRECS;3.0;5
112800;BOT_TAKER;BOT_MAKER;HYDROGEL_PACK;XIRECS;9879.0;6
112800;BOT_TAKER;BOT_MAKER;VEV_4000;XIRECS;1296.0;1
112900;BOT_MAKER;BOT_TAKER;HYDROGEL_PACK;XIRECS;9866.0;5
112900;BOT_MAKER;BOT_TAKER;VELVETFRUIT_EXTRACT;XIRECS;5228.0;7
112900;BOT_MAKER;BOT_TAKER;VEV_5500;XIRECS;1.0;5
113000;BOT_TAKER;BOT_MAKER;VELVETFRUIT_EXTRACT;XIRECS;5234.0;7
113000;BOT_MAKER;BOT_TAKER;VELVETFRUIT_EXTRACT;XIRECS;5228.0;10
113000;BOT_TAKER;BOT_MAKER;VEV_6500;XIRECS;1.0;5
113100;BOT_MAKER;BOT_TAKER;VEV_4000;XIRECS;1274.0;3
113200;BOT_TAKER;BOT_MAKER;VELVETFRUIT_EXTRACT;XIRECS;5232.0;5
113300;BOT_MAKER;BOT_TAKER;HYDROGEL_PACK;XIRECS;9862.0;6
113300;BOT_MAKER;BOT_TAKER;VEV_6500;XIRECS;0.0;5
113400;BOT_TAKER;BOT_MAKER;VELVETFRUIT_EXTRACT;XIRECS;5234.0;7
113500;BOT_TAKER;BOT_MAKER;HYDROGEL_PACK;XIRECS;9876.0;6
113500;BOT_TAKER;BOT_MAKER;VELVETFRUIT_EXTRACT;XIRECS;5234.0;6
113500;BOT_TAKER;BOT_MAKER;VEV_4000;XIRECS;1295.0;3
113600;BOT_TAKER;BOT_MAKER;VELVETFRUIT_EXTRACT;XIRECS;5233.0;3
113600;BOT_TAKER;BOT_MAKER;VEV_6500;XIRECS;1.0;4
113800;BOT_MAKER;BOT_TAKER;HYDROGEL_PACK;XIRECS;9866.0;5
113800;BOT_TAKER;BOT_MAKER;VELVETFRUIT_EXTRACT;XIRECS;5233.0;7
113900;BOT_TAKER;BOT_MAKER;VELVETFRUIT_EXTRACT;XIRECS;5233.0;4
114200;BOT_TAKER;BOT_MAKER;VELVETFRUIT_EXTRACT;XIRECS;5234.0;4
114200;BOT_MAKER;BOT_TAKER;VEV_4000;XIRECS;1274.0;3
114300;BOT_TAKER;BOT_MAKER;HYDROGEL_PACK;XIRECS;9887.0;3
114400;BOT_TAKER;BOT_MAKER;HYDROGEL_PACK;XIRECS;9891.0;3
114400;BOT_TAKER;BOT_MAKER;VELVETFRUIT_EXTRACT;XIRECS;5235.0;4
114400;BOT_TAKER;BOT_MAKER;VEV_4000;XIRECS;1294.0;3
114500;BOT_TAKER;BOT_MAKER;VEV_6000;XIRECS;1.0;3
114600;BOT_MAKER;BOT_TAKER;HYDROGEL_PACK;XIRECS;9877.0;4
114600;BOT_TAKER;BOT_MAKER;VELVETFRUIT_EXTRACT;XIRECS;5234.0;6
114600;BOT_TAKER;BOT_MAKER;VEV_6500;XIRECS;1.0;4
114700;BOT_MAKER;BOT_TAKER;VELVETFRUIT_EXTRACT;XIRECS;5230.0;8
114700;BOT_MAKER;BOT_TAKER;VEV_6000;XIRECS;0.0;3
114800;BOT_MAKER;BOT_TAKER;VELVETFRUIT_EXTRACT;XIRECS;5228.0;3
114800;BOT_TAKER;BOT_MAKER;VELVETFRUIT_EXTRACT;XIRECS;5234.0;6
114800;BOT_TAKER;BOT_MAKER;VEV_4000;XIRECS;1293.0;1
114900;BOT_TAKER;BOT_MAKER;HYDROGEL_PACK;XIRECS;9889.0;5
114900;BOT_MAKER;BOT_TAKER;VELVETFRUIT_EXTRACT;XIRECS;5228.0;8
115300;BOT_MAKER;BOT_TAKER;VEV_5300;XIRECS;61.0;4
115400;BOT_MAKER;BOT_TAKER;VELVETFRUIT_EXTRACT;XIRECS;5226.0;4
115400;BOT_MAKER;BOT_TAKER;VELVETFRUIT_EXTRACT;XIRECS;5226.0;7
115500;BOT_MAKER;BOT_TAKER;HYDROGEL_PACK;XIRECS;9869.0;2
115500;BOT_MAKER;BOT_TAKER;VELVETFRUIT_EXTRACT;XIRECS;5227.0;6
115700;BOT_MAKER;BOT_TAKER;VELVETFRUIT_EXTRACT;XIRECS;5228.0;11
115700;BOT_MAKER;BOT_TAKER;VEV_5300;XIRECS;62.0;3
115700;BOT_MAKER;BOT_TAKER;VEV_5400;XIRECS;15.0;2
115800;BOT_MAKER;BOT_TAKER;HYDROGEL_PACK;XIRECS;9873.0;4
115800;BOT_TAKER;BOT_MAKER;VELVETFRUIT_EXTRACT;XIRECS;5233.0;5
115900;BOT_TAKER;BOT_MAKER;HYDROGEL_PACK;XIRECS;9893.0;6
116000;BOT_TAKER;BOT_MAKER;HYDROGEL_PACK;XIRECS;9890.0;5
116000;BOT_TAKER;BOT_MAKER;VEV_4000;XIRECS;1296.0;2
116200;BOT_MAKER;BOT_TAKER;VELVETFRUIT_EXTRACT;XIRECS;5229.0;7
116400;BOT_TAKER;BOT_MAKER;VELVETFRUIT_EXTRACT;XIRECS;5235.0;5
116600;BOT_MAKER;BOT_TAKER;VEV_5400;XIRECS;16.0;5
116700;BOT_TAKER;BOT_MAKER;VELVETFRUIT_EXTRACT;XIRECS;5238.0;5
116700;BOT_TAKER;BOT_MAKER;VEV_5300;XIRECS;64.0;2
116800;BOT_MAKER;BOT_TAKER;VELVETFRUIT_EXTRACT;XIRECS;5234.0;8
116900;BOT_TAKER;BOT_MAKER;VELVETFRUIT_EXTRACT;XIRECS;5237.0;4
117000;BOT_MAKER;BOT_TAKER;HYDROGEL_PACK;XIRECS;9867.0;5
117000;BOT_TAKER;BOT_MAKER;VELVETFRUIT_EXTRACT;XIRECS;5238.0;5
117000;BOT_MAKER;BOT_TAKER;VEV_4000;XIRECS;1274.0;3
117100;BOT_TAKER;BOT_MAKER;HYDROGEL_PACK;XIRECS;9882.0;5
117100;BOT_TAKER;BOT_MAKER;VELVETFRUIT_EXTRACT;XIRECS;5238.0;3
117100;BOT_TAKER;BOT_MAKER;VEV_4000;XIRECS;1293.0;2
117200;BOT_TAKER;BOT_MAKER;VEV_5500;XIRECS;3.0;3
117300;BOT_MAKER;BOT_TAKER;VELVETFRUIT_EXTRACT;XIRECS;5233.0;5
117300;BOT_TAKER;BOT_MAKER;VEV_4000;XIRECS;1295.0;1
117300;BOT_MAKER;BOT_TAKER;VEV_6500;XIRECS;0.0;3
117400;BOT_MAKER;BOT_TAKER;VEV_5400;XIRECS;15.0;5
117500;BOT_MAKER;BOT_TAKER;VELVETFRUIT_EXTRACT;XIRECS;5235.0;5
117700;BOT_TAKER;BOT_MAKER;VEV_4000;XIRECS;1295.0;2
117800;BOT_MAKER;BOT_TAKER;VELVETFRUIT_EXTRACT;XIRECS;5235.0;8
118000;BOT_TAKER;BOT_MAKER;HYDROGEL_PACK;XIRECS;9880.0;3
118000;BOT_TAKER;BOT_MAKER;VEV_5300;XIRECS;62.0;4
118000;BOT_MAKER;BOT_TAKER;VEV_6500;XIRECS;0.0;2
118100;BOT_TAKER;BOT_MAKER;HYDROGEL_PACK;XIRECS;9880.0;6
118100;BOT_MAKER;BOT_TAKER;VELVETFRUIT_EXTRACT;XIRECS;5234.0;8
118100;BOT_TAKER;BOT_MAKER;VELVETFRUIT_EXTRACT;XIRECS;5240.0;5
118200;BOT_TAKER;BOT_MAKER;HYDROGEL_PACK;XIRECS;9879.0;5
118300;BOT_MAKER;BOT_TAKER;VEV_4000;XIRECS;1274.0;3
118400;BOT_TAKER;BOT_MAKER;VELVETFRUIT_EXTRACT;XIRECS;5239.0;6
118400;BOT_TAKER;BOT_MAKER;VEV_4000;XIRECS;1296.0;3
118600;BOT_TAKER;BOT_MAKER;HYDROGEL_PACK;XIRECS;9879.0;6
118600;BOT_MAKER;BOT_TAKER;VEV_4000;XIRECS;1274.0;2
118700;BOT_MAKER;BOT_TAKER;VEV_4000;XIRECS;1273.0;2
118700;BOT_TAKER;BOT_MAKER;VEV_6500;XIRECS;1.0;3
118900;BOT_MAKER;BOT_TAKER;VELVETFRUIT_EXTRACT;XIRECS;5235.0;6
119100;BOT_MAKER;BOT_TAKER;HYDROGEL_PACK;XIRECS;9861.0;3
119100;BOT_TAKER;BOT_MAKER;VEV_5500;XIRECS;2.0;3
119200;BOT_MAKER;BOT_TAKER;VEV_5400;XIRECS;15.0;3
119300;BOT_MAKER;BOT_TAKER;HYDROGEL_PACK;XIRECS;9863.0;4
119400;BOT_MAKER;BOT_TAKER;HYDROGEL_PACK;XIRECS;9862.0;5
119400;BOT_MAKER;BOT_TAKER;VELVETFRUIT_EXTRACT;XIRECS;5236.0;4
119500;BOT_MAKER;BOT_TAKER;VEV_6000;XIRECS;0.0;2
119500;BOT_MAKER;BOT_TAKER;VEV_6500;XIRECS;0.0;4
119600;BOT_TAKER;BOT_MAKER;VEV_5500;XIRECS;2.0;3
119700;BOT_MAKER;BOT_TAKER;VEV_6000;XIRECS;0.0;2
119800;BOT_TAKER;BOT_MAKER;HYDROGEL_PACK;XIRECS;9879.0;4
119800;BOT_TAKER;BOT_MAKER;VELVETFRUIT_EXTRACT;XIRECS;5242.0;4
119900;BOT_MAKER;BOT_TAKER;HYDROGEL_PACK;XIRECS;9863.0;4
119900;BOT_MAKER;BOT_TAKER;VEV_6500;XIRECS;0.0;2
120100;BOT_MAKER;BOT_TAKER;VEV_4000;XIRECS;1273.0;3
120200;BOT_MAKER;BOT_TAKER;VELVETFRUIT_EXTRACT;XIRECS;5237.0;3
120200;BOT_TAKER;BOT_MAKER;VEV_4000;XIRECS;1292.0;2
120200;BOT_MAKER;BOT_TAKER;VEV_5500;XIRECS;1.0;5
120400;BOT_MAKER;BOT_TAKER;VELVETFRUIT_EXTRACT;XIRECS;5236.0;9
120400;BOT_MAKER;BOT_TAKER;VEV_4000;XIRECS;1271.0;2
120500;BOT_TAKER;BOT_MAKER;VELVETFRUIT_EXTRACT;XIRECS;5240.0;7
120700;BOT_MAKER;BOT_TAKER;VELVETFRUIT_EXTRACT;XIRECS;5235.0;3
120800;BOT_TAKER;BOT_MAKER;HYDROGEL_PACK;XIRECS;9885.0;4
120800;BOT_MAKER;BOT_TAKER;VELVETFRUIT_EXTRACT;XIRECS;5233.0;3
120900;BOT_MAKER;BOT_TAKER;HYDROGEL_PACK;XIRECS;9866.0;3
120900;BOT_MAKER;BOT_TAKER;VELVETFRUIT_EXTRACT;XIRECS;5234.0;6
121200;BOT_TAKER;BOT_MAKER;HYDROGEL_PACK;XIRECS;9879.0;5
121300;BOT_TAKER;BOT_MAKER;HYDROGEL_PACK;XIRECS;9879.0;5
121300;BOT_MAKER;BOT_TAKER;VELVETFRUIT_EXTRACT;XIRECS;5230.0;4
121400;BOT_MAKER;BOT_TAKER;VEV_6500;XIRECS;0.0;5
121500;BOT_MAKER;BOT_TAKER;VEV_5300;XIRECS;63.0;3
121700;BOT_TAKER;BOT_MAKER;VEV_6000;XIRECS;1.0;4
121900;BOT_MAKER;BOT_TAKER;HYDROGEL_PACK;XIRECS;9861.0;3
121900;BOT_MAKER;BOT_TAKER;VELVETFRUIT_EXTRACT;XIRECS;5228.0;5
121900;BOT_TAKER;BOT_MAKER;VEV_6000;XIRECS;1.0;2
122000;BOT_TAKER;BOT_MAKER;VEV_5500;XIRECS;3.0;4
122100;BOT_MAKER;BOT_TAKER;HYDROGEL_PACK;XIRECS;9858.0;4
122200;BOT_TAKER;BOT_MAKER;HYDROGEL_PACK;XIRECS;9870.0;3
122200;BOT_MAKER;BOT_TAKER;HYDROGEL_PACK;XIRECS;9854.0;5
122200;BOT_TAKER;BOT_MAKER;VEV_6500;XIRECS;1.0;4
122300;BOT_MAKER;BOT_TAKER;HYDROGEL_PACK;XIRECS;9855.0;3
122300;BOT_MAKER;BOT_TAKER;VELVETFRUIT_EXTRACT;XIRECS;5224.0;4
122400;BOT_TAKER;BOT_MAKER;HYDROGEL_PACK;XIRECS;9869.0;5
122500;BOT_TAKER;BOT_MAKER;VELVETFRUIT_EXTRACT;XIRECS;5228.0;4
122600;BOT_MAKER;BOT_TAKER;VEV_6000;XIRECS;0.0;2
122700;BOT_TAKER;BOT_MAKER;VELVETFRUIT_EXTRACT;XIRECS;5226.0;3
122700;BOT_MAKER;BOT_TAKER;VEV_4000;XIRECS;1275.0;3
122700;BOT_MAKER;BOT_TAKER;VEV_5500;XIRECS;2.0;5
122800;BOT_TAKER;BOT_MAKER;VELVETFRUIT_EXTRACT;XIRECS;5227.0;4
123000;BOT_TAKER;BOT_MAKER;VELVETFRUIT_EXTRACT;XIRECS;5226.0;3
123100;BOT_MAKER;BOT_TAKER;VEV_6500;XIRECS;0.0;5
123200;BOT_MAKER;BOT_TAKER;VELVETFRUIT_EXTRACT;XIRECS;5220.0;8
123300;BOT_TAKER;BOT_MAKER;HYDROGEL_PACK;XIRECS;9864.0;5
123300;BOT_TAKER;BOT_MAKER;HYDROGEL_PACK;XIRECS;9864.0;3
123300;BOT_TAKER;BOT_MAKER;VEV_4000;XIRECS;1301.0;2
123300;BOT_TAKER;BOT_MAKER;VEV_6500;XIRECS;1.0;5
123500;BOT_MAKER;BOT_TAKER;HYDROGEL_PACK;XIRECS;9847.0;6
123500;BOT_TAKER;BOT_MAKER;VEV_5300;XIRECS;67.0;3
123500;BOT_TAKER;BOT_MAKER;VEV_5500;XIRECS;3.0;2
123500;BOT_MAKER;BOT_TAKER;VEV_6000;XIRECS;0.0;2
123600;BOT_MAKER;BOT_TAKER;HYDROGEL_PACK;XIRECS;9846.0;6
123700;BOT_MAKER;BOT_TAKER;VEV_6000;XIRECS;0.0;3
124000;BOT_TAKER;BOT_MAKER;HYDROGEL_PACK;XIRECS;9861.0;3
124000;BOT_MAKER;BOT_TAKER;VELVETFRUIT_EXTRACT;XIRECS;5224.0;6
124000;BOT_TAKER;BOT_MAKER;VEV_6500;XIRECS;1.0;5
124100;BOT_TAKER;BOT_MAKER;HYDROGEL_PACK;XIRECS;9865.0;3
124100;BOT_TAKER;BOT_MAKER;VEV_6000;XIRECS;1.0;4
124200;BOT_MAKER;BOT_TAKER;VELVETFRUIT_EXTRACT;XIRECS;5225.0;8
124200;BOT_TAKER;BOT_MAKER;VELVETFRUIT_EXTRACT;XIRECS;5230.0;7
124400;BOT_TAKER;BOT_MAKER;VELVETFRUIT_EXTRACT;XIRECS;5230.0;4
124500;BOT_TAKER;BOT_MAKER;VELVETFRUIT_EXTRACT;XIRECS;5230.0;5
124500;BOT_MAKER;BOT_TAKER;VEV_4000;XIRECS;1277.0;3
124600;BOT_TAKER;BOT_MAKER;VELVETFRUIT_EXTRACT;XIRECS;5230.0;8
124700;BOT_MAKER;BOT_TAKER;HYDROGEL_PACK;XIRECS;9854.0;5
124700;BOT_MAKER;BOT_TAKER;VEV_5400;XIRECS;13.0;5
124700;BOT_TAKER;BOT_MAKER;VEV_5500;XIRECS;3.0;4
124700;BOT_TAKER;BOT_MAKER;VEV_6500;XIRECS;1.0;3
124800;BOT_TAKER;BOT_MAKER;VELVETFRUIT_EXTRACT;XIRECS;5231.0;6
125200;BOT_MAKER;BOT_TAKER;HYDROGEL_PACK;XIRECS;9850.0;2
125200;BOT_TAKER;BOT_MAKER;VEV_5200;XIRECS;105.0;5
125300;BOT_MAKER;BOT_TAKER;VEV_6000;XIRECS;0.0;4
125400;BOT_MAKER;BOT_TAKER;VEV_6500;XIRECS;0.0;3
125500;BOT_MAKER;BOT_TAKER;VELVETFRUIT_EXTRACT;XIRECS;5223.0;7
125500;BOT_TAKER;BOT_MAKER;VELVETFRUIT_EXTRACT;XIRECS;5229.0;8
125600;BOT_TAKER;BOT_MAKER;HYDROGEL_PACK;XIRECS;9872.0;3
125600;BOT_TAKER;BOT_MAKER;VELVETFRUIT_EXTRACT;XIRECS;5230.0;6
125600;BOT_MAKER;BOT_TAKER;VEV_5300;XIRECS;65.0;3
125700;BOT_MAKER;BOT_TAKER;VELVETFRUIT_EXTRACT;XIRECS;5224.0;3
125900;BOT_MAKER;BOT_TAKER;VELVETFRUIT_EXTRACT;XIRECS;5226.0;6
125900;BOT_MAKER;BOT_TAKER;VEV_5500;XIRECS;2.0;2
126000;BOT_MAKER;BOT_TAKER;HYDROGEL_PACK;XIRECS;9861.0;5
126300;BOT_TAKER;BOT_MAKER;VELVETFRUIT_EXTRACT;XIRECS;5232.0;7
126300;BOT_MAKER;BOT_TAKER;VELVETFRUIT_EXTRACT;XIRECS;5226.0;8
126400;BOT_TAKER;BOT_MAKER;VELVETFRUIT_EXTRACT;XIRECS;5232.0;8
126600;BOT_TAKER;BOT_MAKER;VEV_4000;XIRECS;1304.0;3
126600;BOT_MAKER;BOT_TAKER;VEV_6500;XIRECS;0.0;5
126700;BOT_MAKER;BOT_TAKER;HYDROGEL_PACK;XIRECS;9855.0;5
126700;BOT_MAKER;BOT_TAKER;VELVETFRUIT_EXTRACT;XIRECS;5226.0;5
126800;BOT_MAKER;BOT_TAKER;HYDROGEL_PACK;XIRECS;9857.0;6
126800;BOT_MAKER;BOT_TAKER;VELVETFRUIT_EXTRACT;XIRECS;5226.0;6
126800;BOT_TAKER;BOT_MAKER;VEV_6000;XIRECS;1.0;2
126800;BOT_MAKER;BOT_TAKER;VEV_6000;XIRECS;0.0;3
126900;BOT_TAKER;BOT_MAKER;HYDROGEL_PACK;XIRECS;9873.0;4
127000;BOT_MAKER;BOT_TAKER;VELVETFRUIT_EXTRACT;XIRECS;5224.0;6
127100;BOT_MAKER;BOT_TAKER;HYDROGEL_PACK;XIRECS;9854.0;5
127200;BOT_MAKER;BOT_TAKER;HYDROGEL_PACK;XIRECS;9857.0;5
127300;BOT_MAKER;BOT_TAKER;HYDROGEL_PACK;XIRECS;9856.0;2
127300;BOT_TAKER;BOT_MAKER;VEV_4000;XIRECS;1306.0;2
127300;BOT_TAKER;BOT_MAKER;VEV_6000;XIRECS;1.0;5
127400;BOT_MAKER;BOT_TAKER;VELVETFRUIT_EXTRACT;XIRECS;5225.0;6
127400;BOT_MAKER;BOT_TAKER;VEV_4000;XIRECS;1283.0;2
127500;BOT_TAKER;BOT_MAKER;VELVETFRUIT_EXTRACT;XIRECS;5228.0;4
127500;BOT_MAKER;BOT_TAKER;VEV_6500;XIRECS;0.0;4
127600;BOT_TAKER;BOT_MAKER;VELVETFRUIT_EXTRACT;XIRECS;5227.0;8
127700;BOT_MAKER;BOT_TAKER;HYDROGEL_PACK;XIRECS;9857.0;6
127800;BOT_TAKER;BOT_MAKER;HYDROGEL_PACK;XIRECS;9873.0;5
127800;BOT_TAKER;BOT_MAKER;VELVETFRUIT_EXTRACT;XIRECS;5224.0;8
127800;BOT_TAKER;BOT_MAKER;VEV_4000;XIRECS;1304.0;3
127900;BOT_MAKER;BOT_TAKER;VELVETFRUIT_EXTRACT;XIRECS;5220.0;5
128100;BOT_MAKER;BOT_TAKER;HYDROGEL_PACK;XIRECS;9853.0;6
128300;BOT_MAKER;BOT_TAKER;VEV_4000;XIRECS;1282.0;3
128300;BOT_TAKER;BOT_MAKER;VEV_6500;XIRECS;1.0;3
128400;BOT_TAKER;BOT_MAKER;HYDROGEL_PACK;XIRECS;9870.0;2
128400;BOT_MAKER;BOT_TAKER;VELVETFRUIT_EXTRACT;XIRECS;5220.0;7
128500;BOT_MAKER;BOT_TAKER;HYDROGEL_PACK;XIRECS;9855.0;3
128500;BOT_MAKER;BOT_TAKER;VEV_6500;XIRECS;0.0;2
128600;BOT_MAKER;BOT_TAKER;HYDROGEL_PACK;XIRECS;9853.0;3
128600;BOT_TAKER;BOT_MAKER;VELVETFRUIT_EXTRACT;XIRECS;5224.0;5
128700;BOT_TAKER;BOT_MAKER;VEV_5500;XIRECS;4.0;2
128800;BOT_TAKER;BOT_MAKER;HYDROGEL_PACK;XIRECS;9871.0;4
128900;BOT_TAKER;BOT_MAKER;HYDROGEL_PACK;XIRECS;9870.0;6
128900;BOT_MAKER;BOT_TAKER;VEV_4000;XIRECS;1278.0;1
129000;BOT_TAKER;BOT_MAKER;VELVETFRUIT_EXTRACT;XIRECS;5225.0;3
129100;BOT_TAKER;BOT_MAKER;VEV_4000;XIRECS;1299.0;1
129300;BOT_MAKER;BOT_TAKER;VELVETFRUIT_EXTRACT;XIRECS;5220.0;7
129400;BOT_TAKER;BOT_MAKER;VELVETFRUIT_EXTRACT;XIRECS;5226.0;4
129400;BOT_TAKER;BOT_MAKER;VEV_6500;XIRECS;1.0;4
129500;BOT_MAKER;BOT_TAKER;HYDROGEL_PACK;XIRECS;9857.0;5
129500;BOT_MAKER;BOT_TAKER;VELVETFRUIT_EXTRACT;XIRECS;5219.0;15
129500;BOT_TAKER;BOT_MAKER;VEV_5300;XIRECS;64.0;2
129600;BOT_MAKER;BOT_TAKER;VELVETFRUIT_EXTRACT;XIRECS;5218.0;5
129700;BOT_MAKER;BOT_TAKER;VEV_5500;XIRECS;2.0;4
129800;BOT_MAKER;BOT_TAKER;HYDROGEL_PACK;XIRECS;9854.0;2
129900;BOT_TAKER;BOT_MAKER;VEV_6000;XIRECS;1.0;5
130000;BOT_MAKER;BOT_TAKER;HYDROGEL_PACK;XIRECS;9852.0;3
130000;BOT_TAKER;BOT_MAKER;VELVETFRUIT_EXTRACT;XIRECS;5227.0;5
130100;BOT_MAKER;BOT_TAKER;HYDROGEL_PACK;XIRECS;9852.0;2
130200;BOT_TAKER;BOT_MAKER;VEV_5300;XIRECS;66.0;5
130200;BOT_MAKER;BOT_TAKER;VEV_6500;XIRECS;0.0;4
130300;BOT_MAKER;BOT_TAKER;VEV_6000;XIRECS;0.0;3
130500;BOT_MAKER;BOT_TAKER;VEV_4000;XIRECS;1278.0;1
130600;BOT_TAKER;BOT_MAKER;VEV_4000;XIRECS;1298.0;2
130800;BOT_TAKER;BOT_MAKER;VEV_4000;XIRECS;1299.0;2
130900;BOT_MAKER;BOT_TAKER;VELVETFRUIT_EXTRACT;XIRECS;5220.0;8
131000;BOT_MAKER;BOT_TAKER;VELVETFRUIT_EXTRACT;XIRECS;5221.0;5
131100;BOT_TAKER;BOT_MAKER;VELVETFRUIT_EXTRACT;XIRECS;5228.0;3
131200;BOT_TAKER;BOT_MAKER;HYDROGEL_PACK;XIRECS;9877.0;3
131400;BOT_MAKER;BOT_TAKER;VEV_4000;XIRECS;1279.0;1
131500;BOT_MAKER;BOT_TAKER;HYDROGEL_PACK;XIRECS;9861.0;6
131600;BOT_TAKER;BOT_MAKER;VEV_4000;XIRECS;1303.0;2
131700;BOT_MAKER;BOT_TAKER;VEV_4000;XIRECS;1279.0;2
131800;BOT_MAKER;BOT_TAKER;HYDROGEL_PACK;XIRECS;9865.0;5
132200;BOT_TAKER;BOT_MAKER;VELVETFRUIT_EXTRACT;XIRECS;5223.0;4
132300;BOT_MAKER;BOT_TAKER;HYDROGEL_PACK;XIRECS;9861.0;2
132300;BOT_TAKER;BOT_MAKER;VELVETFRUIT_EXTRACT;XIRECS;5224.0;4
132300;BOT_MAKER;BOT_TAKER;VELVETFRUIT_EXTRACT;XIRECS;5218.0;3
132400;BOT_TAKER;BOT_MAKER;HYDROGEL_PACK;XIRECS;9879.0;5
132400;BOT_MAKER;BOT_TAKER;VEV_6500;XIRECS;0.0;3
132500;BOT_MAKER;BOT_TAKER;VELVETFRUIT_EXTRACT;XIRECS;5216.0;4
132600;BOT_MAKER;BOT_TAKER;VELVETFRUIT_EXTRACT;XIRECS;5217.0;8
132600;BOT_TAKER;BOT_MAKER;VEV_5500;XIRECS;3.0;3
132600;BOT_MAKER;BOT_TAKER;VEV_6000;XIRECS;0.0;5
132700;BOT_TAKER;BOT_MAKER;VELVETFRUIT_EXTRACT;XIRECS;5224.0;9
132800;BOT_TAKER;BOT_MAKER;HYDROGEL_PACK;XIRECS;9879.0;6
132900;BOT_TAKER;BOT_MAKER;VELVETFRUIT_EXTRACT;XIRECS;5225.0;4
133100;BOT_TAKER;BOT_MAKER;HYDROGEL_PACK;XIRECS;9878.0;5
133200;BOT_MAKER;BOT_TAKER;VELVETFRUIT_EXTRACT;XIRECS;5220.0;6
133200;BOT_MAKER;BOT_TAKER;VEV_6500;XIRECS;0.0;5
133300;BOT_TAKER;BOT_MAKER;VEV_6000;XIRECS;1.0;3
133400;BOT_TAKER;BOT_MAKER;VELVETFRUIT_EXTRACT;XIRECS;5225.0;4
133600;BOT_TAKER;BOT_MAKER;HYDROGEL_PACK;XIRECS;9867.0;3
133800;BOT_MAKER;BOT_TAKER;HYDROGEL_PACK;XIRECS;9853.0;3
133800;BOT_TAKER;BOT_MAKER;VELVETFRUIT_EXTRACT;XIRECS;5222.0;8
133900;BOT_MAKER;BOT_TAKER;HYDROGEL_PACK;XIRECS;9850.0;5
133900;BOT_TAKER;BOT_MAKER;VELVETFRUIT_EXTRACT;XIRECS;5223.0;3
134100;BOT_TAKER;BOT_MAKER;HYDROGEL_PACK;XIRECS;9868.0;4
134100;BOT_TAKER;BOT_MAKER;VEV_5400;XIRECS;12.0;4
134200;BOT_MAKER;BOT_TAKER;VELVETFRUIT_EXTRACT;XIRECS;5218.0;5
134300;BOT_TAKER;BOT_MAKER;VELVETFRUIT_EXTRACT;XIRECS;5224.0;6
134300;BOT_MAKER;BOT_TAKER;VEV_4000;XIRECS;1271.0;2
134300;BOT_MAKER;BOT_TAKER;VEV_6000;XIRECS;0.0;5
134400;BOT_MAKER;BOT_TAKER;VEV_5500;XIRECS;3.0;3
