day;timestamp;product;bid_price_1;bid_volume_1;bid_price_2;bid_volume_2;bid_price_3;bid_volume_3;ask_price_1;ask_volume_1;ask_price_2;ask_volume_2;ask_price_3;ask_volume_3;mid_price;profit_and_loss
-1;0;HYDROGEL_PACK;9971;10;9969;30;;;9987;10;9990;30;;;9979.0;0.0
-1;0;VELVETFRUIT_EXTRACT;5260;25;5259;38;;;5265;69;;;;;5262.5;0.0
-1;0;VEV_4000;1252;10;1249;15;;;1273;10;1276;15;;;1262.5;0.0
-1;0;VEV_4500;754;12;752;12;;;770;12;772;12;;;762.0;0.0
-1;0;VEV_5000;263;8;;;;;269;33;;;;;266.0;0.0
-1;0;VEV_5100;173;36;172;19;;;178;22;;;;;175.5;0.0
-1;0;VEV_5200;100;8;99;13;;;102;31;;;;;101.0;0.0
-1;0;VEV_5300;49;9;;;;;51;21;;;;;50.0;0.0
-1;0;VEV_5400;16;25;15;20;;;16;24;17;18;;;16.0;0.0
-1;0;VEV_5500;6;22;;;;;7;25;;;;;6.5;0.0
-1;0;VEV_6000;0;23;;;;;1;23;;;;;0.5;0.0
-1;0;VEV_6500;0;18;;;;;1;18;;;;;0.5;0.0
-1;100;HYDROGEL_PACK;9967;11;9964;22;;;9983;11;9985;22;;;9975.0;0.0
-1;100;VELVETFRUIT_EXTRACT;5261;24;5260;62;;;5266;31;;;;;5263.5;0.0
-1;100;VEV_4000;1251;9;1248;20;;;1272;9;1275;20;;;1261.5;0.0
-1;100;VEV_4500;753;10;751;16;;;769;10;770;11;771;16;761.0;0.0
-1;100;VEV_5000;264;11;263;17;;;270;6;271;19;;;267.0;0.0
-1;100;VEV_5100;172;21;;;;;176;6;177;14;;;174.0;0.0
-1;100;VEV_5200;99;18;;;;;103;20;;;;;101.0;0.0
-1;100;VEV_5300;49;21;;;;;51;11;51;29;;;50.0;0.0
-1;100;VEV_5400;15;18;;;;;17;23;;;;;16.0;0.0
-1;100;VEV_5500;6;29;;;;;7;20;;;;;6.5;0.0
-1;100;VEV_6000;0;24;;;;;1;24;;;;;0.5;0.0
-1;100;VEV_6500;0;18;;;;;1;18;;;;;0.5;0.0
-1;200;HYDROGEL_PACK;9967;13;9964;23;;;9983;13;9985;23;;;9975.0;0.0
-1;200;VELVETFRUIT_EXTRACT;5260;63;;;;;5265;25;5266;52;;;5262.5;0.0
-1;200;VEV_4000;1248;9;1246;26;;;1270;9;1272;26;;;1259.0;0.0
-1;200;VEV_4500;754;8;752;12;;;770;8;772;12;;;762.0;0.0
-1;200;VEV_5000;264;19;263;12;;;270;12;271;21;;;267.0;0.0
-1;200;VEV_5100;171;8;170;30;;;175;32;176;24;;;173.0;0.0
-1;200;VEV_5200;99;21;;;;;103;14;;;;;101.0;0.0
-1;200;VEV_5300;49;19;;;;;51;27;;;;;50.0;0.0
-1;200;VEV_5400;16;26;15;26;;;17;16;;;;;16.5;0.0
-1;200;VEV_5500;6;17;;;;;7;21;;;;;6.5;0.0
-1;200;VEV_6000;0;28;;;;;1;28;;;;;0.5;0.0
-1;200;VEV_6500;0;14;;;;;1;14;;;;;0.5;0.0
-1;300;HYDROGEL_PACK;9967;11;9964;24;;;9983;11;9985;24;;;9975.0;0.0
-1;300;VELVETFRUIT_EXTRACT;5260;47;;;;;5266;33;;;;;5263.0;0.0
-1;300;VEV_4000;1249;7;1247;18;;;1270;7;1273;18;;;1259.5;0.0
-1;300;VEV_4500;751;22;;;;;769;9;771;22;;;760.0;0.0
-1;300;VEV_5000;264;8;263;19;;;270;12;271;18;;;267.0;0.0
-1;300;VEV_5100;172;6;;;;;176;7;;;;;174.0;0.0
-1;300;VEV_5200;99;32;;;;;102;33;103;21;;;100.5;0.0
-1;300;VEV_5300;50;5;;;;;52;23;;;;;51.0;0.0
-1;300;VEV_5400;16;23;15;16;;;17;25;;;;;16.5;0.0
-1;300;VEV_5500;6;22;;;;;7;24;;;;;6.5;0.0
-1;300;VEV_6000;0;20;;;;;1;20;;;;;0.5;0.0
-1;300;VEV_6500;0;15;;;;;1;15;;;;;0.5;0.0
-1;400;HYDROGEL_PACK;9967;12;9964;30;;;9983;12;9985;30;;;9975.0;0.0
-1;400;VELVETFRUIT_EXTRACT;5261;45;;;;;5267;48;;;;;5264.0;0.0
-1;400;VEV_4000;1250;10;1247;23;;;1271;10;1274;23;;;1260.5;0.0
-1;400;VEV_4500;753;6;751;17;;;769;6;771;17;;;761.0;0.0
-1;400;VEV_5000;264;10;;;;;270;11;271;16;;;267.0;0.0
-1;400;VEV_5100;172;11;;;;;176;31;177;24;;;174.0;0.0
-1;400;VEV_5200;;;;;;;103;12;;;;;103.0;0.0
-1;400;VEV_5300;50;20;49;19;;;53;24;;;;;51.5;0.0
-1;400;VEV_5400;15;25;15;28;;;;;;;;;15.0;0.0
-1;400;VEV_5500;6;19;;;;;7;19;;;;;6.5;0.0
-1;400;VEV_6000;0;25;;;;;1;25;;;;;0.5;0.0
-1;400;VEV_6500;0;15;;;;;1;15;;;;;0.5;0.0
-1;500;HYDROGEL_PACK;9966;15;9963;26;;;9982;15;9984;26;;;9974.0;0.0
-1;500;VELVETFRUIT_EXTRACT;5261;38;;;;;5267;58;;;;;5264.0;0.0
-1;500;VEV_4000;1248;11;1245;18;;;1269;11;1272;18;;;1258.5;0.0
-1;500;VEV_4500;752;13;;;;;772;13;;;;;762.0;0.0
-1;500;VEV_5000;264;6;263;23;;;270;12;;;;;267.0;0.0
-1;500;VEV_5100;170;24;;;;;175;11;;;;;172.5;0.0
-1;500;VEV_5200;100;21;;;;;103;8;;;;;101.5;0.0
-1;500;VEV_5300;50;16;49;18;;;52;19;;;;;51.0;0.0
-1;500;VEV_5400;;;;;;;16;25;17;12;;;16.0;0.0
-1;500;VEV_5500;6;23;;;;;7;25;;;;;6.5;0.0
-1;500;VEV_6000;0;15;;;;;1;15;;;;;0.5;0.0
-1;500;VEV_6500;0;14;;;;;1;14;;;;;0.5;0.0
-1;600;HYDROGEL_PACK;9962;14;9960;21;;;9978;14;9981;21;;;9970.0;0.0
-1;600;VELVETFRUIT_EXTRACT;5261;16;5260;35;;;5265;16;5266;53;;;5263.0;0.0
-1;600;VEV_4000;1248;10;1246;29;;;1269;10;1272;29;;;1258.5;0.0
-1;600;VEV_4500;754;10;752;19;;;770;10;771;10;772;19;762.0;0.0
-1;600;VEV_5000;264;17;;;;;271;6;;;;;267.5;0.0
-1;600;VEV_5100;171;7;170;29;;;175;23;176;15;;;173.0;0.0
-1;600;VEV_5200;100;33;;;;;103;10;104;17;;;101.5;0.0
-1;600;VEV_5300;50;29;;;;;52;7;;;;;51.0;0.0
-1;600;VEV_5400;15;27;15;21;;;16;18;17;17;;;15.5;0.0
-1;600;VEV_5500;6;28;;;;;7;19;;;;;6.5;0.0
-1;600;VEV_6000;0;20;;;;;1;20;;;;;0.5;0.0
-1;600;VEV_6500;0;15;;;;;1;15;;;;;0.5;0.0
-1;700;HYDROGEL_PACK;9961;14;9959;27;;;9977;14;9980;27;;;9969.0;0.0
-1;700;VELVETFRUIT_EXTRACT;5260;63;;;;;5265;15;5266;35;;;5262.5;0.0
-1;700;VEV_4000;1247;10;1245;27;;;1269;10;1271;27;;;1258.0;0.0
-1;700;VEV_4500;755;6;753;15;;;771;6;773;15;;;763.0;0.0
-1;700;VEV_5000;265;10;264;19;;;271;7;272;23;;;268.0;0.0
-1;700;VEV_5100;171;12;;;;;175;7;176;27;;;173.0;0.0
-1;700;VEV_5200;101;30;100;15;;;;;;;;;101.0;0.0
-1;700;VEV_5300;50;18;49;15;;;52;18;53;29;;;51.0;0.0
-1;700;VEV_5400;15;27;15;19;;;17;19;;;;;16.0;0.0
-1;700;VEV_5500;6;19;;;;;7;18;;;;;6.5;0.0
-1;700;VEV_6000;0;16;;;;;1;16;;;;;0.5;0.0
-1;700;VEV_6500;0;14;;;;;1;14;;;;;0.5;0.0
-1;800;HYDROGEL_PACK;9960;13;9958;21;;;9976;13;9978;21;;;9968.0;0.0
-1;800;VELVETFRUIT_EXTRACT;5262;47;;;;;5267;24;5268;56;;;5264.5;0.0
-1;800;VEV_4000;1246;8;1244;19;;;1267;8;1270;19;;;1256.5;0.0
-1;800;VEV_4500;;;;;;;770;8;771;11;772;23;770.0;0.0
-1;800;VEV_5000;265;10;;;;;271;7;272;26;;;268.0;0.0
-1;800;VEV_5100;170;8;169;13;;;174;10;175;29;;;172.0;0.0
-1;800;VEV_5200;101;30;100;22;;;103;28;104;25;;;102.0;0.0
-1;800;VEV_5300;50;21;;;;;53;11;;;;;51.5;0.0
-1;800;VEV_5400;15;27;;;;;16;25;17;16;;;15.5;0.0
-1;800;VEV_5500;6;22;;;;;7;22;;;;;6.5;0.0
-1;800;VEV_6000;0;24;;;;;1;24;;;;;0.5;0.0
-1;800;VEV_6500;0;16;;;;;1;16;;;;;0.5;0.0
-1;900;HYDROGEL_PACK;9958;23;;;;;9977;10;9979;23;;;9967.5;0.0
-1;900;VELVETFRUIT_EXTRACT;5264;52;;;;;5270;43;5270;50;;;5267.0;0.0
-1;900;VEV_4000;1245;11;1243;23;;;1266;11;1269;23;;;1255.5;0.0
-1;900;VEV_4500;755;9;;;;;771;9;773;13;;;763.0;0.0
-1;900;VEV_5000;264;8;263;28;;;271;15;;;;;267.5;0.0
-1;900;VEV_5100;169;35;168;16;;;173;7;174;19;;;171.0;0.0
-1;900;VEV_5200;102;28;101;26;;;104;6;105;30;;;103.0;0.0
-1;900;VEV_5300;50;16;;;;;52;21;;;;;51.0;0.0
-1;900;VEV_5400;15;17;;;;;17;21;;;;;16.0;0.0
-1;900;VEV_5500;6;26;;;;;7;26;;;;;6.5;0.0
-1;900;VEV_6000;0;28;;;;;1;28;;;;;0.5;0.0
-1;900;VEV_6500;0;14;;;;;1;14;;;;;0.5;0.0
-1;1000;HYDROGEL_PACK;9962;10;9960;23;;;9978;10;9981;23;;;9970.0;0.0
-1;1000;VELVETFRUIT_EXTRACT;5266;16;5265;66;;;5271;34;;;;;5268.5;0.0
-1;1000;VEV_4000;1245;14;1242;18;;;1266;14;1268;18;;;1255.5;0.0
-1;1000;VEV_4500;754;6;752;12;;;770;6;771;12;772;12;762.0;0.0
-1;1000;VEV_5000;;;;;;;271;11;;;;;271.0;0.0
-1;1000;VEV_5100;169;6;168;34;;;173;27;174;20;;;171.0;0.0
-1;1000;VEV_5200;100;12;;;;;103;24;104;24;;;101.5;0.0
-1;1000;VEV_5300;50;24;;;;;52;21;;;;;51.0;0.0
-1;1000;VEV_5400;15;20;;;;;;;;;;;15.0;0.0
-1;1000;VEV_5500;6;26;;;;;7;24;;;;;6.5;0.0
-1;1000;VEV_6000;0;24;;;;;1;24;;;;;0.5;0.0
-1;1000;VEV_6500;0;14;;;;;1;14;;;;;0.5;0.0
-1;1100;HYDROGEL_PACK;9965;13;9963;24;;;9981;13;9984;24;;;9973.0;0.0
-1;1100;VELVETFRUIT_EXTRACT;5264;62;;;;;5269;22;5270;36;;;5266.5;0.0
-1;1100;VEV_4000;1245;15;1243;18;;;1266;15;1269;18;;;1255.5;0.0
-1;1100;VEV_4500;754;6;752;14;;;770;6;772;14;;;762.0;0.0
-1;1100;VEV_5000;267;6;266;22;;;273;32;;;;;270.0;0.0
-1;1100;VEV_5100;169;9;;;;;173;27;174;17;;;171.0;0.0
-1;1100;VEV_5200;99;20;;;;;103;25;;;;;101.0;0.0
-1;1100;VEV_5300;51;19;;;;;53;27;;;;;52.0;0.0
-1;1100;VEV_5400;15;28;;;;;17;19;;;;;16.0;0.0
-1;1100;VEV_5500;6;24;;;;;7;24;;;;;6.5;0.0
-1;1100;VEV_6000;0;24;;;;;1;24;;;;;0.5;0.0
-1;1100;VEV_6500;0;17;;;;;1;17;;;;;0.5;0.0
-1;1200;HYDROGEL_PACK;9965;10;9963;30;;;9981;10;9984;30;;;9973.0;0.0
-1;1200;VELVETFRUIT_EXTRACT;5264;47;;;;;5269;15;5270;50;;;5266.5;0.0
-1;1200;VEV_4000;1246;8;1244;26;;;1267;8;1270;26;;;1256.5;0.0
-1;1200;VEV_4500;753;9;751;12;;;769;9;771;12;;;761.0;0.0
-1;1200;VEV_5000;266;26;265;27;;;273;23;;;;;269.5;0.0
-1;1200;VEV_5100;168;13;;;;;173;28;174;16;;;170.5;0.0
-1;1200;VEV_5200;98;12;;;;;102;29;;;;;100.0;0.0
-1;1200;VEV_5300;50;24;;;;;;;;;;;50.0;0.0
-1;1200;VEV_5400;15;21;;;;;16;8;17;20;;;15.5;0.0
-1;1200;VEV_5500;6;18;;;;;7;26;;;;;6.5;0.0
-1;1200;VEV_6000;0;22;;;;;1;22;;;;;0.5;0.0
-1;1200;VEV_6500;0;15;;;;;1;15;;;;;0.5;0.0
-1;1300;HYDROGEL_PACK;9966;13;9963;26;;;9982;13;9984;26;;;9974.0;0.0
-1;1300;VELVETFRUIT_EXTRACT;5265;32;;;;;5271;33;5272;36;;;5268.0;0.0
-1;1300;VEV_4000;1245;9;1243;17;;;1266;9;1269;17;;;1255.5;0.0
-1;1300;VEV_4500;755;7;;;;;771;7;773;22;;;763.0;0.0
-1;1300;VEV_5000;265;12;264;21;;;271;8;;;;;268.0;0.0
-1;1300;VEV_5100;169;10;;;;;173;26;174;16;;;171.0;0.0
-1;1300;VEV_5200;99;23;;;;;;;;;;;99.0;0.0
-1;1300;VEV_5300;50;9;;;;;52;13;52;24;;;51.0;0.0
-1;1300;VEV_5400;15;19;;;;;17;18;;;;;16.0;0.0
-1;1300;VEV_5500;6;20;;;;;7;27;;;;;6.5;0.0
-1;1300;VEV_6000;0;28;;;;;1;28;;;;;0.5;0.0
-1;1300;VEV_6500;0;15;;;;;1;15;;;;;0.5;0.0
-1;1400;HYDROGEL_PACK;9966;12;9963;26;;;9982;12;9984;26;;;9974.0;0.0
-1;1400;VELVETFRUIT_EXTRACT;5263;54;;;;;5269;68;;;;;5266.0;0.0
-1;1400;VEV_4000;1245;10;1243;15;;;1266;10;1269;15;;;1255.5;0.0
-1;1400;VEV_4500;754;7;752;19;;;770;7;771;19;772;19;762.0;0.0
-1;1400;VEV_5000;266;12;265;12;;;273;22;;;;;269.5;0.0
-1;1400;VEV_5100;170;8;169;15;;;175;18;;;;;172.5;0.0
-1;1400;VEV_5200;100;7;99;33;;;102;8;103;16;;;101.0;0.0
-1;1400;VEV_5300;49;23;;;;;51;24;;;;;50.0;0.0
-1;1400;VEV_5400;15;22;;;;;;;;;;;15.0;0.0
-1;1400;VEV_5500;6;28;;;;;7;19;;;;;6.5;0.0
-1;1400;VEV_6000;0;22;;;;;1;22;;;;;0.5;0.0
-1;1400;VEV_6500;0;19;;;;;1;19;;;;;0.5;0.0
-1;1500;HYDROGEL_PACK;9966;10;9964;29;;;9982;10;9985;29;;;9974.0;0.0
-1;1500;VELVETFRUIT_EXTRACT;5264;38;;;;;5269;25;5270;30;;;5266.5;0.0
-1;1500;VEV_4000;1245;13;1242;27;;;1266;13;1268;27;;;1255.5;0.0
-1;1500;VEV_4500;753;10;751;14;;;769;10;771;14;;;761.0;0.0
-1;1500;VEV_5000;268;8;267;26;;;274;21;275;16;;;271.0;0.0
-1;1500;VEV_5100;169;8;168;17;;;173;12;174;16;;;171.0;0.0
-1;1500;VEV_5200;98;30;;;;;101;27;;;;;99.5;0.0
-1;1500;VEV_5300;49;9;;;;;51;21;;;;;50.0;0.0
-1;1500;VEV_5400;;;;;;;16;7;17;28;;;16.0;0.0
-1;1500;VEV_5500;6;22;;;;;7;18;;;;;6.5;0.0
-1;1500;VEV_6000;0;20;;;;;1;20;;;;;0.5;0.0
-1;1500;VEV_6500;0;10;;;;;1;10;;;;;0.5;0.0
-1;1600;HYDROGEL_PACK;9968;14;9965;22;;;9984;14;9986;22;;;9976.0;0.0
-1;1600;VELVETFRUIT_EXTRACT;5263;18;5262;59;;;5268;30;;;;;5265.5;0.0
-1;1600;VEV_4000;1244;10;1242;20;;;1265;10;1268;20;;;1254.5;0.0
-1;1600;VEV_4500;752;9;750;18;;;770;18;;;;;761.0;0.0
-1;1600;VEV_5000;268;6;;;;;275;13;;;;;271.5;0.0
-1;1600;VEV_5100;169;8;;;;;173;9;174;27;;;171.0;0.0
-1;1600;VEV_5200;99;12;98;27;;;102;34;;;;;100.5;0.0
-1;1600;VEV_5300;49;24;;;;;51;19;51;16;;;50.0;0.0
-1;1600;VEV_5400;15;23;;;;;16;25;17;16;;;15.5;0.0
-1;1600;VEV_5500;6;18;;;;;7;25;;;;;6.5;0.0
-1;1600;VEV_6000;0;23;;;;;1;23;;;;;0.5;0.0
-1;1600;VEV_6500;0;16;;;;;1;16;;;;;0.5;0.0
-1;1700;HYDROGEL_PACK;9966;13;9964;27;;;9982;13;9985;27;;;9974.0;0.0
-1;1700;VELVETFRUIT_EXTRACT;5262;72;;;;;5268;48;;;;;5265.0;0.0
-1;1700;VEV_4000;1244;10;1241;15;;;1265;10;1267;15;;;1254.5;0.0
-1;1700;VEV_4500;751;7;749;12;;;767;7;769;12;;;759.0;0.0
-1;1700;VEV_5000;269;27;268;18;;;275;6;276;22;;;272.0;0.0
-1;1700;VEV_5100;169;9;168;14;;;173;9;174;27;;;171.0;0.0
-1;1700;VEV_5200;99;29;98;15;;;101;24;102;16;;;100.0;0.0
-1;1700;VEV_5300;49;20;;;;;51;19;;;;;50.0;0.0
-1;1700;VEV_5400;15;26;;;;;16;21;17;17;;;15.5;0.0
-1;1700;VEV_5500;6;22;;;;;7;28;;;;;6.5;0.0
-1;1700;VEV_6000;0;24;;;;;1;24;;;;;0.5;0.0
-1;1700;VEV_6500;0;17;;;;;1;17;;;;;0.5;0.0
-1;1800;HYDROGEL_PACK;9966;15;9964;22;;;9982;15;9984;22;;;9974.0;0.0
-1;1800;VELVETFRUIT_EXTRACT;5262;49;;;;;5267;20;5268;58;;;5264.5;0.0
-1;1800;VEV_4000;1245;14;1242;21;;;1266;14;1268;21;;;1255.5;0.0
-1;1800;VEV_4500;751;8;749;19;;;767;8;769;19;;;759.0;0.0
-1;1800;VEV_5000;268;27;267;12;;;274;6;275;17;;;271.0;0.0
-1;1800;VEV_5100;;;;;;;174;12;175;23;;;174.0;0.0
-1;1800;VEV_5200;;;;;;;101;24;;;;;101.0;0.0
-1;1800;VEV_5300;49;20;;;;;;;;;;;49.0;0.0
-1;1800;VEV_5400;14;11;;;;;16;27;;;;;15.0;0.0
-1;1800;VEV_5500;6;26;;;;;7;17;;;;;6.5;0.0
-1;1800;VEV_6000;0;24;;;;;1;24;;;;;0.5;0.0
-1;1800;VEV_6500;0;16;;;;;1;16;;;;;0.5;0.0
-1;1900;HYDROGEL_PACK;9965;14;9962;20;;;9981;14;9983;20;;;9973.0;0.0
-1;1900;VELVETFRUIT_EXTRACT;5262;49;;;;;5267;23;5268;58;;;5264.5;0.0
-1;1900;VEV_4000;1245;10;1242;15;;;1266;10;1268;15;;;1255.5;0.0
-1;1900;VEV_4500;752;6;750;20;;;768;6;770;20;;;760.0;0.0
-1;1900;VEV_5000;267;11;266;25;;;273;10;;;;;270.0;0.0
-1;1900;VEV_5100;;;;;;;175;9;176;30;;;175.0;0.0
-1;1900;VEV_5200;98;31;97;20;;;101;18;;;;;99.5;0.0
-1;1900;VEV_5300;50;19;;;;;53;15;;;;;51.5;0.0
-1;1900;VEV_5400;15;25;14;17;;;16;29;;;;;15.5;0.0
-1;1900;VEV_5500;6;22;;;;;7;26;;;;;6.5;0.0
-1;1900;VEV_6000;0;20;;;;;1;20;;;;;0.5;0.0
-1;1900;VEV_6500;0;14;;;;;1;14;;;;;0.5;0.0
-1;2000;HYDROGEL_PACK;9967;15;9964;23;;;9983;15;9985;23;;;9975.0;0.0
-1;2000;VELVETFRUIT_EXTRACT;5261;54;;;;;5266;24;5267;56;5268;34;5263.5;0.0
-1;2000;VEV_4000;1244;12;1242;20;;;1265;12;1268;20;;;1254.5;0.0
-1;2000;VEV_4500;753;12;751;14;;;769;12;771;14;;;761.0;0.0
-1;2000;VEV_5000;268;8;;;;;274;12;275;20;;;271.0;0.0
-1;2000;VEV_5100;172;32;171;24;;;176;6;;;;;174.0;0.0
-1;2000;VEV_5200;97;32;96;15;;;99;11;100;19;;;98.0;0.0
-1;2000;VEV_5300;50;20;;;;;52;29;;;;;51.0;0.0
-1;2000;VEV_5400;15;26;15;26;;;;;;;;;15.0;0.0
-1;2000;VEV_5500;6;20;;;;;7;16;;;;;6.5;0.0
-1;2000;VEV_6000;0;19;;;;;1;19;;;;;0.5;0.0
-1;2000;VEV_6500;0;16;;;;;1;16;;;;;0.5;0.0
-1;2100;HYDROGEL_PACK;9968;13;9965;27;;;9984;13;9986;27;;;9976.0;0.0
-1;2100;VELVETFRUIT_EXTRACT;5259;69;;;;;5265;47;;;;;5262.0;0.0
-1;2100;VEV_4000;1246;12;1243;19;;;1267;12;1269;19;;;1256.5;0.0
-1;2100;VEV_4500;753;9;751;12;;;769;9;771;12;;;761.0;0.0
-1;2100;VEV_5000;266;8;265;19;;;272;12;273;21;;;269.0;0.0
-1;2100;VEV_5100;172;11;;;;;177;29;;;;;174.5;0.0
-1;2100;VEV_5200;97;26;96;16;;;100;26;;;;;98.5;0.0
-1;2100;VEV_5300;50;25;;;;;52;19;;;;;51.0;0.0
-1;2100;VEV_5400;15;22;14;19;;;16;24;;;;;15.5;0.0
-1;2100;VEV_5500;6;30;;;;;7;26;;;;;6.5;0.0
-1;2100;VEV_6000;0;20;;;;;1;20;;;;;0.5;0.0
-1;2100;VEV_6500;0;18;;;;;1;18;;;;;0.5;0.0
-1;2200;HYDROGEL_PACK;9969;11;9966;30;;;9985;11;9987;30;;;9977.0;0.0
-1;2200;VELVETFRUIT_EXTRACT;5261;18;5260;64;;;5266;66;;;;;5263.5;0.0
-1;2200;VEV_4000;1246;8;1244;28;;;1268;8;1270;28;;;1257.0;0.0
-1;2200;VEV_4500;753;6;751;16;;;769;6;771;16;;;761.0;0.0
-1;2200;VEV_5000;267;6;266;23;;;274;24;;;;;270.5;0.0
-1;2200;VEV_5100;170;8;169;19;;;174;12;175;17;;;172.0;0.0
-1;2200;VEV_5200;97;12;96;30;;;;;;;;;97.0;0.0
-1;2200;VEV_5300;50;21;;;;;52;19;;;;;51.0;0.0
-1;2200;VEV_5400;14;28;;;;;16;28;;;;;15.0;0.0
-1;2200;VEV_5500;6;24;;;;;7;19;;;;;6.5;0.0
-1;2200;VEV_6000;0;28;;;;;1;28;;;;;0.5;0.0
-1;2200;VEV_6500;0;17;;;;;1;17;;;;;0.5;0.0
-1;2300;HYDROGEL_PACK;9969;10;9966;24;;;9985;10;9987;24;;;9977.0;0.0
-1;2300;VELVETFRUIT_EXTRACT;5261;30;;;;;5267;56;;;;;5264.0;0.0
-1;2300;VEV_4000;1246;10;1243;29;;;1267;10;1269;29;;;1256.5;0.0
-1;2300;VEV_4500;751;12;749;22;;;767;12;769;22;;;759.0;0.0
-1;2300;VEV_5000;268;12;267;17;;;274;21;275;19;;;271.0;0.0
-1;2300;VEV_5100;168;33;;;;;173;9;174;32;;;170.5;0.0
-1;2300;VEV_5200;97;8;96;24;;;99;33;100;23;;;98.0;0.0
-1;2300;VEV_5300;50;15;;;;;52;6;;;;;51.0;0.0
-1;2300;VEV_5400;15;2;14;23;;;15;21;16;15;;;15.0;0.0
-1;2300;VEV_5500;6;23;;;;;7;9;;;;;6.5;0.0
-1;2300;VEV_6000;0;26;;;;;1;26;;;;;0.5;0.0
-1;2300;VEV_6500;0;15;;;;;1;15;;;;;0.5;0.0
-1;2400;HYDROGEL_PACK;9969;10;9967;30;;;9985;10;9988;30;;;9977.0;0.0
-1;2400;VELVETFRUIT_EXTRACT;5263;19;5262;57;;;5268;53;;;;;5265.5;0.0
-1;2400;VEV_4000;1245;15;1243;16;;;1266;15;1269;16;;;1255.5;0.0
-1;2400;VEV_4500;751;9;;;;;767;9;769;20;;;759.0;0.0
-1;2400;VEV_5000;269;29;268;23;;;275;6;276;19;;;272.0;0.0
-1;2400;VEV_5100;169;27;168;12;;;173;11;174;21;;;171.0;0.0
-1;2400;VEV_5200;96;29;;;;;99;28;100;26;;;97.5;0.0
-1;2400;VEV_5300;49;23;;;;;51;25;52;14;;;50.0;0.0
-1;2400;VEV_5400;14;20;;;;;15;22;;;;;14.5;0.0
-1;2400;VEV_5500;6;24;;;;;7;21;;;;;6.5;0.0
-1;2400;VEV_6000;0;20;;;;;1;20;;;;;0.5;0.0
-1;2400;VEV_6500;0;12;;;;;1;12;;;;;0.5;0.0
-1;2500;HYDROGEL_PACK;9970;15;9968;30;;;9986;15;9988;30;;;9978.0;0.0
-1;2500;VELVETFRUIT_EXTRACT;5260;25;;;;;5265;22;5266;72;;;5262.5;0.0
-1;2500;VEV_4000;1244;13;1242;21;;;1265;13;1268;21;;;1254.5;0.0
-1;2500;VEV_4500;752;7;751;6;750;13;768;7;770;13;;;760.0;0.0
-1;2500;VEV_5000;269;12;268;21;;;275;26;;;;;272.0;0.0
-1;2500;VEV_5100;170;21;;;;;174;8;175;34;;;172.0;0.0
-1;2500;VEV_5200;98;9;;;;;100;6;101;22;;;99.0;0.0
-1;2500;VEV_5300;48;21;;;;;50;26;;;;;49.0;0.0
-1;2500;VEV_5400;14;25;;;;;16;22;;;;;15.0;0.0
-1;2500;VEV_5500;6;22;;;;;7;19;;;;;6.5;0.0
-1;2500;VEV_6000;0;18;;;;;1;18;;;;;0.5;0.0
-1;2500;VEV_6500;0;12;;;;;1;12;;;;;0.5;0.0
-1;2600;HYDROGEL_PACK;9967;10;9964;23;;;9983;10;9985;23;;;9975.0;0.0
-1;2600;VELVETFRUIT_EXTRACT;5261;32;;;;;5266;15;5267;37;;;5263.5;0.0
-1;2600;VEV_4000;1245;14;1242;20;;;1266;14;1268;20;;;1255.5;0.0
-1;2600;VEV_4500;751;8;749;21;;;767;8;769;21;;;759.0;0.0
-1;2600;VEV_5000;268;10;267;20;;;;;;;;;268.0;0.0
-1;2600;VEV_5100;;;;;;;172;35;173;18;;;172.0;0.0
-1;2600;VEV_5200;98;32;97;13;;;100;29;101;20;;;99.0;0.0
-1;2600;VEV_5300;49;20;;;;;51;24;;;;;50.0;0.0
-1;2600;VEV_5400;15;17;14;27;;;15;6;16;24;;;15.0;0.0
-1;2600;VEV_5500;6;17;;;;;7;23;;;;;6.5;0.0
-1;2600;VEV_6000;0;22;;;;;1;22;;;;;0.5;0.0
-1;2600;VEV_6500;0;18;;;;;1;18;;;;;0.5;0.0
-1;2700;HYDROGEL_PACK;9966;13;9963;27;;;9982;13;9984;27;;;9974.0;0.0
-1;2700;VELVETFRUIT_EXTRACT;5261;18;5260;70;;;5266;33;5267;35;;;5263.5;0.0
-1;2700;VEV_4000;1245;14;1242;20;;;1266;14;1268;20;;;1255.5;0.0
-1;2700;VEV_4500;752;11;750;16;;;768;11;770;16;;;760.0;0.0
-1;2700;VEV_5000;267;12;266;19;;;274;13;;;;;270.5;0.0
-1;2700;VEV_5100;170;12;169;14;;;174;30;;;;;172.0;0.0
-1;2700;VEV_5200;;;;;;;100;19;101;24;;;100.0;0.0
-1;2700;VEV_5300;49;20;;;;;51;22;;;;;50.0;0.0
-1;2700;VEV_5400;14;17;;;;;16;17;;;;;15.0;0.0
-1;2700;VEV_5500;6;25;;;;;7;28;;;;;6.5;0.0
-1;2700;VEV_6000;0;21;;;;;1;21;;;;;0.5;0.0
-1;2700;VEV_6500;0;18;;;;;1;18;;;;;0.5;0.0
-1;2800;HYDROGEL_PACK;9966;12;9963;23;;;9982;12;9984;23;;;9974.0;0.0
-1;2800;VELVETFRUIT_EXTRACT;5261;30;;;;;5267;51;;;;;5264.0;0.0
-1;2800;VEV_4000;1245;8;1242;21;;;1266;8;1268;21;;;1255.5;0.0
-1;2800;VEV_4500;752;11;750;22;;;768;11;770;22;;;760.0;0.0
-1;2800;VEV_5000;268;9;267;22;;;274;8;275;21;;;271.0;0.0
-1;2800;VEV_5100;169;30;168;21;;;173;19;174;19;;;171.0;0.0
-1;2800;VEV_5200;97;16;;;;;100;6;101;14;;;98.5;0.0
-1;2800;VEV_5300;50;28;;;;;52;5;;;;;51.0;0.0
-1;2800;VEV_5400;14;21;;;;;16;22;;;;;15.0;0.0
-1;2800;VEV_5500;6;16;;;;;7;24;;;;;6.5;0.0
-1;2800;VEV_6000;0;24;;;;;1;24;;;;;0.5;0.0
-1;2800;VEV_6500;0;18;;;;;1;18;;;;;0.5;0.0
-1;2900;HYDROGEL_PACK;9966;10;9963;23;;;9982;10;9984;23;;;9974.0;0.0
-1;2900;VELVETFRUIT_EXTRACT;5261;17;;;;;5267;57;;;;;5264.0;0.0
-1;2900;VEV_4000;1244;14;1241;22;;;1265;14;1267;22;;;1254.5;0.0
-1;2900;VEV_4500;754;9;;;;;770;9;772;19;;;762.0;0.0
-1;2900;VEV_5000;268;27;267;20;;;274;26;275;13;;;271.0;0.0
-1;2900;VEV_5100;169;26;168;24;;;174;22;;;;;171.5;0.0
-1;2900;VEV_5200;97;16;;;;;100;9;101;16;;;98.5;0.0
-1;2900;VEV_5300;49;24;48;11;;;51;5;;;;;50.0;0.0
-1;2900;VEV_5400;14;24;14;19;;;15;18;16;29;;;14.5;0.0
-1;2900;VEV_5500;6;24;;;;;7;25;;;;;6.5;0.0
-1;2900;VEV_6000;0;23;;;;;1;23;;;;;0.5;0.0
-1;2900;VEV_6500;0;20;;;;;1;20;;;;;0.5;0.0
-1;3000;HYDROGEL_PACK;9968;11;9966;25;;;9984;11;9987;25;;;9976.0;0.0
-1;3000;VELVETFRUIT_EXTRACT;5261;17;5260;49;;;5266;41;;;;;5263.5;0.0
-1;3000;VEV_4000;1242;9;1240;21;;;1263;9;1266;21;;;1252.5;0.0
-1;3000;VEV_4500;754;11;752;19;;;770;11;772;19;;;762.0;0.0
-1;3000;VEV_5000;268;8;;;;;274;12;275;15;;;271.0;0.0
-1;3000;VEV_5100;;;;;;;173;8;174;21;;;173.0;0.0
-1;3000;VEV_5200;95;19;;;;;98;22;;;;;96.5;0.0
-1;3000;VEV_5300;50;26;49;25;;;52;16;52;25;;;51.0;0.0
-1;3000;VEV_5400;13;17;;;;;14;29;;;;;13.5;0.0
-1;3000;VEV_5500;6;29;;;;;7;29;;;;;6.5;0.0
-1;3000;VEV_6000;0;25;;;;;1;25;;;;;0.5;0.0
-1;3000;VEV_6500;0;15;;;;;1;15;;;;;0.5;0.0
-1;3100;HYDROGEL_PACK;9969;12;9967;23;;;9985;12;9988;23;;;9977.0;0.0
-1;3100;VELVETFRUIT_EXTRACT;5262;20;5261;53;;;5267;23;;;;;5264.5;0.0
-1;3100;VEV_4000;1242;14;1239;28;;;1263;14;1265;28;;;1252.5;0.0
-1;3100;VEV_4500;754;10;752;17;;;770;10;771;12;772;17;762.0;0.0
-1;3100;VEV_5000;269;24;268;24;;;275;11;276;31;;;272.0;0.0
-1;3100;VEV_5100;167;6;166;19;;;172;22;;;;;169.5;0.0
-1;3100;VEV_5200;97;21;96;24;;;100;23;;;;;98.5;0.0
-1;3100;VEV_5300;50;19;;;;;52;24;;;;;51.0;0.0
-1;3100;VEV_5400;14;3;;;;;;;;;;;14.0;0.0
-1;3100;VEV_5500;6;22;;;;;7;26;;;;;6.5;0.0
-1;3100;VEV_6000;0;23;;;;;1;23;;;;;0.5;0.0
-1;3100;VEV_6500;0;16;;;;;1;16;;;;;0.5;0.0
-1;3200;HYDROGEL_PACK;9971;14;9968;29;;;9987;14;9989;29;;;9979.0;0.0
-1;3200;VELVETFRUIT_EXTRACT;5261;19;5260;25;;;5266;35;;;;;5263.5;0.0
-1;3200;VEV_4000;1242;7;1240;26;;;1263;7;1266;26;;;1252.5;0.0
-1;3200;VEV_4500;754;12;753;7;752;24;770;12;772;24;;;762.0;0.0
-1;3200;VEV_5000;;;;;;;276;12;277;23;;;276.0;0.0
-1;3200;VEV_5100;168;7;;;;;172;25;173;23;;;170.0;0.0
-1;3200;VEV_5200;96;32;;;;;100;18;;;;;98.0;0.0
-1;3200;VEV_5300;50;26;;;;;;;;;;;50.0;0.0
-1;3200;VEV_5400;14;30;14;23;;;15;10;16;25;;;14.5;0.0
-1;3200;VEV_5500;6;20;;;;;7;24;;;;;6.5;0.0
-1;3200;VEV_6000;0;25;;;;;1;25;;;;;0.5;0.0
-1;3200;VEV_6500;0;18;;;;;1;18;;;;;0.5;0.0
-1;3300;HYDROGEL_PACK;9971;14;9968;30;;;9987;14;9989;30;;;9979.0;0.0
-1;3300;VELVETFRUIT_EXTRACT;5264;16;5263;67;;;5268;16;5269;25;;;5266.0;0.0
-1;3300;VEV_4000;1241;13;1239;19;;;1262;13;1265;19;;;1251.5;0.0
-1;3300;VEV_4500;756;12;754;19;;;772;12;774;19;;;764.0;0.0
-1;3300;VEV_5000;272;9;271;24;;;278;8;279;17;;;275.0;0.0
-1;3300;VEV_5100;167;31;;;;;172;7;173;23;;;169.5;0.0
-1;3300;VEV_5200;;;;;;;100;20;;;;;100.0;0.0
-1;3300;VEV_5300;51;15;;;;;53;22;;;;;52.0;0.0
-1;3300;VEV_5400;14;26;;;;;;;;;;;14.0;0.0
-1;3300;VEV_5500;6;28;;;;;7;29;;;;;6.5;0.0
-1;3300;VEV_6000;0;26;;;;;1;26;;;;;0.5;0.0
-1;3300;VEV_6500;0;14;;;;;1;14;;;;;0.5;0.0
-1;3400;HYDROGEL_PACK;9969;14;9966;23;;;9985;14;9987;23;;;9977.0;0.0
-1;3400;VELVETFRUIT_EXTRACT;5263;20;5262;68;;;5267;20;5268;31;;;5265.0;0.0
-1;3400;VEV_4000;1240;10;1238;27;;;1261;10;1264;27;;;1250.5;0.0
-1;3400;VEV_4500;758;8;756;16;;;774;8;776;16;;;766.0;0.0
-1;3400;VEV_5000;271;9;270;30;;;;;;;;;271.0;0.0
-1;3400;VEV_5100;166;28;;;;;171;25;172;17;;;168.5;0.0
-1;3400;VEV_5200;;;;;;;98;12;99;28;;;98.0;0.0
-1;3400;VEV_5300;50;25;49;10;;;52;28;;;;;51.0;0.0
-1;3400;VEV_5400;14;19;;;;;16;19;;;;;15.0;0.0
-1;3400;VEV_5500;6;27;;;;;7;22;;;;;6.5;0.0
-1;3400;VEV_6000;0;21;;;;;1;21;;;;;0.5;0.0
-1;3400;VEV_6500;0;19;;;;;1;19;;;;;0.5;0.0
-1;3500;HYDROGEL_PACK;9972;10;9970;22;;;9988;10;9990;22;;;9980.0;0.0
-1;3500;VELVETFRUIT_EXTRACT;5264;24;5263;43;5263;68;5269;44;;;;;5266.5;0.0
-1;3500;VEV_4000;1241;11;1238;24;;;1262;11;1264;24;;;1251.5;0.0
-1;3500;VEV_4500;756;18;;;;;774;12;776;18;;;765.0;0.0
-1;3500;VEV_5000;272;8;271;12;;;278;31;;;;;275.0;0.0
-1;3500;VEV_5100;167;23;166;24;;;171;27;172;27;;;169.0;0.0
-1;3500;VEV_5200;95;22;;;;;98;12;;;;;96.5;0.0
-1;3500;VEV_5300;;;;;;;52;26;;;;;52.0;0.0
-1;3500;VEV_5400;15;21;14;20;;;16;25;;;;;15.5;0.0
-1;3500;VEV_5500;6;23;;;;;7;26;;;;;6.5;0.0
-1;3500;VEV_6000;0;18;;;;;1;18;;;;;0.5;0.0
-1;3500;VEV_6500;0;13;;;;;1;13;;;;;0.5;0.0
-1;3600;HYDROGEL_PACK;9971;15;9969;27;;;9987;15;9989;27;;;9979.0;0.0
-1;3600;VELVETFRUIT_EXTRACT;5264;32;;;;;5269;17;5270;48;;;5266.5;0.0
-1;3600;VEV_4000;1241;14;1238;23;;;1262;14;1264;23;;;1251.5;0.0
-1;3600;VEV_4500;759;11;757;19;;;775;11;777;19;;;767.0;0.0
-1;3600;VEV_5000;272;31;271;13;;;278;12;279;23;;;275.0;0.0
-1;3600;VEV_5100;167;11;166;28;;;171;26;;;;;169.0;0.0
-1;3600;VEV_5200;;;;;;;98;8;99;22;;;98.0;0.0
-1;3600;VEV_5300;50;7;49;20;;;52;16;;;;;51.0;0.0
-1;3600;VEV_5400;;;;;;;;;;;;;0.0;0.0
-1;3600;VEV_5500;6;21;;;;;7;28;;;;;6.5;0.0
-1;3600;VEV_6000;0;25;;;;;1;25;;;;;0.5;0.0
-1;3600;VEV_6500;0;16;;;;;1;16;;;;;0.5;0.0
-1;3700;HYDROGEL_PACK;9971;10;9969;21;;;9987;10;9990;21;;;9979.0;0.0
-1;3700;VELVETFRUIT_EXTRACT;5265;20;5264;24;;;5269;20;5270;69;;;5267.0;0.0
-1;3700;VEV_4000;1240;15;1237;30;;;1261;15;1263;30;;;1250.5;0.0
-1;3700;VEV_4500;758;7;;;;;774;7;776;20;;;766.0;0.0
-1;3700;VEV_5000;272;8;271;14;;;278;11;279;21;;;275.0;0.0
-1;3700;VEV_5100;166;11;165;17;;;171;19;;;;;168.5;0.0
-1;3700;VEV_5200;96;12;95;36;;;99;25;;;;;97.5;0.0
-1;3700;VEV_5300;50;26;;;;;52;24;;;;;51.0;0.0
-1;3700;VEV_5400;14;21;;;;;15;23;;;;;14.5;0.0
-1;3700;VEV_5500;6;23;;;;;7;21;;;;;6.5;0.0
-1;3700;VEV_6000;0;28;;;;;1;28;;;;;0.5;0.0
-1;3700;VEV_6500;0;14;;;;;1;14;;;;;0.5;0.0
-1;3800;HYDROGEL_PACK;9971;14;9968;20;;;9987;14;9989;20;;;9979.0;0.0
-1;3800;VELVETFRUIT_EXTRACT;5263;60;;;;;5268;15;5269;47;;;5265.5;0.0
-1;3800;VEV_4000;1240;12;1238;24;;;1261;12;1264;24;;;1250.5;0.0
-1;3800;VEV_4500;759;11;757;18;;;777;18;;;;;768.0;0.0
-1;3800;VEV_5000;273;8;272;23;;;279;7;280;24;;;276.0;0.0
-1;3800;VEV_5100;164;26;163;26;;;168;6;169;21;;;166.0;0.0
-1;3800;VEV_5200;95;10;94;27;;;97;34;98;12;;;96.0;0.0
-1;3800;VEV_5300;50;29;;;;;52;19;;;;;51.0;0.0
-1;3800;VEV_5400;15;23;;;;;16;26;;;;;15.5;0.0
-1;3800;VEV_5500;6;22;;;;;7;22;;;;;6.5;0.0
-1;3800;VEV_6000;0;19;;;;;1;19;;;;;0.5;0.0
-1;3800;VEV_6500;0;13;;;;;1;13;;;;;0.5;0.0
-1;3900;HYDROGEL_PACK;9971;13;9968;23;;;9987;13;9989;23;;;9979.0;0.0
-1;3900;VELVETFRUIT_EXTRACT;5263;46;5263;52;;;5268;16;5269;49;;;5265.5;0.0
-1;3900;VEV_4000;1241;12;1239;26;;;1262;12;1265;26;;;1251.5;0.0
-1;3900;VEV_4500;759;7;757;22;;;775;7;777;22;;;767.0;0.0
-1;3900;VEV_5000;273;12;272;15;;;279;7;280;22;;;276.0;0.0
-1;3900;VEV_5100;163;11;162;14;;;167;23;168;13;;;165.0;0.0
-1;3900;VEV_5200;96;12;95;20;;;99;18;;;;;97.5;0.0
-1;3900;VEV_5300;50;19;;;;;52;9;53;30;;;51.0;0.0
-1;3900;VEV_5400;14;29;14;18;;;16;23;;;;;15.0;0.0
-1;3900;VEV_5500;6;24;;;;;7;22;;;;;6.5;0.0
-1;3900;VEV_6000;0;20;;;;;1;20;;;;;0.5;0.0
-1;3900;VEV_6500;0;17;;;;;1;17;;;;;0.5;0.0
-1;4000;HYDROGEL_PACK;9973;15;9970;28;;;9989;15;9991;28;;;9981.0;0.0
-1;4000;VELVETFRUIT_EXTRACT;5262;36;5262;49;;;5267;15;5268;58;;;5264.5;0.0
-1;4000;VEV_4000;1242;12;1239;28;;;1263;12;1265;28;;;1252.5;0.0
-1;4000;VEV_4500;759;6;757;14;;;775;6;776;6;777;14;767.0;0.0
-1;4000;VEV_5000;272;6;271;24;;;278;6;279;12;;;275.0;0.0
-1;4000;VEV_5100;162;19;;;;;167;8;168;22;;;164.5;0.0
-1;4000;VEV_5200;95;8;94;25;;;98;25;;;;;96.5;0.0
-1;4000;VEV_5300;51;20;;;;;54;26;;;;;52.5;0.0
-1;4000;VEV_5400;;;;;;;16;19;;;;;16.0;0.0
-1;4000;VEV_5500;6;27;;;;;7;27;;;;;6.5;0.0
-1;4000;VEV_6000;0;30;;;;;1;30;;;;;0.5;0.0
-1;4000;VEV_6500;0;18;;;;;1;18;;;;;0.5;0.0
-1;4100;HYDROGEL_PACK;9974;14;9971;20;;;9990;14;9992;20;;;9982.0;0.0
-1;4100;VELVETFRUIT_EXTRACT;5262;52;;;;;5267;21;5268;18;5269;44;5264.5;0.0
-1;4100;VEV_4000;1243;14;1240;16;;;1264;14;1266;16;;;1253.5;0.0
-1;4100;VEV_4500;758;11;756;24;;;774;11;777;24;;;766.0;0.0
-1;4100;VEV_5000;272;28;271;26;;;278;6;279;16;;;275.0;0.0
-1;4100;VEV_5100;;;;;;;167;27;168;14;;;167.0;0.0
-1;4100;VEV_5200;94;13;;;;;97;8;98;19;;;95.5;0.0
-1;4100;VEV_5300;51;8;50;20;;;53;20;53;26;;;52.0;0.0
-1;4100;VEV_5400;14;24;;;;;16;25;;;;;15.0;0.0
-1;4100;VEV_5500;6;26;;;;;7;16;;;;;6.5;0.0
-1;4100;VEV_6000;0;16;;;;;1;16;;;;;0.5;0.0
-1;4100;VEV_6500;0;12;;;;;1;12;;;;;0.5;0.0
-1;4200;HYDROGEL_PACK;9974;14;9971;25;;;9990;14;9992;25;;;9982.0;0.0
-1;4200;VELVETFRUIT_EXTRACT;5262;19;5262;19;;;5268;22;;;;;5265.0;0.0
-1;4200;VEV_4000;1243;7;1240;20;;;1264;7;1266;20;;;1253.5;0.0
-1;4200;VEV_4500;759;7;757;17;;;775;7;777;17;;;767.0;0.0
-1;4200;VEV_5000;272;9;271;13;;;278;27;279;21;;;275.0;0.0
-1;4200;VEV_5100;164;23;;;;;169;27;170;17;;;166.5;0.0
-1;4200;VEV_5200;95;10;94;23;;;98;12;;;;;96.5;0.0
-1;4200;VEV_5300;51;21;;;;;53;20;;;;;52.0;0.0
-1;4200;VEV_5400;14;21;;;;;16;24;;;;;15.0;0.0
-1;4200;VEV_5500;6;25;;;;;7;23;;;;;6.5;0.0
-1;4200;VEV_6000;0;23;;;;;1;23;;;;;0.5;0.0
-1;4200;VEV_6500;0;17;;;;;1;17;;;;;0.5;0.0
-1;4300;HYDROGEL_PACK;9973;12;9971;30;;;9989;12;9992;30;;;9981.0;0.0
-1;4300;VELVETFRUIT_EXTRACT;5263;19;5262;37;;;5268;47;5269;31;;;5265.5;0.0
-1;4300;VEV_4000;1243;10;1240;24;;;1264;10;1266;24;;;1253.5;0.0
-1;4300;VEV_4500;760;6;759;15;758;12;776;6;778;12;;;768.0;0.0
-1;4300;VEV_5000;271;10;270;29;;;278;22;;;;;274.5;0.0
-1;4300;VEV_5100;164;22;;;;;168;9;169;24;;;166.0;0.0
-1;4300;VEV_5200;93;26;;;;;97;31;;;;;95.0;0.0
-1;4300;VEV_5300;51;17;50;19;;;53;28;54;25;;;52.0;0.0
-1;4300;VEV_5400;14;23;;;;;16;21;;;;;15.0;0.0
-1;4300;VEV_5500;6;24;;;;;8;28;;;;;7.0;0.0
-1;4300;VEV_6000;0;20;;;;;1;20;;;;;0.5;0.0
-1;4300;VEV_6500;0;14;;;;;1;14;;;;;0.5;0.0
-1;4400;HYDROGEL_PACK;9974;13;9971;30;;;9990;13;9992;30;;;9982.0;0.0
-1;4400;VELVETFRUIT_EXTRACT;5263;17;5262;47;5262;15;5268;47;;;;;5265.5;0.0
-1;4400;VEV_4000;1244;11;1241;24;;;1265;11;1267;24;;;1254.5;0.0
-1;4400;VEV_4500;760;6;758;13;;;776;6;778;13;;;768.0;0.0
-1;4400;VEV_5000;272;29;271;12;;;278;27;279;28;;;275.0;0.0
-1;4400;VEV_5100;165;25;164;23;;;169;22;170;16;;;167.0;0.0
-1;4400;VEV_5200;94;26;93;20;;;;;;;;;94.0;0.0
-1;4400;VEV_5300;;;;;;;53;16;;;;;53.0;0.0
-1;4400;VEV_5400;15;29;14;25;;;;;;;;;15.0;0.0
-1;4400;VEV_5500;6;20;;;;;8;20;;;;;7.0;0.0
-1;4400;VEV_6000;0;22;;;;;1;22;;;;;0.5;0.0
-1;4400;VEV_6500;0;18;;;;;1;18;;;;;0.5;0.0
-1;4500;HYDROGEL_PACK;9976;15;9973;23;;;9992;15;9994;23;;;9984.0;0.0
-1;4500;VELVETFRUIT_EXTRACT;5264;17;5263;56;;;5269;61;5270;36;;;5266.5;0.0
-1;4500;VEV_4000;1242;9;1239;17;;;1263;9;1265;17;;;1252.5;0.0
-1;4500;VEV_4500;760;12;758;15;;;776;12;778;15;;;768.0;0.0
-1;4500;VEV_5000;;;;;;;277;10;278;19;;;277.0;0.0
-1;4500;VEV_5100;163;7;;;;;167;30;;;;;165.0;0.0
-1;4500;VEV_5200;95;14;;;;;99;25;;;;;97.0;0.0
-1;4500;VEV_5300;51;25;;;;;53;19;;;;;52.0;0.0
-1;4500;VEV_5400;14;24;;;;;16;18;;;;;15.0;0.0
-1;4500;VEV_5500;7;23;;;;;8;26;;;;;7.5;0.0
-1;4500;VEV_6000;0;27;;;;;1;27;;;;;0.5;0.0
-1;4500;VEV_6500;0;16;;;;;1;16;;;;;0.5;0.0
-1;4600;HYDROGEL_PACK;9976;10;9973;30;;;9992;10;9994;30;;;9984.0;0.0
-1;4600;VELVETFRUIT_EXTRACT;5266;32;;;;;5271;25;5272;68;;;5268.5;0.0
-1;4600;VEV_4000;1242;8;1239;23;;;1263;8;1265;23;;;1252.5;0.0
-1;4600;VEV_4500;760;12;758;17;;;776;12;778;17;;;768.0;0.0
-1;4600;VEV_5000;271;18;270;15;;;277;8;278;31;;;274.0;0.0
-1;4600;VEV_5100;164;27;;;;;168;28;;;;;166.0;0.0
-1;4600;VEV_5200;96;12;;;;;100;23;;;;;98.0;0.0
-1;4600;VEV_5300;50;28;;;;;52;29;;;;;51.0;0.0
-1;4600;VEV_5400;14;25;;;;;16;12;;;;;15.0;0.0
-1;4600;VEV_5500;7;20;;;;;8;23;;;;;7.5;0.0
-1;4600;VEV_6000;0;19;;;;;1;19;;;;;0.5;0.0
-1;4600;VEV_6500;0;13;;;;;1;13;;;;;0.5;0.0
-1;4700;HYDROGEL_PACK;9976;10;9974;26;;;9992;10;9995;26;;;9984.0;0.0
-1;4700;VELVETFRUIT_EXTRACT;5266;21;5265;57;;;5270;21;5271;39;;;5268.0;0.0
-1;4700;VEV_4000;1241;14;1239;24;;;1262;14;1265;24;;;1251.5;0.0
-1;4700;VEV_4500;759;8;757;12;;;775;8;777;12;;;767.0;0.0
-1;4700;VEV_5000;270;12;269;27;;;277;29;;;;;273.5;0.0
-1;4700;VEV_5100;163;13;;;;;169;15;;;;;166.0;0.0
-1;4700;VEV_5200;96;36;;;;;99;25;100;12;;;97.5;0.0
-1;4700;VEV_5300;51;7;50;17;;;53;20;;;;;52.0;0.0
-1;4700;VEV_5400;15;21;;;;;16;29;;;;;15.5;0.0
-1;4700;VEV_5500;7;29;;;;;8;25;;;;;7.5;0.0
-1;4700;VEV_6000;0;20;;;;;1;20;;;;;0.5;0.0
-1;4700;VEV_6500;0;18;;;;;1;18;;;;;0.5;0.0
-1;4800;HYDROGEL_PACK;9976;11;9974;29;;;9992;11;9995;29;;;9984.0;0.0
-1;4800;VELVETFRUIT_EXTRACT;5265;30;;;;;5270;25;5271;63;;;5267.5;0.0
-1;4800;VEV_4000;1241;8;1239;26;;;1262;8;1265;26;;;1251.5;0.0
-1;4800;VEV_4500;760;7;;;;;776;7;778;18;;;768.0;0.0
-1;4800;VEV_5000;269;10;268;21;;;275;26;276;16;;;272.0;0.0
-1;4800;VEV_5100;164;28;163;21;;;168;12;169;25;;;166.0;0.0
-1;4800;VEV_5200;95;13;;;;;98;32;99;19;;;96.5;0.0
-1;4800;VEV_5300;51;21;;;;;53;10;;;;;52.0;0.0
-1;4800;VEV_5400;14;25;;;;;16;22;;;;;15.0;0.0
-1;4800;VEV_5500;7;16;;;;;8;21;;;;;7.5;0.0
-1;4800;VEV_6000;0;22;;;;;1;22;;;;;0.5;0.0
-1;4800;VEV_6500;0;18;;;;;1;18;;;;;0.5;0.0
-1;4900;HYDROGEL_PACK;9976;13;9973;30;;;9992;13;9994;30;;;9984.0;0.0
-1;4900;VELVETFRUIT_EXTRACT;5265;23;5264;44;;;5270;49;;;;;5267.5;0.0
-1;4900;VEV_4000;1241;12;1238;26;;;1262;12;1264;26;;;1251.5;0.0
-1;4900;VEV_4500;761;6;759;18;;;780;18;;;;;770.5;0.0
-1;4900;VEV_5000;270;7;269;12;;;276;12;277;24;;;273.0;0.0
-1;4900;VEV_5100;163;29;162;12;;;167;9;168;17;;;165.0;0.0
-1;4900;VEV_5200;96;29;;;;;;;;;;;96.0;0.0
-1;4900;VEV_5300;50;25;;;;;52;19;;;;;51.0;0.0
-1;4900;VEV_5400;15;19;;;;;;;;;;;15.0;0.0
-1;4900;VEV_5500;7;30;;;;;8;26;;;;;7.5;0.0
-1;4900;VEV_6000;0;26;;;;;1;26;;;;;0.5;0.0
-1;4900;VEV_6500;0;18;;;;;1;18;;;;;0.5;0.0
-1;5000;HYDROGEL_PACK;9978;12;9975;21;;;9996;21;;;;;9987.0;0.0
-1;5000;VELVETFRUIT_EXTRACT;5266;18;5265;55;;;5270;18;5271;41;;;5268.0;0.0
-1;5000;VEV_4000;1243;15;1240;23;;;1264;15;1266;23;;;1253.5;0.0
-1;5000;VEV_4500;762;12;760;21;;;778;12;780;21;;;770.0;0.0
-1;5000;VEV_5000;269;23;;;;;276;31;277;12;;;272.5;0.0
-1;5000;VEV_5100;164;8;163;12;;;168;11;169;16;;;166.0;0.0
-1;5000;VEV_5200;95;32;;;;;;;;;;;95.0;0.0
-1;5000;VEV_5300;50;9;49;30;;;52;10;;;;;51.0;0.0
-1;5000;VEV_5400;14;16;;;;;16;29;;;;;15.0;0.0
-1;5000;VEV_5500;6;20;;;;;8;20;;;;;7.0;0.0
-1;5000;VEV_6000;0;18;;;;;1;18;;;;;0.5;0.0
-1;5000;VEV_6500;0;16;;;;;1;16;;;;;0.5;0.0
-1;5100;HYDROGEL_PACK;9977;10;9974;26;;;9993;10;9995;26;;;9985.0;0.0
-1;5100;VELVETFRUIT_EXTRACT;5264;16;5263;40;;;5269;48;;;;;5266.5;0.0
-1;5100;VEV_4000;1242;14;1240;26;;;1263;14;1266;26;;;1252.5;0.0
-1;5100;VEV_4500;761;12;759;21;;;777;12;779;21;;;769.0;0.0
-1;5100;VEV_5000;268;21;;;;;275;6;276;21;;;271.5;0.0
-1;5100;VEV_5100;164;10;163;21;;;168;6;;;;;166.0;0.0
-1;5100;VEV_5200;96;8;95;20;;;99;25;;;;;97.5;0.0
-1;5100;VEV_5300;50;26;49;15;;;52;21;;;;;51.0;0.0
-1;5100;VEV_5400;14;16;;;;;16;27;;;;;15.0;0.0
-1;5100;VEV_5500;7;28;;;;;8;17;;;;;7.5;0.0
-1;5100;VEV_6000;0;26;;;;;1;26;;;;;0.5;0.0
-1;5100;VEV_6500;0;14;;;;;1;14;;;;;0.5;0.0
-1;5200;HYDROGEL_PACK;9974;14;9972;20;;;9993;20;;;;;9983.5;0.0
-1;5200;VELVETFRUIT_EXTRACT;5263;40;;;;;5269;33;;;;;5266.0;0.0
-1;5200;VEV_4000;1240;15;1237;23;;;1261;15;1263;23;;;1250.5;0.0
-1;5200;VEV_4500;762;6;760;24;;;779;12;780;24;;;770.5;0.0
-1;5200;VEV_5000;269;23;268;18;;;275;7;276;22;;;272.0;0.0
-1;5200;VEV_5100;;;;;;;169;12;170;14;;;169.0;0.0
-1;5200;VEV_5200;95;25;94;15;;;98;22;;;;;96.5;0.0
-1;5200;VEV_5300;50;19;;;;;52;20;53;19;;;51.0;0.0
-1;5200;VEV_5400;15;21;;;;;16;25;;;;;15.5;0.0
-1;5200;VEV_5500;7;29;;;;;8;25;;;;;7.5;0.0
-1;5200;VEV_6000;0;23;;;;;1;23;;;;;0.5;0.0
-1;5200;VEV_6500;0;14;;;;;1;14;;;;;0.5;0.0
-1;5300;HYDROGEL_PACK;9978;13;9975;20;;;9994;13;9996;20;;;9986.0;0.0
-1;5300;VELVETFRUIT_EXTRACT;5264;20;5263;65;;;5269;44;;;;;5266.5;0.0
-1;5300;VEV_4000;1239;13;1237;27;;;1260;13;1263;27;;;1249.5;0.0
-1;5300;VEV_4500;762;12;760;23;;;778;12;780;23;;;770.0;0.0
-1;5300;VEV_5000;268;19;267;23;;;275;20;;;;;271.5;0.0
-1;5300;VEV_5100;165;11;164;24;;;169;28;;;;;167.0;0.0
-1;5300;VEV_5200;95;24;;;;;;;;;;;95.0;0.0
-1;5300;VEV_5300;49;17;;;;;51;23;;;;;50.0;0.0
-1;5300;VEV_5400;15;7;14;25;;;16;23;;;;;15.5;0.0
-1;5300;VEV_5500;6;20;;;;;8;20;;;;;7.0;0.0
-1;5300;VEV_6000;0;28;;;;;1;28;;;;;0.5;0.0
-1;5300;VEV_6500;0;14;;;;;1;14;;;;;0.5;0.0
-1;5400;HYDROGEL_PACK;9979;11;9977;29;;;9995;11;9998;29;;;9987.0;0.0
-1;5400;VELVETFRUIT_EXTRACT;5265;21;5264;56;;;5270;65;5271;31;;;5267.5;0.0
-1;5400;VEV_4000;1239;14;1236;20;;;1260;14;1262;20;;;1249.5;0.0
-1;5400;VEV_4500;761;10;759;23;;;777;10;779;23;;;769.0;0.0
-1;5400;VEV_5000;267;23;;;;;273;7;;;;;270.0;0.0
-1;5400;VEV_5100;164;9;;;;;168;12;169;18;;;166.0;0.0
-1;5400;VEV_5200;94;17;;;;;;;;;;;94.0;0.0
-1;5400;VEV_5300;50;18;49;15;;;52;24;;;;;51.0;0.0
-1;5400;VEV_5400;15;20;;;;;17;21;;;;;16.0;0.0
-1;5400;VEV_5500;6;19;;;;;8;23;;;;;7.0;0.0
-1;5400;VEV_6000;0;21;;;;;1;21;;;;;0.5;0.0
-1;5400;VEV_6500;0;12;;;;;1;12;;;;;0.5;0.0
-1;5500;HYDROGEL_PACK;9978;15;9976;23;;;9994;15;9997;23;;;9986.0;0.0
-1;5500;VELVETFRUIT_EXTRACT;5263;31;5263;48;;;5269;52;;;;;5266.0;0.0
-1;5500;VEV_4000;1238;11;1236;21;;;1259;11;1262;21;;;1248.5;0.0
-1;5500;VEV_4500;761;6;759;21;;;777;6;779;21;;;769.0;0.0
-1;5500;VEV_5000;267;9;;;;;273;9;274;19;;;270.0;0.0
-1;5500;VEV_5100;165;33;164;19;;;169;22;170;24;;;167.0;0.0
-1;5500;VEV_5200;93;22;;;;;97;29;;;;;95.0;0.0
-1;5500;VEV_5300;50;10;;;;;52;25;;;;;51.0;0.0
-1;5500;VEV_5400;15;20;;;;;17;25;;;;;16.0;0.0
-1;5500;VEV_5500;6;24;;;;;8;26;;;;;7.0;0.0
-1;5500;VEV_6000;0;30;;;;;1;30;;;;;0.5;0.0
-1;5500;VEV_6500;0;15;;;;;1;15;;;;;0.5;0.0
-1;5600;HYDROGEL_PACK;9982;10;9979;24;;;9998;10;10000;24;;;9990.0;0.0
-1;5600;VELVETFRUIT_EXTRACT;5264;20;5263;17;;;5268;20;5269;54;;;5266.0;0.0
-1;5600;VEV_4000;1238;9;1236;30;;;1259;9;1262;30;;;1248.5;0.0
-1;5600;VEV_4500;761;7;759;13;;;777;7;778;11;779;13;769.0;0.0
-1;5600;VEV_5000;265;19;;;;;272;6;273;30;;;268.5;0.0
-1;5600;VEV_5100;164;11;163;22;;;168;6;;;;;166.0;0.0
-1;5600;VEV_5200;94;23;;;;;98;17;;;;;96.0;0.0
-1;5600;VEV_5300;50;17;49;25;;;52;6;;;;;51.0;0.0
-1;5600;VEV_5400;15;19;;;;;16;6;17;27;;;15.5;0.0
-1;5600;VEV_5500;6;12;;;;;7;26;;;;;6.5;0.0
-1;5600;VEV_6000;0;16;;;;;1;16;;;;;0.5;0.0
-1;5600;VEV_6500;0;11;;;;;1;11;;;;;0.5;0.0
-1;5700;HYDROGEL_PACK;9985;14;9983;20;;;10001;14;10004;20;;;9993.0;0.0
-1;5700;VELVETFRUIT_EXTRACT;5264;30;;;;;5270;72;;;;;5267.0;0.0
-1;5700;VEV_4000;1239;8;1237;29;;;1260;8;1263;29;;;1249.5;0.0
-1;5700;VEV_4500;759;10;757;18;;;775;10;777;18;;;767.0;0.0
-1;5700;VEV_5000;266;8;265;21;;;272;6;273;19;;;269.0;0.0
-1;5700;VEV_5100;164;28;163;22;;;168;27;169;35;;;166.0;0.0
-1;5700;VEV_5200;95;14;;;;;99;15;;;;;97.0;0.0
-1;5700;VEV_5300;49;5;;;;;;;;;;;49.0;0.0
-1;5700;VEV_5400;15;27;;;;;17;27;;;;;16.0;0.0
-1;5700;VEV_5500;6;24;;;;;7;24;;;;;6.5;0.0
-1;5700;VEV_6000;0;22;;;;;1;22;;;;;0.5;0.0
-1;5700;VEV_6500;0;12;;;;;1;12;;;;;0.5;0.0
-1;5800;HYDROGEL_PACK;9984;28;;;;;10002;12;10005;28;;;9993.0;0.0
-1;5800;VELVETFRUIT_EXTRACT;5263;48;;;;;5269;30;;;;;5266.0;0.0
-1;5800;VEV_4000;1241;14;1238;20;;;1262;14;1264;20;;;1251.5;0.0
-1;5800;VEV_4500;756;22;;;;;774;8;775;11;776;22;765.0;0.0
-1;5800;VEV_5000;265;9;264;23;;;271;9;272;18;;;268.0;0.0
-1;5800;VEV_5100;;;;;;;169;27;170;21;;;169.0;0.0
-1;5800;VEV_5200;;;;;;;;;;;;;0.0;0.0
-1;5800;VEV_5300;49;21;;;;;51;25;;;;;50.0;0.0
-1;5800;VEV_5400;15;27;;;;;17;24;;;;;16.0;0.0
-1;5800;VEV_5500;6;20;;;;;7;17;;;;;6.5;0.0
-1;5800;VEV_6000;0;21;;;;;1;21;;;;;0.5;0.0
-1;5800;VEV_6500;0;15;;;;;1;15;;;;;0.5;0.0
-1;5900;HYDROGEL_PACK;9984;11;9981;23;;;10000;11;10002;23;;;9992.0;0.0
-1;5900;VELVETFRUIT_EXTRACT;5263;25;5262;34;5262;52;5267;25;5268;58;;;5265.0;0.0
-1;5900;VEV_4000;1240;7;1237;25;;;1261;7;1263;25;;;1250.5;0.0
-1;5900;VEV_4500;758;6;757;6;756;14;774;6;776;14;;;766.0;0.0
-1;5900;VEV_5000;263;7;262;12;;;269;6;270;30;;;266.0;0.0
-1;5900;VEV_5100;165;8;164;12;;;169;12;170;13;;;167.0;0.0
-1;5900;VEV_5200;95;7;94;16;;;97;21;98;24;;;96.0;0.0
-1;5900;VEV_5300;49;24;;;;;;;;;;;49.0;0.0
-1;5900;VEV_5400;15;22;;;;;16;19;17;20;;;15.5;0.0
-1;5900;VEV_5500;6;21;;;;;7;28;;;;;6.5;0.0
-1;5900;VEV_6000;0;28;;;;;1;28;;;;;0.5;0.0
-1;5900;VEV_6500;0;15;;;;;1;15;;;;;0.5;0.0
-1;6000;HYDROGEL_PACK;9984;10;9982;30;;;10000;10;10003;30;;;9992.0;0.0
-1;6000;VELVETFRUIT_EXTRACT;5262;32;;;;;5267;21;5268;56;;;5264.5;0.0
-1;6000;VEV_4000;1240;14;1238;24;;;1261;14;1264;24;;;1250.5;0.0
-1;6000;VEV_4500;758;10;757;12;756;15;774;10;776;15;;;766.0;0.0
-1;6000;VEV_5000;262;9;;;;;268;27;;;;;265.0;0.0
-1;6000;VEV_5100;165;31;164;18;;;169;11;;;;;167.0;0.0
-1;6000;VEV_5200;94;16;;;;;97;11;98;24;;;95.5;0.0
-1;6000;VEV_5300;48;23;;;;;50;20;51;26;;;49.0;0.0
-1;6000;VEV_5400;15;24;;;;;;;;;;;15.0;0.0
-1;6000;VEV_5500;6;24;;;;;7;24;;;;;6.5;0.0
-1;6000;VEV_6000;0;24;;;;;1;24;;;;;0.5;0.0
-1;6000;VEV_6500;0;19;;;;;1;19;;;;;0.5;0.0
-1;6100;HYDROGEL_PACK;9984;14;9982;22;;;10000;14;10003;22;;;9992.0;0.0
-1;6100;VELVETFRUIT_EXTRACT;5263;35;;;;;5269;71;;;;;5266.0;0.0
-1;6100;VEV_4000;1240;14;1238;29;;;1262;14;1264;29;;;1251.0;0.0
-1;6100;VEV_4500;759;6;757;20;;;775;6;777;20;;;767.0;0.0
-1;6100;VEV_5000;263;26;262;36;;;269;8;270;22;;;266.0;0.0
-1;6100;VEV_5100;164;31;163;13;;;168;23;;;;;166.0;0.0
-1;6100;VEV_5200;95;28;94;26;;;97;6;98;23;;;96.0;0.0
-1;6100;VEV_5300;49;29;;;;;51;8;;;;;50.0;0.0
-1;6100;VEV_5400;16;26;15;25;;;17;18;;;;;16.5;0.0
-1;6100;VEV_5500;6;22;;;;;8;23;;;;;7.0;0.0
-1;6100;VEV_6000;0;18;;;;;1;18;;;;;0.5;0.0
-1;6100;VEV_6500;0;14;;;;;1;14;;;;;0.5;0.0
-1;6200;HYDROGEL_PACK;9983;12;9981;23;;;9999;12;10002;23;;;9991.0;0.0
-1;6200;VELVETFRUIT_EXTRACT;5263;23;;;;;5269;64;;;;;5266.0;0.0
-1;6200;VEV_4000;1240;15;1237;17;;;1261;15;;;;;1250.5;0.0
-1;6200;VEV_4500;758;9;756;22;;;774;9;776;22;;;766.0;0.0
-1;6200;VEV_5000;263;25;262;13;;;269;7;270;23;;;266.0;0.0
-1;6200;VEV_5100;166;6;165;21;;;170;25;;;;;168.0;0.0
-1;6200;VEV_5200;95;28;;;;;99;16;;;;;97.0;0.0
-1;6200;VEV_5300;49;20;;;;;51;18;52;19;;;50.0;0.0
-1;6200;VEV_5400;16;21;15;21;;;17;24;;;;;16.5;0.0
-1;6200;VEV_5500;6;19;;;;;8;25;;;;;7.0;0.0
-1;6200;VEV_6000;0;16;;;;;1;16;;;;;0.5;0.0
-1;6200;VEV_6500;0;16;;;;;1;16;;;;;0.5;0.0
-1;6300;HYDROGEL_PACK;9985;11;9982;23;;;10001;11;10003;23;;;9993.0;0.0
-1;6300;VELVETFRUIT_EXTRACT;5263;50;;;;;5268;18;5269;59;;;5265.5;0.0
-1;6300;VEV_4000;1239;9;1236;21;;;1260;9;1262;21;;;1249.5;0.0
-1;6300;VEV_4500;757;11;756;15;755;21;773;11;775;21;;;765.0;0.0
-1;6300;VEV_5000;263;6;262;18;;;269;6;270;16;;;266.0;0.0
-1;6300;VEV_5100;166;12;165;16;;;170;20;171;19;;;168.0;0.0
-1;6300;VEV_5200;95;11;;;;;98;17;;;;;96.5;0.0
-1;6300;VEV_5300;49;26;48;11;;;51;27;;;;;50.0;0.0
-1;6300;VEV_5400;15;21;;;;;;;;;;;15.0;0.0
-1;6300;VEV_5500;6;19;;;;;7;23;;;;;6.5;0.0
-1;6300;VEV_6000;0;22;;;;;1;22;;;;;0.5;0.0
-1;6300;VEV_6500;0;13;;;;;1;13;;;;;0.5;0.0
-1;6400;HYDROGEL_PACK;9980;15;9978;30;;;9996;15;9999;30;;;9988.0;0.0
-1;6400;VELVETFRUIT_EXTRACT;5261;57;;;;;5266;19;5267;49;5268;36;5263.5;0.0
-1;6400;VEV_4000;1238;12;1235;15;;;1259;12;1261;15;;;1248.5;0.0
-1;6400;VEV_4500;754;16;;;;;772;6;774;16;;;763.0;0.0
-1;6400;VEV_5000;263;7;262;27;;;269;7;270;12;;;266.0;0.0
-1;6400;VEV_5100;166;9;165;24;;;170;10;171;14;;;168.0;0.0
-1;6400;VEV_5200;95;12;94;23;;;98;23;;;;;96.5;0.0
-1;6400;VEV_5300;49;27;;;;;51;19;52;10;;;50.0;0.0
-1;6400;VEV_5400;16;20;;;;;17;19;;;;;16.5;0.0
-1;6400;VEV_5500;6;26;;;;;8;26;;;;;7.0;0.0
-1;6400;VEV_6000;0;22;;;;;1;22;;;;;0.5;0.0
-1;6400;VEV_6500;0;16;;;;;1;16;;;;;0.5;0.0
-1;6500;HYDROGEL_PACK;9984;15;9981;23;;;10000;15;10002;23;;;9992.0;0.0
-1;6500;VELVETFRUIT_EXTRACT;5263;18;5262;39;;;5268;67;;;;;5265.5;0.0
-1;6500;VEV_4000;1237;10;1234;27;;;1258;10;1260;27;;;1247.5;0.0
-1;6500;VEV_4500;756;11;;;;;772;11;774;17;;;764.0;0.0
-1;6500;VEV_5000;262;12;261;22;;;269;25;;;;;265.5;0.0
-1;6500;VEV_5100;166;12;;;;;172;18;;;;;169.0;0.0
-1;6500;VEV_5200;93;32;;;;;96;7;;;;;94.5;0.0
-1;6500;VEV_5300;49;28;;;;;51;22;;;;;50.0;0.0
-1;6500;VEV_5400;15;26;;;;;17;27;;;;;16.0;0.0
-1;6500;VEV_5500;6;21;;;;;7;23;;;;;6.5;0.0
-1;6500;VEV_6000;0;29;;;;;1;29;;;;;0.5;0.0
-1;6500;VEV_6500;0;13;;;;;1;13;;;;;0.5;0.0
-1;6600;HYDROGEL_PACK;9985;22;;;;;10003;10;10006;22;;;9994.0;0.0
-1;6600;VELVETFRUIT_EXTRACT;5264;49;;;;;5270;21;;;;;5267.0;0.0
-1;6600;VEV_4000;1237;11;1234;28;;;1258;11;1260;28;;;1247.5;0.0
-1;6600;VEV_4500;756;9;754;20;;;772;9;773;6;;;764.0;0.0
-1;6600;VEV_5000;261;21;;;;;268;12;269;12;;;264.5;0.0
-1;6600;VEV_5100;167;11;;;;;171;26;;;;;169.0;0.0
-1;6600;VEV_5200;93;6;92;32;;;;;;;;;93.0;0.0
-1;6600;VEV_5300;49;18;;;;;51;19;;;;;50.0;0.0
-1;6600;VEV_5400;15;16;;;;;17;25;;;;;16.0;0.0
-1;6600;VEV_5500;6;18;;;;;8;24;;;;;7.0;0.0
-1;6600;VEV_6000;0;18;;;;;1;18;;;;;0.5;0.0
-1;6600;VEV_6500;0;14;;;;;1;14;;;;;0.5;0.0
-1;6700;HYDROGEL_PACK;9988;11;9985;26;;;10004;11;10006;26;;;9996.0;0.0
-1;6700;VELVETFRUIT_EXTRACT;5264;31;;;;;5269;15;5270;36;;;5266.5;0.0
-1;6700;VEV_4000;1237;9;1235;29;;;1258;9;1261;29;;;1247.5;0.0
-1;6700;VEV_4500;757;9;;;;;773;9;775;12;;;765.0;0.0
-1;6700;VEV_5000;262;19;;;;;269;22;270;17;;;265.5;0.0
-1;6700;VEV_5100;166;6;165;14;;;170;31;171;14;;;168.0;0.0
-1;6700;VEV_5200;93;11;92;16;;;96;22;;;;;94.5;0.0
-1;6700;VEV_5300;49;8;;;;;51;19;;;;;50.0;0.0
-1;6700;VEV_5400;;;;;;;16;21;17;25;;;16.0;0.0
-1;6700;VEV_5500;7;23;;;;;8;24;;;;;7.5;0.0
-1;6700;VEV_6000;0;21;;;;;1;21;;;;;0.5;0.0
-1;6700;VEV_6500;0;12;;;;;1;12;;;;;0.5;0.0
-1;6800;HYDROGEL_PACK;9989;14;9987;21;;;10005;14;10008;21;;;9997.0;0.0
-1;6800;VELVETFRUIT_EXTRACT;5264;30;;;;;5269;22;5270;33;;;5266.5;0.0
-1;6800;VEV_4000;1235;15;1233;25;;;1256;15;1259;25;;;1245.5;0.0
-1;6800;VEV_4500;756;12;754;13;;;772;12;774;13;;;764.0;0.0
-1;6800;VEV_5000;;;;;;;269;9;270;22;;;269.0;0.0
-1;6800;VEV_5100;168;27;;;;;173;11;;;;;170.5;0.0
-1;6800;VEV_5200;93;26;92;21;;;;;;;;;93.0;0.0
-1;6800;VEV_5300;49;6;;;;;;;;;;;49.0;0.0
-1;6800;VEV_5400;16;21;15;21;;;17;24;;;;;16.5;0.0
-1;6800;VEV_5500;7;23;;;;;8;20;;;;;7.5;0.0
-1;6800;VEV_6000;0;25;;;;;1;25;;;;;0.5;0.0
-1;6800;VEV_6500;0;15;;;;;1;15;;;;;0.5;0.0
-1;6900;HYDROGEL_PACK;9990;15;9988;24;;;10006;15;10009;24;;;9998.0;0.0
-1;6900;VELVETFRUIT_EXTRACT;5265;25;5265;21;;;5271;42;;;;;5268.0;0.0
-1;6900;VEV_4000;1236;11;1234;15;;;1257;11;1260;15;;;1246.5;0.0
-1;6900;VEV_4500;755;7;753;22;;;773;22;;;;;764.0;0.0
-1;6900;VEV_5000;263;9;;;;;270;20;;;;;266.5;0.0
-1;6900;VEV_5100;;;;;;;172;12;;;;;172.0;0.0
-1;6900;VEV_5200;94;34;93;27;;;97;17;;;;;95.5;0.0
-1;6900;VEV_5300;49;27;;;;;51;19;;;;;50.0;0.0
-1;6900;VEV_5400;;;;;;;17;30;;;;;17.0;0.0
-1;6900;VEV_5500;7;16;;;;;8;22;;;;;7.5;0.0
-1;6900;VEV_6000;0;21;;;;;1;21;;;;;0.5;0.0
-1;6900;VEV_6500;0;18;;;;;1;18;;;;;0.5;0.0
-1;7000;HYDROGEL_PACK;9987;15;9985;30;;;10003;15;10006;30;;;9995.0;0.0
-1;7000;VELVETFRUIT_EXTRACT;5265;50;;;;;5271;33;;;;;5268.0;0.0
-1;7000;VEV_4000;1237;12;1234;24;;;1258;12;1260;24;;;1247.5;0.0
-1;7000;VEV_4500;756;7;;;;;772;7;774;16;;;764.0;0.0
-1;7000;VEV_5000;263;10;262;24;;;269;10;;;;;266.0;0.0
-1;7000;VEV_5100;167;11;;;;;171;10;172;28;;;169.0;0.0
-1;7000;VEV_5200;94;28;;;;;98;30;;;;;96.0;0.0
-1;7000;VEV_5300;;;;;;;52;29;;;;;52.0;0.0
-1;7000;VEV_5400;15;22;;;;;17;18;;;;;16.0;0.0
-1;7000;VEV_5500;7;19;;;;;8;20;;;;;7.5;0.0
-1;7000;VEV_6000;0;19;;;;;1;19;;;;;0.5;0.0
-1;7000;VEV_6500;0;16;;;;;1;16;;;;;0.5;0.0
-1;7100;HYDROGEL_PACK;9986;15;9984;24;;;10002;15;10005;24;;;9994.0;0.0
-1;7100;VELVETFRUIT_EXTRACT;5266;24;5265;37;;;5270;24;5271;75;5272;32;5268.0;0.0
-1;7100;VEV_4000;1236;12;1234;16;;;1257;12;1260;16;;;1246.5;0.0
-1;7100;VEV_4500;;;;;;;773;11;775;20;;;773.0;0.0
-1;7100;VEV_5000;263;6;262;22;;;270;13;;;;;266.5;0.0
-1;7100;VEV_5100;166;31;165;29;;;171;33;;;;;168.5;0.0
-1;7100;VEV_5200;93;32;;;;;;;;;;;93.0;0.0
-1;7100;VEV_5300;49;18;;;;;51;17;;;;;50.0;0.0
-1;7100;VEV_5400;15;22;15;21;;;;;;;;;15.0;0.0
-1;7100;VEV_5500;7;17;;;;;8;26;;;;;7.5;0.0
-1;7100;VEV_6000;0;24;;;;;1;24;;;;;0.5;0.0
-1;7100;VEV_6500;0;19;;;;;1;19;;;;;0.5;0.0
-1;7200;HYDROGEL_PACK;9986;10;9984;30;;;10002;10;10005;30;;;9994.0;0.0
-1;7200;VELVETFRUIT_EXTRACT;5265;69;;;;;5270;16;5271;20;;;5267.5;0.0
-1;7200;VEV_4000;1236;9;1234;16;;;1257;9;1260;16;;;1246.5;0.0
-1;7200;VEV_4500;755;7;753;13;;;771;7;773;13;;;763.0;0.0
-1;7200;VEV_5000;261;11;260;22;;;267;8;268;29;;;264.0;0.0
-1;7200;VEV_5100;164;26;163;23;;;168;8;169;24;;;166.0;0.0
-1;7200;VEV_5200;94;9;93;19;;;96;21;97;21;;;95.0;0.0
-1;7200;VEV_5300;;;;;;;;;;;;;0.0;0.0
-1;7200;VEV_5400;16;24;15;17;;;16;23;17;17;;;16.0;0.0
-1;7200;VEV_5500;7;30;;;;;8;21;;;;;7.5;0.0
-1;7200;VEV_6000;0;23;;;;;1;23;;;;;0.5;0.0
-1;7200;VEV_6500;0;18;;;;;1;18;;;;;0.5;0.0
-1;7300;HYDROGEL_PACK;9987;11;9985;30;;;10003;11;10006;30;;;9995.0;0.0
-1;7300;VELVETFRUIT_EXTRACT;5267;19;5266;30;;;5271;19;5272;40;;;5269.0;0.0
-1;7300;VEV_4000;1236;14;1234;25;;;1257;14;1260;25;;;1246.5;0.0
-1;7300;VEV_4500;754;12;752;19;;;770;12;771;23;772;19;762.0;0.0
-1;7300;VEV_5000;261;23;260;20;;;268;14;;;;;264.5;0.0
-1;7300;VEV_5100;162;23;;;;;168;14;;;;;165.0;0.0
-1;7300;VEV_5200;95;8;;;;;97;12;98;19;;;96.0;0.0
-1;7300;VEV_5300;49;21;48;18;;;51;5;;;;;50.0;0.0
-1;7300;VEV_5400;15;19;;;;;17;22;;;;;16.0;0.0
-1;7300;VEV_5500;7;22;;;;;8;16;;;;;7.5;0.0
-1;7300;VEV_6000;0;25;;;;;1;25;;;;;0.5;0.0
-1;7300;VEV_6500;0;15;;;;;1;15;;;;;0.5;0.0
-1;7400;HYDROGEL_PACK;9990;11;9988;30;;;10006;11;10009;30;;;9998.0;0.0
-1;7400;VELVETFRUIT_EXTRACT;5267;39;;;;;5272;22;5273;32;;;5269.5;0.0
-1;7400;VEV_4000;1236;13;1233;26;;;1257;13;1259;26;;;1246.5;0.0
-1;7400;VEV_4500;755;12;753;16;;;771;12;773;16;;;763.0;0.0
-1;7400;VEV_5000;260;19;;;;;267;8;;;;;263.5;0.0
-1;7400;VEV_5100;163;22;162;19;;;;;;;;;163.0;0.0
-1;7400;VEV_5200;95;21;;;;;97;34;98;17;;;96.0;0.0
-1;7400;VEV_5300;49;24;;;;;51;20;51;26;;;50.0;0.0
-1;7400;VEV_5400;15;16;;;;;17;22;;;;;16.0;0.0
-1;7400;VEV_5500;7;18;;;;;8;22;;;;;7.5;0.0
-1;7400;VEV_6000;0;20;;;;;1;20;;;;;0.5;0.0
-1;7400;VEV_6500;0;17;;;;;1;17;;;;;0.5;0.0
-1;7500;HYDROGEL_PACK;9985;13;9983;30;;;10001;13;10003;30;;;9993.0;0.0
-1;7500;VELVETFRUIT_EXTRACT;5269;66;;;;;5275;55;;;;;5272.0;0.0
-1;7500;VEV_4000;1236;10;1234;15;;;1257;10;1260;15;;;1246.5;0.0
-1;7500;VEV_4500;754;10;752;12;;;770;10;772;12;;;762.0;0.0
-1;7500;VEV_5000;260;9;259;26;;;267;12;;;;;263.5;0.0
-1;7500;VEV_5100;163;12;162;24;;;167;12;168;20;;;165.0;0.0
-1;7500;VEV_5200;95;26;;;;;98;10;99;25;;;96.5;0.0
-1;7500;VEV_5300;49;28;;;;;51;20;;;;;50.0;0.0
-1;7500;VEV_5400;15;22;;;;;16;27;17;17;;;15.5;0.0
-1;7500;VEV_5500;6;24;;;;;8;21;;;;;7.0;0.0
-1;7500;VEV_6000;0;20;;;;;1;20;;;;;0.5;0.0
-1;7500;VEV_6500;0;10;;;;;1;10;;;;;0.5;0.0
-1;7600;HYDROGEL_PACK;9984;14;9981;28;;;10000;14;10002;28;;;9992.0;0.0
-1;7600;VELVETFRUIT_EXTRACT;5271;44;;;;;5277;64;;;;;5274.0;0.0
-1;7600;VEV_4000;1236;11;1233;19;;;1256;11;1259;19;;;1246.0;0.0
-1;7600;VEV_4500;754;9;752;17;;;770;9;771;22;773;17;762.0;0.0
-1;7600;VEV_5000;261;12;;;;;267;29;268;22;;;264.0;0.0
-1;7600;VEV_5100;164;8;163;19;;;;;;;;;164.0;0.0
-1;7600;VEV_5200;96;9;95;27;;;98;12;99;35;;;97.0;0.0
-1;7600;VEV_5300;48;23;47;20;;;50;16;;;;;49.0;0.0
-1;7600;VEV_5400;15;23;;;;;17;25;;;;;16.0;0.0
-1;7600;VEV_5500;6;24;;;;;8;15;;;;;7.0;0.0
-1;7600;VEV_6000;0;26;;;;;1;26;;;;;0.5;0.0
-1;7600;VEV_6500;0;20;;;;;1;20;;;;;0.5;0.0
-1;7700;HYDROGEL_PACK;9986;10;9983;28;;;10002;10;10004;28;;;9994.0;0.0
-1;7700;VELVETFRUIT_EXTRACT;5271;15;5270;55;;;5276;46;;;;;5273.5;0.0
-1;7700;VEV_4000;1235;14;1232;29;;;1256;14;1258;29;;;1245.5;0.0
-1;7700;VEV_4500;754;7;752;16;;;770;7;772;16;;;762.0;0.0
-1;7700;VEV_5000;261;10;260;12;;;267;8;268;13;;;264.0;0.0
-1;7700;VEV_5100;162;22;;;;;168;22;;;;;165.0;0.0
-1;7700;VEV_5200;96;10;95;24;;;99;23;;;;;97.5;0.0
-1;7700;VEV_5300;48;29;;;;;50;23;;;;;49.0;0.0
-1;7700;VEV_5400;16;20;15;24;;;;;;;;;16.0;0.0
-1;7700;VEV_5500;6;16;;;;;8;25;;;;;7.0;0.0
-1;7700;VEV_6000;0;16;;;;;1;16;;;;;0.5;0.0
-1;7700;VEV_6500;0;15;;;;;1;15;;;;;0.5;0.0
-1;7800;HYDROGEL_PACK;9984;15;9981;29;;;10000;15;10002;29;;;9992.0;0.0
-1;7800;VELVETFRUIT_EXTRACT;5271;21;5270;52;;;5275;21;5276;38;;;5273.0;0.0
-1;7800;VEV_4000;1235;13;1232;24;;;1256;13;1258;24;;;1245.5;0.0
-1;7800;VEV_4500;756;10;754;16;;;772;10;774;16;;;764.0;0.0
-1;7800;VEV_5000;262;10;261;15;;;268;7;269;13;;;265.0;0.0
-1;7800;VEV_5100;163;28;162;15;;;167;11;168;15;;;165.0;0.0
-1;7800;VEV_5200;96;30;95;21;;;99;27;;;;;97.5;0.0
-1;7800;VEV_5300;48;27;;;;;50;26;;;;;49.0;0.0
-1;7800;VEV_5400;16;21;;;;;;;;;;;16.0;0.0
-1;7800;VEV_5500;6;22;;;;;8;22;;;;;7.0;0.0
-1;7800;VEV_6000;0;26;;;;;1;26;;;;;0.5;0.0
-1;7800;VEV_6500;0;10;;;;;1;10;;;;;0.5;0.0
-1;7900;HYDROGEL_PACK;9984;13;9982;29;;;10000;13;10003;29;;;9992.0;0.0
-1;7900;VELVETFRUIT_EXTRACT;5272;54;5272;16;;;5277;16;5278;56;;;5274.5;0.0
-1;7900;VEV_4000;1236;13;1234;29;;;1257;13;1260;29;;;1246.5;0.0
-1;7900;VEV_4500;757;11;755;20;;;773;11;774;8;775;20;765.0;0.0
-1;7900;VEV_5000;263;10;;;;;270;23;;;;;266.5;0.0
-1;7900;VEV_5100;163;27;;;;;;;;;;;163.0;0.0
-1;7900;VEV_5200;95;25;;;;;99;21;;;;;97.0;0.0
-1;7900;VEV_5300;49;20;;;;;51;26;;;;;50.0;0.0
-1;7900;VEV_5400;16;26;15;24;;;16;26;17;22;;;16.0;0.0
-1;7900;VEV_5500;7;29;;;;;8;26;;;;;7.5;0.0
-1;7900;VEV_6000;0;21;;;;;1;21;;;;;0.5;0.0
-1;7900;VEV_6500;0;14;;;;;1;14;;;;;0.5;0.0
-1;8000;HYDROGEL_PACK;9983;12;9981;20;;;9999;12;10002;20;;;9991.0;0.0
-1;8000;VELVETFRUIT_EXTRACT;5273;71;;;;;5278;22;5279;65;;;5275.5;0.0
-1;8000;VEV_4000;1235;9;1233;25;;;1256;9;1259;25;;;1245.5;0.0
-1;8000;VEV_4500;758;12;756;15;;;774;12;776;15;;;766.0;0.0
-1;8000;VEV_5000;263;9;262;12;;;269;30;;;;;266.0;0.0
-1;8000;VEV_5100;162;10;;;;;166;20;;;;;164.0;0.0
-1;8000;VEV_5200;95;14;;;;;98;29;99;26;;;96.5;0.0
-1;8000;VEV_5300;48;20;;;;;50;25;51;23;;;49.0;0.0
-1;8000;VEV_5400;15;28;15;20;;;17;25;;;;;16.0;0.0
-1;8000;VEV_5500;6;19;;;;;8;22;;;;;7.0;0.0
-1;8000;VEV_6000;0;27;;;;;1;27;;;;;0.5;0.0
-1;8000;VEV_6500;0;14;;;;;1;14;;;;;0.5;0.0
-1;8100;HYDROGEL_PACK;9984;13;9982;24;;;10000;13;10003;24;;;9992.0;0.0
-1;8100;VELVETFRUIT_EXTRACT;5273;47;;;;;5278;19;5279;44;;;5275.5;0.0
-1;8100;VEV_4000;1236;11;1234;17;;;1257;11;1259;17;;;1246.5;0.0
-1;8100;VEV_4500;757;7;755;12;;;773;7;776;12;;;765.0;0.0
-1;8100;VEV_5000;262;8;;;;;268;7;269;21;;;265.0;0.0
-1;8100;VEV_5100;162;25;161;20;;;166;30;167;16;;;164.0;0.0
-1;8100;VEV_5200;95;35;;;;;98;34;;;;;96.5;0.0
-1;8100;VEV_5300;49;19;;;;;51;9;;;;;50.0;0.0
-1;8100;VEV_5400;15;16;;;;;;;;;;;15.0;0.0
-1;8100;VEV_5500;6;17;;;;;8;30;;;;;7.0;0.0
-1;8100;VEV_6000;0;24;;;;;1;24;;;;;0.5;0.0
-1;8100;VEV_6500;0;17;;;;;1;17;;;;;0.5;0.0
-1;8200;HYDROGEL_PACK;9986;15;9984;30;;;10002;15;10005;30;;;9994.0;0.0
-1;8200;VELVETFRUIT_EXTRACT;5274;40;;;;;5279;23;5280;61;;;5276.5;0.0
-1;8200;VEV_4000;1237;15;1234;29;;;1258;15;1260;29;;;1247.5;0.0
-1;8200;VEV_4500;758;11;756;21;;;774;11;776;21;;;766.0;0.0
-1;8200;VEV_5000;262;22;261;21;;;268;7;269;20;;;265.0;0.0
-1;8200;VEV_5100;162;8;;;;;167;13;;;;;164.5;0.0
-1;8200;VEV_5200;95;27;;;;;;;;;;;95.0;0.0
-1;8200;VEV_5300;49;19;;;;;51;27;;;;;50.0;0.0
-1;8200;VEV_5400;16;6;15;27;;;17;20;;;;;16.5;0.0
-1;8200;VEV_5500;6;29;;;;;7;26;;;;;6.5;0.0
-1;8200;VEV_6000;0;27;;;;;1;27;;;;;0.5;0.0
-1;8200;VEV_6500;0;19;;;;;1;19;;;;;0.5;0.0
-1;8300;HYDROGEL_PACK;9989;12;9986;29;;;10005;12;10007;29;;;9997.0;0.0
-1;8300;VELVETFRUIT_EXTRACT;5275;15;5274;47;;;5280;37;5281;46;;;5277.5;0.0
-1;8300;VEV_4000;1237;7;1234;16;;;1258;7;1260;16;;;1247.5;0.0
-1;8300;VEV_4500;758;8;757;11;756;19;774;8;777;19;;;766.0;0.0
-1;8300;VEV_5000;262;8;261;14;;;269;25;;;;;265.5;0.0
-1;8300;VEV_5100;162;10;161;26;;;166;19;;;;;164.0;0.0
-1;8300;VEV_5200;94;15;;;;;97;21;98;23;;;95.5;0.0
-1;8300;VEV_5300;49;18;;;;;51;22;;;;;50.0;0.0
-1;8300;VEV_5400;15;25;;;;;17;20;;;;;16.0;0.0
-1;8300;VEV_5500;6;29;;;;;8;20;;;;;7.0;0.0
-1;8300;VEV_6000;0;18;;;;;1;18;;;;;0.5;0.0
-1;8300;VEV_6500;0;17;;;;;1;17;;;;;0.5;0.0
-1;8400;HYDROGEL_PACK;9988;12;9986;21;;;10004;12;10007;21;;;9996.0;0.0
-1;8400;VELVETFRUIT_EXTRACT;5275;34;;;;;5281;65;;;;;5278.0;0.0
-1;8400;VEV_4000;1238;7;1236;17;;;1259;7;1262;17;;;1248.5;0.0
-1;8400;VEV_4500;759;6;757;24;;;775;6;777;24;;;767.0;0.0
-1;8400;VEV_5000;261;6;260;24;;;267;8;268;12;;;264.0;0.0
-1;8400;VEV_5100;162;34;;;;;166;30;167;13;;;164.0;0.0
-1;8400;VEV_5200;95;9;94;17;;;;;;;;;95.0;0.0
-1;8400;VEV_5300;49;6;;;;;51;11;51;23;;;50.0;0.0
-1;8400;VEV_5400;15;18;;;;;17;18;;;;;16.0;0.0
-1;8400;VEV_5500;6;22;;;;;8;17;;;;;7.0;0.0
-1;8400;VEV_6000;0;24;;;;;1;24;;;;;0.5;0.0
-1;8400;VEV_6500;0;20;;;;;1;20;;;;;0.5;0.0
-1;8500;HYDROGEL_PACK;9987;12;9984;25;;;10003;12;10005;25;;;9995.0;0.0
-1;8500;VELVETFRUIT_EXTRACT;5277;22;;;;;5282;25;5283;22;5284;44;5279.5;0.0
-1;8500;VEV_4000;1237;15;1235;29;;;1258;15;1261;29;;;1247.5;0.0
-1;8500;VEV_4500;756;13;;;;;776;13;;;;;766.0;0.0
-1;8500;VEV_5000;261;8;260;24;;;267;7;268;23;;;264.0;0.0
-1;8500;VEV_5100;161;19;;;;;167;25;;;;;164.0;0.0
-1;8500;VEV_5200;94;13;;;;;98;18;;;;;96.0;0.0
-1;8500;VEV_5300;49;8;;;;;;;;;;;49.0;0.0
-1;8500;VEV_5400;15;27;;;;;;;;;;;15.0;0.0
-1;8500;VEV_5500;7;22;;;;;8;20;;;;;7.5;0.0
-1;8500;VEV_6000;0;28;;;;;1;28;;;;;0.5;0.0
-1;8500;VEV_6500;0;14;;;;;1;14;;;;;0.5;0.0
-1;8600;HYDROGEL_PACK;9984;10;9982;24;;;10000;10;10003;24;;;9992.0;0.0
-1;8600;VELVETFRUIT_EXTRACT;5277;67;;;;;5282;18;5283;16;;;5279.5;0.0
-1;8600;VEV_4000;1236;11;1234;24;;;1257;11;1260;24;;;1246.5;0.0
-1;8600;VEV_4500;759;10;758;12;757;15;777;15;;;;;768.0;0.0
-1;8600;VEV_5000;262;24;;;;;270;13;;;;;266.0;0.0
-1;8600;VEV_5100;162;8;161;27;;;166;8;167;17;;;164.0;0.0
-1;8600;VEV_5200;;;;;;;97;8;98;22;;;97.0;0.0
-1;8600;VEV_5300;49;26;48;18;;;51;24;;;;;50.0;0.0
-1;8600;VEV_5400;;;;;;;16;17;17;25;;;16.0;0.0
-1;8600;VEV_5500;7;26;;;;;8;20;;;;;7.5;0.0
-1;8600;VEV_6000;0;25;;;;;1;25;;;;;0.5;0.0
-1;8600;VEV_6500;0;14;;;;;1;14;;;;;0.5;0.0
-1;8700;HYDROGEL_PACK;9984;15;9981;21;;;10000;15;10002;21;;;9992.0;0.0
-1;8700;VELVETFRUIT_EXTRACT;5278;39;5278;60;;;5284;65;;;;;5281.0;0.0
-1;8700;VEV_4000;1237;14;1234;20;;;1258;14;1260;20;;;1247.5;0.0
-1;8700;VEV_4500;755;21;;;;;773;12;775;21;;;764.0;0.0
-1;8700;VEV_5000;264;7;263;14;;;270;25;271;23;;;267.0;0.0
-1;8700;VEV_5100;160;17;;;;;166;19;;;;;163.0;0.0
-1;8700;VEV_5200;94;21;;;;;97;20;98;19;;;95.5;0.0
-1;8700;VEV_5300;48;28;;;;;50;27;;;;;49.0;0.0
-1;8700;VEV_5400;15;17;15;23;;;16;19;17;26;;;15.5;0.0
-1;8700;VEV_5500;7;20;;;;;8;21;;;;;7.5;0.0
-1;8700;VEV_6000;0;25;;;;;1;25;;;;;0.5;0.0
-1;8700;VEV_6500;0;18;;;;;1;18;;;;;0.5;0.0
-1;8800;HYDROGEL_PACK;9984;14;9982;28;;;10000;14;10003;28;;;9992.0;0.0
-1;8800;VELVETFRUIT_EXTRACT;5280;18;5279;56;;;5284;18;5285;58;;;5282.0;0.0
-1;8800;VEV_4000;1236;14;1234;25;;;1257;14;1260;25;;;1246.5;0.0
-1;8800;VEV_4500;758;11;756;22;;;774;11;776;22;;;766.0;0.0
-1;8800;VEV_5000;262;11;261;14;;;268;31;;;;;265.0;0.0
-1;8800;VEV_5100;161;13;;;;;166;8;167;31;;;163.5;0.0
-1;8800;VEV_5200;;;;;;;98;27;;;;;98.0;0.0
-1;8800;VEV_5300;49;26;;;;;51;23;;;;;50.0;0.0
-1;8800;VEV_5400;15;23;;;;;16;6;17;20;;;15.5;0.0
-1;8800;VEV_5500;7;25;;;;;8;24;;;;;7.5;0.0
-1;8800;VEV_6000;0;24;;;;;1;24;;;;;0.5;0.0
-1;8800;VEV_6500;0;13;;;;;1;13;;;;;0.5;0.0
-1;8900;HYDROGEL_PACK;9986;15;9984;21;;;10002;15;10005;21;;;9994.0;0.0
-1;8900;VELVETFRUIT_EXTRACT;5280;24;5279;34;;;5284;24;5285;35;;;5282.0;0.0
-1;8900;VEV_4000;1235;7;1233;25;;;1256;7;1259;25;;;1245.5;0.0
-1;8900;VEV_4500;759;7;757;21;;;775;7;777;21;;;767.0;0.0
-1;8900;VEV_5000;263;20;;;;;270;11;271;21;;;266.5;0.0
-1;8900;VEV_5100;163;10;162;12;;;168;12;;;;;165.5;0.0
-1;8900;VEV_5200;95;27;;;;;98;24;;;;;96.5;0.0
-1;8900;VEV_5300;;;;;;;50;9;;;;;50.0;0.0
-1;8900;VEV_5400;16;28;15;26;;;17;19;;;;;16.5;0.0
-1;8900;VEV_5500;6;24;;;;;8;17;;;;;7.0;0.0
-1;8900;VEV_6000;0;22;;;;;1;22;;;;;0.5;0.0
-1;8900;VEV_6500;0;18;;;;;1;18;;;;;0.5;0.0
-1;9000;HYDROGEL_PACK;9988;11;9985;27;;;10004;11;10006;27;;;9996.0;0.0
-1;9000;VELVETFRUIT_EXTRACT;5279;72;5279;25;;;5285;56;;;;;5282.0;0.0
-1;9000;VEV_4000;1236;9;1233;16;;;1257;9;1259;16;;;1246.5;0.0
-1;9000;VEV_4500;758;6;756;19;;;774;6;776;19;;;766.0;0.0
-1;9000;VEV_5000;264;10;263;14;;;270;8;;;;;267.0;0.0
-1;9000;VEV_5100;163;27;;;;;167;8;168;23;;;165.0;0.0
-1;9000;VEV_5200;95;27;;;;;99;31;;;;;97.0;0.0
-1;9000;VEV_5300;48;25;47;17;;;50;20;;;;;49.0;0.0
-1;9000;VEV_5400;;;;;;;17;22;;;;;17.0;0.0
-1;9000;VEV_5500;6;5;;;;;8;26;;;;;7.0;0.0
-1;9000;VEV_6000;0;18;;;;;1;18;;;;;0.5;0.0
-1;9000;VEV_6500;0;13;;;;;1;13;;;;;0.5;0.0
-1;9100;HYDROGEL_PACK;9987;11;9984;25;;;10003;11;10005;25;;;9995.0;0.0
-1;9100;VELVETFRUIT_EXTRACT;5279;25;;;;;5285;36;;;;;5282.0;0.0
-1;9100;VEV_4000;1234;15;1232;25;;;1255;15;1258;25;;;1244.5;0.0
-1;9100;VEV_4500;759;11;757;23;;;776;11;777;23;;;767.5;0.0
-1;9100;VEV_5000;264;8;;;;;270;12;271;22;;;267.0;0.0
-1;9100;VEV_5100;162;15;;;;;167;21;168;12;;;164.5;0.0
-1;9100;VEV_5200;96;9;95;28;;;98;8;99;24;;;97.0;0.0
-1;9100;VEV_5300;48;15;;;;;51;13;;;;;49.5;0.0
-1;9100;VEV_5400;15;19;;;;;17;20;;;;;16.0;0.0
-1;9100;VEV_5500;6;22;;;;;8;22;;;;;7.0;0.0
-1;9100;VEV_6000;0;26;;;;;1;26;;;;;0.5;0.0
-1;9100;VEV_6500;0;16;;;;;1;16;;;;;0.5;0.0
-1;9200;HYDROGEL_PACK;9989;13;9986;24;;;10005;13;10007;24;;;9997.0;0.0
-1;9200;VELVETFRUIT_EXTRACT;5278;22;;;;;5284;47;;;;;5281.0;0.0
-1;9200;VEV_4000;1235;13;1232;15;;;1256;13;1258;15;;;1245.5;0.0
-1;9200;VEV_4500;757;10;755;22;;;773;10;775;22;;;765.0;0.0
-1;9200;VEV_5000;263;10;262;21;;;269;8;270;21;;;266.0;0.0
-1;9200;VEV_5100;163;29;162;13;;;167;11;168;20;;;165.0;0.0
-1;9200;VEV_5200;95;19;;;;;;;;;;;95.0;0.0
-1;9200;VEV_5300;47;22;;;;;49;29;50;16;;;48.0;0.0
-1;9200;VEV_5400;;;;;;;17;21;;;;;17.0;0.0
-1;9200;VEV_5500;6;19;;;;;7;24;;;;;6.5;0.0
-1;9200;VEV_6000;0;20;;;;;1;20;;;;;0.5;0.0
-1;9200;VEV_6500;0;15;;;;;1;15;;;;;0.5;0.0
-1;9300;HYDROGEL_PACK;9987;15;9985;24;;;10003;15;10006;24;;;9995.0;0.0
-1;9300;VELVETFRUIT_EXTRACT;5278;47;5278;17;;;5283;17;5284;35;5284;52;5280.5;0.0
-1;9300;VEV_4000;1237;10;1235;15;;;1258;10;1260;15;;;1247.5;0.0
-1;9300;VEV_4500;756;21;;;;;774;10;776;21;;;765.0;0.0
-1;9300;VEV_5000;263;9;262;35;;;269;8;270;14;;;266.0;0.0
-1;9300;VEV_5100;163;9;162;22;;;167;21;168;32;;;165.0;0.0
-1;9300;VEV_5200;97;29;96;26;;;100;29;;;;;98.5;0.0
-1;9300;VEV_5300;47;18;46;21;;;49;19;49;22;;;48.0;0.0
-1;9300;VEV_5400;;;;;;;17;23;;;;;17.0;0.0
-1;9300;VEV_5500;6;24;;;;;7;21;;;;;6.5;0.0
-1;9300;VEV_6000;0;28;;;;;1;28;;;;;0.5;0.0
-1;9300;VEV_6500;0;14;;;;;1;14;;;;;0.5;0.0
-1;9400;HYDROGEL_PACK;9986;14;9984;24;;;10002;14;10005;24;;;9994.0;0.0
-1;9400;VELVETFRUIT_EXTRACT;5278;64;;;;;5284;49;;;;;5281.0;0.0
-1;9400;VEV_4000;1236;14;1233;21;;;1257;14;1259;21;;;1246.5;0.0
-1;9400;VEV_4500;758;10;757;10;756;21;774;10;777;21;;;766.0;0.0
-1;9400;VEV_5000;264;8;263;30;;;270;9;271;12;;;267.0;0.0
-1;9400;VEV_5100;163;31;162;24;;;168;20;;;;;165.5;0.0
-1;9400;VEV_5200;96;24;;;;;99;27;100;20;;;97.5;0.0
-1;9400;VEV_5300;47;5;;;;;49;19;;;;;48.0;0.0
-1;9400;VEV_5400;15;27;;;;;16;22;17;22;;;15.5;0.0
-1;9400;VEV_5500;6;18;;;;;7;28;;;;;6.5;0.0
-1;9400;VEV_6000;0;21;;;;;1;21;;;;;0.5;0.0
-1;9400;VEV_6500;0;16;;;;;1;16;;;;;0.5;0.0
-1;9500;HYDROGEL_PACK;9988;10;9985;27;;;10004;10;10006;27;;;9996.0;0.0
-1;9500;VELVETFRUIT_EXTRACT;5279;67;;;;;5285;41;;;;;5282.0;0.0
-1;9500;VEV_4000;1236;14;1234;19;;;1257;14;1260;19;;;1246.5;0.0
-1;9500;VEV_4500;758;7;756;12;;;774;7;775;15;776;12;766.0;0.0
-1;9500;VEV_5000;264;16;;;;;271;8;272;23;;;267.5;0.0
-1;9500;VEV_5100;163;31;;;;;167;29;168;23;;;165.0;0.0
-1;9500;VEV_5200;97;29;96;33;;;100;19;;;;;98.5;0.0
-1;9500;VEV_5300;46;19;45;17;;;48;24;;;;;47.0;0.0
-1;9500;VEV_5400;16;19;15;28;;;;;;;;;16.0;0.0
-1;9500;VEV_5500;6;23;;;;;7;29;;;;;6.5;0.0
-1;9500;VEV_6000;0;17;;;;;1;17;;;;;0.5;0.0
-1;9500;VEV_6500;0;18;;;;;1;18;;;;;0.5;0.0
-1;9600;HYDROGEL_PACK;9982;13;9980;27;;;9998;13;10001;27;;;9990.0;0.0
-1;9600;VELVETFRUIT_EXTRACT;5278;30;;;;;5283;19;5284;35;;;5280.5;0.0
-1;9600;VEV_4000;1236;8;1234;30;;;1257;8;1260;30;;;1246.5;0.0
-1;9600;VEV_4500;758;7;756;17;;;774;7;775;12;776;17;766.0;0.0
-1;9600;VEV_5000;264;11;263;15;;;270;11;271;20;;;267.0;0.0
-1;9600;VEV_5100;163;27;162;27;;;168;25;;;;;165.5;0.0
-1;9600;VEV_5200;95;22;;;;;98;6;99;20;;;96.5;0.0
-1;9600;VEV_5300;46;9;;;;;48;22;49;25;;;47.0;0.0
-1;9600;VEV_5400;16;22;15;12;;;16;23;17;25;;;16.0;0.0
-1;9600;VEV_5500;6;20;;;;;7;23;;;;;6.5;0.0
-1;9600;VEV_6000;0;20;;;;;1;20;;;;;0.5;0.0
-1;9600;VEV_6500;0;17;;;;;1;17;;;;;0.5;0.0
-1;9700;HYDROGEL_PACK;9983;14;9980;23;;;9999;14;10001;23;;;9991.0;0.0
-1;9700;VELVETFRUIT_EXTRACT;5277;65;;;;;5283;32;5284;35;;;5280.0;0.0
-1;9700;VEV_4000;1239;12;1236;19;;;1260;12;1262;19;;;1249.5;0.0
-1;9700;VEV_4500;759;6;757;13;;;775;6;777;13;;;767.0;0.0
-1;9700;VEV_5000;265;10;264;23;;;272;15;;;;;268.5;0.0
-1;9700;VEV_5100;161;22;;;;;166;7;167;24;;;163.5;0.0
-1;9700;VEV_5200;96;23;;;;;99;9;100;33;;;97.5;0.0
-1;9700;VEV_5300;45;5;;;;;47;21;;;;;46.0;0.0
-1;9700;VEV_5400;15;28;15;29;;;17;17;;;;;16.0;0.0
-1;9700;VEV_5500;6;26;;;;;7;18;;;;;6.5;0.0
-1;9700;VEV_6000;0;27;;;;;1;27;;;;;0.5;0.0
-1;9700;VEV_6500;0;14;;;;;1;14;;;;;0.5;0.0
-1;9800;HYDROGEL_PACK;9982;12;9980;25;;;9998;12;10001;25;;;9990.0;0.0
-1;9800;VELVETFRUIT_EXTRACT;5278;70;;;;;5284;59;;;;;5281.0;0.0
-1;9800;VEV_4000;1237;14;1235;15;;;1258;14;1261;15;;;1247.5;0.0
-1;9800;VEV_4500;761;7;760;10;759;18;777;7;779;18;;;769.0;0.0
-1;9800;VEV_5000;263;11;262;13;;;269;8;270;23;;;266.0;0.0
-1;9800;VEV_5100;162;21;;;;;166;22;;;;;164.0;0.0
-1;9800;VEV_5200;97;22;;;;;;;;;;;97.0;0.0
-1;9800;VEV_5300;45;28;;;;;47;16;;;;;46.0;0.0
-1;9800;VEV_5400;15;26;15;10;;;17;27;;;;;16.0;0.0
-1;9800;VEV_5500;6;18;;;;;7;23;;;;;6.5;0.0
-1;9800;VEV_6000;0;19;;;;;1;19;;;;;0.5;0.0
-1;9800;VEV_6500;0;19;;;;;1;19;;;;;0.5;0.0
-1;9900;HYDROGEL_PACK;9983;14;9980;30;;;9999;14;10001;30;;;9991.0;0.0
-1;9900;VELVETFRUIT_EXTRACT;5277;31;;;;;5283;64;5284;42;;;5280.0;0.0
-1;9900;VEV_4000;1235;15;1233;29;;;1256;15;1259;29;;;1245.5;0.0
-1;9900;VEV_4500;761;12;759;22;;;777;12;779;22;;;769.0;0.0
-1;9900;VEV_5000;264;28;263;28;;;270;10;271;14;;;267.0;0.0
-1;9900;VEV_5100;161;31;160;23;;;165;9;;;;;163.0;0.0
-1;9900;VEV_5200;98;27;;;;;;;;;;;98.0;0.0
-1;9900;VEV_5300;44;30;;;;;46;19;47;20;;;45.0;0.0
-1;9900;VEV_5400;15;22;;;;;15;20;16;15;;;15.0;0.0
-1;9900;VEV_5500;6;27;;;;;7;25;;;;;6.5;0.0
-1;9900;VEV_6000;0;24;;;;;1;24;;;;;0.5;0.0
-1;9900;VEV_6500;0;21;;;;;1;21;;;;;0.5;0.0
-1;10000;HYDROGEL_PACK;9982;10;9980;26;;;9998;10;10001;26;;;9990.0;0.0
-1;10000;VELVETFRUIT_EXTRACT;5277;40;;;;;5283;43;;;;;5280.0;0.0
-1;10000;VEV_4000;1236;12;1234;16;;;1257;12;1260;16;;;1246.5;0.0
-1;10000;VEV_4500;761;8;759;21;;;777;8;779;21;;;769.0;0.0
-1;10000;VEV_5000;262;11;261;13;;;268;7;269;22;;;265.0;0.0
-1;10000;VEV_5100;162;21;161;20;;;166;27;167;13;;;164.0;0.0
-1;10000;VEV_5200;97;24;;;;;100;8;101;29;;;98.5;0.0
-1;10000;VEV_5300;44;19;;;;;46;25;;;;;45.0;0.0
-1;10000;VEV_5400;14;27;;;;;16;19;;;;;15.0;0.0
-1;10000;VEV_5500;6;18;;;;;7;28;;;;;6.5;0.0
-1;10000;VEV_6000;0;23;;;;;1;23;;;;;0.5;0.0
-1;10000;VEV_6500;0;12;;;;;1;12;;;;;0.5;0.0
-1;10100;HYDROGEL_PACK;9979;25;;;;;9998;14;10000;25;;;9988.5;0.0
-1;10100;VELVETFRUIT_EXTRACT;5275;74;;;;;5281;61;;;;;5278.0;0.0
-1;10100;VEV_4000;1236;10;1234;19;;;1257;10;1260;19;;;1246.5;0.0
-1;10100;VEV_4500;761;7;759;15;;;777;7;;;;;769.0;0.0
-1;10100;VEV_5000;263;12;262;15;;;269;9;270;23;;;266.0;0.0
-1;10100;VEV_5100;162;28;161;17;;;166;32;167;19;;;164.0;0.0
-1;10100;VEV_5200;97;31;96;20;;;100;27;;;;;98.5;0.0
-1;10100;VEV_5300;45;25;;;;;47;27;;;;;46.0;0.0
-1;10100;VEV_5400;;;;;;;16;25;;;;;16.0;0.0
-1;10100;VEV_5500;6;25;;;;;7;17;;;;;6.5;0.0
-1;10100;VEV_6000;0;22;;;;;1;22;;;;;0.5;0.0
-1;10100;VEV_6500;0;15;;;;;1;15;;;;;0.5;0.0
-1;10200;HYDROGEL_PACK;9982;12;9980;23;;;9998;12;10001;23;;;9990.0;0.0
-1;10200;VELVETFRUIT_EXTRACT;5273;52;;;;;5278;20;5279;33;;;5275.5;0.0
-1;10200;VEV_4000;1237;10;1234;21;;;1258;10;1260;21;;;1247.5;0.0
-1;10200;VEV_4500;762;12;760;15;;;778;12;780;15;;;770.0;0.0
-1;10200;VEV_5000;263;7;262;14;;;269;9;270;25;;;266.0;0.0
-1;10200;VEV_5100;162;31;161;16;;;166;29;;;;;164.0;0.0
-1;10200;VEV_5200;;;;;;;98;8;99;16;;;98.0;0.0
-1;10200;VEV_5300;44;24;43;20;;;46;28;47;12;;;45.0;0.0
-1;10200;VEV_5400;14;24;;;;;16;22;;;;;15.0;0.0
-1;10200;VEV_5500;6;20;;;;;7;25;;;;;6.5;0.0
-1;10200;VEV_6000;0;25;;;;;1;25;;;;;0.5;0.0
-1;10200;VEV_6500;0;16;;;;;1;16;;;;;0.5;0.0
-1;10300;HYDROGEL_PACK;9984;12;9982;26;;;10000;12;10003;26;;;9992.0;0.0
-1;10300;VELVETFRUIT_EXTRACT;5273;23;5272;60;;;5278;63;5279;32;;;5275.5;0.0
-1;10300;VEV_4000;1237;11;1234;16;;;1258;11;1260;16;;;1247.5;0.0
-1;10300;VEV_4500;763;10;761;18;;;781;18;;;;;772.0;0.0
-1;10300;VEV_5000;263;11;262;15;;;270;24;;;;;266.5;0.0
-1;10300;VEV_5100;161;21;160;30;;;165;8;166;20;;;163.0;0.0
-1;10300;VEV_5200;95;13;;;;;99;21;;;;;97.0;0.0
-1;10300;VEV_5300;45;8;;;;;47;25;;;;;46.0;0.0
-1;10300;VEV_5400;15;28;;;;;;;;;;;15.0;0.0
-1;10300;VEV_5500;6;27;;;;;7;16;;;;;6.5;0.0
-1;10300;VEV_6000;0;18;;;;;1;18;;;;;0.5;0.0
-1;10300;VEV_6500;0;13;;;;;1;13;;;;;0.5;0.0
-1;10400;HYDROGEL_PACK;9985;14;9982;29;;;10001;14;10003;29;;;9993.0;0.0
-1;10400;VELVETFRUIT_EXTRACT;5274;35;;;;;5280;65;;;;;5277.0;0.0
-1;10400;VEV_4000;1237;10;1235;18;;;1258;10;1261;18;;;1247.5;0.0
-1;10400;VEV_4500;763;9;762;12;761;16;779;9;781;16;;;771.0;0.0
-1;10400;VEV_5000;261;14;;;;;268;26;;;;;264.5;0.0
-1;10400;VEV_5100;159;22;;;;;164;8;165;29;;;161.5;0.0
-1;10400;VEV_5200;96;10;95;29;;;99;33;;;;;97.5;0.0
-1;10400;VEV_5300;44;23;;;;;46;26;47;12;;;45.0;0.0
-1;10400;VEV_5400;14;21;;;;;16;22;;;;;15.0;0.0
-1;10400;VEV_5500;6;18;;;;;7;23;;;;;6.5;0.0
-1;10400;VEV_6000;0;23;;;;;1;23;;;;;0.5;0.0
-1;10400;VEV_6500;0;13;;;;;1;13;;;;;0.5;0.0
-1;10500;HYDROGEL_PACK;9984;12;9982;22;;;10000;12;10003;22;;;9992.0;0.0
-1;10500;VELVETFRUIT_EXTRACT;5274;54;;;;;5280;63;;;;;5277.0;0.0
-1;10500;VEV_4000;1238;8;1235;27;;;1259;8;1261;27;;;1248.5;0.0
-1;10500;VEV_4500;762;11;760;24;;;778;11;780;24;;;770.0;0.0
-1;10500;VEV_5000;261;22;;;;;268;12;269;13;;;264.5;0.0
-1;10500;VEV_5100;161;21;160;18;;;165;8;166;27;;;163.0;0.0
-1;10500;VEV_5200;95;9;94;22;;;97;20;;;;;96.0;0.0
-1;10500;VEV_5300;44;16;;;;;46;18;47;15;;;45.0;0.0
-1;10500;VEV_5400;15;16;;;;;16;18;17;21;;;15.5;0.0
-1;10500;VEV_5500;6;20;;;;;7;18;;;;;6.5;0.0
-1;10500;VEV_6000;0;26;;;;;1;26;;;;;0.5;0.0
-1;10500;VEV_6500;0;18;;;;;1;18;;;;;0.5;0.0
-1;10600;HYDROGEL_PACK;9982;14;9979;25;;;9998;14;10000;25;;;9990.0;0.0
-1;10600;VELVETFRUIT_EXTRACT;5275;68;5275;22;;;5281;67;;;;;5278.0;0.0
-1;10600;VEV_4000;1240;8;1238;28;;;1261;8;1264;28;;;1250.5;0.0
-1;10600;VEV_4500;761;12;759;12;;;777;12;780;12;;;769.0;0.0
-1;10600;VEV_5000;262;11;261;15;;;268;8;269;19;;;265.0;0.0
-1;10600;VEV_5100;161;29;160;18;;;165;28;166;21;;;163.0;0.0
-1;10600;VEV_5200;95;10;94;35;;;98;21;;;;;96.5;0.0
-1;10600;VEV_5300;44;9;43;20;;;46;24;;;;;45.0;0.0
-1;10600;VEV_5400;15;23;;;;;17;23;;;;;16.0;0.0
-1;10600;VEV_5500;6;28;;;;;7;30;;;;;6.5;0.0
-1;10600;VEV_6000;0;21;;;;;1;21;;;;;0.5;0.0
-1;10600;VEV_6500;0;12;;;;;1;12;;;;;0.5;0.0
-1;10700;HYDROGEL_PACK;9982;13;9980;28;;;9998;13;10001;28;;;9990.0;0.0
-1;10700;VELVETFRUIT_EXTRACT;5275;52;;;;;5281;34;5281;45;;;5278.0;0.0
-1;10700;VEV_4000;1240;7;1238;25;;;1261;7;1264;25;;;1250.5;0.0
-1;10700;VEV_4500;762;7;761;10;760;17;778;7;780;17;;;770.0;0.0
-1;10700;VEV_5000;263;11;262;31;;;269;10;270;18;;;266.0;0.0
-1;10700;VEV_5100;161;13;;;;;166;7;167;25;;;163.5;0.0
-1;10700;VEV_5200;94;6;;;;;96;23;97;18;;;95.0;0.0
-1;10700;VEV_5300;44;9;;;;;46;25;;;;;45.0;0.0
-1;10700;VEV_5400;15;26;14;25;;;16;25;;;;;15.5;0.0
-1;10700;VEV_5500;6;21;;;;;7;23;;;;;6.5;0.0
-1;10700;VEV_6000;0;20;;;;;1;20;;;;;0.5;0.0
-1;10700;VEV_6500;0;16;;;;;1;16;;;;;0.5;0.0
-1;10800;HYDROGEL_PACK;9982;11;9979;29;;;9998;11;10000;29;;;9990.0;0.0
-1;10800;VELVETFRUIT_EXTRACT;5274;17;5273;36;;;5278;17;5279;40;;;5276.0;0.0
-1;10800;VEV_4000;1240;15;1238;29;;;1261;15;1264;29;;;1250.5;0.0
-1;10800;VEV_4500;763;7;761;13;;;779;7;781;13;;;771.0;0.0
-1;10800;VEV_5000;263;9;262;26;;;269;22;270;32;;;266.0;0.0
-1;10800;VEV_5100;162;25;;;;;166;30;167;23;;;164.0;0.0
-1;10800;VEV_5200;95;30;94;20;;;;;;;;;95.0;0.0
-1;10800;VEV_5300;44;28;;;;;46;21;;;;;45.0;0.0
-1;10800;VEV_5400;;;;;;;;;;;;;0.0;0.0
-1;10800;VEV_5500;6;23;;;;;7;27;;;;;6.5;0.0
-1;10800;VEV_6000;0;25;;;;;1;25;;;;;0.5;0.0
-1;10800;VEV_6500;0;17;;;;;1;17;;;;;0.5;0.0
-1;10900;HYDROGEL_PACK;9981;15;9979;24;;;9997;15;10000;24;;;9989.0;0.0
-1;10900;VELVETFRUIT_EXTRACT;5272;63;;;;;5277;21;5278;60;5279;47;5274.5;0.0
-1;10900;VEV_4000;1239;9;1237;18;;;1260;9;1263;18;;;1249.5;0.0
-1;10900;VEV_4500;762;12;760;17;;;778;12;779;6;781;17;770.0;0.0
-1;10900;VEV_5000;264;9;263;17;;;270;31;271;17;;;267.0;0.0
-1;10900;VEV_5100;161;23;;;;;165;6;;;;;163.0;0.0
-1;10900;VEV_5200;94;8;93;27;;;96;25;97;21;;;95.0;0.0
-1;10900;VEV_5300;43;18;;;;;46;8;47;18;;;44.5;0.0
-1;10900;VEV_5400;15;17;15;23;;;16;7;;;;;15.5;0.0
-1;10900;VEV_5500;6;17;;;;;7;25;;;;;6.5;0.0
-1;10900;VEV_6000;0;24;;;;;1;24;;;;;0.5;0.0
-1;10900;VEV_6500;0;15;;;;;1;15;;;;;0.5;0.0
-1;11000;HYDROGEL_PACK;9982;15;9980;26;;;9998;15;10001;26;;;9990.0;0.0
-1;11000;VELVETFRUIT_EXTRACT;5274;20;5273;65;;;5278;20;5279;49;;;5276.0;0.0
-1;11000;VEV_4000;1239;7;1236;21;;;1260;7;1262;21;;;1249.5;0.0
-1;11000;VEV_4500;762;9;760;19;;;781;19;;;;;771.5;0.0
-1;11000;VEV_5000;263;10;262;24;;;269;8;270;31;;;266.0;0.0
-1;11000;VEV_5100;161;33;;;;;166;28;167;18;;;163.5;0.0
-1;11000;VEV_5200;94;25;;;;;96;6;;;;;95.0;0.0
-1;11000;VEV_5300;45;10;;;;;;;;;;;45.0;0.0
-1;11000;VEV_5400;15;23;;;;;;;;;;;15.0;0.0
-1;11000;VEV_5500;6;22;;;;;7;20;;;;;6.5;0.0
-1;11000;VEV_6000;0;23;;;;;1;23;;;;;0.5;0.0
-1;11000;VEV_6500;0;15;;;;;1;15;;;;;0.5;0.0
-1;11100;HYDROGEL_PACK;9983;10;9980;28;;;9999;10;10001;28;;;9991.0;0.0
-1;11100;VELVETFRUIT_EXTRACT;5273;20;;;;;5279;35;;;;;5276.0;0.0
-1;11100;VEV_4000;1237;10;1234;21;;;1258;10;1260;21;;;1247.5;0.0
-1;11100;VEV_4500;762;20;761;18;;;781;18;;;;;771.5;0.0
-1;11100;VEV_5000;263;8;262;28;;;269;10;270;12;;;266.0;0.0
-1;11100;VEV_5100;161;33;;;;;;;;;;;161.0;0.0
-1;11100;VEV_5200;92;28;;;;;95;6;96;19;;;93.5;0.0
-1;11100;VEV_5300;44;17;;;;;46;25;;;;;45.0;0.0
-1;11100;VEV_5400;14;21;;;;;16;21;;;;;15.0;0.0
-1;11100;VEV_5500;6;19;;;;;7;26;;;;;6.5;0.0
-1;11100;VEV_6000;0;25;;;;;1;25;;;;;0.5;0.0
-1;11100;VEV_6500;0;21;;;;;1;21;;;;;0.5;0.0
-1;11200;HYDROGEL_PACK;9985;13;9983;28;;;10001;13;10004;28;;;9993.0;0.0
-1;11200;VELVETFRUIT_EXTRACT;5273;56;;;;;5278;21;5279;44;;;5275.5;0.0
-1;11200;VEV_4000;1238;7;1236;30;;;1259;7;1262;30;;;1248.5;0.0
-1;11200;VEV_4500;760;20;;;;;778;8;780;20;;;769.0;0.0
-1;11200;VEV_5000;263;22;;;;;270;9;271;16;;;266.5;0.0
-1;11200;VEV_5100;162;22;;;;;167;12;168;32;;;164.5;0.0
-1;11200;VEV_5200;93;32;;;;;97;25;;;;;95.0;0.0
-1;11200;VEV_5300;44;17;;;;;46;22;;;;;45.0;0.0
-1;11200;VEV_5400;;;;;;;16;21;;;;;16.0;0.0
-1;11200;VEV_5500;6;18;;;;;7;20;;;;;6.5;0.0
-1;11200;VEV_6000;0;20;;;;;1;20;;;;;0.5;0.0
-1;11200;VEV_6500;0;14;;;;;1;14;;;;;0.5;0.0
-1;11300;HYDROGEL_PACK;9985;10;9982;24;;;10001;10;10003;24;;;9993.0;0.0
-1;11300;VELVETFRUIT_EXTRACT;5273;63;5273;25;;;5279;67;;;;;5276.0;0.0
-1;11300;VEV_4000;1239;13;1236;29;;;1260;13;1262;29;;;1249.5;0.0
-1;11300;VEV_4500;761;6;759;21;;;777;6;779;21;;;769.0;0.0
-1;11300;VEV_5000;265;6;;;;;272;17;;;;;268.5;0.0
-1;11300;VEV_5100;163;11;162;25;;;168;26;;;;;165.5;0.0
-1;11300;VEV_5200;94;2;;;;;96;27;97;16;;;95.0;0.0
-1;11300;VEV_5300;45;16;;;;;47;26;;;;;46.0;0.0
-1;11300;VEV_5400;;;;;;;17;19;;;;;17.0;0.0
-1;11300;VEV_5500;6;23;;;;;7;21;;;;;6.5;0.0
-1;11300;VEV_6000;0;26;;;;;1;26;;;;;0.5;0.0
-1;11300;VEV_6500;0;13;;;;;1;13;;;;;0.5;0.0
-1;11400;HYDROGEL_PACK;9986;11;9984;30;;;10002;11;10005;30;;;9994.0;0.0
-1;11400;VELVETFRUIT_EXTRACT;5275;23;5274;18;;;5279;23;5280;34;;;5277.0;0.0
-1;11400;VEV_4000;1239;12;1236;25;;;1260;12;1262;25;;;1249.5;0.0
-1;11400;VEV_4500;762;8;760;12;;;781;12;;;;;771.5;0.0
-1;11400;VEV_5000;265;23;;;;;272;9;;;;;268.5;0.0
-1;11400;VEV_5100;163;10;162;14;;;167;22;168;16;;;165.0;0.0
-1;11400;VEV_5200;94;10;93;22;;;97;20;;;;;95.5;0.0
-1;11400;VEV_5300;45;24;;;;;47;24;;;;;46.0;0.0
-1;11400;VEV_5400;15;19;;;;;17;20;;;;;16.0;0.0
-1;11400;VEV_5500;6;24;;;;;7;26;;;;;6.5;0.0
-1;11400;VEV_6000;0;19;;;;;1;19;;;;;0.5;0.0
-1;11400;VEV_6500;0;16;;;;;1;16;;;;;0.5;0.0
-1;11500;HYDROGEL_PACK;9985;11;9983;28;;;10001;11;10004;28;;;9993.0;0.0
-1;11500;VELVETFRUIT_EXTRACT;5274;33;5274;48;;;5280;47;5281;33;;;5277.0;0.0
-1;11500;VEV_4000;1240;7;1237;17;;;1261;7;1263;17;;;1250.5;0.0
-1;11500;VEV_4500;762;6;760;13;;;780;13;;;;;771.0;0.0
-1;11500;VEV_5000;264;23;;;;;271;6;272;13;;;267.5;0.0
-1;11500;VEV_5100;163;24;162;27;;;167;8;168;27;;;165.0;0.0
-1;11500;VEV_5200;94;24;;;;;97;29;;;;;95.5;0.0
-1;11500;VEV_5300;44;8;;;;;;;;;;;44.0;0.0
-1;11500;VEV_5400;;;;;;;;;;;;;0.0;0.0
-1;11500;VEV_5500;6;26;;;;;7;18;;;;;6.5;0.0
-1;11500;VEV_6000;0;26;;;;;1;26;;;;;0.5;0.0
-1;11500;VEV_6500;0;12;;;;;1;12;;;;;0.5;0.0
-1;11600;HYDROGEL_PACK;9985;14;9982;27;;;10001;14;10003;27;;;9993.0;0.0
-1;11600;VELVETFRUIT_EXTRACT;5274;38;;;;;5280;44;5280;44;;;5277.0;0.0
-1;11600;VEV_4000;1241;15;1239;27;;;1262;15;1265;27;;;1251.5;0.0
-1;11600;VEV_4500;763;8;;;;;779;8;781;15;;;771.0;0.0
-1;11600;VEV_5000;;;;;;;271;34;272;12;;;271.0;0.0
-1;11600;VEV_5100;162;10;161;14;;;166;11;;;;;164.0;0.0
-1;11600;VEV_5200;93;33;;;;;96;34;;;;;94.5;0.0
-1;11600;VEV_5300;44;22;;;;;46;20;;;;;45.0;0.0
-1;11600;VEV_5400;15;7;14;26;;;16;24;;;;;15.5;0.0
-1;11600;VEV_5500;6;28;;;;;7;23;;;;;6.5;0.0
-1;11600;VEV_6000;0;22;;;;;1;22;;;;;0.5;0.0
-1;11600;VEV_6500;0;16;;;;;1;16;;;;;0.5;0.0
-1;11700;HYDROGEL_PACK;9985;11;9983;24;;;10001;11;10004;24;;;9993.0;0.0
-1;11700;VELVETFRUIT_EXTRACT;5275;40;5275;56;;;5281;36;;;;;5278.0;0.0
-1;11700;VEV_4000;1241;13;1238;16;;;1262;13;1264;16;;;1251.5;0.0
-1;11700;VEV_4500;761;12;760;7;759;20;777;12;779;20;;;769.0;0.0
-1;11700;VEV_5000;267;9;266;21;;;274;22;;;;;270.5;0.0
-1;11700;VEV_5100;161;24;;;;;166;27;;;;;163.5;0.0
-1;11700;VEV_5200;91;32;;;;;;;;;;;91.0;0.0
-1;11700;VEV_5300;45;19;;;;;47;24;;;;;46.0;0.0
-1;11700;VEV_5400;15;20;;;;;16;23;;;;;15.5;0.0
-1;11700;VEV_5500;6;23;;;;;7;22;;;;;6.5;0.0
-1;11700;VEV_6000;0;23;;;;;1;23;;;;;0.5;0.0
-1;11700;VEV_6500;0;17;;;;;1;17;;;;;0.5;0.0
-1;11800;HYDROGEL_PACK;9986;10;9983;20;;;10002;10;10004;20;;;9994.0;0.0
-1;11800;VELVETFRUIT_EXTRACT;5276;18;;;;;5281;21;5282;42;;;5278.5;0.0
-1;11800;VEV_4000;1241;8;1238;15;;;1262;8;1264;15;;;1251.5;0.0
-1;11800;VEV_4500;761;12;759;15;;;777;12;779;15;;;769.0;0.0
-1;11800;VEV_5000;265;31;264;16;;;272;15;;;;;268.5;0.0
-1;11800;VEV_5100;161;23;;;;;165;19;166;28;;;163.0;0.0
-1;11800;VEV_5200;93;9;92;23;;;96;23;;;;;94.5;0.0
-1;11800;VEV_5300;45;10;;;;;47;25;;;;;46.0;0.0
-1;11800;VEV_5400;15;18;;;;;;;;;;;15.0;0.0
-1;11800;VEV_5500;6;17;;;;;7;23;;;;;6.5;0.0
-1;11800;VEV_6000;0;28;;;;;1;28;;;;;0.5;0.0
-1;11800;VEV_6500;0;15;;;;;1;15;;;;;0.5;0.0
-1;11900;HYDROGEL_PACK;9983;12;9981;27;;;9999;12;10002;27;;;9991.0;0.0
-1;11900;VELVETFRUIT_EXTRACT;5276;18;;;;;5282;58;;;;;5279.0;0.0
-1;11900;VEV_4000;1240;11;1237;18;;;1261;11;1263;18;;;1250.5;0.0
-1;11900;VEV_4500;762;11;760;17;;;778;11;779;11;780;17;770.0;0.0
-1;11900;VEV_5000;265;10;264;22;;;271;32;272;12;;;268.0;0.0
-1;11900;VEV_5100;160;13;;;;;165;29;166;32;;;162.5;0.0
-1;11900;VEV_5200;92;19;;;;;95;32;96;19;;;93.5;0.0
-1;11900;VEV_5300;45;24;;;;;;;;;;;45.0;0.0
-1;11900;VEV_5400;;;;;;;16;22;;;;;16.0;0.0
-1;11900;VEV_5500;6;20;;;;;7;17;;;;;6.5;0.0
-1;11900;VEV_6000;0;22;;;;;1;22;;;;;0.5;0.0
-1;11900;VEV_6500;0;14;;;;;1;14;;;;;0.5;0.0
-1;12000;HYDROGEL_PACK;9983;15;9981;21;;;9999;15;10002;21;;;9991.0;0.0
-1;12000;VELVETFRUIT_EXTRACT;5274;25;;;;;5279;25;5280;57;;;5276.5;0.0
-1;12000;VEV_4000;1240;12;1238;21;;;1261;12;1264;21;;;1250.5;0.0
-1;12000;VEV_4500;763;10;761;12;;;779;10;782;12;;;771.0;0.0
-1;12000;VEV_5000;264;8;263;24;;;270;10;271;13;;;267.0;0.0
-1;12000;VEV_5100;161;11;160;13;;;165;33;;;;;163.0;0.0
-1;12000;VEV_5200;92;21;;;;;94;28;95;25;;;93.0;0.0
-1;12000;VEV_5300;46;7;45;29;;;48;26;;;;;47.0;0.0
-1;12000;VEV_5400;15;20;15;17;;;17;17;;;;;16.0;0.0
-1;12000;VEV_5500;6;21;;;;;7;26;;;;;6.5;0.0
-1;12000;VEV_6000;0;22;;;;;1;22;;;;;0.5;0.0
-1;12000;VEV_6500;0;14;;;;;1;14;;;;;0.5;0.0
-1;12100;HYDROGEL_PACK;9985;14;9983;24;;;10001;14;10004;24;;;9993.0;0.0
-1;12100;VELVETFRUIT_EXTRACT;5273;21;5272;43;;;5277;21;5278;70;;;5275.0;0.0
-1;12100;VEV_4000;1239;12;1237;30;;;1260;12;1263;30;;;1249.5;0.0
-1;12100;VEV_4500;764;6;762;19;;;780;6;781;6;782;19;772.0;0.0
-1;12100;VEV_5000;264;10;263;22;;;270;9;271;16;;;267.0;0.0
-1;12100;VEV_5100;160;27;;;;;164;11;165;34;;;162.0;0.0
-1;12100;VEV_5200;;;;;;;95;27;;;;;95.0;0.0
-1;12100;VEV_5300;45;22;;;;;47;22;48;11;;;46.0;0.0
-1;12100;VEV_5400;;;;;;;17;23;;;;;17.0;0.0
-1;12100;VEV_5500;6;28;;;;;7;29;;;;;6.5;0.0
-1;12100;VEV_6000;0;17;;;;;1;17;;;;;0.5;0.0
-1;12100;VEV_6500;0;16;;;;;1;16;;;;;0.5;0.0
-1;12200;HYDROGEL_PACK;9983;11;9981;30;;;9999;11;10002;30;;;9991.0;0.0
-1;12200;VELVETFRUIT_EXTRACT;5273;25;5272;44;;;5277;25;5278;60;;;5275.0;0.0
-1;12200;VEV_4000;1240;7;1238;18;;;1261;7;1264;18;;;1250.5;0.0
-1;12200;VEV_4500;762;9;760;13;;;778;9;779;10;781;13;770.0;0.0
-1;12200;VEV_5000;263;11;;;;;269;12;270;24;;;266.0;0.0
-1;12200;VEV_5100;158;15;;;;;163;8;164;27;;;160.5;0.0
-1;12200;VEV_5200;93;12;92;22;;;95;22;96;34;;;94.0;0.0
-1;12200;VEV_5300;45;20;;;;;47;6;48;21;;;46.0;0.0
-1;12200;VEV_5400;15;18;15;22;;;17;22;;;;;16.0;0.0
-1;12200;VEV_5500;6;26;;;;;7;21;;;;;6.5;0.0
-1;12200;VEV_6000;0;26;;;;;1;26;;;;;0.5;0.0
-1;12200;VEV_6500;0;18;;;;;1;18;;;;;0.5;0.0
-1;12300;HYDROGEL_PACK;9982;15;9980;20;;;9998;15;10001;20;;;9990.0;0.0
-1;12300;VELVETFRUIT_EXTRACT;5272;36;5272;20;;;5278;35;;;;;5275.0;0.0
-1;12300;VEV_4000;1239;15;1237;30;;;1260;15;1263;30;;;1249.5;0.0
-1;12300;VEV_4500;762;7;760;13;;;778;7;780;13;;;770.0;0.0
-1;12300;VEV_5000;263;10;262;14;;;269;6;270;15;;;266.0;0.0
-1;12300;VEV_5100;159;25;;;;;164;12;165;20;;;161.5;0.0
-1;12300;VEV_5200;92;14;;;;;95;29;96;19;;;93.5;0.0
-1;12300;VEV_5300;45;18;;;;;47;23;47;25;;;46.0;0.0
-1;12300;VEV_5400;16;6;15;28;;;17;26;;;;;16.5;0.0
-1;12300;VEV_5500;6;23;;;;;7;22;;;;;6.5;0.0
-1;12300;VEV_6000;0;24;;;;;1;24;;;;;0.5;0.0
-1;12300;VEV_6500;0;16;;;;;1;16;;;;;0.5;0.0
-1;12400;HYDROGEL_PACK;9983;13;9980;24;;;9999;13;10001;24;;;9991.0;0.0
-1;12400;VELVETFRUIT_EXTRACT;5271;45;;;;;5277;20;;;;;5274.0;0.0
-1;12400;VEV_4000;1238;13;1235;19;;;1259;13;1261;19;;;1248.5;0.0
-1;12400;VEV_4500;762;12;760;15;;;778;12;779;8;780;15;770.0;0.0
-1;12400;VEV_5000;263;12;262;20;;;269;12;270;17;;;266.0;0.0
-1;12400;VEV_5100;160;21;;;;;164;11;165;21;;;162.0;0.0
-1;12400;VEV_5200;91;14;;;;;95;20;;;;;93.0;0.0
-1;12400;VEV_5300;44;17;;;;;46;20;;;;;45.0;0.0
-1;12400;VEV_5400;15;21;;;;;17;27;;;;;16.0;0.0
-1;12400;VEV_5500;6;19;;;;;7;30;;;;;6.5;0.0
-1;12400;VEV_6000;0;21;;;;;1;21;;;;;0.5;0.0
-1;12400;VEV_6500;0;11;;;;;1;11;;;;;0.5;0.0
-1;12500;HYDROGEL_PACK;9984;11;9982;29;;;10000;11;10003;29;;;9992.0;0.0
-1;12500;VELVETFRUIT_EXTRACT;5271;38;5271;21;;;5276;21;5277;38;5277;39;5273.5;0.0
-1;12500;VEV_4000;1237;12;1234;29;;;1258;12;1260;29;;;1247.5;0.0
-1;12500;VEV_4500;763;7;761;12;;;779;7;781;12;;;771.0;0.0
-1;12500;VEV_5000;263;7;262;22;;;269;9;270;23;;;266.0;0.0
-1;12500;VEV_5100;159;32;;;;;163;10;164;29;;;161.0;0.0
-1;12500;VEV_5200;90;23;;;;;94;20;;;;;92.0;0.0
-1;12500;VEV_5300;45;28;44;22;;;47;25;;;;;46.0;0.0
-1;12500;VEV_5400;;;;;;;;;;;;;0.0;0.0
-1;12500;VEV_5500;6;19;;;;;7;18;;;;;6.5;0.0
-1;12500;VEV_6000;0;23;;;;;1;23;;;;;0.5;0.0
-1;12500;VEV_6500;0;18;;;;;1;18;;;;;0.5;0.0
-1;12600;HYDROGEL_PACK;9986;13;9984;20;;;10002;13;10005;20;;;9994.0;0.0
-1;12600;VELVETFRUIT_EXTRACT;5270;25;5269;63;;;5274;25;5275;41;;;5272.0;0.0
-1;12600;VEV_4000;1237;11;1234;25;;;1258;11;1260;25;;;1247.5;0.0
-1;12600;VEV_4500;762;10;760;22;;;778;10;780;22;;;770.0;0.0
-1;12600;VEV_5000;264;9;263;18;;;271;14;;;;;267.5;0.0
-1;12600;VEV_5100;158;29;;;;;163;16;;;;;160.5;0.0
-1;12600;VEV_5200;89;19;;;;;93;27;;;;;91.0;0.0
-1;12600;VEV_5300;44;17;;;;;46;5;;;;;45.0;0.0
-1;12600;VEV_5400;;;;;;;17;22;;;;;17.0;0.0
-1;12600;VEV_5500;6;18;;;;;7;22;;;;;6.5;0.0
-1;12600;VEV_6000;0;22;;;;;1;22;;;;;0.5;0.0
-1;12600;VEV_6500;0;12;;;;;1;12;;;;;0.5;0.0
-1;12700;HYDROGEL_PACK;9985;12;9982;24;;;10001;12;10003;24;;;9993.0;0.0
-1;12700;VELVETFRUIT_EXTRACT;5270;37;;;;;5276;44;;;;;5273.0;0.0
-1;12700;VEV_4000;1236;8;1233;20;;;1257;8;1259;20;;;1246.5;0.0
-1;12700;VEV_4500;762;12;760;16;;;778;12;780;16;;;770.0;0.0
-1;12700;VEV_5000;263;7;262;22;;;269;6;270;31;;;266.0;0.0
-1;12700;VEV_5100;157;22;156;13;;;161;10;162;34;;;159.0;0.0
-1;12700;VEV_5200;89;12;88;21;;;92;24;;;;;90.5;0.0
-1;12700;VEV_5300;44;20;43;17;;;46;22;47;28;;;45.0;0.0
-1;12700;VEV_5400;15;30;;;;;17;20;;;;;16.0;0.0
-1;12700;VEV_5500;6;29;;;;;7;26;;;;;6.5;0.0
-1;12700;VEV_6000;0;21;;;;;1;21;;;;;0.5;0.0
-1;12700;VEV_6500;0;14;;;;;1;14;;;;;0.5;0.0
-1;12800;HYDROGEL_PACK;9984;11;9982;22;;;10000;11;10003;22;;;9992.0;0.0
-1;12800;VELVETFRUIT_EXTRACT;5270;47;5270;62;;;5276;35;;;;;5273.0;0.0
-1;12800;VEV_4000;1235;15;1232;15;;;1256;15;1258;15;;;1245.5;0.0
-1;12800;VEV_4500;763;11;761;18;;;779;11;781;18;;;771.0;0.0
-1;12800;VEV_5000;261;17;;;;;;;;;;;261.0;0.0
-1;12800;VEV_5100;154;17;;;;;;;;;;;154.0;0.0
-1;12800;VEV_5200;;;;;;;91;28;92;27;;;91.0;0.0
-1;12800;VEV_5300;44;22;43;22;;;47;25;;;;;45.5;0.0
-1;12800;VEV_5400;16;23;15;15;;;;;;;;;16.0;0.0
-1;12800;VEV_5500;6;16;;;;;7;22;;;;;6.5;0.0
-1;12800;VEV_6000;0;20;;;;;1;20;;;;;0.5;0.0
-1;12800;VEV_6500;0;11;;;;;1;11;;;;;0.5;0.0
-1;12900;HYDROGEL_PACK;9984;12;9982;28;;;10000;12;10003;28;;;9992.0;0.0
-1;12900;VELVETFRUIT_EXTRACT;5269;52;;;;;5275;37;;;;;5272.0;0.0
-1;12900;VEV_4000;1236;11;1234;26;;;1257;11;1260;26;;;1246.5;0.0
-1;12900;VEV_4500;763;9;761;21;;;779;9;780;22;781;21;771.0;0.0
-1;12900;VEV_5000;262;10;;;;;268;7;269;24;;;265.0;0.0
-1;12900;VEV_5100;;;;;;;160;27;;;;;160.0;0.0
-1;12900;VEV_5200;88;32;;;;;91;7;92;12;;;89.5;0.0
-1;12900;VEV_5300;45;25;;;;;47;23;;;;;46.0;0.0
-1;12900;VEV_5400;16;1;;;;;17;26;;;;;16.5;0.0
-1;12900;VEV_5500;6;17;;;;;7;21;;;;;6.5;0.0
-1;12900;VEV_6000;0;24;;;;;1;24;;;;;0.5;0.0
-1;12900;VEV_6500;0;17;;;;;1;17;;;;;0.5;0.0
-1;13000;HYDROGEL_PACK;9983;10;9981;24;;;9999;10;10002;24;;;9991.0;0.0
-1;13000;VELVETFRUIT_EXTRACT;5268;46;;;;;5274;67;;;;;5271.0;0.0
-1;13000;VEV_4000;1235;15;1232;25;;;1256;15;1258;25;;;1245.5;0.0
-1;13000;VEV_4500;762;8;760;20;;;778;8;780;20;;;770.0;0.0
-1;13000;VEV_5000;260;12;259;23;;;266;10;267;20;;;263.0;0.0
-1;13000;VEV_5100;156;31;155;14;;;161;24;;;;;158.5;0.0
-1;13000;VEV_5200;89;8;;;;;92;22;;;;;90.5;0.0
-1;13000;VEV_5300;44;27;;;;;46;22;;;;;45.0;0.0
-1;13000;VEV_5400;15;19;;;;;16;5;17;29;;;15.5;0.0
-1;13000;VEV_5500;6;21;;;;;7;20;;;;;6.5;0.0
-1;13000;VEV_6000;0;26;;;;;1;26;;;;;0.5;0.0
-1;13000;VEV_6500;0;14;;;;;1;14;;;;;0.5;0.0
-1;13100;HYDROGEL_PACK;9983;14;9981;27;;;9999;14;10002;27;;;9991.0;0.0
-1;13100;VELVETFRUIT_EXTRACT;5269;32;;;;;5275;32;;;;;5272.0;0.0
-1;13100;VEV_4000;1234;8;1232;25;;;1255;8;1258;25;;;1244.5;0.0
-1;13100;VEV_4500;761;12;760;6;759;21;777;12;780;21;;;769.0;0.0
-1;13100;VEV_5000;258;13;;;;;265;8;266;13;;;261.5;0.0
-1;13100;VEV_5100;156;11;155;21;;;160;27;161;24;;;158.0;0.0
-1;13100;VEV_5200;88;32;;;;;91;6;92;19;;;89.5;0.0
-1;13100;VEV_5300;44;19;43;28;;;;;;;;;44.0;0.0
-1;13100;VEV_5400;15;26;;;;;17;23;;;;;16.0;0.0
-1;13100;VEV_5500;6;23;;;;;7;20;;;;;6.5;0.0
-1;13100;VEV_6000;0;17;;;;;1;17;;;;;0.5;0.0
-1;13100;VEV_6500;0;17;;;;;1;17;;;;;0.5;0.0
-1;13200;HYDROGEL_PACK;9980;14;9977;24;;;9996;14;9998;24;;;9988.0;0.0
-1;13200;VELVETFRUIT_EXTRACT;5271;36;;;;;5277;47;;;;;5274.0;0.0
-1;13200;VEV_4000;1235;13;1232;29;;;1255;13;1258;29;;;1245.0;0.0
-1;13200;VEV_4500;761;12;759;12;;;777;12;;;;;769.0;0.0
-1;13200;VEV_5000;259;6;258;23;;;265;11;266;21;;;262.0;0.0
-1;13200;VEV_5100;155;17;;;;;161;16;;;;;158.0;0.0
-1;13200;VEV_5200;87;24;;;;;90;6;91;20;;;88.5;0.0
-1;13200;VEV_5300;44;28;43;18;;;;;;;;;44.0;0.0
-1;13200;VEV_5400;;;;;;;17;23;;;;;17.0;0.0
-1;13200;VEV_5500;6;18;;;;;7;20;;;;;6.5;0.0
-1;13200;VEV_6000;0;29;;;;;1;29;;;;;0.5;0.0
-1;13200;VEV_6500;0;18;;;;;1;18;;;;;0.5;0.0
-1;13300;HYDROGEL_PACK;9979;11;9976;26;;;9995;11;9997;26;;;9987.0;0.0
-1;13300;VELVETFRUIT_EXTRACT;5269;17;;;;;5275;33;5275;58;;;5272.0;0.0
-1;13300;VEV_4000;1236;15;1234;26;;;1257;15;1259;26;;;1246.5;0.0
-1;13300;VEV_4500;761;12;759;23;;;777;12;779;23;;;769.0;0.0
-1;13300;VEV_5000;258;6;257;13;;;264;29;265;30;;;261.0;0.0
-1;13300;VEV_5100;157;12;;;;;162;9;163;24;;;159.5;0.0
-1;13300;VEV_5200;88;34;;;;;91;27;92;22;;;89.5;0.0
-1;13300;VEV_5300;44;9;43;19;;;46;12;46;18;;;45.0;0.0
-1;13300;VEV_5400;;;;;;;16;16;17;20;;;16.0;0.0
-1;13300;VEV_5500;6;24;;;;;7;23;;;;;6.5;0.0
-1;13300;VEV_6000;0;21;;;;;1;21;;;;;0.5;0.0
-1;13300;VEV_6500;0;12;;;;;1;12;;;;;0.5;0.0
-1;13400;HYDROGEL_PACK;9978;15;9976;29;;;9994;15;9997;29;;;9986.0;0.0
-1;13400;VELVETFRUIT_EXTRACT;5270;56;;;;;5275;20;5276;47;;;5272.5;0.0
-1;13400;VEV_4000;1236;7;1233;24;;;1257;7;1259;24;;;1246.5;0.0
-1;13400;VEV_4500;760;20;;;;;778;10;780;20;;;769.0;0.0
-1;13400;VEV_5000;258;28;;;;;264;6;265;23;;;261.0;0.0
-1;13400;VEV_5100;158;28;;;;;;;;;;;158.0;0.0
-1;13400;VEV_5200;89;26;88;30;;;92;18;;;;;90.5;0.0
-1;13400;VEV_5300;43;25;;;;;45;22;;;;;44.0;0.0
-1;13400;VEV_5400;16;20;;;;;18;22;;;;;17.0;0.0
-1;13400;VEV_5500;6;25;;;;;7;23;;;;;6.5;0.0
-1;13400;VEV_6000;0;24;;;;;1;24;;;;;0.5;0.0
-1;13400;VEV_6500;0;20;;;;;1;20;;;;;0.5;0.0
-1;13500;HYDROGEL_PACK;9975;14;9972;28;;;9991;14;9993;28;;;9983.0;0.0
-1;13500;VELVETFRUIT_EXTRACT;5273;21;5272;31;5272;48;5278;63;;;;;5275.5;0.0
-1;13500;VEV_4000;1236;7;1234;18;;;1257;7;1260;18;;;1246.5;0.0
-1;13500;VEV_4500;764;10;762;17;;;780;10;782;17;;;772.0;0.0
-1;13500;VEV_5000;257;32;256;22;;;263;7;264;22;;;260.0;0.0
-1;13500;VEV_5100;;;;;;;162;19;163;21;;;162.0;0.0
-1;13500;VEV_5200;88;15;;;;;92;32;;;;;90.0;0.0
-1;13500;VEV_5300;44;25;;;;;46;26;;;;;45.0;0.0
-1;13500;VEV_5400;15;25;;;;;17;20;;;;;16.0;0.0
-1;13500;VEV_5500;6;24;;;;;7;20;;;;;6.5;0.0
-1;13500;VEV_6000;0;26;;;;;1;26;;;;;0.5;0.0
-1;13500;VEV_6500;0;15;;;;;1;15;;;;;0.5;0.0
-1;13600;HYDROGEL_PACK;9978;12;9975;22;;;9996;22;;;;;9987.0;0.0
-1;13600;VELVETFRUIT_EXTRACT;5273;24;5272;49;;;5277;24;5278;24;5279;39;5275.0;0.0
-1;13600;VEV_4000;1238;9;1235;25;;;1259;9;1261;25;;;1248.5;0.0
-1;13600;VEV_4500;766;9;765;6;764;20;782;9;784;20;;;774.0;0.0
-1;13600;VEV_5000;256;8;255;16;;;262;10;263;21;;;259.0;0.0
-1;13600;VEV_5100;158;11;157;36;;;162;11;163;24;;;160.0;0.0
-1;13600;VEV_5200;89;32;88;19;;;91;7;92;21;;;90.0;0.0
-1;13600;VEV_5300;44;21;;;;;46;16;47;19;;;45.0;0.0
-1;13600;VEV_5400;16;23;15;24;;;16;23;17;20;;;16.0;0.0
-1;13600;VEV_5500;6;29;;;;;7;22;;;;;6.5;0.0
-1;13600;VEV_6000;0;23;;;;;1;23;;;;;0.5;0.0
-1;13600;VEV_6500;0;18;;;;;1;18;;;;;0.5;0.0
-1;13700;HYDROGEL_PACK;9979;13;9977;20;;;9995;13;9998;20;;;9987.0;0.0
-1;13700;VELVETFRUIT_EXTRACT;5273;22;5272;30;;;5278;58;;;;;5275.5;0.0
-1;13700;VEV_4000;1237;9;1234;16;;;1258;9;1260;16;;;1247.5;0.0
-1;13700;VEV_4500;764;14;;;;;782;6;783;12;;;773.0;0.0
-1;13700;VEV_5000;255;8;254;13;;;261;6;262;24;;;258.0;0.0
-1;13700;VEV_5100;158;7;157;14;;;162;23;163;25;;;160.0;0.0
-1;13700;VEV_5200;89;25;88;35;;;92;13;;;;;90.5;0.0
-1;13700;VEV_5300;44;28;;;;;46;23;;;;;45.0;0.0
-1;13700;VEV_5400;15;20;;;;;16;7;17;21;;;15.5;0.0
-1;13700;VEV_5500;6;21;;;;;7;27;;;;;6.5;0.0
-1;13700;VEV_6000;0;24;;;;;1;24;;;;;0.5;0.0
-1;13700;VEV_6500;0;11;;;;;1;11;;;;;0.5;0.0
-1;13800;HYDROGEL_PACK;9978;11;9976;26;;;9994;11;9997;26;;;9986.0;0.0
-1;13800;VELVETFRUIT_EXTRACT;5272;30;5272;47;;;5277;20;5278;50;;;5274.5;0.0
-1;13800;VEV_4000;1237;9;1235;18;;;1258;9;1260;18;;;1247.5;0.0
-1;13800;VEV_4500;768;6;766;22;;;784;6;786;22;;;776.0;0.0
-1;13800;VEV_5000;256;6;255;14;;;262;30;263;18;;;259.0;0.0
-1;13800;VEV_5100;158;29;;;;;162;11;;;;;160.0;0.0
-1;13800;VEV_5200;86;36;;;;;;;;;;;86.0;0.0
-1;13800;VEV_5300;43;20;42;20;;;45;20;;;;;44.0;0.0
-1;13800;VEV_5400;16;20;15;16;;;;;;;;;16.0;0.0
-1;13800;VEV_5500;6;16;;;;;7;25;;;;;6.5;0.0
-1;13800;VEV_6000;0;25;;;;;1;25;;;;;0.5;0.0
-1;13800;VEV_6500;0;16;;;;;1;16;;;;;0.5;0.0
-1;13900;HYDROGEL_PACK;9975;13;9972;26;;;9991;13;9993;26;;;9983.0;0.0
-1;13900;VELVETFRUIT_EXTRACT;5272;30;5272;53;;;5278;59;;;;;5275.0;0.0
-1;13900;VEV_4000;1237;11;1234;21;;;1258;11;1260;21;;;1247.5;0.0
-1;13900;VEV_4500;766;20;;;;;786;20;;;;;776.0;0.0
-1;13900;VEV_5000;256;23;;;;;263;11;264;22;;;259.5;0.0
-1;13900;VEV_5100;157;12;156;12;;;161;21;162;29;;;159.0;0.0
-1;13900;VEV_5200;;;;;;;90;31;91;22;;;90.0;0.0
-1;13900;VEV_5300;42;20;;;;;44;19;;;;;43.0;0.0
-1;13900;VEV_5400;15;16;;;;;17;29;;;;;16.0;0.0
-1;13900;VEV_5500;6;29;;;;;7;19;;;;;6.5;0.0
-1;13900;VEV_6000;0;26;;;;;1;26;;;;;0.5;0.0
-1;13900;VEV_6500;0;13;;;;;1;13;;;;;0.5;0.0
-1;14000;HYDROGEL_PACK;9976;14;9973;20;;;9992;14;9994;20;;;9984.0;0.0
-1;14000;VELVETFRUIT_EXTRACT;5273;43;;;;;5279;70;;;;;5276.0;0.0
-1;14000;VEV_4000;1236;9;1234;17;;;1257;9;1260;17;;;1246.5;0.0
-1;14000;VEV_4500;766;14;;;;;784;12;786;14;;;775.0;0.0
-1;14000;VEV_5000;258;28;257;16;;;264;6;265;16;;;261.0;0.0
-1;14000;VEV_5100;157;6;;;;;161;23;162;12;;;159.0;0.0
-1;14000;VEV_5200;88;9;87;25;;;91;31;;;;;89.5;0.0
-1;14000;VEV_5300;42;20;;;;;44;10;;;;;43.0;0.0
-1;14000;VEV_5400;15;24;;;;;17;27;;;;;16.0;0.0
-1;14000;VEV_5500;6;26;;;;;7;26;;;;;6.5;0.0
-1;14000;VEV_6000;0;22;;;;;1;22;;;;;0.5;0.0
-1;14000;VEV_6500;0;12;;;;;1;12;;;;;0.5;0.0
-1;14100;HYDROGEL_PACK;9975;10;9973;26;;;9991;10;9994;26;;;9983.0;0.0
-1;14100;VELVETFRUIT_EXTRACT;5272;70;;;;;5278;50;;;;;5275.0;0.0
-1;14100;VEV_4000;1236;14;1234;15;;;1257;14;1260;15;;;1246.5;0.0
-1;14100;VEV_4500;769;7;767;18;;;785;7;787;18;;;777.0;0.0
-1;14100;VEV_5000;257;20;256;23;;;264;23;;;;;260.5;0.0
-1;14100;VEV_5100;157;8;156;30;;;161;8;162;28;;;159.0;0.0
-1;14100;VEV_5200;;;;;;;91;33;;;;;91.0;0.0
-1;14100;VEV_5300;;;;;;;44;23;;;;;44.0;0.0
-1;14100;VEV_5400;;;;;;;17;22;;;;;17.0;0.0
-1;14100;VEV_5500;6;29;;;;;7;27;;;;;6.5;0.0
-1;14100;VEV_6000;0;29;;;;;1;29;;;;;0.5;0.0
-1;14100;VEV_6500;0;14;;;;;1;14;;;;;0.5;0.0
-1;14200;HYDROGEL_PACK;9974;11;9972;29;;;9990;11;9993;29;;;9982.0;0.0
-1;14200;VELVETFRUIT_EXTRACT;5270;68;;;;;5276;66;;;;;5273.0;0.0
-1;14200;VEV_4000;1236;14;1233;26;;;1257;14;1259;26;;;1246.5;0.0
-1;14200;VEV_4500;768;8;767;21;766;21;784;8;785;21;786;21;776.0;0.0
-1;14200;VEV_5000;256;8;255;17;;;262;12;263;16;;;259.0;0.0
-1;14200;VEV_5100;158;10;157;20;;;162;23;163;14;;;160.0;0.0
-1;14200;VEV_5200;87;19;;;;;90;20;91;18;;;88.5;0.0
-1;14200;VEV_5300;42;23;;;;;44;22;45;18;;;43.0;0.0
-1;14200;VEV_5400;15;28;;;;;17;17;;;;;16.0;0.0
-1;14200;VEV_5500;6;23;;;;;7;18;;;;;6.5;0.0
-1;14200;VEV_6000;0;27;;;;;1;27;;;;;0.5;0.0
-1;14200;VEV_6500;0;15;;;;;1;15;;;;;0.5;0.0
-1;14300;HYDROGEL_PACK;9973;14;9970;26;;;9989;14;9991;26;;;9981.0;0.0
-1;14300;VELVETFRUIT_EXTRACT;5270;40;;;;;5276;56;5277;46;;;5273.0;0.0
-1;14300;VEV_4000;1236;10;1233;26;;;1257;10;1259;26;;;1246.5;0.0
-1;14300;VEV_4500;768;7;766;16;;;784;7;785;8;786;16;776.0;0.0
-1;14300;VEV_5000;257;9;256;22;;;263;11;264;14;;;260.0;0.0
-1;14300;VEV_5100;158;25;157;16;;;162;32;;;;;160.0;0.0
-1;14300;VEV_5200;88;15;;;;;91;8;;;;;89.5;0.0
-1;14300;VEV_5300;42;29;;;;;44;28;;;;;43.0;0.0
-1;14300;VEV_5400;16;7;15;17;;;;;;;;;16.0;0.0
-1;14300;VEV_5500;6;25;;;;;7;19;;;;;6.5;0.0
-1;14300;VEV_6000;0;18;;;;;1;18;;;;;0.5;0.0
-1;14300;VEV_6500;0;17;;;;;1;17;;;;;0.5;0.0
-1;14400;HYDROGEL_PACK;9969;11;9966;21;;;9985;11;9987;21;;;9977.0;0.0
-1;14400;VELVETFRUIT_EXTRACT;5271;61;;;;;5276;15;5277;35;;;5273.5;0.0
-1;14400;VEV_4000;1235;7;1233;30;;;1256;7;1259;30;;;1245.5;0.0
-1;14400;VEV_4500;767;7;765;16;;;783;7;785;16;;;775.0;0.0
-1;14400;VEV_5000;257;12;256;23;;;263;11;264;13;;;260.0;0.0
-1;14400;VEV_5100;158;7;;;;;163;15;;;;;160.5;0.0
-1;14400;VEV_5200;88;20;;;;;91;8;92;19;;;89.5;0.0
-1;14400;VEV_5300;41;12;;;;;44;23;;;;;42.5;0.0
-1;14400;VEV_5400;15;27;;;;;17;28;;;;;16.0;0.0
-1;14400;VEV_5500;6;23;;;;;7;25;;;;;6.5;0.0
-1;14400;VEV_6000;0;24;;;;;1;24;;;;;0.5;0.0
-1;14400;VEV_6500;0;14;;;;;1;14;;;;;0.5;0.0
-1;14500;HYDROGEL_PACK;9969;14;9967;27;;;9985;14;9988;27;;;9977.0;0.0
-1;14500;VELVETFRUIT_EXTRACT;5272;20;5271;50;;;5276;20;5277;67;;;5274.0;0.0
-1;14500;VEV_4000;1235;8;1232;29;;;1256;8;1258;29;;;1245.5;0.0
-1;14500;VEV_4500;767;7;766;12;765;19;783;7;785;19;;;775.0;0.0
-1;14500;VEV_5000;257;10;256;24;;;263;8;264;22;;;260.0;0.0
-1;14500;VEV_5100;158;6;157;24;;;162;8;163;21;;;160.0;0.0
-1;14500;VEV_5200;90;24;;;;;93;19;;;;;91.5;0.0
-1;14500;VEV_5300;42;21;41;16;;;44;21;45;18;;;43.0;0.0
-1;14500;VEV_5400;14;26;;;;;15;24;16;17;;;14.5;0.0
-1;14500;VEV_5500;6;27;;;;;7;16;;;;;6.5;0.0
-1;14500;VEV_6000;0;19;;;;;1;19;;;;;0.5;0.0
-1;14500;VEV_6500;0;16;;;;;1;16;;;;;0.5;0.0
-1;14600;HYDROGEL_PACK;9968;14;9966;30;;;9984;14;9987;30;;;9976.0;0.0
-1;14600;VELVETFRUIT_EXTRACT;5271;70;;;;;5277;59;;;;;5274.0;0.0
-1;14600;VEV_4000;1236;7;1233;26;;;1257;7;1259;26;;;1246.5;0.0
-1;14600;VEV_4500;766;7;764;16;;;782;7;784;16;;;774.0;0.0
-1;14600;VEV_5000;257;6;256;22;;;263;12;264;21;;;260.0;0.0
-1;14600;VEV_5100;158;9;157;13;;;163;22;;;;;160.5;0.0
-1;14600;VEV_5200;90;27;89;12;;;93;19;;;;;91.5;0.0
-1;14600;VEV_5300;43;17;;;;;45;22;;;;;44.0;0.0
-1;14600;VEV_5400;15;20;;;;;17;28;;;;;16.0;0.0
-1;14600;VEV_5500;6;21;;;;;7;18;;;;;6.5;0.0
-1;14600;VEV_6000;0;26;;;;;1;26;;;;;0.5;0.0
-1;14600;VEV_6500;0;17;;;;;1;17;;;;;0.5;0.0
-1;14700;HYDROGEL_PACK;9969;15;9966;21;;;9985;15;9987;21;;;9977.0;0.0
-1;14700;VELVETFRUIT_EXTRACT;5271;38;5271;48;;;5277;59;;;;;5274.0;0.0
-1;14700;VEV_4000;1237;13;1234;22;;;1258;13;1260;22;;;1247.5;0.0
-1;14700;VEV_4500;766;9;764;13;;;782;9;784;13;;;774.0;0.0
-1;14700;VEV_5000;258;7;257;25;;;264;11;265;15;;;261.0;0.0
-1;14700;VEV_5100;157;10;156;12;;;161;33;;;;;159.0;0.0
-1;14700;VEV_5200;90;8;89;30;;;92;6;;;;;91.0;0.0
-1;14700;VEV_5300;42;10;;;;;44;19;45;28;;;43.0;0.0
-1;14700;VEV_5400;;;;;;;17;27;;;;;17.0;0.0
-1;14700;VEV_5500;6;24;;;;;7;24;;;;;6.5;0.0
-1;14700;VEV_6000;0;25;;;;;1;25;;;;;0.5;0.0
-1;14700;VEV_6500;0;18;;;;;1;18;;;;;0.5;0.0
-1;14800;HYDROGEL_PACK;9967;12;9964;22;;;9983;12;9985;22;;;9975.0;0.0
-1;14800;VELVETFRUIT_EXTRACT;5272;67;5272;16;;;5277;16;5278;36;;;5274.5;0.0
-1;14800;VEV_4000;1237;13;1234;19;;;1258;13;1260;19;;;1247.5;0.0
-1;14800;VEV_4500;767;11;765;20;;;783;11;785;20;;;775.0;0.0
-1;14800;VEV_5000;;;;;;;264;6;265;15;;;264.0;0.0
-1;14800;VEV_5100;158;28;157;17;;;162;12;163;12;;;160.0;0.0
-1;14800;VEV_5200;90;27;;;;;94;20;;;;;92.0;0.0
-1;14800;VEV_5300;42;22;41;15;;;44;28;45;14;;;43.0;0.0
-1;14800;VEV_5400;15;23;;;;;16;29;;;;;15.5;0.0
-1;14800;VEV_5500;6;20;;;;;7;25;;;;;6.5;0.0
-1;14800;VEV_6000;0;20;;;;;1;20;;;;;0.5;0.0
-1;14800;VEV_6500;0;14;;;;;1;14;;;;;0.5;0.0
-1;14900;HYDROGEL_PACK;9964;12;9961;30;;;9980;12;9982;30;;;9972.0;0.0
-1;14900;VELVETFRUIT_EXTRACT;5271;18;5270;49;;;5276;31;;;;;5273.5;0.0
-1;14900;VEV_4000;1235;13;1233;26;;;1256;13;1259;26;;;1245.5;0.0
-1;14900;VEV_4500;767;8;765;19;;;783;8;785;19;;;775.0;0.0
-1;14900;VEV_5000;259;10;258;31;;;265;7;;;;;262.0;0.0
-1;14900;VEV_5100;158;9;157;22;;;162;6;163;20;;;160.0;0.0
-1;14900;VEV_5200;91;7;90;31;;;94;25;;;;;92.5;0.0
-1;14900;VEV_5300;;;;;;;43;21;;;;;43.0;0.0
-1;14900;VEV_5400;15;29;;;;;16;26;17;21;;;15.5;0.0
-1;14900;VEV_5500;6;22;;;;;7;20;;;;;6.5;0.0
-1;14900;VEV_6000;0;24;;;;;1;24;;;;;0.5;0.0
-1;14900;VEV_6500;0;18;;;;;1;18;;;;;0.5;0.0
-1;15000;HYDROGEL_PACK;9963;13;9960;23;;;9979;13;9981;23;;;9971.0;0.0
-1;15000;VELVETFRUIT_EXTRACT;5271;67;;;;;5276;24;5277;38;;;5273.5;0.0
-1;15000;VEV_4000;1236;7;1234;20;;;1257;7;1260;20;;;1246.5;0.0
-1;15000;VEV_4500;766;7;764;15;;;784;15;;;;;775.0;0.0
-1;15000;VEV_5000;259;8;258;21;;;265;6;266;21;;;262.0;0.0
-1;15000;VEV_5100;157;6;156;23;;;161;8;;;;;159.0;0.0
-1;15000;VEV_5200;91;6;90;22;;;94;26;;;;;92.5;0.0
-1;15000;VEV_5300;41;23;;;;;43;27;;;;;42.0;0.0
-1;15000;VEV_5400;;;;;;;16;25;;;;;16.0;0.0
-1;15000;VEV_5500;6;15;;;;;7;26;;;;;6.5;0.0
-1;15000;VEV_6000;0;30;;;;;1;30;;;;;0.5;0.0
-1;15000;VEV_6500;0;11;;;;;1;11;;;;;0.5;0.0
-1;15100;HYDROGEL_PACK;9966;11;9964;23;;;9982;11;9985;23;;;9974.0;0.0
-1;15100;VELVETFRUIT_EXTRACT;5271;55;;;;;5277;58;;;;;5274.0;0.0
-1;15100;VEV_4000;1234;10;1231;18;;;1255;10;1257;18;;;1244.5;0.0
-1;15100;VEV_4500;763;19;;;;;781;6;783;19;;;772.0;0.0
-1;15100;VEV_5000;;;;;;;265;8;266;19;;;265.0;0.0
-1;15100;VEV_5100;156;23;155;21;;;160;21;161;12;;;158.0;0.0
-1;15100;VEV_5200;89;22;;;;;92;8;;;;;90.5;0.0
-1;15100;VEV_5300;41;20;;;;;43;22;;;;;42.0;0.0
-1;15100;VEV_5400;15;27;;;;;16;25;;;;;15.5;0.0
-1;15100;VEV_5500;6;23;;;;;7;24;;;;;6.5;0.0
-1;15100;VEV_6000;0;25;;;;;1;25;;;;;0.5;0.0
-1;15100;VEV_6500;0;17;;;;;1;17;;;;;0.5;0.0
-1;15200;HYDROGEL_PACK;9969;12;9967;27;;;9985;12;9988;27;;;9977.0;0.0
-1;15200;VELVETFRUIT_EXTRACT;5270;52;;;;;5276;62;;;;;5273.0;0.0
-1;15200;VEV_4000;1234;13;1231;17;;;1254;13;1257;17;;;1244.0;0.0
-1;15200;VEV_4500;765;11;763;15;;;783;15;;;;;774.0;0.0
-1;15200;VEV_5000;257;23;256;13;;;263;33;264;12;;;260.0;0.0
-1;15200;VEV_5100;156;21;155;22;;;160;31;161;24;;;158.0;0.0
-1;15200;VEV_5200;;;;;;;;;;;;;0.0;0.0
-1;15200;VEV_5300;41;26;40;25;;;43;27;;;;;42.0;0.0
-1;15200;VEV_5400;;;;;;;17;24;;;;;17.0;0.0
-1;15200;VEV_5500;6;23;;;;;7;19;;;;;6.5;0.0
-1;15200;VEV_6000;0;21;;;;;1;21;;;;;0.5;0.0
-1;15200;VEV_6500;0;19;;;;;1;19;;;;;0.5;0.0
-1;15300;HYDROGEL_PACK;9970;14;9967;23;;;9986;14;9988;23;;;9978.0;0.0
-1;15300;VELVETFRUIT_EXTRACT;5272;45;;;;;5278;59;;;;;5275.0;0.0
-1;15300;VEV_4000;1234;7;1232;21;;;1255;7;1258;21;;;1244.5;0.0
-1;15300;VEV_4500;768;12;766;12;;;785;10;786;12;;;776.5;0.0
-1;15300;VEV_5000;257;34;;;;;263;12;264;13;;;260.0;0.0
-1;15300;VEV_5100;156;6;;;;;160;10;161;22;;;158.0;0.0
-1;15300;VEV_5200;89;11;88;20;;;91;22;92;21;;;90.0;0.0
-1;15300;VEV_5300;41;20;;;;;43;25;44;11;;;42.0;0.0
-1;15300;VEV_5400;15;18;;;;;17;26;;;;;16.0;0.0
-1;15300;VEV_5500;6;22;;;;;7;19;;;;;6.5;0.0
-1;15300;VEV_6000;0;21;;;;;1;21;;;;;0.5;0.0
-1;15300;VEV_6500;0;14;;;;;1;14;;;;;0.5;0.0
-1;15400;HYDROGEL_PACK;9970;11;9967;26;;;9986;11;9988;26;;;9978.0;0.0
-1;15400;VELVETFRUIT_EXTRACT;5272;19;5271;65;;;5277;24;;;;;5274.5;0.0
-1;15400;VEV_4000;1235;13;1233;20;;;1256;13;1259;20;;;1245.5;0.0
-1;15400;VEV_4500;767;6;765;19;;;783;6;785;19;;;775.0;0.0
-1;15400;VEV_5000;258;11;257;19;;;;;;;;;258.0;0.0
-1;15400;VEV_5100;156;29;155;23;;;160;25;161;12;;;158.0;0.0
-1;15400;VEV_5200;88;8;;;;;91;24;;;;;89.5;0.0
-1;15400;VEV_5300;41;20;;;;;43;17;;;;;42.0;0.0
-1;15400;VEV_5400;15;22;;;;;;;;;;;15.0;0.0
-1;15400;VEV_5500;6;21;;;;;7;28;;;;;6.5;0.0
-1;15400;VEV_6000;0;26;;;;;1;26;;;;;0.5;0.0
-1;15400;VEV_6500;0;11;;;;;1;11;;;;;0.5;0.0
-1;15500;HYDROGEL_PACK;9969;14;9966;29;;;9985;14;9987;29;;;9977.0;0.0
-1;15500;VELVETFRUIT_EXTRACT;5272;18;5271;33;5271;39;5277;56;;;;;5274.5;0.0
-1;15500;VEV_4000;1234;9;1231;17;;;1255;9;1257;17;;;1244.5;0.0
