timestamp;buyer;seller;symbol;currency;price;quantity
200;BOT_MAKER;BOT_TAKER;VEV_5500;XIRECS;6.0;3
300;BOT_TAKER;BOT_MAKER;HYDROGEL_PACK;XIRECS;9983.0;6
300;BOT_MAKER;BOT_TAKER;VELVETFRUIT_EXTRACT;XIRECS;5260.0;6
300;BOT_TAKER;BOT_MAKER;VEV_4000;XIRECS;1270.0;1
300;BOT_MAKER;BOT_TAKER;VEV_6500;XIRECS;0.0;2
600;BOT_MAKER;BOT_TAKER;VELVETFRUIT_EXTRACT;XIRECS;5261.0;7
700;BOT_TAKER;BOT_MAKER;VEV_5300;XIRECS;52.0;4
800;BOT_TAKER;BOT_MAKER;HYDROGEL_PACK;XIRECS;9976.0;5
800;BOT_TAKER;BOT_MAKER;VEV_4000;XIRECS;1267.0;3
800;BOT_TAKER;BOT_MAKER;VEV_6000;XIRECS;1.0;2
1000;BOT_TAKER;SUBMISSION;VELVETFRUIT_EXTRACT;XIRECS;5270.0;5
1000;BOT_TAKER;BOT_MAKER;VELVETFRUIT_EXTRACT;XIRECS;5271.0;3
1100;BOT_TAKER;BOT_MAKER;HYDROGEL_PACK;XIRECS;9981.0;5
1100;BOT_TAKER;BOT_MAKER;VEV_4000;XIRECS;1266.0;2
1100;BOT_TAKER;BOT_MAKER;VEV_5300;XIRECS;53.0;4
1200;BOT_MAKER;BOT_TAKER;VELVETFRUIT_EXTRACT;XIRECS;5264.0;4
1300;BOT_TAKER;BOT_MAKER;HYDROGEL_PACK;XIRECS;9982.0;4
1400;BOT_MAKER;BOT_TAKER;VELVETFRUIT_EXTRACT;XIRECS;5263.0;6
1400;BOT_TAKER;BOT_MAKER;VEV_6500;XIRECS;1.0;2
1500;BOT_TAKER;BOT_MAKER;VEV_4000;XIRECS;1266.0;1
1500;BOT_TAKER;BOT_MAKER;VEV_5300;XIRECS;51.0;2
1600;BOT_MAKER;BOT_TAKER;VELVETFRUIT_EXTRACT;XIRECS;5263.0;4
1600;BOT_TAKER;BOT_MAKER;VEV_4000;XIRECS;1265.0;3
1700;BOT_TAKER;BOT_MAKER;HYDROGEL_PACK;XIRECS;9982.0;4
1700;BOT_MAKER;BOT_TAKER;VEV_5400;XIRECS;15.0;2
1800;BOT_TAKER;BOT_MAKER;HYDROGEL_PACK;XIRECS;9982.0;5
1900;BOT_MAKER;BOT_TAKER;VELVETFRUIT_EXTRACT;XIRECS;5262.0;4
1900;BOT_MAKER;BOT_TAKER;VEV_6500;XIRECS;0.0;2
2100;SUBMISSION;BOT_TAKER;HYDROGEL_PACK;XIRECS;9969.0;5
2100;BOT_MAKER;BOT_TAKER;HYDROGEL_PACK;XIRECS;9968.0;1
2200;BOT_TAKER;BOT_MAKER;HYDROGEL_PACK;XIRECS;9985.0;4
2200;BOT_MAKER;BOT_TAKER;VEV_6500;XIRECS;0.0;4
2300;BOT_TAKER;BOT_MAKER;VELVETFRUIT_EXTRACT;XIRECS;5267.0;6
2500;BOT_MAKER;BOT_TAKER;VELVETFRUIT_EXTRACT;XIRECS;5260.0;6
2600;BOT_TAKER;BOT_MAKER;VEV_4000;XIRECS;1266.0;3
2600;SUBMISSION;BOT_TAKER;VEV_4000;XIRECS;1246.0;1
2700;BOT_TAKER;BOT_MAKER;VELVETFRUIT_EXTRACT;XIRECS;5266.0;3
2700;BOT_MAKER;BOT_TAKER;VEV_6000;XIRECS;0.0;2
2800;BOT_TAKER;BOT_MAKER;VEV_6000;XIRECS;1.0;5
2900;BOT_TAKER;BOT_MAKER;VELVETFRUIT_EXTRACT;XIRECS;5267.0;8
2900;BOT_TAKER;BOT_MAKER;VEV_5400;XIRECS;15.0;2
3000;BOT_TAKER;BOT_MAKER;VELVETFRUIT_EXTRACT;XIRECS;5266.0;6
3000;BOT_TAKER;BOT_MAKER;VEV_6500;XIRECS;1.0;2
3000;BOT_TAKER;BOT_MAKER;VEV_6500;XIRECS;1.0;4
3100;BOT_TAKER;BOT_MAKER;VELVETFRUIT_EXTRACT;XIRECS;5267.0;3
3100;BOT_MAKER;BOT_TAKER;VEV_5500;XIRECS;6.0;5
3300;BOT_MAKER;BOT_TAKER;HYDROGEL_PACK;XIRECS;9971.0;5
3300;BOT_MAKER;BOT_TAKER;VELVETFRUIT_EXTRACT;XIRECS;5264.0;3
3400;BOT_TAKER;BOT_MAKER;VELVETFRUIT_EXTRACT;XIRECS;5267.0;6
3400;BOT_TAKER;BOT_MAKER;VEV_5400;XIRECS;16.0;4
3500;BOT_TAKER;BOT_MAKER;VELVETFRUIT_EXTRACT;XIRECS;5269.0;4
3500;BOT_TAKER;BOT_MAKER;VEV_5400;XIRECS;16.0;4
3600;BOT_TAKER;BOT_MAKER;HYDROGEL_PACK;XIRECS;9987.0;2
3600;BOT_TAKER;BOT_MAKER;VELVETFRUIT_EXTRACT;XIRECS;5269.0;5
3600;BOT_TAKER;BOT_MAKER;VELVETFRUIT_EXTRACT;XIRECS;5269.0;3
3600;BOT_TAKER;BOT_MAKER;VEV_5500;XIRECS;7.0;4
3700;BOT_TAKER;BOT_MAKER;VELVETFRUIT_EXTRACT;XIRECS;5269.0;7
3800;BOT_TAKER;BOT_MAKER;VEV_4000;XIRECS;1261.0;3
3900;BOT_TAKER;BOT_MAKER;HYDROGEL_PACK;XIRECS;9987.0;4
3900;BOT_TAKER;BOT_MAKER;VEV_6000;XIRECS;1.0;4
4000;BOT_TAKER;BOT_MAKER;VELVETFRUIT_EXTRACT;XIRECS;5267.0;5
4100;BOT_MAKER;BOT_TAKER;VELVETFRUIT_EXTRACT;XIRECS;5262.0;7
4100;BOT_TAKER;SUBMISSION;VELVETFRUIT_EXTRACT;XIRECS;5266.0;5
4100;BOT_TAKER;BOT_MAKER;VELVETFRUIT_EXTRACT;XIRECS;5267.0;2
4200;BOT_MAKER;BOT_TAKER;VELVETFRUIT_EXTRACT;XIRECS;5262.0;5
4400;BOT_TAKER;BOT_MAKER;HYDROGEL_PACK;XIRECS;9990.0;2
4400;BOT_MAKER;BOT_TAKER;VELVETFRUIT_EXTRACT;XIRECS;5263.0;4
4500;BOT_TAKER;BOT_MAKER;HYDROGEL_PACK;XIRECS;9992.0;5
4500;BOT_MAKER;BOT_TAKER;VEV_6000;XIRECS;0.0;4
4600;BOT_TAKER;BOT_MAKER;VEV_5500;XIRECS;8.0;2
4700;BOT_MAKER;BOT_TAKER;VEV_5300;XIRECS;51.0;4
4800;BOT_MAKER;BOT_TAKER;HYDROGEL_PACK;XIRECS;9976.0;5
4800;BOT_TAKER;BOT_MAKER;VELVETFRUIT_EXTRACT;XIRECS;5270.0;7
4900;BOT_MAKER;BOT_TAKER;VEV_4000;XIRECS;1241.0;3
5100;BOT_TAKER;BOT_MAKER;VELVETFRUIT_EXTRACT;XIRECS;5269.0;7
5300;BOT_MAKER;BOT_TAKER;VEV_4000;XIRECS;1239.0;2
5400;BOT_MAKER;BOT_TAKER;VEV_5500;XIRECS;6.0;4
5700;BOT_TAKER;BOT_MAKER;VELVETFRUIT_EXTRACT;XIRECS;5270.0;8
5700;BOT_MAKER;BOT_TAKER;VEV_4000;XIRECS;1239.0;1
5700;BOT_TAKER;SUBMISSION;HYDROGEL_PACK;XIRECS;10000.0;5
5800;BOT_MAKER;BOT_TAKER;VELVETFRUIT_EXTRACT;XIRECS;5263.0;8
5900;BOT_MAKER;BOT_TAKER;HYDROGEL_PACK;XIRECS;9984.0;3
5900;BOT_TAKER;SUBMISSION;HYDROGEL_PACK;XIRECS;9999.0;3
6100;BOT_TAKER;BOT_MAKER;HYDROGEL_PACK;XIRECS;10000.0;3
6100;BOT_TAKER;SUBMISSION;HYDROGEL_PACK;XIRECS;9999.0;3
6100;SUBMISSION;BOT_TAKER;VELVETFRUIT_EXTRACT;XIRECS;5264.0;3
6200;BOT_MAKER;BOT_TAKER;VELVETFRUIT_EXTRACT;XIRECS;5263.0;8
6200;BOT_TAKER;BOT_MAKER;VEV_5400;XIRECS;17.0;2
6300;BOT_TAKER;BOT_MAKER;VELVETFRUIT_EXTRACT;XIRECS;5268.0;7
6400;BOT_TAKER;BOT_MAKER;VELVETFRUIT_EXTRACT;XIRECS;5266.0;5
6500;BOT_TAKER;BOT_MAKER;HYDROGEL_PACK;XIRECS;10000.0;5
6500;BOT_MAKER;BOT_TAKER;VELVETFRUIT_EXTRACT;XIRECS;5263.0;3
6500;BOT_MAKER;BOT_TAKER;VELVETFRUIT_EXTRACT;XIRECS;5263.0;7
6600;BOT_TAKER;BOT_MAKER;VELVETFRUIT_EXTRACT;XIRECS;5270.0;5
6700;BOT_MAKER;BOT_TAKER;VELVETFRUIT_EXTRACT;XIRECS;5264.0;5
6700;BOT_TAKER;BOT_MAKER;VEV_6000;XIRECS;1.0;3
6800;BOT_MAKER;BOT_TAKER;VEV_5300;XIRECS;49.0;3
6800;SUBMISSION;BOT_TAKER;HYDROGEL_PACK;XIRECS;9990.0;5
6800;BOT_MAKER;BOT_TAKER;HYDROGEL_PACK;XIRECS;9989.0;1
6900;BOT_MAKER;BOT_TAKER;VELVETFRUIT_EXTRACT;XIRECS;5265.0;7
6900;BOT_TAKER;SUBMISSION;VELVETFRUIT_EXTRACT;XIRECS;5270.0;3
7000;BOT_MAKER;BOT_TAKER;VELVETFRUIT_EXTRACT;XIRECS;5265.0;7
7100;BOT_TAKER;BOT_MAKER;VELVETFRUIT_EXTRACT;XIRECS;5270.0;5
7200;BOT_MAKER;BOT_TAKER;VEV_6500;XIRECS;0.0;3
7300;BOT_MAKER;BOT_TAKER;HYDROGEL_PACK;XIRECS;9987.0;6
7300;BOT_TAKER;BOT_MAKER;VELVETFRUIT_EXTRACT;XIRECS;5271.0;6
7300;BOT_TAKER;SUBMISSION;HYDROGEL_PACK;XIRECS;10002.0;5
7300;BOT_TAKER;BOT_MAKER;HYDROGEL_PACK;XIRECS;10003.0;1
7400;BOT_MAKER;BOT_TAKER;HYDROGEL_PACK;XIRECS;9990.0;2
7400;BOT_TAKER;BOT_MAKER;VELVETFRUIT_EXTRACT;XIRECS;5272.0;6
7400;BOT_TAKER;BOT_MAKER;VEV_4000;XIRECS;1257.0;2
7500;BOT_TAKER;BOT_MAKER;HYDROGEL_PACK;XIRECS;10001.0;2
7600;BOT_TAKER;BOT_MAKER;HYDROGEL_PACK;XIRECS;10000.0;6
7700;BOT_TAKER;BOT_MAKER;VEV_4000;XIRECS;1256.0;2
7700;BOT_MAKER;BOT_TAKER;VEV_5500;XIRECS;6.0;2
7800;BOT_TAKER;BOT_MAKER;HYDROGEL_PACK;XIRECS;10000.0;6
7800;BOT_MAKER;BOT_TAKER;VEV_4000;XIRECS;1235.0;3
7800;BOT_MAKER;BOT_TAKER;VEV_6500;XIRECS;0.0;4
8000;BOT_TAKER;BOT_MAKER;VELVETFRUIT_EXTRACT;XIRECS;5278.0;7
8100;BOT_MAKER;BOT_TAKER;HYDROGEL_PACK;XIRECS;9984.0;4
8200;BOT_MAKER;BOT_TAKER;VELVETFRUIT_EXTRACT;XIRECS;5274.0;4
8200;BOT_MAKER;BOT_TAKER;VEV_5500;XIRECS;6.0;2
8400;BOT_MAKER;BOT_TAKER;VELVETFRUIT_EXTRACT;XIRECS;5275.0;3
8400;BOT_MAKER;BOT_TAKER;VEV_5300;XIRECS;49.0;4
8400;BOT_TAKER;BOT_MAKER;VEV_5400;XIRECS;17.0;5
8400;BOT_TAKER;BOT_MAKER;VEV_5400;XIRECS;17.0;3
8700;BOT_TAKER;BOT_MAKER;VEV_5500;XIRECS;8.0;5
8800;BOT_MAKER;BOT_TAKER;HYDROGEL_PACK;XIRECS;9984.0;2
8800;BOT_TAKER;BOT_MAKER;VELVETFRUIT_EXTRACT;XIRECS;5284.0;8
8900;BOT_MAKER;BOT_TAKER;VELVETFRUIT_EXTRACT;XIRECS;5280.0;3
9000;BOT_MAKER;BOT_TAKER;HYDROGEL_PACK;XIRECS;9988.0;3
9000;BOT_TAKER;SUBMISSION;HYDROGEL_PACK;XIRECS;10003.0;5
9100;BOT_MAKER;BOT_TAKER;VEV_6000;XIRECS;0.0;3
9100;BOT_TAKER;SUBMISSION;VEV_5300;XIRECS;50.0;4
9300;BOT_TAKER;BOT_MAKER;VELVETFRUIT_EXTRACT;XIRECS;5283.0;7
9500;BOT_TAKER;BOT_MAKER;VELVETFRUIT_EXTRACT;XIRECS;5285.0;3
9500;BOT_TAKER;BOT_MAKER;VEV_5500;XIRECS;7.0;4
9600;BOT_TAKER;BOT_MAKER;VEV_6000;XIRECS;1.0;5
9700;BOT_TAKER;BOT_MAKER;VELVETFRUIT_EXTRACT;XIRECS;5283.0;8
9700;BOT_TAKER;BOT_MAKER;VELVETFRUIT_EXTRACT;XIRECS;5283.0;8
9700;BOT_MAKER;BOT_TAKER;VEV_5500;XIRECS;6.0;2
9700;BOT_TAKER;BOT_MAKER;VEV_5500;XIRECS;7.0;2
9700;BOT_TAKER;SUBMISSION;VELVETFRUIT_EXTRACT;XIRECS;5282.0;5
9700;BOT_TAKER;BOT_MAKER;VELVETFRUIT_EXTRACT;XIRECS;5283.0;3
9900;BOT_MAKER;BOT_TAKER;VEV_4000;XIRECS;1235.0;1
9900;BOT_MAKER;BOT_TAKER;VEV_6500;XIRECS;0.0;4
10000;BOT_MAKER;BOT_TAKER;VELVETFRUIT_EXTRACT;XIRECS;5277.0;3
10100;BOT_TAKER;BOT_MAKER;HYDROGEL_PACK;XIRECS;9998.0;3
10300;BOT_TAKER;BOT_MAKER;HYDROGEL_PACK;XIRECS;10000.0;2
10400;BOT_MAKER;BOT_TAKER;HYDROGEL_PACK;XIRECS;9985.0;2
10400;BOT_TAKER;BOT_MAKER;VELVETFRUIT_EXTRACT;XIRECS;5280.0;3
10400;BOT_TAKER;BOT_MAKER;VEV_6000;XIRECS;1.0;2
10500;BOT_TAKER;BOT_MAKER;VEV_4000;XIRECS;1259.0;1
10700;BOT_MAKER;BOT_TAKER;VELVETFRUIT_EXTRACT;XIRECS;5275.0;7
10700;BOT_TAKER;SUBMISSION;VELVETFRUIT_EXTRACT;XIRECS;5280.0;5
10700;BOT_TAKER;BOT_MAKER;VELVETFRUIT_EXTRACT;XIRECS;5281.0;3
10800;BOT_TAKER;BOT_MAKER;VELVETFRUIT_EXTRACT;XIRECS;5278.0;5
10900;BOT_TAKER;BOT_MAKER;VELVETFRUIT_EXTRACT;XIRECS;5277.0;5
10900;BOT_TAKER;BOT_MAKER;VELVETFRUIT_EXTRACT;XIRECS;5277.0;3
11200;BOT_TAKER;BOT_MAKER;VEV_4000;XIRECS;1259.0;2
11200;BOT_TAKER;BOT_MAKER;VEV_4000;XIRECS;1259.0;1
11300;BOT_MAKER;BOT_TAKER;VELVETFRUIT_EXTRACT;XIRECS;5273.0;6
11400;BOT_TAKER;BOT_MAKER;HYDROGEL_PACK;XIRECS;10002.0;4
11400;BOT_MAKER;BOT_TAKER;VELVETFRUIT_EXTRACT;XIRECS;5275.0;7
11400;BOT_MAKER;BOT_TAKER;VEV_4000;XIRECS;1239.0;1
11600;BOT_MAKER;BOT_TAKER;VELVETFRUIT_EXTRACT;XIRECS;5274.0;4
11600;BOT_TAKER;BOT_MAKER;VEV_5400;XIRECS;16.0;4
11600;BOT_TAKER;SUBMISSION;VELVETFRUIT_EXTRACT;XIRECS;5279.0;5
11600;BOT_TAKER;BOT_MAKER;VELVETFRUIT_EXTRACT;XIRECS;5280.0;1
11700;BOT_TAKER;BOT_MAKER;VELVETFRUIT_EXTRACT;XIRECS;5281.0;8
11700;BOT_MAKER;BOT_TAKER;VEV_6500;XIRECS;0.0;4
11700;BOT_TAKER;SUBMISSION;HYDROGEL_PACK;XIRECS;10000.0;5
11700;BOT_TAKER;BOT_MAKER;HYDROGEL_PACK;XIRECS;10001.0;1
11800;BOT_TAKER;BOT_MAKER;VELVETFRUIT_EXTRACT;XIRECS;5281.0;4
11900;BOT_MAKER;BOT_TAKER;VELVETFRUIT_EXTRACT;XIRECS;5276.0;6
12000;BOT_TAKER;BOT_MAKER;HYDROGEL_PACK;XIRECS;9999.0;5
12000;BOT_MAKER;BOT_TAKER;HYDROGEL_PACK;XIRECS;9983.0;4
12100;BOT_TAKER;BOT_MAKER;VELVETFRUIT_EXTRACT;XIRECS;5277.0;10
12200;BOT_MAKER;BOT_TAKER;VELVETFRUIT_EXTRACT;XIRECS;5273.0;6
12300;BOT_TAKER;BOT_MAKER;VELVETFRUIT_EXTRACT;XIRECS;5278.0;7
12300;BOT_TAKER;BOT_MAKER;VEV_6000;XIRECS;1.0;4
12500;BOT_TAKER;BOT_MAKER;VEV_5500;XIRECS;7.0;2
12600;BOT_MAKER;BOT_TAKER;HYDROGEL_PACK;XIRECS;9986.0;5
12700;BOT_MAKER;BOT_TAKER;VELVETFRUIT_EXTRACT;XIRECS;5270.0;8
12800;BOT_MAKER;BOT_TAKER;VEV_6500;XIRECS;0.0;3
12900;BOT_MAKER;BOT_TAKER;HYDROGEL_PACK;XIRECS;9984.0;2
12900;BOT_TAKER;BOT_MAKER;VEV_6000;XIRECS;1.0;3
13000;BOT_MAKER;BOT_TAKER;HYDROGEL_PACK;XIRECS;9983.0;2
13000;BOT_TAKER;BOT_MAKER;HYDROGEL_PACK;XIRECS;9999.0;6
13000;BOT_TAKER;BOT_MAKER;VEV_4000;XIRECS;1256.0;3
13000;BOT_TAKER;BOT_MAKER;VEV_6000;XIRECS;1.0;4
13000;SUBMISSION;BOT_TAKER;VELVETFRUIT_EXTRACT;XIRECS;5269.0;4
13100;BOT_TAKER;BOT_MAKER;HYDROGEL_PACK;XIRECS;9999.0;5
13100;BOT_MAKER;BOT_TAKER;VELVETFRUIT_EXTRACT;XIRECS;5269.0;5
13100;BOT_TAKER;BOT_MAKER;VEV_5500;XIRECS;7.0;4
13100;SUBMISSION;BOT_TAKER;HYDROGEL_PACK;XIRECS;9984.0;5
13100;BOT_TAKER;SUBMISSION;VELVETFRUIT_EXTRACT;XIRECS;5274.0;5
13100;BOT_TAKER;BOT_MAKER;VELVETFRUIT_EXTRACT;XIRECS;5275.0;1
13200;BOT_TAKER;BOT_MAKER;VELVETFRUIT_EXTRACT;XIRECS;5277.0;5
13200;BOT_MAKER;BOT_TAKER;VEV_5300;XIRECS;44.0;4
13200;BOT_MAKER;BOT_TAKER;VEV_6000;XIRECS;0.0;5
13400;SUBMISSION;BOT_TAKER;HYDROGEL_PACK;XIRECS;9979.0;4
13500;BOT_TAKER;BOT_MAKER;HYDROGEL_PACK;XIRECS;9991.0;6
13600;SUBMISSION;BOT_TAKER;HYDROGEL_PACK;XIRECS;9979.0;5
13600;BOT_MAKER;BOT_TAKER;HYDROGEL_PACK;XIRECS;9978.0;1
13800;BOT_MAKER;BOT_TAKER;HYDROGEL_PACK;XIRECS;9978.0;3
13800;BOT_TAKER;BOT_MAKER;VELVETFRUIT_EXTRACT;XIRECS;5277.0;4
13800;BOT_TAKER;SUBMISSION;VELVETFRUIT_EXTRACT;XIRECS;5276.0;5
13900;BOT_MAKER;BOT_TAKER;VELVETFRUIT_EXTRACT;XIRECS;5272.0;7
13900;BOT_TAKER;BOT_MAKER;VEV_5400;XIRECS;17.0;2
14100;BOT_MAKER;BOT_TAKER;VELVETFRUIT_EXTRACT;XIRECS;5272.0;5
14100;SUBMISSION;BOT_TAKER;HYDROGEL_PACK;XIRECS;9976.0;3
14200;BOT_MAKER;BOT_TAKER;VELVETFRUIT_EXTRACT;XIRECS;5270.0;4
14200;BOT_TAKER;BOT_MAKER;VEV_5500;XIRECS;7.0;5
14400;BOT_TAKER;BOT_MAKER;VELVETFRUIT_EXTRACT;XIRECS;5276.0;6
14400;BOT_TAKER;BOT_MAKER;VELVETFRUIT_EXTRACT;XIRECS;5276.0;5
14400;BOT_MAKER;BOT_TAKER;VEV_5300;XIRECS;41.0;5
14600;BOT_TAKER;BOT_MAKER;VELVETFRUIT_EXTRACT;XIRECS;5277.0;4
14600;BOT_MAKER;BOT_TAKER;VEV_4000;XIRECS;1236.0;3
14700;BOT_MAKER;BOT_TAKER;HYDROGEL_PACK;XIRECS;9969.0;6
14700;BOT_TAKER;BOT_MAKER;VEV_5500;XIRECS;7.0;3
14800;BOT_TAKER;BOT_MAKER;HYDROGEL_PACK;XIRECS;9983.0;4
14800;BOT_TAKER;BOT_MAKER;VELVETFRUIT_EXTRACT;XIRECS;5277.0;6
14800;BOT_MAKER;BOT_TAKER;VEV_6500;XIRECS;0.0;3
14900;BOT_TAKER;BOT_MAKER;HYDROGEL_PACK;XIRECS;9980.0;6
14900;BOT_MAKER;BOT_TAKER;VEV_5400;XIRECS;15.0;4
15000;BOT_MAKER;BOT_TAKER;HYDROGEL_PACK;XIRECS;9963.0;6
15000;BOT_MAKER;BOT_TAKER;VELVETFRUIT_EXTRACT;XIRECS;5271.0;6
15000;BOT_TAKER;BOT_MAKER;VEV_5300;XIRECS;43.0;3
15100;BOT_TAKER;BOT_MAKER;HYDROGEL_PACK;XIRECS;9982.0;5
15200;BOT_TAKER;BOT_MAKER;VEV_5500;XIRECS;7.0;2
15300;BOT_TAKER;BOT_MAKER;HYDROGEL_PACK;XIRECS;9986.0;2
15300;BOT_MAKER;BOT_TAKER;VEV_5400;XIRECS;15.0;2
15400;BOT_TAKER;BOT_MAKER;HYDROGEL_PACK;XIRECS;9986.0;5
15400;BOT_MAKER;BOT_TAKER;VEV_4000;XIRECS;1235.0;3
15500;BOT_MAKER;BOT_TAKER;HYDROGEL_PACK;XIRECS;9969.0;6
15500;BOT_MAKER;BOT_TAKER;VEV_4000;XIRECS;1234.0;3
15500;BOT_TAKER;BOT_MAKER;VEV_6000;XIRECS;1.0;5
15700;BOT_MAKER;BOT_TAKER;VELVETFRUIT_EXTRACT;XIRECS;5272.0;5
15800;BOT_TAKER;BOT_MAKER;VELVETFRUIT_EXTRACT;XIRECS;5276.0;10
16000;BOT_TAKER;BOT_MAKER;VELVETFRUIT_EXTRACT;XIRECS;5274.0;4
16000;BOT_TAKER;BOT_MAKER;VEV_6500;XIRECS;1.0;3
16100;BOT_MAKER;BOT_TAKER;VELVETFRUIT_EXTRACT;XIRECS;5269.0;8
16100;BOT_TAKER;BOT_MAKER;VELVETFRUIT_EXTRACT;XIRECS;5274.0;8
16200;BOT_TAKER;BOT_MAKER;VEV_6000;XIRECS;1.0;5
16300;BOT_TAKER;BOT_MAKER;VELVETFRUIT_EXTRACT;XIRECS;5275.0;13
16300;BOT_TAKER;BOT_MAKER;VEV_4000;XIRECS;1256.0;3
16400;BOT_MAKER;BOT_TAKER;HYDROGEL_PACK;XIRECS;9973.0;5
16500;BOT_TAKER;BOT_MAKER;VELVETFRUIT_EXTRACT;XIRECS;5276.0;8
16500;BOT_TAKER;BOT_MAKER;VEV_6000;XIRECS;1.0;2
16600;BOT_TAKER;BOT_MAKER;VELVETFRUIT_EXTRACT;XIRECS;5279.0;7
16700;BOT_TAKER;BOT_MAKER;HYDROGEL_PACK;XIRECS;9989.0;5
16700;SUBMISSION;BOT_TAKER;HYDROGEL_PACK;XIRECS;9974.0;5
16800;BOT_MAKER;BOT_TAKER;HYDROGEL_PACK;XIRECS;9974.0;5
16800;BOT_TAKER;BOT_MAKER;VELVETFRUIT_EXTRACT;XIRECS;5278.0;5
16900;BOT_TAKER;BOT_MAKER;VEV_6000;XIRECS;1.0;5
17000;BOT_MAKER;BOT_TAKER;HYDROGEL_PACK;XIRECS;9979.0;3
17000;BOT_TAKER;BOT_MAKER;VEV_5400;XIRECS;16.0;4
17000;BOT_TAKER;BOT_MAKER;VEV_6000;XIRECS;1.0;5
17100;SUBMISSION;BOT_TAKER;VELVETFRUIT_EXTRACT;XIRECS;5268.0;5
17100;BOT_MAKER;BOT_TAKER;VELVETFRUIT_EXTRACT;XIRECS;5267.0;3
17200;BOT_TAKER;BOT_MAKER;VEV_6500;XIRECS;1.0;5
17300;SUBMISSION;BOT_TAKER;VELVETFRUIT_EXTRACT;XIRECS;5266.0;3
17400;BOT_MAKER;BOT_TAKER;HYDROGEL_PACK;XIRECS;9979.0;5
17400;BOT_TAKER;BOT_MAKER;VELVETFRUIT_EXTRACT;XIRECS;5270.0;7
17400;BOT_MAKER;BOT_TAKER;VEV_4000;XIRECS;1234.0;1
17400;BOT_TAKER;BOT_MAKER;VEV_6000;XIRECS;1.0;3
17600;BOT_TAKER;BOT_MAKER;VEV_4000;XIRECS;1254.0;3
17600;BOT_TAKER;BOT_MAKER;VEV_6500;XIRECS;1.0;3
17700;BOT_TAKER;BOT_MAKER;HYDROGEL_PACK;XIRECS;9991.0;6
17700;BOT_MAKER;BOT_TAKER;VELVETFRUIT_EXTRACT;XIRECS;5266.0;4
17800;BOT_TAKER;BOT_MAKER;HYDROGEL_PACK;XIRECS;9989.0;2
17800;BOT_MAKER;BOT_TAKER;VELVETFRUIT_EXTRACT;XIRECS;5268.0;3
17900;BOT_MAKER;BOT_TAKER;VELVETFRUIT_EXTRACT;XIRECS;5266.0;8
17900;SUBMISSION;BOT_TAKER;VELVETFRUIT_EXTRACT;XIRECS;5267.0;5
17900;BOT_MAKER;BOT_TAKER;VELVETFRUIT_EXTRACT;XIRECS;5266.0;1
18000;BOT_MAKER;BOT_TAKER;VEV_4000;XIRECS;1233.0;2
18100;BOT_TAKER;BOT_MAKER;HYDROGEL_PACK;XIRECS;9987.0;4
18200;BOT_TAKER;BOT_MAKER;HYDROGEL_PACK;XIRECS;9987.0;2
18200;BOT_TAKER;BOT_MAKER;VELVETFRUIT_EXTRACT;XIRECS;5272.0;5
18400;BOT_MAKER;BOT_TAKER;HYDROGEL_PACK;XIRECS;9979.0;5
18500;BOT_MAKER;BOT_TAKER;VELVETFRUIT_EXTRACT;XIRECS;5267.0;6
18500;BOT_MAKER;BOT_TAKER;VEV_5400;XIRECS;14.0;3
18600;BOT_MAKER;BOT_TAKER;VELVETFRUIT_EXTRACT;XIRECS;5268.0;8
18700;BOT_TAKER;BOT_MAKER;VELVETFRUIT_EXTRACT;XIRECS;5273.0;8
19000;BOT_TAKER;BOT_MAKER;VEV_4000;XIRECS;1255.0;2
19000;BOT_TAKER;SUBMISSION;HYDROGEL_PACK;XIRECS;9992.0;2
19100;BOT_TAKER;BOT_MAKER;VEV_6000;XIRECS;1.0;3
19100;BOT_MAKER;BOT_TAKER;VEV_6500;XIRECS;0.0;3
19400;BOT_TAKER;BOT_MAKER;HYDROGEL_PACK;XIRECS;9990.0;5
19400;BOT_MAKER;BOT_TAKER;VELVETFRUIT_EXTRACT;XIRECS;5268.0;3
19400;BOT_MAKER;BOT_TAKER;VEV_6500;XIRECS;0.0;3
19500;BOT_MAKER;BOT_TAKER;HYDROGEL_PACK;XIRECS;9968.0;4
19500;BOT_MAKER;BOT_TAKER;VEV_5500;XIRECS;5.0;5
19600;BOT_MAKER;BOT_TAKER;VEV_4000;XIRECS;1233.0;1
19700;BOT_TAKER;BOT_MAKER;HYDROGEL_PACK;XIRECS;9987.0;4
19700;BOT_TAKER;BOT_MAKER;VELVETFRUIT_EXTRACT;XIRECS;5275.0;15
19800;BOT_TAKER;BOT_MAKER;HYDROGEL_PACK;XIRECS;9985.0;6
19800;BOT_TAKER;BOT_MAKER;VELVETFRUIT_EXTRACT;XIRECS;5276.0;4
19900;BOT_MAKER;BOT_TAKER;VELVETFRUIT_EXTRACT;XIRECS;5270.0;4
19900;BOT_MAKER;BOT_TAKER;VEV_4000;XIRECS;1231.0;3
19900;BOT_MAKER;BOT_TAKER;VEV_5300;XIRECS;39.0;2
20000;BOT_TAKER;BOT_MAKER;HYDROGEL_PACK;XIRECS;9981.0;2
20000;BOT_TAKER;BOT_MAKER;VELVETFRUIT_EXTRACT;XIRECS;5276.0;13
20000;BOT_MAKER;BOT_TAKER;VEV_4000;XIRECS;1231.0;3
20200;BOT_MAKER;BOT_TAKER;VELVETFRUIT_EXTRACT;XIRECS;5270.0;5
20300;BOT_MAKER;BOT_TAKER;VEV_5400;XIRECS;16.0;5
20300;BOT_MAKER;BOT_TAKER;VEV_5500;XIRECS;5.0;5
20300;BOT_TAKER;SUBMISSION;VELVETFRUIT_EXTRACT;XIRECS;5274.0;3
20400;BOT_TAKER;BOT_MAKER;VELVETFRUIT_EXTRACT;XIRECS;5274.0;6
20500;BOT_TAKER;BOT_MAKER;HYDROGEL_PACK;XIRECS;9981.0;4
20500;BOT_TAKER;BOT_MAKER;VELVETFRUIT_EXTRACT;XIRECS;5276.0;8
20600;BOT_MAKER;BOT_TAKER;HYDROGEL_PACK;XIRECS;9967.0;5
20600;BOT_MAKER;BOT_TAKER;VELVETFRUIT_EXTRACT;XIRECS;5271.0;4
20700;BOT_MAKER;BOT_TAKER;HYDROGEL_PACK;XIRECS;9969.0;2
20700;BOT_TAKER;BOT_MAKER;VEV_5500;XIRECS;6.0;3
20700;BOT_TAKER;SUBMISSION;VEV_4000;XIRECS;1251.0;2
20800;BOT_MAKER;BOT_TAKER;VEV_5500;XIRECS;5.0;4
20900;BOT_TAKER;BOT_MAKER;VEV_5500;XIRECS;6.0;5
20900;SUBMISSION;BOT_TAKER;VELVETFRUIT_EXTRACT;XIRECS;5272.0;5
21100;BOT_TAKER;BOT_MAKER;HYDROGEL_PACK;XIRECS;9987.0;3
21100;BOT_MAKER;BOT_TAKER;VELVETFRUIT_EXTRACT;XIRECS;5274.0;7
21100;BOT_MAKER;BOT_TAKER;VELVETFRUIT_EXTRACT;XIRECS;5274.0;7
21100;BOT_MAKER;BOT_TAKER;VEV_5500;XIRECS;5.0;4
21200;BOT_TAKER;BOT_MAKER;HYDROGEL_PACK;XIRECS;9991.0;6
21200;BOT_MAKER;BOT_TAKER;VELVETFRUIT_EXTRACT;XIRECS;5273.0;7
21300;BOT_MAKER;BOT_TAKER;HYDROGEL_PACK;XIRECS;9974.0;2
21300;BOT_TAKER;BOT_MAKER;VEV_6000;XIRECS;1.0;4
21400;BOT_MAKER;BOT_TAKER;VEV_5400;XIRECS;16.0;4
21400;BOT_MAKER;BOT_TAKER;VEV_6000;XIRECS;0.0;5
21500;BOT_MAKER;BOT_TAKER;VELVETFRUIT_EXTRACT;XIRECS;5272.0;3
21500;BOT_TAKER;SUBMISSION;HYDROGEL_PACK;XIRECS;9991.0;5
21600;BOT_TAKER;BOT_MAKER;HYDROGEL_PACK;XIRECS;9991.0;3
21600;BOT_TAKER;BOT_MAKER;VELVETFRUIT_EXTRACT;XIRECS;5276.0;8
21900;BOT_TAKER;BOT_MAKER;VELVETFRUIT_EXTRACT;XIRECS;5275.0;7
22000;BOT_MAKER;BOT_TAKER;HYDROGEL_PACK;XIRECS;9973.0;2
22000;BOT_MAKER;BOT_TAKER;VEV_6000;XIRECS;0.0;4
22100;BOT_TAKER;BOT_MAKER;HYDROGEL_PACK;XIRECS;9992.0;4
22100;BOT_MAKER;BOT_TAKER;VELVETFRUIT_EXTRACT;XIRECS;5271.0;3
22200;BOT_MAKER;BOT_TAKER;VEV_6000;XIRECS;0.0;2
22200;SUBMISSION;BOT_TAKER;HYDROGEL_PACK;XIRECS;9976.0;5
22300;BOT_MAKER;BOT_TAKER;VELVETFRUIT_EXTRACT;XIRECS;5270.0;3
22300;BOT_TAKER;BOT_MAKER;VEV_6500;XIRECS;1.0;4
22400;BOT_MAKER;BOT_TAKER;HYDROGEL_PACK;XIRECS;9981.0;3
22600;SUBMISSION;BOT_TAKER;VEV_4000;XIRECS;1237.0;1
22700;BOT_MAKER;BOT_TAKER;HYDROGEL_PACK;XIRECS;9977.0;5
22700;BOT_TAKER;BOT_MAKER;VELVETFRUIT_EXTRACT;XIRECS;5275.0;5
22700;BOT_MAKER;BOT_TAKER;VELVETFRUIT_EXTRACT;XIRECS;5270.0;11
22700;BOT_MAKER;BOT_TAKER;VEV_5400;XIRECS;17.0;2
22900;BOT_TAKER;BOT_MAKER;HYDROGEL_PACK;XIRECS;9993.0;2
23000;BOT_MAKER;BOT_TAKER;VEV_5500;XIRECS;6.0;2
23200;BOT_TAKER;BOT_MAKER;VEV_5300;XIRECS;40.0;4
23200;BOT_MAKER;BOT_TAKER;VEV_6000;XIRECS;0.0;5
23200;BOT_MAKER;BOT_TAKER;VEV_6000;XIRECS;0.0;5
23300;BOT_TAKER;BOT_MAKER;VELVETFRUIT_EXTRACT;XIRECS;5275.0;6
23500;BOT_TAKER;BOT_MAKER;VELVETFRUIT_EXTRACT;XIRECS;5273.0;8
23500;BOT_TAKER;BOT_MAKER;VEV_6000;XIRECS;1.0;4
23600;BOT_TAKER;BOT_MAKER;VEV_6500;XIRECS;1.0;3
23700;BOT_TAKER;BOT_MAKER;HYDROGEL_PACK;XIRECS;9987.0;4
23700;BOT_MAKER;BOT_TAKER;VEV_4000;XIRECS;1238.0;2
23800;BOT_TAKER;BOT_MAKER;VELVETFRUIT_EXTRACT;XIRECS;5274.0;7
23800;BOT_MAKER;BOT_TAKER;VEV_5500;XIRECS;6.0;2
23900;BOT_TAKER;BOT_MAKER;VEV_6500;XIRECS;1.0;4
24000;BOT_TAKER;SUBMISSION;VELVETFRUIT_EXTRACT;XIRECS;5276.0;5
24000;BOT_TAKER;BOT_MAKER;VELVETFRUIT_EXTRACT;XIRECS;5277.0;1
24200;BOT_TAKER;BOT_MAKER;HYDROGEL_PACK;XIRECS;9997.0;3
24200;BOT_MAKER;BOT_TAKER;VELVETFRUIT_EXTRACT;XIRECS;5271.0;3
24300;BOT_MAKER;BOT_TAKER;VELVETFRUIT_EXTRACT;XIRECS;5272.0;8
24300;BOT_MAKER;BOT_TAKER;VEV_6000;XIRECS;0.0;5
24500;BOT_TAKER;BOT_MAKER;VELVETFRUIT_EXTRACT;XIRECS;5279.0;5
24600;BOT_TAKER;BOT_MAKER;VELVETFRUIT_EXTRACT;XIRECS;5279.0;8
24600;BOT_TAKER;BOT_MAKER;VEV_6000;XIRECS;1.0;3
24700;BOT_MAKER;BOT_TAKER;HYDROGEL_PACK;XIRECS;9985.0;5
24700;BOT_TAKER;BOT_MAKER;VELVETFRUIT_EXTRACT;XIRECS;5281.0;7
25000;BOT_MAKER;BOT_TAKER;VEV_4000;XIRECS;1241.0;1
25100;BOT_MAKER;BOT_TAKER;VEV_4000;XIRECS;1239.0;1
25400;BOT_MAKER;BOT_TAKER;HYDROGEL_PACK;XIRECS;9987.0;4
25800;BOT_MAKER;BOT_TAKER;HYDROGEL_PACK;XIRECS;9985.0;5
25800;BOT_MAKER;BOT_TAKER;VELVETFRUIT_EXTRACT;XIRECS;5276.0;4
25800;BOT_TAKER;BOT_MAKER;VEV_6000;XIRECS;1.0;5
25900;BOT_TAKER;BOT_MAKER;VEV_5300;XIRECS;44.0;5
26000;BOT_MAKER;BOT_TAKER;VEV_6500;XIRECS;0.0;2
26000;BOT_TAKER;SUBMISSION;VELVETFRUIT_EXTRACT;XIRECS;5279.0;5
26000;BOT_TAKER;BOT_MAKER;VELVETFRUIT_EXTRACT;XIRECS;5280.0;6
26100;BOT_TAKER;BOT_MAKER;HYDROGEL_PACK;XIRECS;10007.0;4
26100;BOT_MAKER;BOT_TAKER;VELVETFRUIT_EXTRACT;XIRECS;5275.0;8
26100;BOT_MAKER;BOT_TAKER;VEV_6500;XIRECS;0.0;4
26200;BOT_MAKER;BOT_TAKER;HYDROGEL_PACK;XIRECS;9992.0;5
26200;BOT_MAKER;BOT_TAKER;HYDROGEL_PACK;XIRECS;9992.0;2
26300;BOT_MAKER;BOT_TAKER;VELVETFRUIT_EXTRACT;XIRECS;5275.0;6
26300;BOT_TAKER;BOT_MAKER;VELVETFRUIT_EXTRACT;XIRECS;5280.0;5
26400;BOT_TAKER;BOT_MAKER;VELVETFRUIT_EXTRACT;XIRECS;5279.0;4
26500;BOT_MAKER;BOT_TAKER;VELVETFRUIT_EXTRACT;XIRECS;5273.0;6
26500;BOT_TAKER;BOT_MAKER;VELVETFRUIT_EXTRACT;XIRECS;5279.0;5
26600;BOT_MAKER;BOT_TAKER;VELVETFRUIT_EXTRACT;XIRECS;5273.0;7
26700;BOT_MAKER;BOT_TAKER;HYDROGEL_PACK;XIRECS;9986.0;4
26900;BOT_TAKER;BOT_MAKER;VELVETFRUIT_EXTRACT;XIRECS;5278.0;6
27000;SUBMISSION;BOT_TAKER;VELVETFRUIT_EXTRACT;XIRECS;5275.0;5
27100;BOT_TAKER;BOT_MAKER;HYDROGEL_PACK;XIRECS;10004.0;6
27100;BOT_MAKER;BOT_TAKER;HYDROGEL_PACK;XIRECS;9988.0;2
27100;BOT_TAKER;BOT_MAKER;VEV_4000;XIRECS;1263.0;3
27100;SUBMISSION;BOT_TAKER;VELVETFRUIT_EXTRACT;XIRECS;5275.0;5
27100;BOT_MAKER;BOT_TAKER;VELVETFRUIT_EXTRACT;XIRECS;5274.0;1
27200;BOT_MAKER;BOT_TAKER;VELVETFRUIT_EXTRACT;XIRECS;5275.0;5
27200;BOT_TAKER;BOT_MAKER;VEV_4000;XIRECS;1262.0;2
27200;BOT_TAKER;BOT_MAKER;VEV_5500;XIRECS;7.0;5
27300;BOT_TAKER;SUBMISSION;HYDROGEL_PACK;XIRECS;10005.0;3
27500;BOT_MAKER;BOT_TAKER;HYDROGEL_PACK;XIRECS;9993.0;3
27500;BOT_TAKER;BOT_MAKER;VELVETFRUIT_EXTRACT;XIRECS;5279.0;7
27600;BOT_MAKER;BOT_TAKER;HYDROGEL_PACK;XIRECS;9993.0;6
27600;BOT_MAKER;BOT_TAKER;VEV_4000;XIRECS;1242.0;2
27900;BOT_MAKER;BOT_TAKER;HYDROGEL_PACK;XIRECS;9998.0;6
27900;BOT_MAKER;BOT_TAKER;VEV_6500;XIRECS;0.0;3
27900;SUBMISSION;BOT_TAKER;HYDROGEL_PACK;XIRECS;9999.0;3
27900;BOT_TAKER;SUBMISSION;VEV_5300;XIRECS;42.0;3
28000;BOT_MAKER;BOT_TAKER;HYDROGEL_PACK;XIRECS;9998.0;6
28000;SUBMISSION;BOT_TAKER;HYDROGEL_PACK;XIRECS;9999.0;3
28000;BOT_TAKER;SUBMISSION;VELVETFRUIT_EXTRACT;XIRECS;5279.0;5
28000;BOT_TAKER;BOT_MAKER;VELVETFRUIT_EXTRACT;XIRECS;5280.0;9
28100;BOT_MAKER;BOT_TAKER;HYDROGEL_PACK;XIRECS;9998.0;6
28300;BOT_MAKER;BOT_TAKER;VEV_6500;XIRECS;0.0;3
28400;BOT_TAKER;BOT_MAKER;VEV_4000;XIRECS;1267.0;1
28600;BOT_MAKER;BOT_TAKER;VELVETFRUIT_EXTRACT;XIRECS;5279.0;6
28800;BOT_MAKER;BOT_TAKER;VELVETFRUIT_EXTRACT;XIRECS;5279.0;7
28800;BOT_TAKER;BOT_MAKER;VEV_4000;XIRECS;1267.0;2
28900;BOT_MAKER;BOT_TAKER;VEV_6000;XIRECS;0.0;2
28900;BOT_TAKER;BOT_MAKER;VEV_6000;XIRECS;1.0;5
29100;BOT_MAKER;BOT_TAKER;VEV_4000;XIRECS;1245.0;1
29300;BOT_TAKER;BOT_MAKER;VELVETFRUIT_EXTRACT;XIRECS;5286.0;8
29300;SUBMISSION;BOT_TAKER;HYDROGEL_PACK;XIRECS;9999.0;5
29300;BOT_MAKER;BOT_TAKER;HYDROGEL_PACK;XIRECS;9998.0;1
29400;BOT_MAKER;BOT_TAKER;HYDROGEL_PACK;XIRECS;9999.0;3
29400;BOT_TAKER;BOT_MAKER;VELVETFRUIT_EXTRACT;XIRECS;5286.0;4
29500;BOT_TAKER;BOT_MAKER;VELVETFRUIT_EXTRACT;XIRECS;5288.0;7
29600;BOT_TAKER;BOT_MAKER;HYDROGEL_PACK;XIRECS;10012.0;5
29700;BOT_MAKER;BOT_TAKER;VELVETFRUIT_EXTRACT;XIRECS;5282.0;9
29800;BOT_MAKER;BOT_TAKER;VELVETFRUIT_EXTRACT;XIRECS;5283.0;6
29800;BOT_TAKER;BOT_MAKER;VEV_6500;XIRECS;1.0;5
29900;BOT_MAKER;BOT_TAKER;VEV_5400;XIRECS;15.0;4
29900;BOT_MAKER;BOT_TAKER;VEV_6500;XIRECS;0.0;2
30000;BOT_TAKER;BOT_MAKER;VELVETFRUIT_EXTRACT;XIRECS;5288.0;8
30000;BOT_TAKER;BOT_MAKER;VEV_5500;XIRECS;7.0;5
30100;BOT_MAKER;BOT_TAKER;VEV_5500;XIRECS;6.0;5
30200;BOT_TAKER;BOT_MAKER;HYDROGEL_PACK;XIRECS;10014.0;6
30200;BOT_TAKER;BOT_MAKER;VELVETFRUIT_EXTRACT;XIRECS;5287.0;6
30300;BOT_TAKER;BOT_MAKER;VEV_6500;XIRECS;1.0;5
30400;BOT_MAKER;BOT_TAKER;HYDROGEL_PACK;XIRECS;9996.0;4
30400;BOT_MAKER;BOT_TAKER;VELVETFRUIT_EXTRACT;XIRECS;5281.0;5
30400;BOT_TAKER;BOT_MAKER;VEV_6500;XIRECS;1.0;2
30400;BOT_TAKER;SUBMISSION;VELVETFRUIT_EXTRACT;XIRECS;5286.0;5
30400;BOT_TAKER;BOT_MAKER;VELVETFRUIT_EXTRACT;XIRECS;5287.0;2
30500;BOT_TAKER;BOT_MAKER;VELVETFRUIT_EXTRACT;XIRECS;5286.0;8
30700;BOT_TAKER;BOT_MAKER;HYDROGEL_PACK;XIRECS;10010.0;6
30800;BOT_MAKER;BOT_TAKER;VELVETFRUIT_EXTRACT;XIRECS;5281.0;4
30900;BOT_MAKER;BOT_TAKER;VELVETFRUIT_EXTRACT;XIRECS;5281.0;3
31000;BOT_TAKER;BOT_MAKER;HYDROGEL_PACK;XIRECS;10006.0;6
31100;SUBMISSION;BOT_TAKER;VELVETFRUIT_EXTRACT;XIRECS;5283.0;5
31200;BOT_TAKER;BOT_MAKER;VELVETFRUIT_EXTRACT;XIRECS;5285.0;6
31500;BOT_MAKER;BOT_TAKER;HYDROGEL_PACK;XIRECS;9990.0;2
31500;BOT_MAKER;BOT_TAKER;VEV_5500;XIRECS;6.0;2
31700;SUBMISSION;BOT_TAKER;VELVETFRUIT_EXTRACT;XIRECS;5281.0;5
31700;BOT_MAKER;BOT_TAKER;VELVETFRUIT_EXTRACT;XIRECS;5280.0;3
31800;SUBMISSION;BOT_TAKER;HYDROGEL_PACK;XIRECS;9993.0;5
31900;BOT_TAKER;BOT_MAKER;VEV_4000;XIRECS;1264.0;1
32000;BOT_MAKER;BOT_TAKER;HYDROGEL_PACK;XIRECS;9988.0;4
32000;BOT_MAKER;BOT_TAKER;VELVETFRUIT_EXTRACT;XIRECS;5281.0;6
32000;BOT_MAKER;BOT_TAKER;VEV_5500;XIRECS;6.0;2
32100;BOT_MAKER;BOT_TAKER;VELVETFRUIT_EXTRACT;XIRECS;5281.0;4
32100;BOT_TAKER;BOT_MAKER;VEV_4000;XIRECS;1264.0;2
32100;BOT_MAKER;BOT_TAKER;VEV_6000;XIRECS;0.0;3
32300;BOT_TAKER;BOT_MAKER;VELVETFRUIT_EXTRACT;XIRECS;5286.0;6
32300;BOT_MAKER;BOT_TAKER;VEV_4000;XIRECS;1245.0;1
32300;BOT_TAKER;SUBMISSION;VELVETFRUIT_EXTRACT;XIRECS;5285.0;5
32400;BOT_TAKER;BOT_MAKER;VELVETFRUIT_EXTRACT;XIRECS;5287.0;15
32400;SUBMISSION;BOT_TAKER;HYDROGEL_PACK;XIRECS;9992.0;3
32400;SUBMISSION;BOT_TAKER;VEV_4000;XIRECS;1246.0;2
32600;BOT_TAKER;BOT_MAKER;HYDROGEL_PACK;XIRECS;10005.0;2
32600;BOT_TAKER;BOT_MAKER;VELVETFRUIT_EXTRACT;XIRECS;5287.0;3
32700;BOT_TAKER;BOT_MAKER;VELVETFRUIT_EXTRACT;XIRECS;5286.0;6
32700;BOT_MAKER;BOT_TAKER;VEV_6000;XIRECS;0.0;4
32800;BOT_TAKER;BOT_MAKER;VELVETFRUIT_EXTRACT;XIRECS;5285.0;3
32800;BOT_TAKER;BOT_MAKER;VEV_6000;XIRECS;1.0;4
32800;BOT_TAKER;BOT_MAKER;VEV_6500;XIRECS;1.0;4
33000;BOT_TAKER;BOT_MAKER;HYDROGEL_PACK;XIRECS;10003.0;3
33000;BOT_MAKER;BOT_TAKER;VELVETFRUIT_EXTRACT;XIRECS;5282.0;10
33000;BOT_MAKER;BOT_TAKER;VEV_4000;XIRECS;1249.0;3
33200;BOT_MAKER;BOT_TAKER;HYDROGEL_PACK;XIRECS;9989.0;4
33200;BOT_TAKER;BOT_MAKER;VEV_5500;XIRECS;7.0;3
33300;BOT_MAKER;BOT_TAKER;HYDROGEL_PACK;XIRECS;9989.0;5
33300;BOT_MAKER;BOT_TAKER;VELVETFRUIT_EXTRACT;XIRECS;5286.0;5
33400;BOT_MAKER;BOT_TAKER;HYDROGEL_PACK;XIRECS;9991.0;5
33400;BOT_TAKER;SUBMISSION;HYDROGEL_PACK;XIRECS;10006.0;5
33500;BOT_MAKER;BOT_TAKER;HYDROGEL_PACK;XIRECS;9990.0;5
33500;BOT_MAKER;BOT_TAKER;VEV_4000;XIRECS;1251.0;1
33500;BOT_TAKER;SUBMISSION;HYDROGEL_PACK;XIRECS;10005.0;3
33500;BOT_TAKER;SUBMISSION;VELVETFRUIT_EXTRACT;XIRECS;5289.0;4
33600;BOT_TAKER;BOT_MAKER;HYDROGEL_PACK;XIRECS;10007.0;6
33700;BOT_TAKER;BOT_MAKER;HYDROGEL_PACK;XIRECS;10009.0;2
33700;BOT_MAKER;BOT_TAKER;VELVETFRUIT_EXTRACT;XIRECS;5285.0;7
33700;BOT_MAKER;BOT_TAKER;VEV_6500;XIRECS;0.0;4
33700;BOT_TAKER;BOT_MAKER;VEV_6500;XIRECS;1.0;5
33800;BOT_MAKER;BOT_TAKER;VELVETFRUIT_EXTRACT;XIRECS;5284.0;4
33900;BOT_TAKER;BOT_MAKER;VEV_6000;XIRECS;1.0;5
34000;BOT_TAKER;BOT_MAKER;HYDROGEL_PACK;XIRECS;10006.0;5
34000;BOT_MAKER;BOT_TAKER;VELVETFRUIT_EXTRACT;XIRECS;5283.0;4
34200;BOT_TAKER;BOT_MAKER;HYDROGEL_PACK;XIRECS;10005.0;2
34200;BOT_MAKER;BOT_TAKER;VELVETFRUIT_EXTRACT;XIRECS;5284.0;8
34200;BOT_TAKER;SUBMISSION;VEV_4000;XIRECS;1274.0;3
34300;BOT_MAKER;BOT_TAKER;HYDROGEL_PACK;XIRECS;9988.0;5
34300;BOT_MAKER;BOT_TAKER;VEV_5400;XIRECS;16.0;5
34300;SUBMISSION;BOT_TAKER;VELVETFRUIT_EXTRACT;XIRECS;5285.0;4
34400;BOT_TAKER;BOT_MAKER;VELVETFRUIT_EXTRACT;XIRECS;5290.0;3
34400;BOT_MAKER;BOT_TAKER;VEV_5300;XIRECS;38.0;5
34500;BOT_TAKER;BOT_MAKER;HYDROGEL_PACK;XIRECS;10005.0;2
34500;BOT_TAKER;BOT_MAKER;VEV_6500;XIRECS;1.0;2
34600;BOT_MAKER;BOT_TAKER;HYDROGEL_PACK;XIRECS;9991.0;5
34600;BOT_MAKER;BOT_TAKER;VELVETFRUIT_EXTRACT;XIRECS;5283.0;8
34600;BOT_MAKER;BOT_TAKER;VEV_4000;XIRECS;1256.0;2
34600;BOT_TAKER;SUBMISSION;VELVETFRUIT_EXTRACT;XIRECS;5288.0;5
34600;BOT_TAKER;BOT_MAKER;VELVETFRUIT_EXTRACT;XIRECS;5289.0;5
34700;BOT_MAKER;BOT_TAKER;HYDROGEL_PACK;XIRECS;9990.0;3
34700;BOT_TAKER;BOT_MAKER;VELVETFRUIT_EXTRACT;XIRECS;5287.0;11
34700;SUBMISSION;BOT_TAKER;HYDROGEL_PACK;XIRECS;9991.0;5
34800;BOT_MAKER;BOT_TAKER;VELVETFRUIT_EXTRACT;XIRECS;5281.0;3
34800;BOT_MAKER;BOT_TAKER;VEV_5400;XIRECS;16.0;2
34900;BOT_TAKER;BOT_MAKER;VEV_6500;XIRECS;1.0;2
35000;BOT_TAKER;BOT_MAKER;VEV_6500;XIRECS;1.0;4
35100;BOT_MAKER;BOT_TAKER;HYDROGEL_PACK;XIRECS;9990.0;5
35100;BOT_MAKER;BOT_TAKER;VELVETFRUIT_EXTRACT;XIRECS;5283.0;12
35200;BOT_MAKER;BOT_TAKER;VEV_5400;XIRECS;16.0;2
35200;BOT_MAKER;BOT_TAKER;VEV_6500;XIRECS;0.0;5
35300;BOT_TAKER;BOT_MAKER;HYDROGEL_PACK;XIRECS;10007.0;2
35300;BOT_MAKER;BOT_TAKER;VEV_5400;XIRECS;16.0;4
35500;BOT_TAKER;BOT_MAKER;VELVETFRUIT_EXTRACT;XIRECS;5288.0;8
35500;SUBMISSION;BOT_TAKER;HYDROGEL_PACK;XIRECS;9996.0;2
35600;BOT_TAKER;BOT_MAKER;VEV_5500;XIRECS;7.0;2
35800;BOT_TAKER;BOT_MAKER;VEV_5500;XIRECS;7.0;3
35900;BOT_MAKER;BOT_TAKER;HYDROGEL_PACK;XIRECS;10002.0;6
35900;BOT_MAKER;BOT_TAKER;VEV_4000;XIRECS;1258.0;1
35900;BOT_TAKER;BOT_MAKER;VEV_5500;XIRECS;7.0;3
36100;BOT_MAKER;BOT_TAKER;VEV_5400;XIRECS;16.0;5
36200;BOT_TAKER;BOT_MAKER;HYDROGEL_PACK;XIRECS;10019.0;4
36200;BOT_MAKER;BOT_TAKER;VEV_6000;XIRECS;0.0;5
36300;BOT_TAKER;BOT_MAKER;HYDROGEL_PACK;XIRECS;10019.0;2
36300;BOT_TAKER;SUBMISSION;HYDROGEL_PACK;XIRECS;10018.0;5
36400;BOT_TAKER;BOT_MAKER;HYDROGEL_PACK;XIRECS;10017.0;6
36400;BOT_TAKER;BOT_MAKER;HYDROGEL_PACK;XIRECS;10017.0;5
36400;BOT_MAKER;BOT_TAKER;VELVETFRUIT_EXTRACT;XIRECS;5280.0;4
36500;BOT_MAKER;BOT_TAKER;HYDROGEL_PACK;XIRECS;10001.0;2
36500;BOT_TAKER;BOT_MAKER;VELVETFRUIT_EXTRACT;XIRECS;5284.0;5
36600;BOT_MAKER;BOT_TAKER;VEV_4000;XIRECS;1260.0;2
36800;BOT_MAKER;BOT_TAKER;HYDROGEL_PACK;XIRECS;9997.0;3
36800;BOT_TAKER;BOT_MAKER;VEV_5400;XIRECS;17.0;5
36800;BOT_MAKER;BOT_TAKER;VEV_6000;XIRECS;0.0;2
36900;BOT_TAKER;BOT_MAKER;VELVETFRUIT_EXTRACT;XIRECS;5283.0;3
36900;BOT_TAKER;SUBMISSION;VELVETFRUIT_EXTRACT;XIRECS;5282.0;5
36900;BOT_TAKER;BOT_MAKER;VELVETFRUIT_EXTRACT;XIRECS;5283.0;1
37000;BOT_MAKER;BOT_TAKER;VELVETFRUIT_EXTRACT;XIRECS;5278.0;3
37000;BOT_TAKER;BOT_MAKER;VELVETFRUIT_EXTRACT;XIRECS;5284.0;3
37000;BOT_MAKER;BOT_TAKER;VEV_6500;XIRECS;0.0;2
37100;BOT_TAKER;BOT_MAKER;VELVETFRUIT_EXTRACT;XIRECS;5284.0;11
37200;BOT_TAKER;BOT_MAKER;HYDROGEL_PACK;XIRECS;10013.0;3
37200;BOT_TAKER;BOT_MAKER;VEV_4000;XIRECS;1279.0;2
37300;BOT_MAKER;BOT_TAKER;VELVETFRUIT_EXTRACT;XIRECS;5278.0;8
37300;BOT_TAKER;BOT_MAKER;VEV_6000;XIRECS;1.0;5
37500;BOT_MAKER;BOT_TAKER;HYDROGEL_PACK;XIRECS;10001.0;2
37500;BOT_TAKER;BOT_MAKER;VELVETFRUIT_EXTRACT;XIRECS;5283.0;7
37600;BOT_TAKER;BOT_MAKER;VELVETFRUIT_EXTRACT;XIRECS;5282.0;7
37700;BOT_MAKER;BOT_TAKER;VELVETFRUIT_EXTRACT;XIRECS;5277.0;7
37800;BOT_MAKER;BOT_TAKER;VELVETFRUIT_EXTRACT;XIRECS;5276.0;6
37800;BOT_TAKER;BOT_MAKER;VEV_6000;XIRECS;1.0;4
37900;SUBMISSION;BOT_TAKER;VELVETFRUIT_EXTRACT;XIRECS;5277.0;5
38000;BOT_MAKER;BOT_TAKER;HYDROGEL_PACK;XIRECS;10000.0;2
38100;BOT_TAKER;BOT_MAKER;VELVETFRUIT_EXTRACT;XIRECS;5278.0;5
38100;BOT_MAKER;BOT_TAKER;VEV_5400;XIRECS;16.0;5
38200;BOT_MAKER;BOT_TAKER;VEV_6500;XIRECS;0.0;3
38300;SUBMISSION;BOT_TAKER;VELVETFRUIT_EXTRACT;XIRECS;5272.0;3
38400;BOT_TAKER;BOT_MAKER;HYDROGEL_PACK;XIRECS;10013.0;3
38400;BOT_MAKER;BOT_TAKER;VEV_4000;XIRECS;1258.0;3
38400;BOT_MAKER;BOT_TAKER;VEV_5400;XIRECS;17.0;5
38500;BOT_TAKER;BOT_MAKER;VELVETFRUIT_EXTRACT;XIRECS;5276.0;3
38600;BOT_TAKER;BOT_MAKER;VEV_4000;XIRECS;1278.0;2
38800;BOT_MAKER;BOT_TAKER;HYDROGEL_PACK;XIRECS;9998.0;3
38800;SUBMISSION;BOT_TAKER;VELVETFRUIT_EXTRACT;XIRECS;5271.0;5
38900;BOT_TAKER;BOT_MAKER;HYDROGEL_PACK;XIRECS;10013.0;4
38900;BOT_MAKER;BOT_TAKER;VELVETFRUIT_EXTRACT;XIRECS;5273.0;8
39000;BOT_MAKER;BOT_TAKER;VEV_5400;XIRECS;17.0;4
39000;BOT_TAKER;BOT_MAKER;VEV_6000;XIRECS;1.0;2
39100;BOT_MAKER;BOT_TAKER;HYDROGEL_PACK;XIRECS;9997.0;2
39100;BOT_MAKER;BOT_TAKER;VELVETFRUIT_EXTRACT;XIRECS;5272.0;6
39200;BOT_MAKER;BOT_TAKER;VELVETFRUIT_EXTRACT;XIRECS;5270.0;5
39200;BOT_TAKER;BOT_MAKER;VEV_5400;XIRECS;19.0;3
39300;BOT_TAKER;BOT_MAKER;HYDROGEL_PACK;XIRECS;10011.0;3
39300;BOT_TAKER;BOT_MAKER;VELVETFRUIT_EXTRACT;XIRECS;5277.0;7
39300;BOT_TAKER;SUBMISSION;VELVETFRUIT_EXTRACT;XIRECS;5276.0;5
39300;BOT_TAKER;BOT_MAKER;VELVETFRUIT_EXTRACT;XIRECS;5277.0;2
39400;BOT_MAKER;BOT_TAKER;VELVETFRUIT_EXTRACT;XIRECS;5271.0;8
39400;BOT_MAKER;BOT_TAKER;VEV_6500;XIRECS;0.0;4
39700;BOT_TAKER;BOT_MAKER;VELVETFRUIT_EXTRACT;XIRECS;5274.0;7
39700;BOT_MAKER;BOT_TAKER;VEV_6000;XIRECS;0.0;3
39800;BOT_TAKER;BOT_MAKER;HYDROGEL_PACK;XIRECS;10003.0;4
39900;BOT_TAKER;BOT_MAKER;VELVETFRUIT_EXTRACT;XIRECS;5276.0;7
40000;BOT_MAKER;BOT_TAKER;HYDROGEL_PACK;XIRECS;9987.0;6
40000;BOT_MAKER;BOT_TAKER;VELVETFRUIT_EXTRACT;XIRECS;5269.0;4
40100;BOT_TAKER;BOT_MAKER;VELVETFRUIT_EXTRACT;XIRECS;5274.0;14
40200;BOT_MAKER;BOT_TAKER;HYDROGEL_PACK;XIRECS;9986.0;6
40200;BOT_TAKER;BOT_MAKER;VELVETFRUIT_EXTRACT;XIRECS;5273.0;6
40200;BOT_TAKER;BOT_MAKER;VEV_6500;XIRECS;1.0;5
40300;BOT_MAKER;BOT_TAKER;HYDROGEL_PACK;XIRECS;9985.0;4
40300;BOT_MAKER;BOT_TAKER;VELVETFRUIT_EXTRACT;XIRECS;5266.0;5
40300;BOT_MAKER;BOT_TAKER;VEV_5300;XIRECS;42.0;2
40300;BOT_MAKER;BOT_TAKER;VEV_5500;XIRECS;6.0;3
40300;BOT_TAKER;SUBMISSION;VELVETFRUIT_EXTRACT;XIRECS;5270.0;3
40400;BOT_TAKER;BOT_MAKER;HYDROGEL_PACK;XIRECS;10001.0;2
40400;BOT_MAKER;BOT_TAKER;VELVETFRUIT_EXTRACT;XIRECS;5266.0;4
40400;BOT_TAKER;BOT_MAKER;VELVETFRUIT_EXTRACT;XIRECS;5272.0;4
40500;BOT_TAKER;BOT_MAKER;VELVETFRUIT_EXTRACT;XIRECS;5271.0;7
40500;SUBMISSION;BOT_TAKER;HYDROGEL_PACK;XIRECS;9988.0;5
40500;BOT_MAKER;BOT_TAKER;HYDROGEL_PACK;XIRECS;9987.0;1
40600;BOT_TAKER;BOT_MAKER;VEV_5500;XIRECS;7.0;2
40800;BOT_MAKER;BOT_TAKER;VELVETFRUIT_EXTRACT;XIRECS;5266.0;7
40900;BOT_MAKER;BOT_TAKER;VEV_6000;XIRECS;0.0;4
41000;BOT_TAKER;BOT_MAKER;HYDROGEL_PACK;XIRECS;10000.0;6
41000;BOT_MAKER;BOT_TAKER;VELVETFRUIT_EXTRACT;XIRECS;5265.0;5
41000;BOT_TAKER;SUBMISSION;VELVETFRUIT_EXTRACT;XIRECS;5269.0;4
41100;BOT_TAKER;BOT_MAKER;VEV_4000;XIRECS;1271.0;1
41200;BOT_MAKER;BOT_TAKER;VEV_5500;XIRECS;6.0;4
41200;BOT_MAKER;BOT_TAKER;VEV_6500;XIRECS;0.0;3
41200;SUBMISSION;BOT_TAKER;HYDROGEL_PACK;XIRECS;9983.0;5
41300;BOT_MAKER;BOT_TAKER;HYDROGEL_PACK;XIRECS;9982.0;6
41400;BOT_TAKER;BOT_MAKER;HYDROGEL_PACK;XIRECS;9999.0;2
41400;BOT_TAKER;BOT_MAKER;VELVETFRUIT_EXTRACT;XIRECS;5272.0;7
41400;BOT_TAKER;BOT_MAKER;VEV_5500;XIRECS;7.0;3
41500;BOT_MAKER;BOT_TAKER;VEV_4000;XIRECS;1250.0;3
41600;BOT_MAKER;BOT_TAKER;HYDROGEL_PACK;XIRECS;9984.0;2
41900;BOT_MAKER;BOT_TAKER;VELVETFRUIT_EXTRACT;XIRECS;5265.0;7
41900;BOT_TAKER;BOT_MAKER;VEV_5500;XIRECS;7.0;4
42100;BOT_TAKER;BOT_MAKER;HYDROGEL_PACK;XIRECS;9998.0;6
42100;BOT_TAKER;BOT_MAKER;VELVETFRUIT_EXTRACT;XIRECS;5272.0;8
42100;BOT_TAKER;BOT_MAKER;VEV_5400;XIRECS;16.0;4
42200;BOT_TAKER;BOT_MAKER;HYDROGEL_PACK;XIRECS;9994.0;5
42200;BOT_MAKER;BOT_TAKER;VEV_5300;XIRECS;41.0;2
42200;BOT_MAKER;BOT_TAKER;VEV_5500;XIRECS;6.0;4
42200;SUBMISSION;BOT_TAKER;VELVETFRUIT_EXTRACT;XIRECS;5266.0;5
42200;BOT_MAKER;BOT_TAKER;VELVETFRUIT_EXTRACT;XIRECS;5265.0;1
42300;BOT_MAKER;BOT_TAKER;HYDROGEL_PACK;XIRECS;9979.0;6
42300;BOT_MAKER;BOT_TAKER;VELVETFRUIT_EXTRACT;XIRECS;5265.0;7
42400;BOT_TAKER;BOT_MAKER;VEV_4000;XIRECS;1270.0;3
42500;BOT_TAKER;BOT_MAKER;VELVETFRUIT_EXTRACT;XIRECS;5269.0;5
42600;BOT_TAKER;BOT_MAKER;VELVETFRUIT_EXTRACT;XIRECS;5269.0;8
42700;BOT_MAKER;BOT_TAKER;VEV_5300;XIRECS;41.0;4
42900;BOT_MAKER;BOT_TAKER;VELVETFRUIT_EXTRACT;XIRECS;5266.0;5
43000;BOT_MAKER;BOT_TAKER;VEV_4000;XIRECS;1246.0;3
43100;BOT_TAKER;BOT_MAKER;HYDROGEL_PACK;XIRECS;9997.0;5
43100;BOT_TAKER;BOT_MAKER;VELVETFRUIT_EXTRACT;XIRECS;5273.0;6
43100;BOT_TAKER;BOT_MAKER;VELVETFRUIT_EXTRACT;XIRECS;5273.0;3
43100;BOT_TAKER;SUBMISSION;VELVETFRUIT_EXTRACT;XIRECS;5272.0;5
43200;BOT_MAKER;BOT_TAKER;HYDROGEL_PACK;XIRECS;9983.0;3
43200;BOT_MAKER;BOT_TAKER;VELVETFRUIT_EXTRACT;XIRECS;5268.0;3
43300;BOT_MAKER;BOT_TAKER;VEV_5400;XIRECS;16.0;4
43400;BOT_MAKER;BOT_TAKER;VELVETFRUIT_EXTRACT;XIRECS;5267.0;4
43400;BOT_TAKER;BOT_MAKER;VEV_5500;XIRECS;7.0;2
43500;BOT_MAKER;BOT_TAKER;VEV_5300;XIRECS;41.0;5
43500;BOT_MAKER;BOT_TAKER;VEV_5500;XIRECS;6.0;3
43600;BOT_TAKER;BOT_MAKER;VELVETFRUIT_EXTRACT;XIRECS;5272.0;5
43700;BOT_MAKER;BOT_TAKER;HYDROGEL_PACK;XIRECS;9978.0;6
43700;BOT_TAKER;BOT_MAKER;VELVETFRUIT_EXTRACT;XIRECS;5272.0;10
43700;BOT_MAKER;BOT_TAKER;VEV_4000;XIRECS;1245.0;1
43900;BOT_TAKER;BOT_MAKER;HYDROGEL_PACK;XIRECS;9992.0;3
43900;BOT_MAKER;BOT_TAKER;VEV_4000;XIRECS;1246.0;1
43900;BOT_MAKER;BOT_TAKER;VEV_6500;XIRECS;0.0;2
44000;BOT_MAKER;BOT_TAKER;HYDROGEL_PACK;XIRECS;9976.0;6
44100;BOT_MAKER;BOT_TAKER;VELVETFRUIT_EXTRACT;XIRECS;5266.0;5
44100;BOT_TAKER;BOT_MAKER;VEV_4000;XIRECS;1265.0;1
44100;BOT_TAKER;SUBMISSION;VELVETFRUIT_EXTRACT;XIRECS;5271.0;5
44100;BOT_TAKER;BOT_MAKER;VELVETFRUIT_EXTRACT;XIRECS;5272.0;2
44200;BOT_TAKER;BOT_MAKER;VEV_5400;XIRECS;16.0;5
44200;BOT_TAKER;SUBMISSION;VELVETFRUIT_EXTRACT;XIRECS;5271.0;5
44200;BOT_TAKER;BOT_MAKER;VELVETFRUIT_EXTRACT;XIRECS;5272.0;3
44300;BOT_TAKER;BOT_MAKER;HYDROGEL_PACK;XIRECS;9989.0;5
44300;BOT_TAKER;BOT_MAKER;VELVETFRUIT_EXTRACT;XIRECS;5272.0;4
44300;BOT_MAKER;BOT_TAKER;VELVETFRUIT_EXTRACT;XIRECS;5266.0;3
44600;BOT_TAKER;BOT_MAKER;HYDROGEL_PACK;XIRECS;9988.0;2
44600;BOT_TAKER;BOT_MAKER;VELVETFRUIT_EXTRACT;XIRECS;5273.0;4
44700;BOT_TAKER;BOT_MAKER;HYDROGEL_PACK;XIRECS;9985.0;3
44700;BOT_TAKER;BOT_MAKER;VEV_4000;XIRECS;1261.0;3
44700;BOT_TAKER;SUBMISSION;HYDROGEL_PACK;XIRECS;9984.0;4
44900;BOT_TAKER;BOT_MAKER;HYDROGEL_PACK;XIRECS;9981.0;2
45000;BOT_MAKER;BOT_TAKER;VELVETFRUIT_EXTRACT;XIRECS;5267.0;4
45200;BOT_TAKER;BOT_MAKER;VEV_6000;XIRECS;1.0;5
45200;SUBMISSION;BOT_TAKER;HYDROGEL_PACK;XIRECS;9964.0;2
45300;BOT_MAKER;BOT_TAKER;VELVETFRUIT_EXTRACT;XIRECS;5264.0;3
45400;BOT_TAKER;BOT_MAKER;HYDROGEL_PACK;XIRECS;9979.0;3
45400;BOT_MAKER;BOT_TAKER;VELVETFRUIT_EXTRACT;XIRECS;5266.0;4
45500;BOT_TAKER;BOT_MAKER;HYDROGEL_PACK;XIRECS;9977.0;6
45500;BOT_TAKER;BOT_MAKER;VELVETFRUIT_EXTRACT;XIRECS;5270.0;5
45500;BOT_TAKER;BOT_MAKER;VEV_4000;XIRECS;1261.0;2
45500;BOT_MAKER;BOT_TAKER;VEV_6000;XIRECS;0.0;2
45600;BOT_TAKER;BOT_MAKER;VEV_5400;XIRECS;17.0;3
45700;BOT_TAKER;BOT_MAKER;HYDROGEL_PACK;XIRECS;9974.0;4
45700;BOT_TAKER;BOT_MAKER;VELVETFRUIT_EXTRACT;XIRECS;5269.0;8
45900;BOT_TAKER;BOT_MAKER;VEV_5300;XIRECS;46.0;4
45900;BOT_TAKER;BOT_MAKER;VEV_5400;XIRECS;17.0;5
46000;BOT_TAKER;BOT_MAKER;VELVETFRUIT_EXTRACT;XIRECS;5265.0;6
46100;SUBMISSION;BOT_TAKER;VEV_4000;XIRECS;1239.0;3
46200;BOT_MAKER;BOT_TAKER;VELVETFRUIT_EXTRACT;XIRECS;5258.0;4
46300;BOT_MAKER;BOT_TAKER;VELVETFRUIT_EXTRACT;XIRECS;5261.0;7
46400;BOT_MAKER;BOT_TAKER;VELVETFRUIT_EXTRACT;XIRECS;5262.0;4
46500;BOT_TAKER;BOT_MAKER;VELVETFRUIT_EXTRACT;XIRECS;5269.0;6
46500;BOT_TAKER;BOT_MAKER;VEV_4000;XIRECS;1260.0;1
46600;BOT_TAKER;BOT_MAKER;VELVETFRUIT_EXTRACT;XIRECS;5270.0;3
46600;BOT_MAKER;BOT_TAKER;VEV_5500;XIRECS;6.0;4
46600;BOT_TAKER;SUBMISSION;VELVETFRUIT_EXTRACT;XIRECS;5269.0;3
46700;BOT_TAKER;BOT_MAKER;VEV_6000;XIRECS;1.0;2
46800;BOT_TAKER;BOT_MAKER;HYDROGEL_PACK;XIRECS;9967.0;4
46800;BOT_MAKER;BOT_TAKER;VELVETFRUIT_EXTRACT;XIRECS;5261.0;7
46800;BOT_TAKER;BOT_MAKER;VEV_6500;XIRECS;1.0;3
46900;BOT_MAKER;BOT_TAKER;VEV_5200;XIRECS;104.0;2
46900;SUBMISSION;BOT_TAKER;VELVETFRUIT_EXTRACT;XIRECS;5263.0;5
46900;BOT_MAKER;BOT_TAKER;VELVETFRUIT_EXTRACT;XIRECS;5262.0;2
47000;BOT_MAKER;BOT_TAKER;VEV_5400;XIRECS;16.0;3
47100;BOT_MAKER;BOT_TAKER;HYDROGEL_PACK;XIRECS;9952.0;2
47100;BOT_MAKER;BOT_TAKER;HYDROGEL_PACK;XIRECS;9952.0;4
47400;BOT_MAKER;BOT_TAKER;HYDROGEL_PACK;XIRECS;9948.0;4
47400;BOT_TAKER;BOT_MAKER;VELVETFRUIT_EXTRACT;XIRECS;5266.0;5
47400;BOT_TAKER;BOT_MAKER;VEV_5500;XIRECS;7.0;4
47500;BOT_MAKER;BOT_TAKER;VELVETFRUIT_EXTRACT;XIRECS;5261.0;6
47500;BOT_MAKER;BOT_TAKER;VEV_6000;XIRECS;0.0;5
47600;BOT_MAKER;BOT_TAKER;VELVETFRUIT_EXTRACT;XIRECS;5260.0;7
47800;BOT_TAKER;BOT_MAKER;VELVETFRUIT_EXTRACT;XIRECS;5266.0;8
47800;BOT_MAKER;BOT_TAKER;VELVETFRUIT_EXTRACT;XIRECS;5261.0;10
47900;BOT_MAKER;BOT_TAKER;VEV_4000;XIRECS;1236.0;1
47900;BOT_TAKER;BOT_MAKER;VEV_6000;XIRECS;1.0;5
48000;BOT_TAKER;BOT_MAKER;VELVETFRUIT_EXTRACT;XIRECS;5268.0;4
48000;BOT_MAKER;BOT_TAKER;VEV_5300;XIRECS;44.0;2
48100;BOT_TAKER;BOT_MAKER;VELVETFRUIT_EXTRACT;XIRECS;5268.0;3
48200;BOT_TAKER;BOT_MAKER;HYDROGEL_PACK;XIRECS;9964.0;3
48200;BOT_MAKER;BOT_TAKER;VELVETFRUIT_EXTRACT;XIRECS;5261.0;5
48300;BOT_TAKER;BOT_MAKER;VELVETFRUIT_EXTRACT;XIRECS;5267.0;5
48400;BOT_TAKER;BOT_MAKER;VELVETFRUIT_EXTRACT;XIRECS;5265.0;5
48400;BOT_TAKER;BOT_MAKER;VEV_4000;XIRECS;1256.0;2
48500;BOT_TAKER;BOT_MAKER;HYDROGEL_PACK;XIRECS;9966.0;4
48500;BOT_TAKER;BOT_MAKER;VELVETFRUIT_EXTRACT;XIRECS;5265.0;7
48500;BOT_TAKER;BOT_MAKER;VELVETFRUIT_EXTRACT;XIRECS;5265.0;5
48600;BOT_MAKER;BOT_TAKER;VEV_5500;XIRECS;6.0;5
48700;BOT_MAKER;BOT_TAKER;VEV_4000;XIRECS;1237.0;3
48700;BOT_TAKER;SUBMISSION;VELVETFRUIT_EXTRACT;XIRECS;5263.0;5
48700;BOT_TAKER;BOT_MAKER;VELVETFRUIT_EXTRACT;XIRECS;5264.0;2
48800;BOT_TAKER;BOT_MAKER;VELVETFRUIT_EXTRACT;XIRECS;5263.0;7
48800;BOT_MAKER;BOT_TAKER;VEV_5400;XIRECS;16.0;3
48800;BOT_MAKER;BOT_TAKER;VEV_6500;XIRECS;0.0;4
48900;BOT_MAKER;BOT_TAKER;HYDROGEL_PACK;XIRECS;9948.0;5
48900;BOT_TAKER;BOT_MAKER;VEV_6500;XIRECS;1.0;5
49000;BOT_MAKER;BOT_TAKER;VELVETFRUIT_EXTRACT;XIRECS;5256.0;5
49000;BOT_TAKER;BOT_MAKER;VEV_5500;XIRECS;8.0;3
49000;BOT_MAKER;BOT_TAKER;VEV_6000;XIRECS;0.0;3
49100;BOT_TAKER;BOT_MAKER;VELVETFRUIT_EXTRACT;XIRECS;5261.0;5
49200;BOT_MAKER;BOT_TAKER;VELVETFRUIT_EXTRACT;XIRECS;5256.0;6
49200;BOT_TAKER;BOT_MAKER;VEV_5500;XIRECS;7.0;5
49300;BOT_MAKER;BOT_TAKER;HYDROGEL_PACK;XIRECS;9952.0;2
49300;BOT_MAKER;BOT_TAKER;VELVETFRUIT_EXTRACT;XIRECS;5256.0;7
49300;BOT_MAKER;BOT_TAKER;VEV_5500;XIRECS;6.0;3
49300;BOT_TAKER;SUBMISSION;HYDROGEL_PACK;XIRECS;9967.0;5
49300;BOT_TAKER;BOT_MAKER;HYDROGEL_PACK;XIRECS;9968.0;1
49400;BOT_TAKER;BOT_MAKER;VELVETFRUIT_EXTRACT;XIRECS;5263.0;7
49400;BOT_MAKER;BOT_TAKER;VEV_4000;XIRECS;1237.0;2
49400;BOT_TAKER;BOT_MAKER;VEV_6000;XIRECS;1.0;5
49500;BOT_TAKER;BOT_MAKER;VELVETFRUIT_EXTRACT;XIRECS;5263.0;7
49600;BOT_MAKER;BOT_TAKER;HYDROGEL_PACK;XIRECS;9949.0;3
49600;BOT_MAKER;BOT_TAKER;VEV_6500;XIRECS;0.0;5
49700;BOT_MAKER;BOT_TAKER;VELVETFRUIT_EXTRACT;XIRECS;5258.0;5
49700;BOT_TAKER;BOT_MAKER;VEV_4000;XIRECS;1258.0;2
49800;BOT_TAKER;BOT_MAKER;VEV_5400;XIRECS;18.0;5
49800;BOT_TAKER;BOT_MAKER;VEV_6000;XIRECS;1.0;4
49900;BOT_TAKER;SUBMISSION;HYDROGEL_PACK;XIRECS;9965.0;5
49900;BOT_TAKER;BOT_MAKER;HYDROGEL_PACK;XIRECS;9966.0;1
50000;BOT_MAKER;BOT_TAKER;VELVETFRUIT_EXTRACT;XIRECS;5260.0;8
50000;BOT_TAKER;SUBMISSION;HYDROGEL_PACK;XIRECS;9966.0;5
50100;BOT_TAKER;BOT_MAKER;VELVETFRUIT_EXTRACT;XIRECS;5267.0;10
50100;BOT_TAKER;BOT_MAKER;VEV_5400;XIRECS;18.0;2
50100;BOT_TAKER;BOT_MAKER;VEV_6000;XIRECS;1.0;2
50300;BOT_MAKER;BOT_TAKER;VEV_4000;XIRECS;1235.0;2
50300;SUBMISSION;BOT_TAKER;VEV_4000;XIRECS;1236.0;3
50400;BOT_TAKER;SUBMISSION;HYDROGEL_PACK;XIRECS;9964.0;2
50600;BOT_MAKER;BOT_TAKER;VELVETFRUIT_EXTRACT;XIRECS;5261.0;5
50600;SUBMISSION;BOT_TAKER;HYDROGEL_PACK;XIRECS;9951.0;2
50700;BOT_MAKER;BOT_TAKER;VEV_5500;XIRECS;6.0;3
50800;BOT_TAKER;BOT_MAKER;HYDROGEL_PACK;XIRECS;9967.0;6
50900;BOT_TAKER;BOT_MAKER;HYDROGEL_PACK;XIRECS;9965.0;5
51000;BOT_TAKER;BOT_MAKER;HYDROGEL_PACK;XIRECS;9966.0;6
51000;SUBMISSION;BOT_TAKER;VELVETFRUIT_EXTRACT;XIRECS;5263.0;5
51000;BOT_MAKER;BOT_TAKER;VELVETFRUIT_EXTRACT;XIRECS;5262.0;2
51100;BOT_TAKER;BOT_MAKER;VEV_4000;XIRECS;1261.0;3
51100;BOT_TAKER;BOT_MAKER;VEV_5500;XIRECS;8.0;3
51200;BOT_MAKER;BOT_TAKER;VEV_4000;XIRECS;1240.0;3
51200;BOT_TAKER;BOT_MAKER;VEV_6500;XIRECS;1.0;2
51400;BOT_TAKER;BOT_MAKER;VELVETFRUIT_EXTRACT;XIRECS;5264.0;7
51400;BOT_MAKER;BOT_TAKER;VEV_6500;XIRECS;0.0;4
51600;BOT_MAKER;BOT_TAKER;VELVETFRUIT_EXTRACT;XIRECS;5259.0;5
51600;BOT_TAKER;BOT_MAKER;VEV_4000;XIRECS;1261.0;3
51600;SUBMISSION;BOT_TAKER;HYDROGEL_PACK;XIRECS;9954.0;4
51700;BOT_TAKER;BOT_MAKER;HYDROGEL_PACK;XIRECS;9968.0;6
51700;BOT_MAKER;BOT_TAKER;VELVETFRUIT_EXTRACT;XIRECS;5259.0;4
51700;BOT_TAKER;BOT_MAKER;VEV_5400;XIRECS;17.0;3
51800;BOT_MAKER;BOT_TAKER;HYDROGEL_PACK;XIRECS;9951.0;6
51800;BOT_MAKER;BOT_TAKER;VEV_6500;XIRECS;0.0;5
51900;BOT_TAKER;BOT_MAKER;VEV_6000;XIRECS;1.0;2
51900;BOT_TAKER;BOT_MAKER;VEV_6500;XIRECS;1.0;5
52000;BOT_MAKER;BOT_TAKER;HYDROGEL_PACK;XIRECS;9954.0;5
52000;SUBMISSION;BOT_TAKER;HYDROGEL_PACK;XIRECS;9955.0;3
52000;SUBMISSION;BOT_TAKER;VELVETFRUIT_EXTRACT;XIRECS;5259.0;5
52000;BOT_MAKER;BOT_TAKER;VELVETFRUIT_EXTRACT;XIRECS;5258.0;2
52300;BOT_MAKER;BOT_TAKER;VELVETFRUIT_EXTRACT;XIRECS;5260.0;5
52400;BOT_MAKER;BOT_TAKER;VELVETFRUIT_EXTRACT;XIRECS;5261.0;7
52500;BOT_MAKER;BOT_TAKER;VELVETFRUIT_EXTRACT;XIRECS;5261.0;7
52500;BOT_MAKER;BOT_TAKER;VEV_5500;XIRECS;7.0;4
52700;BOT_TAKER;BOT_MAKER;VELVETFRUIT_EXTRACT;XIRECS;5267.0;9
52800;BOT_MAKER;BOT_TAKER;HYDROGEL_PACK;XIRECS;9948.0;4
52800;BOT_MAKER;BOT_TAKER;VEV_4000;XIRECS;1242.0;2
52800;SUBMISSION;BOT_TAKER;HYDROGEL_PACK;XIRECS;9949.0;5
52800;BOT_MAKER;BOT_TAKER;HYDROGEL_PACK;XIRECS;9948.0;1
52900;BOT_TAKER;BOT_MAKER;HYDROGEL_PACK;XIRECS;9964.0;6
53000;BOT_TAKER;BOT_MAKER;HYDROGEL_PACK;XIRECS;9963.0;3
53000;BOT_TAKER;BOT_MAKER;VELVETFRUIT_EXTRACT;XIRECS;5265.0;3
53000;BOT_MAKER;BOT_TAKER;VEV_5400;XIRECS;16.0;4
53000;BOT_MAKER;BOT_TAKER;VEV_6000;XIRECS;0.0;4
53100;BOT_MAKER;BOT_TAKER;HYDROGEL_PACK;XIRECS;9946.0;5
53100;BOT_MAKER;BOT_TAKER;VELVETFRUIT_EXTRACT;XIRECS;5261.0;8
53200;BOT_MAKER;BOT_TAKER;VELVETFRUIT_EXTRACT;XIRECS;5264.0;6
53200;BOT_TAKER;BOT_MAKER;VEV_6000;XIRECS;1.0;2
53300;BOT_TAKER;BOT_MAKER;VELVETFRUIT_EXTRACT;XIRECS;5268.0;6
53300;BOT_TAKER;BOT_MAKER;VEV_4000;XIRECS;1264.0;2
53300;BOT_MAKER;BOT_TAKER;VEV_6000;XIRECS;0.0;5
53400;BOT_TAKER;BOT_MAKER;VELVETFRUIT_EXTRACT;XIRECS;5269.0;5
53400;BOT_TAKER;BOT_MAKER;VEV_5400;XIRECS;19.0;5
53500;SUBMISSION;BOT_TAKER;VEV_5100;XIRECS;155.0;1
53600;BOT_MAKER;BOT_TAKER;VEV_6500;XIRECS;0.0;2
53800;SUBMISSION;BOT_TAKER;HYDROGEL_PACK;XIRECS;9956.0;5
53900;BOT_TAKER;BOT_MAKER;VEV_5300;XIRECS;45.0;3
53900;BOT_TAKER;BOT_MAKER;VEV_6000;XIRECS;1.0;2
54100;BOT_TAKER;BOT_MAKER;VELVETFRUIT_EXTRACT;XIRECS;5269.0;4
54100;SUBMISSION;BOT_TAKER;VELVETFRUIT_EXTRACT;XIRECS;5266.0;4
54200;BOT_TAKER;BOT_MAKER;HYDROGEL_PACK;XIRECS;9971.0;3
54200;BOT_TAKER;BOT_MAKER;VELVETFRUIT_EXTRACT;XIRECS;5271.0;8
54200;BOT_TAKER;BOT_MAKER;VEV_5300;XIRECS;46.0;5
54300;BOT_TAKER;BOT_MAKER;VEV_4000;XIRECS;1267.0;2
54400;BOT_MAKER;BOT_TAKER;HYDROGEL_PACK;XIRECS;9952.0;4
54500;BOT_TAKER;BOT_MAKER;HYDROGEL_PACK;XIRECS;9967.0;2
54600;SUBMISSION;BOT_TAKER;VEV_4000;XIRECS;1244.0;2
54700;BOT_MAKER;BOT_TAKER;HYDROGEL_PACK;XIRECS;9953.0;2
54700;BOT_TAKER;BOT_MAKER;VELVETFRUIT_EXTRACT;XIRECS;5276.0;5
54700;BOT_TAKER;BOT_MAKER;VELVETFRUIT_EXTRACT;XIRECS;5276.0;4
54700;BOT_TAKER;BOT_MAKER;VEV_5400;XIRECS;19.0;5
54700;BOT_MAKER;BOT_TAKER;VEV_6000;XIRECS;0.0;5
54800;BOT_TAKER;BOT_MAKER;HYDROGEL_PACK;XIRECS;9970.0;3
54800;BOT_MAKER;BOT_TAKER;VELVETFRUIT_EXTRACT;XIRECS;5271.0;7
54900;BOT_MAKER;BOT_TAKER;VEV_4000;XIRECS;1239.0;2
54900;BOT_TAKER;BOT_MAKER;VEV_5400;XIRECS;18.0;2
55000;BOT_TAKER;BOT_MAKER;VEV_5400;XIRECS;19.0;4
55100;BOT_MAKER;BOT_TAKER;HYDROGEL_PACK;XIRECS;9956.0;2
55100;BOT_MAKER;BOT_TAKER;VELVETFRUIT_EXTRACT;XIRECS;5271.0;7
55100;BOT_TAKER;BOT_MAKER;VEV_5500;XIRECS;8.0;4
55200;BOT_TAKER;BOT_MAKER;HYDROGEL_PACK;XIRECS;9971.0;5
55200;BOT_TAKER;BOT_MAKER;VEV_4000;XIRECS;1258.0;2
55300;BOT_MAKER;BOT_TAKER;HYDROGEL_PACK;XIRECS;9958.0;6
55500;BOT_MAKER;BOT_TAKER;HYDROGEL_PACK;XIRECS;9953.0;2
55500;BOT_MAKER;BOT_TAKER;VELVETFRUIT_EXTRACT;XIRECS;5271.0;7
55500;BOT_TAKER;BOT_MAKER;VEV_5500;XIRECS;8.0;4
55500;BOT_TAKER;SUBMISSION;VELVETFRUIT_EXTRACT;XIRECS;5275.0;5
55600;BOT_MAKER;BOT_TAKER;HYDROGEL_PACK;XIRECS;9953.0;3
55900;BOT_TAKER;BOT_MAKER;VELVETFRUIT_EXTRACT;XIRECS;5278.0;8
55900;BOT_MAKER;BOT_TAKER;VEV_4000;XIRECS;1237.0;1
56000;BOT_TAKER;BOT_MAKER;VELVETFRUIT_EXTRACT;XIRECS;5277.0;3
56100;BOT_MAKER;BOT_TAKER;HYDROGEL_PACK;XIRECS;9958.0;3
56100;BOT_MAKER;BOT_TAKER;VELVETFRUIT_EXTRACT;XIRECS;5272.0;4
56200;BOT_TAKER;BOT_MAKER;HYDROGEL_PACK;XIRECS;9973.0;4
56200;SUBMISSION;BOT_TAKER;VELVETFRUIT_EXTRACT;XIRECS;5270.0;5
56400;BOT_TAKER;BOT_MAKER;HYDROGEL_PACK;XIRECS;9971.0;6
56400;BOT_MAKER;BOT_TAKER;VELVETFRUIT_EXTRACT;XIRECS;5270.0;6
56400;BOT_MAKER;BOT_TAKER;VEV_5500;XIRECS;7.0;4
56400;BOT_MAKER;BOT_TAKER;VEV_6000;XIRECS;0.0;4
56600;BOT_TAKER;BOT_MAKER;VELVETFRUIT_EXTRACT;XIRECS;5276.0;5
56600;BOT_MAKER;BOT_TAKER;VEV_4000;XIRECS;1242.0;3
56600;BOT_MAKER;BOT_TAKER;VEV_6000;XIRECS;0.0;3
56600;BOT_MAKER;BOT_TAKER;VEV_6500;XIRECS;0.0;5
56700;BOT_TAKER;BOT_MAKER;VELVETFRUIT_EXTRACT;XIRECS;5276.0;8
56900;BOT_MAKER;BOT_TAKER;VELVETFRUIT_EXTRACT;XIRECS;5268.0;5
56900;BOT_TAKER;BOT_MAKER;VEV_4000;XIRECS;1262.0;3
57000;BOT_MAKER;BOT_TAKER;HYDROGEL_PACK;XIRECS;9953.0;3
57100;BOT_MAKER;BOT_TAKER;HYDROGEL_PACK;XIRECS;9955.0;3
57100;BOT_TAKER;BOT_MAKER;VELVETFRUIT_EXTRACT;XIRECS;5276.0;3
57100;BOT_TAKER;SUBMISSION;VELVETFRUIT_EXTRACT;XIRECS;5275.0;5
57100;BOT_TAKER;BOT_MAKER;VELVETFRUIT_EXTRACT;XIRECS;5276.0;3
57200;BOT_MAKER;BOT_TAKER;VEV_6500;XIRECS;0.0;5
57400;BOT_TAKER;BOT_MAKER;HYDROGEL_PACK;XIRECS;9974.0;3
57400;BOT_TAKER;BOT_MAKER;VELVETFRUIT_EXTRACT;XIRECS;5278.0;5
57400;BOT_TAKER;BOT_MAKER;VELVETFRUIT_EXTRACT;XIRECS;5278.0;7
57500;BOT_TAKER;BOT_MAKER;VELVETFRUIT_EXTRACT;XIRECS;5276.0;14
57600;BOT_TAKER;BOT_MAKER;VELVETFRUIT_EXTRACT;XIRECS;5276.0;8
57600;BOT_MAKER;BOT_TAKER;VEV_4000;XIRECS;1242.0;1
57700;BOT_MAKER;BOT_TAKER;VELVETFRUIT_EXTRACT;XIRECS;5270.0;4
57700;BOT_MAKER;BOT_TAKER;VELVETFRUIT_EXTRACT;XIRECS;5270.0;6
57800;BOT_TAKER;BOT_MAKER;HYDROGEL_PACK;XIRECS;9972.0;6
57800;BOT_TAKER;BOT_MAKER;VEV_4000;XIRECS;1263.0;2
57800;BOT_TAKER;BOT_MAKER;VEV_5300;XIRECS;42.0;4
57900;BOT_TAKER;BOT_MAKER;VELVETFRUIT_EXTRACT;XIRECS;5274.0;6
58000;BOT_TAKER;BOT_MAKER;VELVETFRUIT_EXTRACT;XIRECS;5273.0;7
58000;BOT_MAKER;BOT_TAKER;VEV_4000;XIRECS;1241.0;3
58000;BOT_TAKER;BOT_MAKER;VEV_5400;XIRECS;17.0;4
58000;BOT_TAKER;SUBMISSION;VELVETFRUIT_EXTRACT;XIRECS;5272.0;5
58000;BOT_TAKER;BOT_MAKER;VELVETFRUIT_EXTRACT;XIRECS;5273.0;2
58200;BOT_MAKER;BOT_TAKER;VELVETFRUIT_EXTRACT;XIRECS;5268.0;14
58300;BOT_MAKER;BOT_TAKER;HYDROGEL_PACK;XIRECS;9958.0;6
58300;BOT_TAKER;BOT_MAKER;VELVETFRUIT_EXTRACT;XIRECS;5272.0;8
58400;BOT_TAKER;BOT_MAKER;HYDROGEL_PACK;XIRECS;9972.0;2
58400;BOT_MAKER;BOT_TAKER;VELVETFRUIT_EXTRACT;XIRECS;5265.0;3
58500;BOT_TAKER;BOT_MAKER;HYDROGEL_PACK;XIRECS;9968.0;3
58600;BOT_MAKER;BOT_TAKER;HYDROGEL_PACK;XIRECS;9953.0;3
58800;BOT_TAKER;BOT_MAKER;VELVETFRUIT_EXTRACT;XIRECS;5270.0;4
59000;BOT_TAKER;BOT_MAKER;HYDROGEL_PACK;XIRECS;9971.0;4
59000;BOT_MAKER;BOT_TAKER;VELVETFRUIT_EXTRACT;XIRECS;5265.0;3
59100;BOT_TAKER;BOT_MAKER;HYDROGEL_PACK;XIRECS;9969.0;5
59100;BOT_TAKER;BOT_MAKER;VELVETFRUIT_EXTRACT;XIRECS;5271.0;5
59100;BOT_MAKER;BOT_TAKER;VEV_5500;XIRECS;6.0;4
59300;BOT_TAKER;BOT_MAKER;HYDROGEL_PACK;XIRECS;9971.0;5
59300;BOT_MAKER;BOT_TAKER;VEV_5500;XIRECS;6.0;5
59400;BOT_MAKER;BOT_TAKER;VEV_6500;XIRECS;0.0;2
59500;BOT_TAKER;BOT_MAKER;HYDROGEL_PACK;XIRECS;9970.0;6
59500;BOT_TAKER;BOT_MAKER;VELVETFRUIT_EXTRACT;XIRECS;5270.0;3
59500;BOT_TAKER;BOT_MAKER;VEV_6000;XIRECS;1.0;3
59600;BOT_MAKER;BOT_TAKER;HYDROGEL_PACK;XIRECS;9953.0;6
59700;BOT_MAKER;BOT_TAKER;VEV_5400;XIRECS;17.0;3
59900;BOT_TAKER;BOT_MAKER;HYDROGEL_PACK;XIRECS;9977.0;3
59900;BOT_TAKER;BOT_MAKER;VELVETFRUIT_EXTRACT;XIRECS;5271.0;3
60000;BOT_TAKER;BOT_MAKER;HYDROGEL_PACK;XIRECS;9978.0;2
60200;SUBMISSION;BOT_TAKER;VELVETFRUIT_EXTRACT;XIRECS;5268.0;5
60200;BOT_MAKER;BOT_TAKER;VELVETFRUIT_EXTRACT;XIRECS;5267.0;3
60300;BOT_TAKER;BOT_MAKER;VELVETFRUIT_EXTRACT;XIRECS;5273.0;4
60300;BOT_TAKER;BOT_MAKER;VEV_5400;XIRECS;18.0;2
60300;SUBMISSION;BOT_TAKER;VEV_4000;XIRECS;1240.0;3
60400;BOT_TAKER;BOT_MAKER;VELVETFRUIT_EXTRACT;XIRECS;5274.0;3
60400;BOT_TAKER;BOT_MAKER;VEV_4000;XIRECS;1261.0;2
60500;BOT_MAKER;BOT_TAKER;VELVETFRUIT_EXTRACT;XIRECS;5269.0;4
60500;BOT_TAKER;BOT_MAKER;VELVETFRUIT_EXTRACT;XIRECS;5275.0;8
60600;BOT_MAKER;BOT_TAKER;HYDROGEL_PACK;XIRECS;9966.0;5
60700;BOT_MAKER;BOT_TAKER;VELVETFRUIT_EXTRACT;XIRECS;5271.0;8
60700;BOT_MAKER;BOT_TAKER;VEV_5300;XIRECS;38.0;5
60800;BOT_MAKER;BOT_TAKER;VELVETFRUIT_EXTRACT;XIRECS;5272.0;9
60900;BOT_TAKER;BOT_MAKER;VELVETFRUIT_EXTRACT;XIRECS;5277.0;3
60900;BOT_TAKER;SUBMISSION;VELVETFRUIT_EXTRACT;XIRECS;5276.0;4
61000;BOT_TAKER;BOT_MAKER;HYDROGEL_PACK;XIRECS;9979.0;6
61100;BOT_MAKER;BOT_TAKER;VELVETFRUIT_EXTRACT;XIRECS;5270.0;6
61100;BOT_TAKER;BOT_MAKER;VEV_5300;XIRECS;39.0;5
61500;BOT_MAKER;BOT_TAKER;HYDROGEL_PACK;XIRECS;9961.0;5
61600;BOT_MAKER;BOT_TAKER;HYDROGEL_PACK;XIRECS;9966.0;5
61700;BOT_MAKER;BOT_TAKER;HYDROGEL_PACK;XIRECS;9966.0;5
61700;BOT_MAKER;BOT_TAKER;VEV_4000;XIRECS;1235.0;1
61700;BOT_TAKER;BOT_MAKER;VEV_6000;XIRECS;1.0;2
61800;BOT_TAKER;BOT_MAKER;VELVETFRUIT_EXTRACT;XIRECS;5274.0;3
61800;BOT_TAKER;BOT_MAKER;VEV_6000;XIRECS;1.0;5
62000;BOT_TAKER;BOT_MAKER;VEV_5500;XIRECS;8.0;3
62200;BOT_TAKER;BOT_MAKER;HYDROGEL_PACK;XIRECS;9983.0;3
62200;BOT_MAKER;BOT_TAKER;VELVETFRUIT_EXTRACT;XIRECS;5266.0;7
62200;SUBMISSION;BOT_TAKER;HYDROGEL_PACK;XIRECS;9968.0;2
62300;BOT_TAKER;BOT_MAKER;HYDROGEL_PACK;XIRECS;9981.0;3
62400;BOT_TAKER;BOT_MAKER;HYDROGEL_PACK;XIRECS;9984.0;6
62400;BOT_MAKER;BOT_TAKER;VELVETFRUIT_EXTRACT;XIRECS;5266.0;6
62400;BOT_MAKER;BOT_TAKER;VEV_5400;XIRECS;15.0;4
62400;BOT_TAKER;SUBMISSION;HYDROGEL_PACK;XIRECS;9983.0;3
62500;BOT_MAKER;BOT_TAKER;VELVETFRUIT_EXTRACT;XIRECS;5266.0;4
62500;BOT_TAKER;BOT_MAKER;VEV_4000;XIRECS;1262.0;2
62500;BOT_MAKER;BOT_TAKER;VEV_6000;XIRECS;0.0;5
62700;BOT_MAKER;BOT_TAKER;HYDROGEL_PACK;XIRECS;9971.0;3
62700;BOT_MAKER;BOT_TAKER;VELVETFRUIT_EXTRACT;XIRECS;5268.0;6
62800;BOT_MAKER;BOT_TAKER;VEV_6500;XIRECS;0.0;5
62900;BOT_TAKER;BOT_MAKER;VELVETFRUIT_EXTRACT;XIRECS;5272.0;5
63100;SUBMISSION;BOT_TAKER;HYDROGEL_PACK;XIRECS;9973.0;5
63200;BOT_TAKER;BOT_MAKER;VELVETFRUIT_EXTRACT;XIRECS;5270.0;3
63300;BOT_MAKER;BOT_TAKER;VELVETFRUIT_EXTRACT;XIRECS;5265.0;4
63400;BOT_MAKER;BOT_TAKER;VELVETFRUIT_EXTRACT;XIRECS;5265.0;6
63400;BOT_TAKER;BOT_MAKER;VEV_6000;XIRECS;1.0;4
63500;BOT_TAKER;BOT_MAKER;VEV_4000;XIRECS;1265.0;1
63600;BOT_TAKER;BOT_MAKER;VEV_6500;XIRECS;1.0;4
63700;BOT_MAKER;BOT_TAKER;VELVETFRUIT_EXTRACT;XIRECS;5264.0;3
63800;BOT_TAKER;BOT_MAKER;VEV_6000;XIRECS;1.0;4
63900;BOT_MAKER;BOT_TAKER;VELVETFRUIT_EXTRACT;XIRECS;5265.0;10
64000;BOT_TAKER;BOT_MAKER;HYDROGEL_PACK;XIRECS;9980.0;6
64100;BOT_MAKER;BOT_TAKER;VELVETFRUIT_EXTRACT;XIRECS;5264.0;8
64200;BOT_MAKER;BOT_TAKER;HYDROGEL_PACK;XIRECS;9968.0;3
64300;BOT_MAKER;BOT_TAKER;VELVETFRUIT_EXTRACT;XIRECS;5266.0;6
64300;BOT_TAKER;BOT_MAKER;VEV_5400;XIRECS;18.0;5
64300;SUBMISSION;BOT_TAKER;HYDROGEL_PACK;XIRECS;9967.0;5
64300;BOT_MAKER;BOT_TAKER;HYDROGEL_PACK;XIRECS;9966.0;1
64400;BOT_TAKER;BOT_MAKER;VELVETFRUIT_EXTRACT;XIRECS;5271.0;7
64400;BOT_TAKER;BOT_MAKER;VEV_4000;XIRECS;1265.0;2
64500;BOT_TAKER;SUBMISSION;VEV_4000;XIRECS;1264.0;2
64600;BOT_TAKER;BOT_MAKER;VELVETFRUIT_EXTRACT;XIRECS;5271.0;7
64700;SUBMISSION;BOT_TAKER;VEV_4000;XIRECS;1245.0;2
64800;BOT_MAKER;BOT_TAKER;HYDROGEL_PACK;XIRECS;9972.0;3
64800;BOT_MAKER;BOT_TAKER;VEV_5300;XIRECS;37.0;2
64800;BOT_TAKER;BOT_MAKER;VEV_6500;XIRECS;1.0;2
64900;BOT_MAKER;BOT_TAKER;VELVETFRUIT_EXTRACT;XIRECS;5265.0;4
65000;BOT_TAKER;BOT_MAKER;HYDROGEL_PACK;XIRECS;9987.0;2
65100;BOT_TAKER;BOT_MAKER;HYDROGEL_PACK;XIRECS;9988.0;2
65100;BOT_TAKER;BOT_MAKER;VELVETFRUIT_EXTRACT;XIRECS;5270.0;5
65200;BOT_TAKER;BOT_MAKER;HYDROGEL_PACK;XIRECS;9989.0;5
65200;BOT_MAKER;BOT_TAKER;VEV_5400;XIRECS;17.0;2
65300;BOT_TAKER;BOT_MAKER;VEV_5500;XIRECS;7.0;4
65300;BOT_TAKER;BOT_MAKER;VEV_6000;XIRECS;1.0;3
65300;BOT_TAKER;BOT_MAKER;VEV_6500;XIRECS;1.0;4
65400;BOT_MAKER;BOT_TAKER;VEV_5400;XIRECS;17.0;5
65400;SUBMISSION;BOT_TAKER;HYDROGEL_PACK;XIRECS;9974.0;3
65500;BOT_MAKER;BOT_TAKER;VELVETFRUIT_EXTRACT;XIRECS;5265.0;14
65500;BOT_MAKER;BOT_TAKER;VELVETFRUIT_EXTRACT;XIRECS;5265.0;8
65600;BOT_TAKER;BOT_MAKER;HYDROGEL_PACK;XIRECS;9989.0;3
65600;BOT_TAKER;BOT_MAKER;VELVETFRUIT_EXTRACT;XIRECS;5270.0;7
65700;BOT_MAKER;BOT_TAKER;HYDROGEL_PACK;XIRECS;9972.0;5
65700;BOT_TAKER;BOT_MAKER;VEV_4000;XIRECS;1260.0;1
65700;BOT_TAKER;BOT_MAKER;VEV_5500;XIRECS;7.0;4
65800;BOT_MAKER;BOT_TAKER;VELVETFRUIT_EXTRACT;XIRECS;5263.0;7
65900;BOT_MAKER;BOT_TAKER;VELVETFRUIT_EXTRACT;XIRECS;5263.0;8
66000;BOT_MAKER;BOT_TAKER;VELVETFRUIT_EXTRACT;XIRECS;5264.0;6
66000;BOT_MAKER;BOT_TAKER;VEV_5500;XIRECS;6.0;3
66100;BOT_MAKER;BOT_TAKER;VEV_5400;XIRECS;17.0;3
66100;SUBMISSION;BOT_TAKER;VELVETFRUIT_EXTRACT;XIRECS;5265.0;5
66100;BOT_MAKER;BOT_TAKER;VELVETFRUIT_EXTRACT;XIRECS;5264.0;3
66200;BOT_MAKER;BOT_TAKER;VELVETFRUIT_EXTRACT;XIRECS;5264.0;8
66300;BOT_MAKER;BOT_TAKER;VELVETFRUIT_EXTRACT;XIRECS;5264.0;6
66300;BOT_TAKER;BOT_MAKER;VEV_4000;XIRECS;1262.0;2
66500;BOT_MAKER;BOT_TAKER;VELVETFRUIT_EXTRACT;XIRECS;5262.0;8
66600;BOT_MAKER;BOT_TAKER;VELVETFRUIT_EXTRACT;XIRECS;5263.0;6
66700;BOT_TAKER;BOT_MAKER;HYDROGEL_PACK;XIRECS;9984.0;3
66800;BOT_TAKER;SUBMISSION;VELVETFRUIT_EXTRACT;XIRECS;5267.0;4
67000;BOT_MAKER;BOT_TAKER;HYDROGEL_PACK;XIRECS;9968.0;6
67000;BOT_MAKER;BOT_TAKER;VELVETFRUIT_EXTRACT;XIRECS;5262.0;6
67100;BOT_MAKER;BOT_TAKER;VEV_5300;XIRECS;38.0;3
67200;BOT_MAKER;BOT_TAKER;HYDROGEL_PACK;XIRECS;9971.0;2
67200;BOT_MAKER;BOT_TAKER;VELVETFRUIT_EXTRACT;XIRECS;5265.0;7
67300;BOT_MAKER;BOT_TAKER;HYDROGEL_PACK;XIRECS;9969.0;4
67300;BOT_MAKER;BOT_TAKER;VELVETFRUIT_EXTRACT;XIRECS;5265.0;5
67400;BOT_MAKER;BOT_TAKER;HYDROGEL_PACK;XIRECS;9968.0;4
67500;BOT_MAKER;BOT_TAKER;VEV_4000;XIRECS;1243.0;1
67600;BOT_TAKER;BOT_MAKER;VELVETFRUIT_EXTRACT;XIRECS;5269.0;5
67700;BOT_TAKER;BOT_MAKER;VEV_6000;XIRECS;1.0;4
67700;BOT_MAKER;BOT_TAKER;VEV_6500;XIRECS;0.0;4
67900;BOT_TAKER;BOT_MAKER;VEV_4000;XIRECS;1262.0;2
68000;BOT_TAKER;BOT_MAKER;VEV_5400;XIRECS;18.0;4
68000;BOT_TAKER;SUBMISSION;HYDROGEL_PACK;XIRECS;9980.0;3
68100;BOT_TAKER;BOT_MAKER;VELVETFRUIT_EXTRACT;XIRECS;5267.0;8
68200;BOT_MAKER;BOT_TAKER;VEV_6000;XIRECS;0.0;2
68300;BOT_TAKER;BOT_MAKER;HYDROGEL_PACK;XIRECS;9985.0;2
68400;BOT_MAKER;BOT_TAKER;VELVETFRUIT_EXTRACT;XIRECS;5263.0;8
68400;BOT_TAKER;SUBMISSION;VEV_4000;XIRECS;1258.0;2
68500;BOT_TAKER;BOT_MAKER;VELVETFRUIT_EXTRACT;XIRECS;5268.0;11
68500;BOT_TAKER;BOT_MAKER;VEV_4000;XIRECS;1259.0;2
68600;BOT_TAKER;BOT_MAKER;VEV_5500;XIRECS;7.0;4
68700;BOT_TAKER;BOT_MAKER;VELVETFRUIT_EXTRACT;XIRECS;5270.0;7
68700;BOT_TAKER;SUBMISSION;VEV_4000;XIRECS;1259.0;2
68800;BOT_TAKER;BOT_MAKER;VELVETFRUIT_EXTRACT;XIRECS;5269.0;7
68900;BOT_TAKER;BOT_MAKER;VELVETFRUIT_EXTRACT;XIRECS;5270.0;8
68900;BOT_MAKER;BOT_TAKER;VEV_5500;XIRECS;6.0;3
69000;BOT_TAKER;BOT_MAKER;VELVETFRUIT_EXTRACT;XIRECS;5269.0;5
69100;BOT_MAKER;BOT_TAKER;VELVETFRUIT_EXTRACT;XIRECS;5263.0;7
69100;BOT_TAKER;SUBMISSION;VELVETFRUIT_EXTRACT;XIRECS;5268.0;5
69100;BOT_TAKER;BOT_MAKER;VELVETFRUIT_EXTRACT;XIRECS;5269.0;3
69200;BOT_MAKER;BOT_TAKER;VELVETFRUIT_EXTRACT;XIRECS;5265.0;4
69300;BOT_TAKER;BOT_MAKER;VELVETFRUIT_EXTRACT;XIRECS;5271.0;5
69300;BOT_MAKER;BOT_TAKER;VEV_6000;XIRECS;0.0;4
69400;BOT_TAKER;BOT_MAKER;VEV_6000;XIRECS;1.0;5
69400;SUBMISSION;BOT_TAKER;HYDROGEL_PACK;XIRECS;9977.0;3
69500;BOT_TAKER;BOT_MAKER;HYDROGEL_PACK;XIRECS;9991.0;6
69800;BOT_MAKER;BOT_TAKER;HYDROGEL_PACK;XIRECS;9978.0;5
69900;BOT_TAKER;BOT_MAKER;HYDROGEL_PACK;XIRECS;9995.0;6
69900;BOT_MAKER;BOT_TAKER;VELVETFRUIT_EXTRACT;XIRECS;5263.0;5
70100;BOT_MAKER;BOT_TAKER;VEV_4000;XIRECS;1243.0;1
70300;BOT_TAKER;BOT_MAKER;HYDROGEL_PACK;XIRECS;9995.0;5
70300;BOT_TAKER;BOT_MAKER;VELVETFRUIT_EXTRACT;XIRECS;5265.0;3
70400;BOT_MAKER;BOT_TAKER;VELVETFRUIT_EXTRACT;XIRECS;5259.0;8
70500;BOT_MAKER;BOT_TAKER;VELVETFRUIT_EXTRACT;XIRECS;5259.0;5
70500;BOT_MAKER;BOT_TAKER;VEV_6000;XIRECS;0.0;2
70500;SUBMISSION;BOT_TAKER;VELVETFRUIT_EXTRACT;XIRECS;5260.0;5
70500;BOT_MAKER;BOT_TAKER;VELVETFRUIT_EXTRACT;XIRECS;5259.0;1
70600;BOT_TAKER;BOT_MAKER;HYDROGEL_PACK;XIRECS;9991.0;2
70600;BOT_MAKER;BOT_TAKER;VEV_5500;XIRECS;6.0;5
70600;BOT_TAKER;BOT_MAKER;VEV_6500;XIRECS;1.0;3
70700;BOT_MAKER;BOT_TAKER;VELVETFRUIT_EXTRACT;XIRECS;5260.0;12
70800;BOT_TAKER;BOT_MAKER;HYDROGEL_PACK;XIRECS;9993.0;2
70800;BOT_TAKER;BOT_MAKER;VELVETFRUIT_EXTRACT;XIRECS;5267.0;3
70800;BOT_TAKER;BOT_MAKER;VEV_5500;XIRECS;7.0;4
70900;BOT_TAKER;BOT_MAKER;VELVETFRUIT_EXTRACT;XIRECS;5267.0;5
70900;BOT_MAKER;BOT_TAKER;VEV_5200;XIRECS;97.0;1
70900;BOT_TAKER;SUBMISSION;HYDROGEL_PACK;XIRECS;9994.0;4
70900;BOT_TAKER;SUBMISSION;VEV_5300;XIRECS;41.0;2
71000;BOT_TAKER;BOT_MAKER;VELVETFRUIT_EXTRACT;XIRECS;5267.0;8
71100;BOT_TAKER;BOT_MAKER;VELVETFRUIT_EXTRACT;XIRECS;5264.0;5
71100;BOT_MAKER;BOT_TAKER;VEV_4000;XIRECS;1246.0;1
71200;BOT_MAKER;BOT_TAKER;VEV_5400;XIRECS;14.0;4
71300;BOT_TAKER;BOT_MAKER;VEV_4000;XIRECS;1266.0;2
71300;BOT_MAKER;BOT_TAKER;VEV_6000;XIRECS;0.0;4
71400;BOT_MAKER;BOT_TAKER;HYDROGEL_PACK;XIRECS;9981.0;2
71400;BOT_MAKER;BOT_TAKER;VELVETFRUIT_EXTRACT;XIRECS;5257.0;7
71400;BOT_MAKER;BOT_TAKER;VEV_4000;XIRECS;1245.0;2
71500;BOT_TAKER;BOT_MAKER;VELVETFRUIT_EXTRACT;XIRECS;5262.0;6
71600;BOT_TAKER;SUBMISSION;VELVETFRUIT_EXTRACT;XIRECS;5261.0;5
71800;BOT_MAKER;BOT_TAKER;VELVETFRUIT_EXTRACT;XIRECS;5256.0;9
71800;BOT_TAKER;SUBMISSION;VELVETFRUIT_EXTRACT;XIRECS;5260.0;5
71800;BOT_TAKER;BOT_MAKER;VELVETFRUIT_EXTRACT;XIRECS;5261.0;1
71900;BOT_MAKER;BOT_TAKER;HYDROGEL_PACK;XIRECS;9989.0;2
71900;BOT_MAKER;BOT_TAKER;VEV_4000;XIRECS;1245.0;3
71900;BOT_MAKER;BOT_TAKER;VEV_5400;XIRECS;13.0;4
71900;BOT_TAKER;BOT_MAKER;VEV_6500;XIRECS;1.0;5
72000;BOT_MAKER;BOT_TAKER;VELVETFRUIT_EXTRACT;XIRECS;5255.0;10
72000;BOT_TAKER;BOT_MAKER;VEV_6000;XIRECS;1.0;5
72100;BOT_MAKER;BOT_TAKER;VEV_5200;XIRECS;94.0;5
72400;BOT_MAKER;BOT_TAKER;HYDROGEL_PACK;XIRECS;9984.0;2
72400;BOT_TAKER;BOT_MAKER;VELVETFRUIT_EXTRACT;XIRECS;5258.0;10
72500;BOT_MAKER;BOT_TAKER;HYDROGEL_PACK;XIRECS;9985.0;3
72500;BOT_MAKER;BOT_TAKER;VEV_6000;XIRECS;0.0;4
72500;SUBMISSION;BOT_TAKER;HYDROGEL_PACK;XIRECS;9986.0;5
72500;BOT_MAKER;BOT_TAKER;HYDROGEL_PACK;XIRECS;9985.0;1
72600;BOT_MAKER;BOT_TAKER;VELVETFRUIT_EXTRACT;XIRECS;5249.0;4
72600;BOT_MAKER;BOT_TAKER;VEV_5300;XIRECS;38.0;3
72700;BOT_MAKER;BOT_TAKER;VELVETFRUIT_EXTRACT;XIRECS;5249.0;10
72700;BOT_TAKER;BOT_MAKER;VEV_6500;XIRECS;1.0;2
72800;BOT_TAKER;BOT_MAKER;HYDROGEL_PACK;XIRECS;10005.0;3
72900;BOT_TAKER;BOT_MAKER;VELVETFRUIT_EXTRACT;XIRECS;5252.0;4
72900;BOT_MAKER;BOT_TAKER;VEV_5400;XIRECS;12.0;2
73100;BOT_MAKER;BOT_TAKER;VELVETFRUIT_EXTRACT;XIRECS;5247.0;5
73200;BOT_TAKER;BOT_MAKER;VEV_6000;XIRECS;1.0;5
73300;BOT_MAKER;BOT_TAKER;HYDROGEL_PACK;XIRECS;9990.0;3
73300;BOT_TAKER;BOT_MAKER;VELVETFRUIT_EXTRACT;XIRECS;5255.0;6
73400;BOT_MAKER;BOT_TAKER;VELVETFRUIT_EXTRACT;XIRECS;5247.0;5
73400;BOT_TAKER;BOT_MAKER;VEV_4000;XIRECS;1267.0;3
73400;BOT_MAKER;BOT_TAKER;VEV_6500;XIRECS;0.0;4
73500;BOT_TAKER;BOT_MAKER;VEV_5300;XIRECS;44.0;5
73500;BOT_MAKER;BOT_TAKER;VEV_6000;XIRECS;0.0;3
73500;BOT_TAKER;BOT_MAKER;VEV_6500;XIRECS;1.0;2
73600;SUBMISSION;BOT_TAKER;HYDROGEL_PACK;XIRECS;9992.0;5
73700;BOT_MAKER;BOT_TAKER;VELVETFRUIT_EXTRACT;XIRECS;5249.0;3
73900;BOT_MAKER;BOT_TAKER;HYDROGEL_PACK;XIRECS;9993.0;6
73900;BOT_TAKER;BOT_MAKER;VELVETFRUIT_EXTRACT;XIRECS;5257.0;6
73900;BOT_TAKER;BOT_MAKER;VEV_6500;XIRECS;1.0;4
74100;BOT_MAKER;BOT_TAKER;HYDROGEL_PACK;XIRECS;9995.0;5
74100;BOT_MAKER;BOT_TAKER;VEV_4000;XIRECS;1245.0;2
74400;BOT_TAKER;BOT_MAKER;HYDROGEL_PACK;XIRECS;10010.0;5
74400;BOT_TAKER;BOT_MAKER;VEV_5500;XIRECS;6.0;4
74500;BOT_MAKER;BOT_TAKER;VEV_4000;XIRECS;1245.0;3
74600;BOT_MAKER;BOT_TAKER;VEV_6500;XIRECS;0.0;4
74700;BOT_MAKER;BOT_TAKER;VELVETFRUIT_EXTRACT;XIRECS;5257.0;3
74700;BOT_TAKER;BOT_MAKER;VEV_4000;XIRECS;1266.0;3
74700;BOT_TAKER;BOT_MAKER;VEV_6000;XIRECS;1.0;5
74700;BOT_TAKER;SUBMISSION;VELVETFRUIT_EXTRACT;XIRECS;5262.0;3
74800;BOT_TAKER;SUBMISSION;VELVETFRUIT_EXTRACT;XIRECS;5262.0;4
74900;BOT_MAKER;BOT_TAKER;VELVETFRUIT_EXTRACT;XIRECS;5257.0;8
75000;BOT_TAKER;BOT_MAKER;HYDROGEL_PACK;XIRECS;10010.0;2
75000;BOT_MAKER;BOT_TAKER;VELVETFRUIT_EXTRACT;XIRECS;5256.0;6
75100;BOT_MAKER;BOT_TAKER;HYDROGEL_PACK;XIRECS;9995.0;4
75100;BOT_TAKER;BOT_MAKER;VEV_4000;XIRECS;1268.0;2
75100;BOT_MAKER;BOT_TAKER;VEV_5200;XIRECS;90.0;2
75200;BOT_MAKER;BOT_TAKER;HYDROGEL_PACK;XIRECS;9992.0;6
75300;BOT_MAKER;BOT_TAKER;HYDROGEL_PACK;XIRECS;9991.0;4
75400;BOT_MAKER;BOT_TAKER;VEV_6000;XIRECS;0.0;4
75500;BOT_TAKER;BOT_MAKER;VELVETFRUIT_EXTRACT;XIRECS;5264.0;4
75600;SUBMISSION;BOT_TAKER;HYDROGEL_PACK;XIRECS;9990.0;2
75700;BOT_MAKER;BOT_TAKER;HYDROGEL_PACK;XIRECS;9989.0;2
75700;SUBMISSION;BOT_TAKER;HYDROGEL_PACK;XIRECS;9990.0;4
75800;BOT_MAKER;BOT_TAKER;HYDROGEL_PACK;XIRECS;9989.0;6
75800;BOT_TAKER;BOT_MAKER;VELVETFRUIT_EXTRACT;XIRECS;5264.0;3
75900;BOT_MAKER;BOT_TAKER;VEV_5400;XIRECS;11.0;4
76000;BOT_MAKER;BOT_TAKER;VELVETFRUIT_EXTRACT;XIRECS;5258.0;5
76100;BOT_TAKER;BOT_MAKER;VELVETFRUIT_EXTRACT;XIRECS;5263.0;4
76200;SUBMISSION;BOT_TAKER;HYDROGEL_PACK;XIRECS;9989.0;2
76300;BOT_MAKER;BOT_TAKER;HYDROGEL_PACK;XIRECS;9988.0;3
76300;BOT_MAKER;BOT_TAKER;VELVETFRUIT_EXTRACT;XIRECS;5257.0;13
76300;BOT_MAKER;BOT_TAKER;VEV_5500;XIRECS;5.0;2
76300;BOT_TAKER;BOT_MAKER;VEV_6500;XIRECS;1.0;5
76400;BOT_TAKER;BOT_MAKER;VEV_5500;XIRECS;6.0;3
76500;BOT_TAKER;BOT_MAKER;HYDROGEL_PACK;XIRECS;10002.0;6
76500;BOT_MAKER;BOT_TAKER;VEV_4000;XIRECS;1244.0;2
76500;BOT_TAKER;BOT_MAKER;VEV_6000;XIRECS;1.0;4
76500;BOT_TAKER;BOT_MAKER;VEV_6000;XIRECS;1.0;4
76600;BOT_MAKER;BOT_TAKER;VEV_6500;XIRECS;0.0;3
76600;BOT_TAKER;SUBMISSION;VELVETFRUIT_EXTRACT;XIRECS;5263.0;5
76800;BOT_MAKER;BOT_TAKER;VEV_6000;XIRECS;0.0;5
76900;BOT_TAKER;BOT_MAKER;VELVETFRUIT_EXTRACT;XIRECS;5265.0;6
77000;BOT_MAKER;BOT_TAKER;HYDROGEL_PACK;XIRECS;9982.0;3
77000;BOT_TAKER;BOT_MAKER;VELVETFRUIT_EXTRACT;XIRECS;5265.0;6
77100;BOT_MAKER;BOT_TAKER;HYDROGEL_PACK;XIRECS;9983.0;5
77100;BOT_MAKER;BOT_TAKER;VELVETFRUIT_EXTRACT;XIRECS;5260.0;6
77200;BOT_TAKER;BOT_MAKER;VELVETFRUIT_EXTRACT;XIRECS;5264.0;6
77200;BOT_TAKER;BOT_MAKER;VELVETFRUIT_EXTRACT;XIRECS;5264.0;5
77200;BOT_TAKER;BOT_MAKER;VEV_6000;XIRECS;1.0;2
77500;BOT_TAKER;SUBMISSION;VEV_4000;XIRECS;1266.0;3
77600;BOT_TAKER;BOT_MAKER;HYDROGEL_PACK;XIRECS;10005.0;6
77600;BOT_MAKER;BOT_TAKER;VEV_4000;XIRECS;1247.0;2
77700;BOT_MAKER;BOT_TAKER;VEV_4000;XIRECS;1248.0;3
77800;BOT_MAKER;BOT_TAKER;HYDROGEL_PACK;XIRECS;9991.0;4
77800;BOT_MAKER;BOT_TAKER;VELVETFRUIT_EXTRACT;XIRECS;5258.0;3
77900;BOT_TAKER;BOT_MAKER;VELVETFRUIT_EXTRACT;XIRECS;5263.0;7
78000;BOT_TAKER;BOT_MAKER;VEV_5400;XIRECS;14.0;2
78000;BOT_TAKER;BOT_MAKER;VEV_6500;XIRECS;1.0;5
78100;BOT_TAKER;BOT_MAKER;VELVETFRUIT_EXTRACT;XIRECS;5261.0;8
78100;BOT_MAKER;BOT_TAKER;VEV_6500;XIRECS;0.0;4
78100;SUBMISSION;BOT_TAKER;VEV_4000;XIRECS;1249.0;2
78300;BOT_MAKER;BOT_TAKER;HYDROGEL_PACK;XIRECS;9994.0;2
78300;SUBMISSION;BOT_TAKER;VEV_4000;XIRECS;1247.0;3
78400;BOT_TAKER;BOT_MAKER;VEV_4000;XIRECS;1266.0;2
78500;BOT_MAKER;BOT_TAKER;VEV_6000;XIRECS;0.0;5
78500;BOT_TAKER;SUBMISSION;HYDROGEL_PACK;XIRECS;10007.0;2
78600;BOT_MAKER;BOT_TAKER;HYDROGEL_PACK;XIRECS;9990.0;5
78600;SUBMISSION;BOT_TAKER;HYDROGEL_PACK;XIRECS;9991.0;2
78700;BOT_MAKER;BOT_TAKER;VELVETFRUIT_EXTRACT;XIRECS;5256.0;6
78700;BOT_TAKER;BOT_MAKER;VEV_6500;XIRECS;1.0;2
78800;BOT_MAKER;BOT_TAKER;VELVETFRUIT_EXTRACT;XIRECS;5255.0;6
79000;BOT_MAKER;BOT_TAKER;HYDROGEL_PACK;XIRECS;9992.0;2
79000;BOT_MAKER;BOT_TAKER;HYDROGEL_PACK;XIRECS;9992.0;6
79000;BOT_TAKER;BOT_MAKER;VELVETFRUIT_EXTRACT;XIRECS;5262.0;6
79000;BOT_MAKER;BOT_TAKER;VEV_4000;XIRECS;1247.0;1
79100;BOT_MAKER;BOT_TAKER;HYDROGEL_PACK;XIRECS;9992.0;4
79100;BOT_TAKER;BOT_MAKER;VEV_6500;XIRECS;1.0;5
79200;BOT_TAKER;BOT_MAKER;VELVETFRUIT_EXTRACT;XIRECS;5261.0;15
79300;BOT_TAKER;BOT_MAKER;HYDROGEL_PACK;XIRECS;10007.0;2
79400;BOT_TAKER;BOT_MAKER;VEV_6500;XIRECS;1.0;2
79500;BOT_TAKER;BOT_MAKER;VELVETFRUIT_EXTRACT;XIRECS;5261.0;5
79700;BOT_TAKER;BOT_MAKER;HYDROGEL_PACK;XIRECS;10009.0;3
79700;BOT_MAKER;BOT_TAKER;VEV_4000;XIRECS;1247.0;2
79800;BOT_TAKER;BOT_MAKER;HYDROGEL_PACK;XIRECS;10010.0;6
79900;BOT_TAKER;BOT_MAKER;VEV_6500;XIRECS;1.0;4
80000;BOT_MAKER;BOT_TAKER;HYDROGEL_PACK;XIRECS;9996.0;3
80000;BOT_MAKER;BOT_TAKER;VELVETFRUIT_EXTRACT;XIRECS;5258.0;4
80100;BOT_MAKER;BOT_TAKER;VELVETFRUIT_EXTRACT;XIRECS;5258.0;7
80100;BOT_TAKER;SUBMISSION;VELVETFRUIT_EXTRACT;XIRECS;5262.0;5
80100;BOT_TAKER;BOT_MAKER;VELVETFRUIT_EXTRACT;XIRECS;5263.0;2
80300;BOT_TAKER;BOT_MAKER;HYDROGEL_PACK;XIRECS;10012.0;3
80300;BOT_TAKER;BOT_MAKER;VELVETFRUIT_EXTRACT;XIRECS;5263.0;3
80400;BOT_MAKER;BOT_TAKER;VELVETFRUIT_EXTRACT;XIRECS;5258.0;8
80400;BOT_MAKER;BOT_TAKER;VEV_5300;XIRECS;43.0;4
80400;BOT_TAKER;BOT_MAKER;VEV_5400;XIRECS;13.0;2
80400;BOT_MAKER;BOT_TAKER;VEV_6500;XIRECS;0.0;2
80500;BOT_TAKER;BOT_MAKER;VELVETFRUIT_EXTRACT;XIRECS;5261.0;6
80600;BOT_TAKER;BOT_MAKER;VELVETFRUIT_EXTRACT;XIRECS;5262.0;7
80600;BOT_TAKER;BOT_MAKER;VEV_6000;XIRECS;1.0;4
80600;BOT_TAKER;SUBMISSION;HYDROGEL_PACK;XIRECS;10016.0;4
80700;BOT_TAKER;BOT_MAKER;VELVETFRUIT_EXTRACT;XIRECS;5263.0;6
80800;BOT_TAKER;BOT_MAKER;VELVETFRUIT_EXTRACT;XIRECS;5260.0;6
80800;BOT_TAKER;BOT_MAKER;VEV_5500;XIRECS;5.0;4
80800;BOT_MAKER;BOT_TAKER;VEV_6000;XIRECS;0.0;4
80800;BOT_TAKER;SUBMISSION;VELVETFRUIT_EXTRACT;XIRECS;5259.0;3
81000;BOT_MAKER;BOT_TAKER;HYDROGEL_PACK;XIRECS;10002.0;4
81000;BOT_TAKER;BOT_MAKER;VELVETFRUIT_EXTRACT;XIRECS;5260.0;7
81100;BOT_TAKER;BOT_MAKER;VELVETFRUIT_EXTRACT;XIRECS;5258.0;7
81100;BOT_MAKER;BOT_TAKER;VEV_6000;XIRECS;0.0;4
81100;BOT_MAKER;BOT_TAKER;VEV_6500;XIRECS;0.0;5
81200;BOT_TAKER;BOT_MAKER;HYDROGEL_PACK;XIRECS;10017.0;6
81400;SUBMISSION;BOT_TAKER;VELVETFRUIT_EXTRACT;XIRECS;5255.0;5
81400;BOT_MAKER;BOT_TAKER;VELVETFRUIT_EXTRACT;XIRECS;5254.0;7
81500;BOT_MAKER;BOT_TAKER;HYDROGEL_PACK;XIRECS;10005.0;5
81500;BOT_MAKER;BOT_TAKER;VEV_6500;XIRECS;0.0;2
81700;BOT_TAKER;BOT_MAKER;HYDROGEL_PACK;XIRECS;10020.0;5
81700;BOT_MAKER;BOT_TAKER;VELVETFRUIT_EXTRACT;XIRECS;5254.0;8
81700;BOT_MAKER;BOT_TAKER;VEV_6000;XIRECS;0.0;2
81800;BOT_TAKER;BOT_MAKER;VELVETFRUIT_EXTRACT;XIRECS;5261.0;8
81800;BOT_MAKER;BOT_TAKER;VEV_5400;XIRECS;12.0;4
81800;BOT_TAKER;SUBMISSION;VELVETFRUIT_EXTRACT;XIRECS;5260.0;4
81900;BOT_TAKER;BOT_MAKER;HYDROGEL_PACK;XIRECS;10023.0;3
81900;BOT_MAKER;BOT_TAKER;VELVETFRUIT_EXTRACT;XIRECS;5254.0;6
82000;BOT_TAKER;BOT_MAKER;VEV_5200;XIRECS;94.0;3
82000;BOT_TAKER;BOT_MAKER;VEV_6000;XIRECS;1.0;5
82100;BOT_TAKER;BOT_MAKER;HYDROGEL_PACK;XIRECS;10022.0;4
82100;BOT_TAKER;BOT_MAKER;VEV_5500;XIRECS;5.0;5
82200;BOT_MAKER;BOT_TAKER;VELVETFRUIT_EXTRACT;XIRECS;5256.0;6
82200;BOT_MAKER;BOT_TAKER;VEV_5300;XIRECS;42.0;4
82300;BOT_MAKER;BOT_TAKER;VELVETFRUIT_EXTRACT;XIRECS;5255.0;7
82300;BOT_TAKER;BOT_MAKER;VEV_6500;XIRECS;1.0;5
82400;BOT_MAKER;BOT_TAKER;HYDROGEL_PACK;XIRECS;10005.0;5
82400;BOT_TAKER;BOT_MAKER;VEV_6500;XIRECS;1.0;5
82500;BOT_MAKER;BOT_TAKER;VELVETFRUIT_EXTRACT;XIRECS;5256.0;9
82500;BOT_TAKER;BOT_MAKER;VEV_4000;XIRECS;1264.0;3
82500;BOT_MAKER;BOT_TAKER;VEV_6500;XIRECS;0.0;2
82600;BOT_MAKER;BOT_TAKER;VELVETFRUIT_EXTRACT;XIRECS;5254.0;7
82600;SUBMISSION;BOT_TAKER;VELVETFRUIT_EXTRACT;XIRECS;5255.0;5
82600;BOT_MAKER;BOT_TAKER;VELVETFRUIT_EXTRACT;XIRECS;5254.0;3
82800;BOT_TAKER;BOT_MAKER;HYDROGEL_PACK;XIRECS;10018.0;4
82900;BOT_TAKER;BOT_MAKER;HYDROGEL_PACK;XIRECS;10016.0;6
82900;BOT_MAKER;BOT_TAKER;VELVETFRUIT_EXTRACT;XIRECS;5251.0;8
83100;BOT_MAKER;BOT_TAKER;HYDROGEL_PACK;XIRECS;10002.0;5
83100;BOT_TAKER;BOT_MAKER;VELVETFRUIT_EXTRACT;XIRECS;5257.0;4
83300;BOT_TAKER;BOT_MAKER;VELVETFRUIT_EXTRACT;XIRECS;5257.0;7
83300;BOT_TAKER;BOT_MAKER;VEV_6500;XIRECS;1.0;5
83400;BOT_TAKER;BOT_MAKER;VELVETFRUIT_EXTRACT;XIRECS;5258.0;7
83500;BOT_TAKER;BOT_MAKER;VELVETFRUIT_EXTRACT;XIRECS;5256.0;3
83500;SUBMISSION;BOT_TAKER;VELVETFRUIT_EXTRACT;XIRECS;5252.0;5
83500;BOT_MAKER;BOT_TAKER;VELVETFRUIT_EXTRACT;XIRECS;5251.0;6
83600;BOT_TAKER;BOT_MAKER;HYDROGEL_PACK;XIRECS;10015.0;5
83600;BOT_MAKER;BOT_TAKER;VEV_6000;XIRECS;0.0;4
83600;SUBMISSION;BOT_TAKER;VELVETFRUIT_EXTRACT;XIRECS;5253.0;4
83600;BOT_TAKER;SUBMISSION;VEV_4000;XIRECS;1263.0;3
83800;BOT_TAKER;BOT_MAKER;VELVETFRUIT_EXTRACT;XIRECS;5258.0;6
83800;SUBMISSION;BOT_TAKER;VELVETFRUIT_EXTRACT;XIRECS;5254.0;4
83900;BOT_MAKER;BOT_TAKER;VELVETFRUIT_EXTRACT;XIRECS;5253.0;8
83900;BOT_TAKER;BOT_MAKER;VEV_4000;XIRECS;1263.0;2
84000;BOT_TAKER;BOT_MAKER;HYDROGEL_PACK;XIRECS;10016.0;3
84000;BOT_MAKER;BOT_TAKER;VEV_5500;XIRECS;4.0;2
84000;BOT_TAKER;BOT_MAKER;VEV_6000;XIRECS;1.0;2
84100;BOT_TAKER;BOT_MAKER;VELVETFRUIT_EXTRACT;XIRECS;5258.0;3
84100;BOT_TAKER;BOT_MAKER;VEV_5500;XIRECS;5.0;5
84100;BOT_TAKER;BOT_MAKER;VEV_5500;XIRECS;5.0;4
84200;BOT_MAKER;BOT_TAKER;VELVETFRUIT_EXTRACT;XIRECS;5253.0;3
84300;BOT_TAKER;BOT_MAKER;VELVETFRUIT_EXTRACT;XIRECS;5257.0;3
84300;BOT_TAKER;BOT_MAKER;VEV_4000;XIRECS;1263.0;3
84400;BOT_MAKER;BOT_TAKER;HYDROGEL_PACK;XIRECS;10001.0;6
84400;BOT_MAKER;BOT_TAKER;VELVETFRUIT_EXTRACT;XIRECS;5252.0;6
84500;BOT_TAKER;BOT_MAKER;VELVETFRUIT_EXTRACT;XIRECS;5258.0;3
84500;BOT_MAKER;BOT_TAKER;VELVETFRUIT_EXTRACT;XIRECS;5252.0;5
84500;BOT_MAKER;BOT_TAKER;VEV_4000;XIRECS;1241.0;1
84600;BOT_MAKER;BOT_TAKER;VELVETFRUIT_EXTRACT;XIRECS;5253.0;7
84600;BOT_TAKER;BOT_MAKER;VEV_6500;XIRECS;1.0;5
84700;SUBMISSION;BOT_TAKER;VELVETFRUIT_EXTRACT;XIRECS;5254.0;5
84700;BOT_MAKER;BOT_TAKER;VELVETFRUIT_EXTRACT;XIRECS;5253.0;3
84800;BOT_TAKER;BOT_MAKER;VELVETFRUIT_EXTRACT;XIRECS;5259.0;4
84800;BOT_MAKER;BOT_TAKER;VEV_6000;XIRECS;0.0;5
84800;BOT_MAKER;BOT_TAKER;VEV_6000;XIRECS;0.0;2
84900;BOT_TAKER;BOT_MAKER;HYDROGEL_PACK;XIRECS;10018.0;3
84900;BOT_TAKER;BOT_MAKER;VEV_6500;XIRECS;1.0;4
85000;BOT_TAKER;BOT_MAKER;HYDROGEL_PACK;XIRECS;10016.0;5
85000;BOT_TAKER;BOT_MAKER;VELVETFRUIT_EXTRACT;XIRECS;5257.0;4
85000;BOT_MAKER;BOT_TAKER;VEV_4000;XIRECS;1246.0;2
85100;BOT_MAKER;BOT_TAKER;VEV_5400;XIRECS;15.0;3
85100;BOT_MAKER;BOT_TAKER;VEV_6500;XIRECS;0.0;2
85300;BOT_TAKER;BOT_MAKER;VEV_4000;XIRECS;1267.0;1
85400;BOT_MAKER;BOT_TAKER;HYDROGEL_PACK;XIRECS;10001.0;3
85400;BOT_TAKER;BOT_MAKER;VELVETFRUIT_EXTRACT;XIRECS;5254.0;10
85400;BOT_TAKER;BOT_MAKER;VEV_4000;XIRECS;1267.0;3
85500;BOT_MAKER;BOT_TAKER;HYDROGEL_PACK;XIRECS;10004.0;3
85600;BOT_TAKER;BOT_MAKER;VELVETFRUIT_EXTRACT;XIRECS;5253.0;7
85600;BOT_MAKER;BOT_TAKER;VEV_6000;XIRECS;0.0;2
85700;BOT_MAKER;BOT_TAKER;HYDROGEL_PACK;XIRECS;10003.0;5
85900;BOT_MAKER;BOT_TAKER;VELVETFRUIT_EXTRACT;XIRECS;5250.0;13
85900;BOT_MAKER;BOT_TAKER;VELVETFRUIT_EXTRACT;XIRECS;5250.0;7
86100;BOT_TAKER;BOT_MAKER;HYDROGEL_PACK;XIRECS;10023.0;4
86300;BOT_MAKER;BOT_TAKER;VELVETFRUIT_EXTRACT;XIRECS;5248.0;6
86300;BOT_MAKER;BOT_TAKER;VEV_5400;XIRECS;14.0;2
86300;BOT_TAKER;BOT_MAKER;VEV_5500;XIRECS;5.0;4
86300;BOT_MAKER;BOT_TAKER;VEV_6000;XIRECS;0.0;2
86500;BOT_MAKER;BOT_TAKER;VEV_5400;XIRECS;15.0;4
86500;BOT_TAKER;BOT_MAKER;VEV_6000;XIRECS;1.0;2
86700;BOT_MAKER;BOT_TAKER;VEV_6000;XIRECS;0.0;2
86800;BOT_TAKER;BOT_MAKER;HYDROGEL_PACK;XIRECS;10024.0;3
86900;BOT_TAKER;BOT_MAKER;HYDROGEL_PACK;XIRECS;10025.0;3
87000;BOT_MAKER;BOT_TAKER;HYDROGEL_PACK;XIRECS;10010.0;6
87000;BOT_TAKER;BOT_MAKER;VEV_4000;XIRECS;1264.0;1
87000;BOT_MAKER;BOT_TAKER;VEV_5500;XIRECS;4.0;2
87100;BOT_TAKER;BOT_MAKER;HYDROGEL_PACK;XIRECS;10025.0;4
87300;BOT_TAKER;SUBMISSION;VELVETFRUIT_EXTRACT;XIRECS;5251.0;5
87400;BOT_MAKER;BOT_TAKER;HYDROGEL_PACK;XIRECS;10007.0;3
87400;BOT_MAKER;BOT_TAKER;VELVETFRUIT_EXTRACT;XIRECS;5247.0;15
87400;BOT_MAKER;BOT_TAKER;VEV_5400;XIRECS;14.0;5
87400;BOT_MAKER;BOT_TAKER;VEV_5500;XIRECS;3.0;5
87500;BOT_MAKER;BOT_TAKER;VELVETFRUIT_EXTRACT;XIRECS;5249.0;3
87500;BOT_MAKER;BOT_TAKER;VEV_4000;XIRECS;1247.0;1
87600;BOT_TAKER;BOT_MAKER;HYDROGEL_PACK;XIRECS;10023.0;5
87700;BOT_TAKER;BOT_MAKER;VEV_4000;XIRECS;1267.0;3
87700;SUBMISSION;BOT_TAKER;VELVETFRUIT_EXTRACT;XIRECS;5247.0;5
87700;BOT_MAKER;BOT_TAKER;VELVETFRUIT_EXTRACT;XIRECS;5246.0;3
87800;BOT_TAKER;BOT_MAKER;VELVETFRUIT_EXTRACT;XIRECS;5250.0;3
87800;BOT_MAKER;BOT_TAKER;VEV_4000;XIRECS;1244.0;3
87800;BOT_TAKER;SUBMISSION;VEV_4000;XIRECS;1265.0;1
87900;BOT_MAKER;BOT_TAKER;HYDROGEL_PACK;XIRECS;10006.0;6
87900;BOT_MAKER;BOT_TAKER;VEV_4000;XIRECS;1245.0;1
87900;BOT_TAKER;BOT_MAKER;VEV_6500;XIRECS;1.0;2
87900;BOT_TAKER;SUBMISSION;HYDROGEL_PACK;XIRECS;10021.0;5
87900;BOT_TAKER;BOT_MAKER;HYDROGEL_PACK;XIRECS;10022.0;1
88000;BOT_MAKER;BOT_TAKER;HYDROGEL_PACK;XIRECS;10004.0;6
88000;BOT_TAKER;BOT_MAKER;VELVETFRUIT_EXTRACT;XIRECS;5251.0;6
88000;BOT_TAKER;BOT_MAKER;VEV_4000;XIRECS;1266.0;1
88000;BOT_TAKER;BOT_MAKER;VEV_5300;XIRECS;48.0;2
88100;BOT_MAKER;BOT_TAKER;HYDROGEL_PACK;XIRECS;10008.0;3
88100;BOT_TAKER;BOT_MAKER;VELVETFRUIT_EXTRACT;XIRECS;5252.0;5
88100;BOT_MAKER;BOT_TAKER;VEV_6500;XIRECS;0.0;3
88100;BOT_TAKER;SUBMISSION;HYDROGEL_PACK;XIRECS;10023.0;5
88200;BOT_TAKER;BOT_MAKER;HYDROGEL_PACK;XIRECS;10026.0;4
88200;BOT_MAKER;BOT_TAKER;VELVETFRUIT_EXTRACT;XIRECS;5247.0;6
88300;BOT_MAKER;BOT_TAKER;HYDROGEL_PACK;XIRECS;10012.0;4
88300;BOT_MAKER;BOT_TAKER;VEV_4000;XIRECS;1245.0;2
88300;BOT_TAKER;BOT_MAKER;VEV_5500;XIRECS;5.0;3
88400;BOT_TAKER;BOT_MAKER;HYDROGEL_PACK;XIRECS;10027.0;6
88400;BOT_TAKER;BOT_MAKER;VEV_6500;XIRECS;1.0;4
88500;BOT_TAKER;BOT_MAKER;HYDROGEL_PACK;XIRECS;10027.0;5
88600;BOT_MAKER;BOT_TAKER;VELVETFRUIT_EXTRACT;XIRECS;5246.0;5
88800;BOT_TAKER;BOT_MAKER;VELVETFRUIT_EXTRACT;XIRECS;5253.0;8
88900;BOT_MAKER;BOT_TAKER;VELVETFRUIT_EXTRACT;XIRECS;5247.0;3
89000;SUBMISSION;BOT_TAKER;VEV_4000;XIRECS;1249.0;3
89100;BOT_MAKER;BOT_TAKER;VELVETFRUIT_EXTRACT;XIRECS;5249.0;5
89300;BOT_TAKER;BOT_MAKER;HYDROGEL_PACK;XIRECS;10020.0;5
89300;BOT_MAKER;BOT_TAKER;VEV_6000;XIRECS;0.0;4
89300;BOT_TAKER;BOT_MAKER;VEV_6500;XIRECS;1.0;4
89400;BOT_MAKER;BOT_TAKER;VEV_4000;XIRECS;1245.0;2
89500;BOT_MAKER;BOT_TAKER;HYDROGEL_PACK;XIRECS;10006.0;3
89500;BOT_MAKER;BOT_TAKER;VEV_5500;XIRECS;3.0;2
89500;BOT_TAKER;BOT_MAKER;VEV_6000;XIRECS;1.0;5
89600;BOT_TAKER;BOT_MAKER;VEV_5400;XIRECS;13.0;3
89700;BOT_TAKER;BOT_MAKER;VELVETFRUIT_EXTRACT;XIRECS;5254.0;8
90000;BOT_TAKER;BOT_MAKER;HYDROGEL_PACK;XIRECS;10030.0;2
90100;BOT_TAKER;BOT_MAKER;VELVETFRUIT_EXTRACT;XIRECS;5254.0;12
90100;BOT_MAKER;BOT_TAKER;VEV_5400;XIRECS;11.0;5
90200;BOT_TAKER;BOT_MAKER;VELVETFRUIT_EXTRACT;XIRECS;5253.0;7
90200;BOT_MAKER;BOT_TAKER;VEV_4000;XIRECS;1245.0;3
90200;BOT_TAKER;SUBMISSION;VELVETFRUIT_EXTRACT;XIRECS;5252.0;5
90200;BOT_TAKER;BOT_MAKER;VELVETFRUIT_EXTRACT;XIRECS;5253.0;2
90300;BOT_TAKER;BOT_MAKER;VELVETFRUIT_EXTRACT;XIRECS;5254.0;5
90300;BOT_TAKER;BOT_MAKER;VEV_5500;XIRECS;4.0;5
90400;BOT_MAKER;BOT_TAKER;HYDROGEL_PACK;XIRECS;10014.0;2
90400;BOT_MAKER;BOT_TAKER;VELVETFRUIT_EXTRACT;XIRECS;5248.0;6
90400;BOT_TAKER;BOT_MAKER;VEV_4000;XIRECS;1267.0;3
90500;BOT_TAKER;BOT_MAKER;HYDROGEL_PACK;XIRECS;10027.0;4
90800;BOT_TAKER;BOT_MAKER;VELVETFRUIT_EXTRACT;XIRECS;5253.0;8
90800;BOT_MAKER;BOT_TAKER;VEV_4000;XIRECS;1247.0;3
90900;BOT_MAKER;BOT_TAKER;VELVETFRUIT_EXTRACT;XIRECS;5247.0;8
90900;BOT_TAKER;SUBMISSION;VELVETFRUIT_EXTRACT;XIRECS;5251.0;5
91000;BOT_TAKER;BOT_MAKER;VELVETFRUIT_EXTRACT;XIRECS;5252.0;7
91100;BOT_MAKER;BOT_TAKER;HYDROGEL_PACK;XIRECS;10013.0;5
91100;BOT_MAKER;BOT_TAKER;VELVETFRUIT_EXTRACT;XIRECS;5249.0;5
91200;BOT_TAKER;BOT_MAKER;VEV_5500;XIRECS;5.0;4
91400;BOT_MAKER;BOT_TAKER;VELVETFRUIT_EXTRACT;XIRECS;5249.0;7
91400;BOT_MAKER;BOT_TAKER;VEV_6500;XIRECS;0.0;5
91500;BOT_TAKER;SUBMISSION;HYDROGEL_PACK;XIRECS;10021.0;2
91600;BOT_TAKER;BOT_MAKER;HYDROGEL_PACK;XIRECS;10023.0;6
91800;BOT_MAKER;BOT_TAKER;VEV_5500;XIRECS;4.0;5
91800;BOT_TAKER;BOT_MAKER;VEV_6500;XIRECS;1.0;4
91900;BOT_TAKER;BOT_MAKER;HYDROGEL_PACK;XIRECS;10022.0;2
91900;BOT_TAKER;BOT_MAKER;VELVETFRUIT_EXTRACT;XIRECS;5253.0;3
91900;BOT_TAKER;BOT_MAKER;VEV_5500;XIRECS;5.0;4
91900;BOT_TAKER;BOT_MAKER;VEV_6500;XIRECS;1.0;4
92000;SUBMISSION;BOT_TAKER;VEV_4000;XIRECS;1249.0;1
92100;BOT_TAKER;BOT_MAKER;HYDROGEL_PACK;XIRECS;10022.0;6
92100;BOT_TAKER;BOT_MAKER;VELVETFRUIT_EXTRACT;XIRECS;5252.0;5
92100;SUBMISSION;BOT_TAKER;VELVETFRUIT_EXTRACT;XIRECS;5248.0;4
92200;BOT_MAKER;BOT_TAKER;VEV_5400;XIRECS;11.0;4
92200;BOT_MAKER;BOT_TAKER;VEV_6500;XIRECS;0.0;3
92300;BOT_TAKER;BOT_MAKER;HYDROGEL_PACK;XIRECS;10023.0;2
92400;BOT_TAKER;BOT_MAKER;VELVETFRUIT_EXTRACT;XIRECS;5251.0;6
92400;BOT_TAKER;SUBMISSION;VEV_4000;XIRECS;1272.0;3
92500;BOT_MAKER;BOT_TAKER;HYDROGEL_PACK;XIRECS;10005.0;3
92600;BOT_TAKER;BOT_MAKER;HYDROGEL_PACK;XIRECS;10024.0;2
92600;BOT_TAKER;BOT_MAKER;VEV_6000;XIRECS;1.0;2
92700;BOT_MAKER;BOT_TAKER;HYDROGEL_PACK;XIRECS;10007.0;2
92700;BOT_TAKER;BOT_MAKER;VELVETFRUIT_EXTRACT;XIRECS;5251.0;3
92700;BOT_TAKER;BOT_MAKER;VEV_5200;XIRECS;84.0;4
92800;BOT_TAKER;BOT_MAKER;VELVETFRUIT_EXTRACT;XIRECS;5250.0;7
92800;BOT_TAKER;BOT_MAKER;VEV_5500;XIRECS;5.0;5
92800;BOT_MAKER;BOT_TAKER;VEV_6500;XIRECS;0.0;4
92900;BOT_TAKER;BOT_MAKER;VEV_4000;XIRECS;1274.0;3
92900;BOT_TAKER;BOT_MAKER;VEV_5300;XIRECS;50.0;3
93000;BOT_MAKER;BOT_TAKER;HYDROGEL_PACK;XIRECS;10006.0;6
93000;BOT_TAKER;BOT_MAKER;VEV_6000;XIRECS;1.0;3
93200;BOT_MAKER;BOT_TAKER;HYDROGEL_PACK;XIRECS;10006.0;2
93200;BOT_MAKER;BOT_TAKER;VEV_5400;XIRECS;12.0;5
93300;BOT_TAKER;BOT_MAKER;HYDROGEL_PACK;XIRECS;10024.0;3
93300;BOT_MAKER;BOT_TAKER;VEV_5500;XIRECS;4.0;5
93500;BOT_MAKER;BOT_TAKER;VEV_4000;XIRECS;1252.0;1
93700;BOT_TAKER;BOT_MAKER;VEV_5400;XIRECS;14.0;5
93800;BOT_TAKER;BOT_MAKER;VEV_5500;XIRECS;5.0;5
93800;BOT_MAKER;BOT_TAKER;VEV_5500;XIRECS;4.0;3
93900;BOT_MAKER;BOT_TAKER;HYDROGEL_PACK;XIRECS;10008.0;6
93900;BOT_TAKER;BOT_MAKER;VEV_4000;XIRECS;1272.0;3
94000;BOT_TAKER;BOT_MAKER;HYDROGEL_PACK;XIRECS;10022.0;3
94000;BOT_TAKER;BOT_MAKER;VELVETFRUIT_EXTRACT;XIRECS;5250.0;4
94100;BOT_TAKER;SUBMISSION;HYDROGEL_PACK;XIRECS;10022.0;3
94200;BOT_TAKER;BOT_MAKER;HYDROGEL_PACK;XIRECS;10023.0;3
94200;BOT_TAKER;BOT_MAKER;VELVETFRUIT_EXTRACT;XIRECS;5250.0;5
94200;BOT_TAKER;BOT_MAKER;VEV_4000;XIRECS;1272.0;1
94200;BOT_TAKER;SUBMISSION;HYDROGEL_PACK;XIRECS;10022.0;5
94400;BOT_MAKER;BOT_TAKER;VEV_5300;XIRECS;50.0;4
94500;BOT_MAKER;BOT_TAKER;HYDROGEL_PACK;XIRECS;10007.0;2
94500;BOT_TAKER;BOT_MAKER;VELVETFRUIT_EXTRACT;XIRECS;5250.0;3
94500;BOT_MAKER;BOT_TAKER;VEV_6000;XIRECS;0.0;3
94600;BOT_MAKER;BOT_TAKER;VELVETFRUIT_EXTRACT;XIRECS;5245.0;7
94600;BOT_MAKER;BOT_TAKER;VEV_4000;XIRECS;1249.0;1
94700;BOT_MAKER;BOT_TAKER;HYDROGEL_PACK;XIRECS;10008.0;4
94700;BOT_TAKER;BOT_MAKER;VELVETFRUIT_EXTRACT;XIRECS;5251.0;6
94700;BOT_MAKER;BOT_TAKER;VEV_6500;XIRECS;0.0;4
94800;BOT_MAKER;BOT_TAKER;HYDROGEL_PACK;XIRECS;10008.0;2
94800;BOT_TAKER;BOT_MAKER;VELVETFRUIT_EXTRACT;XIRECS;5251.0;5
94800;BOT_TAKER;BOT_MAKER;VEV_4000;XIRECS;1269.0;2
94900;BOT_MAKER;BOT_TAKER;VEV_6500;XIRECS;0.0;3
94900;BOT_TAKER;SUBMISSION;HYDROGEL_PACK;XIRECS;10020.0;5
94900;BOT_TAKER;BOT_MAKER;HYDROGEL_PACK;XIRECS;10021.0;1
95000;BOT_TAKER;BOT_MAKER;VEV_4000;XIRECS;1270.0;3
95100;BOT_TAKER;BOT_MAKER;HYDROGEL_PACK;XIRECS;10018.0;3
95100;BOT_MAKER;BOT_TAKER;VELVETFRUIT_EXTRACT;XIRECS;5249.0;3
95100;BOT_TAKER;BOT_MAKER;VEV_5300;XIRECS;53.0;4
95100;BOT_MAKER;BOT_TAKER;VEV_5500;XIRECS;5.0;5
95200;BOT_MAKER;BOT_TAKER;VELVETFRUIT_EXTRACT;XIRECS;5248.0;4
95300;BOT_MAKER;BOT_TAKER;VEV_6000;XIRECS;0.0;5
95400;BOT_TAKER;BOT_MAKER;VEV_4000;XIRECS;1268.0;2
95400;BOT_TAKER;SUBMISSION;HYDROGEL_PACK;XIRECS;10014.0;5
95400;BOT_TAKER;BOT_MAKER;HYDROGEL_PACK;XIRECS;10015.0;1
95500;BOT_MAKER;BOT_TAKER;HYDROGEL_PACK;XIRECS;9999.0;4
95500;BOT_MAKER;BOT_TAKER;HYDROGEL_PACK;XIRECS;9999.0;2
95500;BOT_TAKER;BOT_MAKER;VEV_6000;XIRECS;1.0;5
95600;BOT_MAKER;BOT_TAKER;VEV_4000;XIRECS;1248.0;2
95800;BOT_MAKER;BOT_TAKER;VEV_6500;XIRECS;0.0;5
95900;BOT_MAKER;BOT_TAKER;VELVETFRUIT_EXTRACT;XIRECS;5249.0;7
96000;BOT_MAKER;BOT_TAKER;HYDROGEL_PACK;XIRECS;10000.0;6
96100;SUBMISSION;BOT_TAKER;HYDROGEL_PACK;XIRECS;10000.0;5
96100;BOT_MAKER;BOT_TAKER;HYDROGEL_PACK;XIRECS;9999.0;1
96100;BOT_TAKER;SUBMISSION;VELVETFRUIT_EXTRACT;XIRECS;5254.0;5
96100;BOT_TAKER;BOT_MAKER;VELVETFRUIT_EXTRACT;XIRECS;5255.0;1
96300;BOT_TAKER;BOT_MAKER;VELVETFRUIT_EXTRACT;XIRECS;5254.0;7
96400;BOT_MAKER;BOT_TAKER;VELVETFRUIT_EXTRACT;XIRECS;5248.0;6
96500;BOT_MAKER;BOT_TAKER;VELVETFRUIT_EXTRACT;XIRECS;5247.0;5
96500;BOT_MAKER;BOT_TAKER;VEV_6000;XIRECS;0.0;2
96700;BOT_TAKER;BOT_MAKER;VEV_5500;XIRECS;6.0;5
96800;BOT_TAKER;BOT_MAKER;HYDROGEL_PACK;XIRECS;10019.0;2
96800;BOT_MAKER;BOT_TAKER;VELVETFRUIT_EXTRACT;XIRECS;5248.0;8
96800;BOT_MAKER;BOT_TAKER;VEV_5400;XIRECS;11.0;4
96800;BOT_MAKER;BOT_TAKER;VEV_5500;XIRECS;5.0;5
96900;BOT_TAKER;BOT_MAKER;HYDROGEL_PACK;XIRECS;10019.0;6
96900;BOT_MAKER;BOT_TAKER;VEV_5500;XIRECS;5.0;4
97000;BOT_MAKER;BOT_TAKER;VEV_6000;XIRECS;0.0;2
97100;BOT_TAKER;BOT_MAKER;VELVETFRUIT_EXTRACT;XIRECS;5252.0;6
97100;BOT_MAKER;BOT_TAKER;VEV_5300;XIRECS;53.0;4
97200;BOT_MAKER;BOT_TAKER;VELVETFRUIT_EXTRACT;XIRECS;5248.0;8
97300;BOT_MAKER;BOT_TAKER;VEV_5400;XIRECS;12.0;3
97300;BOT_MAKER;BOT_TAKER;VEV_5500;XIRECS;5.0;2
97400;BOT_MAKER;BOT_TAKER;VELVETFRUIT_EXTRACT;XIRECS;5250.0;4
97500;BOT_MAKER;BOT_TAKER;VELVETFRUIT_EXTRACT;XIRECS;5250.0;6
97500;BOT_TAKER;BOT_MAKER;VELVETFRUIT_EXTRACT;XIRECS;5255.0;8
97600;BOT_MAKER;BOT_TAKER;HYDROGEL_PACK;XIRECS;9996.0;2
97600;BOT_MAKER;BOT_TAKER;VELVETFRUIT_EXTRACT;XIRECS;5248.0;5
97700;BOT_MAKER;BOT_TAKER;HYDROGEL_PACK;XIRECS;9998.0;5
97700;BOT_MAKER;BOT_TAKER;VELVETFRUIT_EXTRACT;XIRECS;5248.0;3
97700;BOT_TAKER;BOT_MAKER;VEV_5500;XIRECS;6.0;5
97800;SUBMISSION;BOT_TAKER;HYDROGEL_PACK;XIRECS;9994.0;4
98000;BOT_MAKER;BOT_TAKER;VEV_4000;XIRECS;1249.0;2
98000;BOT_TAKER;BOT_MAKER;VEV_5500;XIRECS;6.0;5
98000;BOT_TAKER;BOT_MAKER;VEV_6500;XIRECS;1.0;4
98100;BOT_MAKER;BOT_TAKER;HYDROGEL_PACK;XIRECS;9992.0;2
98200;BOT_TAKER;BOT_MAKER;VEV_6500;XIRECS;1.0;2
98400;BOT_MAKER;BOT_TAKER;VEV_4000;XIRECS;1250.0;2
98500;BOT_MAKER;BOT_TAKER;VEV_5500;XIRECS;5.0;4
98600;BOT_TAKER;BOT_MAKER;HYDROGEL_PACK;XIRECS;10003.0;4
98600;BOT_TAKER;BOT_MAKER;VELVETFRUIT_EXTRACT;XIRECS;5250.0;7
98600;BOT_TAKER;BOT_MAKER;VEV_5500;XIRECS;6.0;5
98600;BOT_TAKER;BOT_MAKER;VEV_6000;XIRECS;1.0;5
98900;BOT_TAKER;SUBMISSION;HYDROGEL_PACK;XIRECS;10004.0;3
99200;BOT_MAKER;BOT_TAKER;VEV_5500;XIRECS;5.0;2
99200;BOT_TAKER;SUBMISSION;VELVETFRUIT_EXTRACT;XIRECS;5250.0;5
99200;BOT_TAKER;BOT_MAKER;VELVETFRUIT_EXTRACT;XIRECS;5251.0;3
99300;BOT_TAKER;BOT_MAKER;VELVETFRUIT_EXTRACT;XIRECS;5252.0;6
99300;BOT_TAKER;BOT_MAKER;VELVETFRUIT_EXTRACT;XIRECS;5252.0;8
99300;SUBMISSION;BOT_TAKER;VELVETFRUIT_EXTRACT;XIRECS;5247.0;5
99300;BOT_MAKER;BOT_TAKER;VELVETFRUIT_EXTRACT;XIRECS;5246.0;3
99500;BOT_MAKER;BOT_TAKER;VELVETFRUIT_EXTRACT;XIRECS;5248.0;3
99700;BOT_TAKER;BOT_MAKER;VEV_5200;XIRECS;83.0;5
99700;BOT_TAKER;BOT_MAKER;VEV_5500;XIRECS;5.0;5
99700;BOT_TAKER;SUBMISSION;VELVETFRUIT_EXTRACT;XIRECS;5250.0;5
99700;BOT_TAKER;BOT_MAKER;VELVETFRUIT_EXTRACT;XIRECS;5251.0;1
99900;BOT_MAKER;BOT_TAKER;VELVETFRUIT_EXTRACT;XIRECS;5247.0;4
