timestamp;buyer;seller;symbol;currency;price;quantity
500;BOT_TAKER;SUBMISSION;GALAXY_SOUNDS_DARK_MATTER;XIRECS;10019.0;3
500;BOT_TAKER;SUBMISSION;GALAXY_SOUNDS_BLACK_HOLES;XIRECS;10010.0;3
500;BOT_TAKER;SUBMISSION;GALAXY_SOUNDS_PLANETARY_RINGS;XIRECS;10044.0;3
500;BOT_TAKER;SUBMISSION;GALAXY_SOUNDS_SOLAR_WINDS;XIRECS;10007.0;3
500;BOT_TAKER;BOT_MAKER;GALAXY_SOUNDS_SOLAR_FLAMES;XIRECS;9993.0;3
500;BOT_TAKER;SUBMISSION;SLEEP_POD_SUEDE;XIRECS;10039.0;3
500;BOT_TAKER;BOT_MAKER;SLEEP_POD_LAMB_WOOL;XIRECS;9995.0;3
500;BOT_TAKER;SUBMISSION;SLEEP_POD_POLYESTER;XIRECS;10027.0;3
500;BOT_TAKER;BOT_MAKER;SLEEP_POD_NYLON;XIRECS;9962.0;3
500;BOT_TAKER;SUBMISSION;SLEEP_POD_COTTON;XIRECS;10043.0;3
500;BOT_TAKER;BOT_MAKER;ROBOT_VACUUMING;XIRECS;9992.0;3
500;BOT_TAKER;SUBMISSION;ROBOT_MOPPING;XIRECS;9998.0;3
500;BOT_TAKER;BOT_MAKER;ROBOT_DISHES;XIRECS;9984.0;3
500;BOT_TAKER;BOT_MAKER;ROBOT_LAUNDRY;XIRECS;10003.0;3
500;BOT_TAKER;SUBMISSION;ROBOT_IRONING;XIRECS;10018.0;3
500;BOT_TAKER;SUBMISSION;UV_VISOR_YELLOW;XIRECS;9960.0;3
500;BOT_TAKER;SUBMISSION;UV_VISOR_AMBER;XIRECS;9968.0;3
500;BOT_TAKER;SUBMISSION;UV_VISOR_ORANGE;XIRECS;10008.0;3
500;BOT_TAKER;BOT_MAKER;UV_VISOR_RED;XIRECS;9980.0;3
500;BOT_TAKER;SUBMISSION;UV_VISOR_MAGENTA;XIRECS;10018.0;3
500;BOT_TAKER;SUBMISSION;TRANSLATOR_SPACE_GRAY;XIRECS;9984.0;3
500;BOT_TAKER;BOT_MAKER;TRANSLATOR_ASTRO_BLACK;XIRECS;9989.0;3
500;BOT_TAKER;SUBMISSION;TRANSLATOR_ECLIPSE_CHARCOAL;XIRECS;10026.0;3
500;BOT_TAKER;SUBMISSION;TRANSLATOR_GRAPHITE_MIST;XIRECS;10023.0;3
500;BOT_TAKER;SUBMISSION;TRANSLATOR_VOID_BLUE;XIRECS;10011.0;3
500;BOT_TAKER;SUBMISSION;PANEL_1X2;XIRECS;9998.0;3
500;BOT_TAKER;SUBMISSION;PANEL_2X2;XIRECS;9987.0;3
500;BOT_TAKER;SUBMISSION;PANEL_1X4;XIRECS;10019.0;3
500;BOT_TAKER;BOT_MAKER;PANEL_2X4;XIRECS;9990.0;3
500;BOT_TAKER;SUBMISSION;PANEL_4X4;XIRECS;9979.0;3
500;BOT_TAKER;SUBMISSION;OXYGEN_SHAKE_MORNING_BREATH;XIRECS;9988.0;3
500;BOT_TAKER;SUBMISSION;OXYGEN_SHAKE_EVENING_BREATH;XIRECS;10003.0;3
500;BOT_TAKER;SUBMISSION;OXYGEN_SHAKE_MINT;XIRECS;10013.0;3
500;BOT_TAKER;SUBMISSION;OXYGEN_SHAKE_CHOCOLATE;XIRECS;10016.0;3
500;BOT_TAKER;SUBMISSION;OXYGEN_SHAKE_GARLIC;XIRECS;10025.0;3
500;BOT_TAKER;SUBMISSION;SNACKPACK_CHOCOLATE;XIRECS;10014.0;3
500;BOT_TAKER;BOT_MAKER;SNACKPACK_VANILLA;XIRECS;10028.0;3
500;BOT_TAKER;SUBMISSION;SNACKPACK_PISTACHIO;XIRECS;10092.0;3
500;BOT_TAKER;SUBMISSION;SNACKPACK_STRAWBERRY;XIRECS;10171.0;3
500;BOT_TAKER;BOT_MAKER;SNACKPACK_RASPBERRY;XIRECS;9849.0;3
2400;SUBMISSION;BOT_TAKER;MICROCHIP_CIRCLE;XIRECS;10020.0;1
2400;SUBMISSION;BOT_TAKER;MICROCHIP_OVAL;XIRECS;9874.0;1
2400;SUBMISSION;BOT_TAKER;MICROCHIP_SQUARE;XIRECS;10009.0;1
2400;SUBMISSION;BOT_TAKER;MICROCHIP_RECTANGLE;XIRECS;9841.0;1
2400;BOT_MAKER;BOT_TAKER;MICROCHIP_TRIANGLE;XIRECS;10053.0;1
3800;SUBMISSION;BOT_TAKER;PEBBLES_XS;XIRECS;9937.0;4
3800;BOT_MAKER;BOT_TAKER;PEBBLES_S;XIRECS;10071.0;4
3800;SUBMISSION;BOT_TAKER;PEBBLES_M;XIRECS;9931.0;4
3800;SUBMISSION;BOT_TAKER;PEBBLES_L;XIRECS;10012.0;4
3800;BOT_MAKER;BOT_TAKER;PEBBLES_XL;XIRECS;10021.0;4
4500;SUBMISSION;BOT_TAKER;GALAXY_SOUNDS_DARK_MATTER;XIRECS;9994.0;2
4500;SUBMISSION;BOT_TAKER;GALAXY_SOUNDS_BLACK_HOLES;XIRECS;10058.0;2
4500;SUBMISSION;BOT_TAKER;GALAXY_SOUNDS_PLANETARY_RINGS;XIRECS;10008.0;2
4500;SUBMISSION;BOT_TAKER;GALAXY_SOUNDS_SOLAR_WINDS;XIRECS;9892.0;2
4500;SUBMISSION;BOT_TAKER;GALAXY_SOUNDS_SOLAR_FLAMES;XIRECS;9988.0;2
4500;SUBMISSION;BOT_TAKER;SLEEP_POD_SUEDE;XIRECS;9954.0;2
4500;BOT_MAKER;BOT_TAKER;SLEEP_POD_LAMB_WOOL;XIRECS;10073.0;2
4500;SUBMISSION;BOT_TAKER;SLEEP_POD_POLYESTER;XIRECS;10091.0;2
4500;BOT_MAKER;BOT_TAKER;SLEEP_POD_NYLON;XIRECS;10035.0;2
4500;SUBMISSION;BOT_TAKER;SLEEP_POD_COTTON;XIRECS;10013.0;2
4500;BOT_MAKER;BOT_TAKER;ROBOT_VACUUMING;XIRECS;10004.0;2
4500;SUBMISSION;BOT_TAKER;ROBOT_MOPPING;XIRECS;10125.0;2
4500;SUBMISSION;BOT_TAKER;ROBOT_DISHES;XIRECS;9896.0;2
4500;SUBMISSION;BOT_TAKER;ROBOT_LAUNDRY;XIRECS;9935.0;2
4500;SUBMISSION;BOT_TAKER;ROBOT_IRONING;XIRECS;10093.0;2
4500;SUBMISSION;BOT_TAKER;UV_VISOR_YELLOW;XIRECS;9936.0;2
4500;SUBMISSION;BOT_TAKER;UV_VISOR_AMBER;XIRECS;9935.0;2
4500;SUBMISSION;BOT_TAKER;UV_VISOR_ORANGE;XIRECS;9835.0;2
4500;BOT_MAKER;BOT_TAKER;UV_VISOR_RED;XIRECS;10018.0;2
4500;BOT_MAKER;BOT_TAKER;UV_VISOR_MAGENTA;XIRECS;10095.0;2
4500;SUBMISSION;BOT_TAKER;TRANSLATOR_SPACE_GRAY;XIRECS;10008.0;2
4500;SUBMISSION;BOT_TAKER;TRANSLATOR_ASTRO_BLACK;XIRECS;9992.0;2
4500;SUBMISSION;BOT_TAKER;TRANSLATOR_ECLIPSE_CHARCOAL;XIRECS;9973.0;2
4500;SUBMISSION;BOT_TAKER;TRANSLATOR_GRAPHITE_MIST;XIRECS;9982.0;2
4500;BOT_MAKER;BOT_TAKER;TRANSLATOR_VOID_BLUE;XIRECS;10075.0;2
4500;SUBMISSION;BOT_TAKER;PANEL_1X2;XIRECS;10048.0;2
4500;SUBMISSION;BOT_TAKER;PANEL_2X2;XIRECS;9992.0;2
4500;SUBMISSION;BOT_TAKER;PANEL_1X4;XIRECS;9977.0;2
4500;BOT_MAKER;BOT_TAKER;PANEL_2X4;XIRECS;10021.0;2
4500;SUBMISSION;BOT_TAKER;PANEL_4X4;XIRECS;10058.0;2
4500;SUBMISSION;BOT_TAKER;OXYGEN_SHAKE_MORNING_BREATH;XIRECS;9975.0;2
4500;SUBMISSION;BOT_TAKER;OXYGEN_SHAKE_EVENING_BREATH;XIRECS;9911.0;2
4500;SUBMISSION;BOT_TAKER;OXYGEN_SHAKE_MINT;XIRECS;9908.0;2
4500;SUBMISSION;BOT_TAKER;OXYGEN_SHAKE_CHOCOLATE;XIRECS;9924.0;2
4500;SUBMISSION;BOT_TAKER;OXYGEN_SHAKE_GARLIC;XIRECS;10040.0;2
4500;SUBMISSION;BOT_TAKER;SNACKPACK_CHOCOLATE;XIRECS;9907.0;2
4500;BOT_MAKER;BOT_TAKER;SNACKPACK_VANILLA;XIRECS;10121.0;2
4500;SUBMISSION;BOT_TAKER;SNACKPACK_PISTACHIO;XIRECS;10056.0;2
4500;BOT_MAKER;BOT_TAKER;SNACKPACK_STRAWBERRY;XIRECS;10132.0;2
4500;SUBMISSION;BOT_TAKER;SNACKPACK_RASPBERRY;XIRECS;9848.0;2
7700;SUBMISSION;BOT_TAKER;MICROCHIP_CIRCLE;XIRECS;10004.0;1
7700;SUBMISSION;BOT_TAKER;MICROCHIP_OVAL;XIRECS;9802.0;1
7700;SUBMISSION;BOT_TAKER;MICROCHIP_SQUARE;XIRECS;10003.0;1
7700;SUBMISSION;BOT_TAKER;MICROCHIP_RECTANGLE;XIRECS;9778.0;1
7700;BOT_MAKER;BOT_TAKER;MICROCHIP_TRIANGLE;XIRECS;10047.0;1
8200;BOT_TAKER;SUBMISSION;MICROCHIP_CIRCLE;XIRECS;10009.0;1
8200;BOT_TAKER;SUBMISSION;MICROCHIP_OVAL;XIRECS;9813.0;1
8200;BOT_TAKER;SUBMISSION;MICROCHIP_SQUARE;XIRECS;10013.0;1
8200;BOT_TAKER;BOT_MAKER;MICROCHIP_RECTANGLE;XIRECS;9832.0;1
8200;BOT_TAKER;SUBMISSION;MICROCHIP_TRIANGLE;XIRECS;10038.0;1
8800;SUBMISSION;BOT_TAKER;PEBBLES_XS;XIRECS;9870.0;2
8800;BOT_MAKER;BOT_TAKER;PEBBLES_XS;XIRECS;9869.0;1
8800;BOT_MAKER;BOT_TAKER;PEBBLES_S;XIRECS;10015.0;3
8800;SUBMISSION;BOT_TAKER;PEBBLES_M;XIRECS;9921.0;3
8800;SUBMISSION;BOT_TAKER;PEBBLES_L;XIRECS;10039.0;2
8800;BOT_MAKER;BOT_TAKER;PEBBLES_L;XIRECS;10038.0;1
8800;BOT_MAKER;BOT_TAKER;PEBBLES_XL;XIRECS;10127.0;3
9700;SUBMISSION;BOT_TAKER;GALAXY_SOUNDS_DARK_MATTER;XIRECS;9921.0;1
9700;SUBMISSION;BOT_TAKER;GALAXY_SOUNDS_BLACK_HOLES;XIRECS;10089.0;1
9700;SUBMISSION;BOT_TAKER;GALAXY_SOUNDS_PLANETARY_RINGS;XIRECS;10097.0;1
9700;SUBMISSION;BOT_TAKER;GALAXY_SOUNDS_SOLAR_WINDS;XIRECS;9917.0;1
9700;SUBMISSION;BOT_TAKER;GALAXY_SOUNDS_SOLAR_FLAMES;XIRECS;9968.0;1
9700;SUBMISSION;BOT_TAKER;SLEEP_POD_SUEDE;XIRECS;9790.0;1
9700;SUBMISSION;BOT_TAKER;SLEEP_POD_LAMB_WOOL;XIRECS;9974.0;1
9700;SUBMISSION;BOT_TAKER;SLEEP_POD_POLYESTER;XIRECS;10092.0;1
9700;SUBMISSION;BOT_TAKER;SLEEP_POD_NYLON;XIRECS;9982.0;1
9700;SUBMISSION;BOT_TAKER;SLEEP_POD_COTTON;XIRECS;9926.0;1
9700;SUBMISSION;BOT_TAKER;ROBOT_VACUUMING;XIRECS;9938.0;1
9700;SUBMISSION;BOT_TAKER;ROBOT_MOPPING;XIRECS;10176.0;1
9700;SUBMISSION;BOT_TAKER;ROBOT_DISHES;XIRECS;9852.0;1
9700;BOT_MAKER;BOT_TAKER;ROBOT_LAUNDRY;XIRECS;10031.0;1
9700;SUBMISSION;BOT_TAKER;ROBOT_IRONING;XIRECS;10124.0;1
9700;SUBMISSION;BOT_TAKER;UV_VISOR_YELLOW;XIRECS;9917.0;1
9700;SUBMISSION;BOT_TAKER;UV_VISOR_AMBER;XIRECS;9949.0;1
9700;SUBMISSION;BOT_TAKER;UV_VISOR_ORANGE;XIRECS;9886.0;1
9700;BOT_MAKER;BOT_TAKER;UV_VISOR_RED;XIRECS;10067.0;1
9700;BOT_MAKER;BOT_TAKER;UV_VISOR_MAGENTA;XIRECS;10145.0;1
9700;SUBMISSION;BOT_TAKER;TRANSLATOR_SPACE_GRAY;XIRECS;9854.0;1
9700;SUBMISSION;BOT_TAKER;TRANSLATOR_ASTRO_BLACK;XIRECS;9974.0;1
9700;SUBMISSION;BOT_TAKER;TRANSLATOR_ECLIPSE_CHARCOAL;XIRECS;9859.0;1
9700;SUBMISSION;BOT_TAKER;TRANSLATOR_GRAPHITE_MIST;XIRECS;10000.0;1
9700;BOT_MAKER;BOT_TAKER;TRANSLATOR_VOID_BLUE;XIRECS;10051.0;1
9700;SUBMISSION;BOT_TAKER;PANEL_1X2;XIRECS;10011.0;1
9700;SUBMISSION;BOT_TAKER;PANEL_2X2;XIRECS;9841.0;1
9700;SUBMISSION;BOT_TAKER;PANEL_1X4;XIRECS;9993.0;1
9700;BOT_MAKER;BOT_TAKER;PANEL_2X4;XIRECS;10053.0;1
9700;SUBMISSION;BOT_TAKER;PANEL_4X4;XIRECS;10178.0;1
9700;SUBMISSION;BOT_TAKER;OXYGEN_SHAKE_MORNING_BREATH;XIRECS;9937.0;1
9700;SUBMISSION;BOT_TAKER;OXYGEN_SHAKE_EVENING_BREATH;XIRECS;9947.0;1
9700;SUBMISSION;BOT_TAKER;OXYGEN_SHAKE_MINT;XIRECS;9933.0;1
9700;SUBMISSION;BOT_TAKER;OXYGEN_SHAKE_CHOCOLATE;XIRECS;9829.0;1
9700;SUBMISSION;BOT_TAKER;OXYGEN_SHAKE_GARLIC;XIRECS;10079.0;1
9700;SUBMISSION;BOT_TAKER;SNACKPACK_CHOCOLATE;XIRECS;9880.0;1
9700;BOT_MAKER;BOT_TAKER;SNACKPACK_VANILLA;XIRECS;10143.0;1
9700;SUBMISSION;BOT_TAKER;SNACKPACK_PISTACHIO;XIRECS;10041.0;1
9700;SUBMISSION;BOT_TAKER;SNACKPACK_STRAWBERRY;XIRECS;10115.0;1
9700;BOT_MAKER;BOT_TAKER;SNACKPACK_RASPBERRY;XIRECS;9896.0;1
10500;SUBMISSION;BOT_TAKER;MICROCHIP_CIRCLE;XIRECS;10081.0;2
10500;BOT_MAKER;BOT_TAKER;MICROCHIP_CIRCLE;XIRECS;10080.0;1
10500;SUBMISSION;BOT_TAKER;MICROCHIP_OVAL;XIRECS;9853.0;2
10500;BOT_MAKER;BOT_TAKER;MICROCHIP_OVAL;XIRECS;9852.0;1
10500;SUBMISSION;BOT_TAKER;MICROCHIP_SQUARE;XIRECS;10127.0;2
10500;BOT_MAKER;BOT_TAKER;MICROCHIP_SQUARE;XIRECS;10126.0;1
10500;SUBMISSION;BOT_TAKER;MICROCHIP_RECTANGLE;XIRECS;9844.0;3
10500;BOT_MAKER;BOT_TAKER;MICROCHIP_TRIANGLE;XIRECS;10028.0;3
16400;SUBMISSION;BOT_TAKER;PEBBLES_XS;XIRECS;9944.0;2
16400;BOT_MAKER;BOT_TAKER;PEBBLES_XS;XIRECS;9943.0;1
16400;BOT_MAKER;BOT_TAKER;PEBBLES_S;XIRECS;10130.0;3
16400;SUBMISSION;BOT_TAKER;PEBBLES_M;XIRECS;9771.0;3
16400;SUBMISSION;BOT_TAKER;PEBBLES_L;XIRECS;9959.0;2
16400;BOT_MAKER;BOT_TAKER;PEBBLES_L;XIRECS;9958.0;1
16400;BOT_MAKER;BOT_TAKER;PEBBLES_XL;XIRECS;10168.0;3
20300;BOT_TAKER;SUBMISSION;PEBBLES_XS;XIRECS;9933.0;3
20300;BOT_TAKER;SUBMISSION;PEBBLES_S;XIRECS;10030.0;3
20300;BOT_TAKER;BOT_MAKER;PEBBLES_M;XIRECS;9719.0;3
20300;BOT_TAKER;SUBMISSION;PEBBLES_L;XIRECS;9990.0;3
20300;BOT_TAKER;SUBMISSION;PEBBLES_XL;XIRECS;10355.0;3
22100;BOT_TAKER;SUBMISSION;PEBBLES_XS;XIRECS;9949.0;2
22100;BOT_TAKER;BOT_MAKER;PEBBLES_S;XIRECS;9983.0;2
22100;BOT_TAKER;BOT_MAKER;PEBBLES_M;XIRECS;9762.0;2
22100;BOT_TAKER;SUBMISSION;PEBBLES_L;XIRECS;9936.0;2
22100;BOT_TAKER;SUBMISSION;PEBBLES_XL;XIRECS;10398.0;2
23100;SUBMISSION;BOT_TAKER;PEBBLES_XS;XIRECS;9900.0;2
23100;SUBMISSION;BOT_TAKER;PEBBLES_S;XIRECS;9915.0;2
23100;BOT_MAKER;BOT_TAKER;PEBBLES_M;XIRECS;9797.0;2
23100;SUBMISSION;BOT_TAKER;PEBBLES_L;XIRECS;9919.0;2
23100;BOT_MAKER;BOT_TAKER;PEBBLES_XL;XIRECS;10441.0;2
26600;BOT_TAKER;BOT_MAKER;GALAXY_SOUNDS_DARK_MATTER;XIRECS;9885.0;4
26600;BOT_TAKER;SUBMISSION;GALAXY_SOUNDS_BLACK_HOLES;XIRECS;10040.0;4
26600;BOT_TAKER;SUBMISSION;GALAXY_SOUNDS_PLANETARY_RINGS;XIRECS;10036.0;4
26600;BOT_TAKER;SUBMISSION;GALAXY_SOUNDS_SOLAR_WINDS;XIRECS;9936.0;4
26600;BOT_TAKER;SUBMISSION;GALAXY_SOUNDS_SOLAR_FLAMES;XIRECS;10321.0;4
26600;BOT_TAKER;BOT_MAKER;SLEEP_POD_SUEDE;XIRECS;9999.0;4
26600;BOT_TAKER;SUBMISSION;SLEEP_POD_LAMB_WOOL;XIRECS;10210.0;4
26600;BOT_TAKER;SUBMISSION;SLEEP_POD_POLYESTER;XIRECS;10209.0;4
26600;BOT_TAKER;SUBMISSION;SLEEP_POD_NYLON;XIRECS;10002.0;1
26600;BOT_TAKER;BOT_MAKER;SLEEP_POD_NYLON;XIRECS;10003.0;3
26600;BOT_TAKER;SUBMISSION;SLEEP_POD_COTTON;XIRECS;9762.0;4
26600;BOT_TAKER;SUBMISSION;ROBOT_VACUUMING;XIRECS;10128.0;4
26600;BOT_TAKER;SUBMISSION;ROBOT_MOPPING;XIRECS;10178.0;4
26600;BOT_TAKER;SUBMISSION;ROBOT_DISHES;XIRECS;10236.0;4
26600;BOT_TAKER;SUBMISSION;ROBOT_LAUNDRY;XIRECS;10105.0;4
26600;BOT_TAKER;SUBMISSION;ROBOT_IRONING;XIRECS;10224.0;4
26600;BOT_TAKER;SUBMISSION;UV_VISOR_YELLOW;XIRECS;9915.0;4
26600;BOT_TAKER;SUBMISSION;UV_VISOR_AMBER;XIRECS;9909.0;4
26600;BOT_TAKER;SUBMISSION;UV_VISOR_ORANGE;XIRECS;10109.0;4
26600;BOT_TAKER;SUBMISSION;UV_VISOR_RED;XIRECS;10121.0;4
26600;BOT_TAKER;SUBMISSION;UV_VISOR_MAGENTA;XIRECS;10330.0;4
26600;BOT_TAKER;SUBMISSION;TRANSLATOR_SPACE_GRAY;XIRECS;9771.0;4
26600;BOT_TAKER;SUBMISSION;TRANSLATOR_ASTRO_BLACK;XIRECS;10033.0;4
26600;BOT_TAKER;BOT_MAKER;TRANSLATOR_ECLIPSE_CHARCOAL;XIRECS;9903.0;4
26600;BOT_TAKER;SUBMISSION;TRANSLATOR_GRAPHITE_MIST;XIRECS;9957.0;4
26600;BOT_TAKER;BOT_MAKER;TRANSLATOR_VOID_BLUE;XIRECS;9817.0;4
26600;BOT_TAKER;SUBMISSION;PANEL_1X2;XIRECS;10146.0;4
26600;BOT_TAKER;SUBMISSION;PANEL_2X2;XIRECS;9837.0;4
26600;BOT_TAKER;SUBMISSION;PANEL_1X4;XIRECS;9923.0;4
26600;BOT_TAKER;SUBMISSION;PANEL_2X4;XIRECS;10277.0;4
26600;BOT_TAKER;SUBMISSION;PANEL_4X4;XIRECS;10235.0;4
26600;BOT_TAKER;SUBMISSION;OXYGEN_SHAKE_MORNING_BREATH;XIRECS;9991.0;4
26600;BOT_TAKER;SUBMISSION;OXYGEN_SHAKE_EVENING_BREATH;XIRECS;10024.0;4
26600;BOT_TAKER;SUBMISSION;OXYGEN_SHAKE_MINT;XIRECS;10058.0;4
26600;BOT_TAKER;BOT_MAKER;OXYGEN_SHAKE_CHOCOLATE;XIRECS;9943.0;4
26600;BOT_TAKER;SUBMISSION;OXYGEN_SHAKE_GARLIC;XIRECS;10004.0;4
26600;BOT_TAKER;BOT_MAKER;SNACKPACK_CHOCOLATE;XIRECS;9903.0;4
26600;BOT_TAKER;SUBMISSION;SNACKPACK_VANILLA;XIRECS;10149.0;4
26600;BOT_TAKER;BOT_MAKER;SNACKPACK_PISTACHIO;XIRECS;9858.0;4
26600;BOT_TAKER;BOT_MAKER;SNACKPACK_STRAWBERRY;XIRECS;9955.0;4
26600;BOT_TAKER;SUBMISSION;SNACKPACK_RASPBERRY;XIRECS;10161.0;4
30100;SUBMISSION;BOT_TAKER;GALAXY_SOUNDS_DARK_MATTER;XIRECS;9944.0;1
30100;SUBMISSION;BOT_TAKER;GALAXY_SOUNDS_BLACK_HOLES;XIRECS;10038.0;1
30100;SUBMISSION;BOT_TAKER;GALAXY_SOUNDS_PLANETARY_RINGS;XIRECS;10077.0;1
30100;SUBMISSION;BOT_TAKER;GALAXY_SOUNDS_SOLAR_WINDS;XIRECS;9911.0;1
30100;BOT_MAKER;BOT_TAKER;GALAXY_SOUNDS_SOLAR_FLAMES;XIRECS;10228.0;1
30100;SUBMISSION;BOT_TAKER;SLEEP_POD_SUEDE;XIRECS;9864.0;1
30100;BOT_MAKER;BOT_TAKER;SLEEP_POD_LAMB_WOOL;XIRECS;10185.0;1
30100;SUBMISSION;BOT_TAKER;SLEEP_POD_POLYESTER;XIRECS;10228.0;1
30100;BOT_MAKER;BOT_TAKER;SLEEP_POD_NYLON;XIRECS;10031.0;1
30100;SUBMISSION;BOT_TAKER;SLEEP_POD_COTTON;XIRECS;9781.0;1
30100;BOT_MAKER;BOT_TAKER;ROBOT_VACUUMING;XIRECS;10144.0;1
30100;SUBMISSION;BOT_TAKER;ROBOT_MOPPING;XIRECS;10220.0;1
30100;BOT_MAKER;BOT_TAKER;ROBOT_DISHES;XIRECS;10048.0;1
30100;BOT_MAKER;BOT_TAKER;ROBOT_LAUNDRY;XIRECS;10121.0;1
30100;SUBMISSION;BOT_TAKER;ROBOT_IRONING;XIRECS;10214.0;1
30100;SUBMISSION;BOT_TAKER;UV_VISOR_YELLOW;XIRECS;9987.0;1
30100;SUBMISSION;BOT_TAKER;UV_VISOR_AMBER;XIRECS;9935.0;1
30100;SUBMISSION;BOT_TAKER;UV_VISOR_ORANGE;XIRECS;9992.0;1
30100;BOT_MAKER;BOT_TAKER;UV_VISOR_RED;XIRECS;10073.0;1
30100;BOT_MAKER;BOT_TAKER;UV_VISOR_MAGENTA;XIRECS;10349.0;1
30100;SUBMISSION;BOT_TAKER;TRANSLATOR_SPACE_GRAY;XIRECS;9738.0;1
30100;BOT_MAKER;BOT_TAKER;TRANSLATOR_ASTRO_BLACK;XIRECS;10036.0;1
30100;SUBMISSION;BOT_TAKER;TRANSLATOR_ECLIPSE_CHARCOAL;XIRECS;9896.0;1
30100;SUBMISSION;BOT_TAKER;TRANSLATOR_GRAPHITE_MIST;XIRECS;10029.0;1
30100;SUBMISSION;BOT_TAKER;TRANSLATOR_VOID_BLUE;XIRECS;9755.0;1
30100;SUBMISSION;BOT_TAKER;PANEL_1X2;XIRECS;10151.0;1
30100;SUBMISSION;BOT_TAKER;PANEL_2X2;XIRECS;9869.0;1
30100;SUBMISSION;BOT_TAKER;PANEL_1X4;XIRECS;9883.0;1
30100;BOT_MAKER;BOT_TAKER;PANEL_2X4;XIRECS;10358.0;1
30100;SUBMISSION;BOT_TAKER;PANEL_4X4;XIRECS;10269.0;1
30100;SUBMISSION;BOT_TAKER;OXYGEN_SHAKE_MORNING_BREATH;XIRECS;10102.0;1
30100;SUBMISSION;BOT_TAKER;OXYGEN_SHAKE_EVENING_BREATH;XIRECS;9857.0;1
30100;SUBMISSION;BOT_TAKER;OXYGEN_SHAKE_MINT;XIRECS;10145.0;1
30100;BOT_MAKER;BOT_TAKER;OXYGEN_SHAKE_CHOCOLATE;XIRECS;10076.0;1
30100;SUBMISSION;BOT_TAKER;OXYGEN_SHAKE_GARLIC;XIRECS;10106.0;1
30100;SUBMISSION;BOT_TAKER;SNACKPACK_CHOCOLATE;XIRECS;9778.0;1
30100;BOT_MAKER;BOT_TAKER;SNACKPACK_VANILLA;XIRECS;10221.0;1
30100;SUBMISSION;BOT_TAKER;SNACKPACK_PISTACHIO;XIRECS;9857.0;1
30100;SUBMISSION;BOT_TAKER;SNACKPACK_STRAWBERRY;XIRECS;9958.0;1
30100;BOT_MAKER;BOT_TAKER;SNACKPACK_RASPBERRY;XIRECS;10124.0;1
31100;SUBMISSION;BOT_TAKER;MICROCHIP_CIRCLE;XIRECS;10174.0;2
31100;BOT_MAKER;BOT_TAKER;MICROCHIP_CIRCLE;XIRECS;10173.0;1
31100;SUBMISSION;BOT_TAKER;MICROCHIP_OVAL;XIRECS;9748.0;2
31100;BOT_MAKER;BOT_TAKER;MICROCHIP_OVAL;XIRECS;9747.0;1
31100;SUBMISSION;BOT_TAKER;MICROCHIP_SQUARE;XIRECS;10417.0;2
31100;BOT_MAKER;BOT_TAKER;MICROCHIP_SQUARE;XIRECS;10416.0;1
31100;SUBMISSION;BOT_TAKER;MICROCHIP_RECTANGLE;XIRECS;9918.0;3
31100;SUBMISSION;BOT_TAKER;MICROCHIP_TRIANGLE;XIRECS;9885.0;3
35200;SUBMISSION;BOT_TAKER;GALAXY_SOUNDS_DARK_MATTER;XIRECS;9909.0;1
35200;SUBMISSION;BOT_TAKER;GALAXY_SOUNDS_BLACK_HOLES;XIRECS;9869.0;1
35200;SUBMISSION;BOT_TAKER;GALAXY_SOUNDS_PLANETARY_RINGS;XIRECS;10137.0;1
35200;SUBMISSION;BOT_TAKER;GALAXY_SOUNDS_SOLAR_WINDS;XIRECS;9846.0;1
35200;BOT_MAKER;BOT_TAKER;GALAXY_SOUNDS_SOLAR_FLAMES;XIRECS;10272.0;1
35200;SUBMISSION;BOT_TAKER;SLEEP_POD_SUEDE;XIRECS;9805.0;1
35200;BOT_MAKER;BOT_TAKER;SLEEP_POD_LAMB_WOOL;XIRECS;10230.0;1
35200;SUBMISSION;BOT_TAKER;SLEEP_POD_POLYESTER;XIRECS;10205.0;1
35200;BOT_MAKER;BOT_TAKER;SLEEP_POD_NYLON;XIRECS;10005.0;1
35200;SUBMISSION;BOT_TAKER;SLEEP_POD_COTTON;XIRECS;9783.0;1
35200;BOT_MAKER;BOT_TAKER;ROBOT_VACUUMING;XIRECS;10071.0;1
35200;SUBMISSION;BOT_TAKER;ROBOT_MOPPING;XIRECS;10258.0;1
35200;BOT_MAKER;BOT_TAKER;ROBOT_DISHES;XIRECS;10219.0;1
35200;BOT_MAKER;BOT_TAKER;ROBOT_LAUNDRY;XIRECS;10097.0;1
35200;SUBMISSION;BOT_TAKER;ROBOT_IRONING;XIRECS;10136.0;1
35200;SUBMISSION;BOT_TAKER;UV_VISOR_YELLOW;XIRECS;9968.0;1
35200;SUBMISSION;BOT_TAKER;UV_VISOR_AMBER;XIRECS;9905.0;1
35200;SUBMISSION;BOT_TAKER;UV_VISOR_ORANGE;XIRECS;9915.0;1
35200;BOT_MAKER;BOT_TAKER;UV_VISOR_RED;XIRECS;10175.0;1
35200;BOT_MAKER;BOT_TAKER;UV_VISOR_MAGENTA;XIRECS;10326.0;1
35200;SUBMISSION;BOT_TAKER;TRANSLATOR_SPACE_GRAY;XIRECS;9721.0;1
35200;BOT_MAKER;BOT_TAKER;TRANSLATOR_ASTRO_BLACK;XIRECS;10042.0;1
35200;SUBMISSION;BOT_TAKER;TRANSLATOR_ECLIPSE_CHARCOAL;XIRECS;9903.0;1
35200;SUBMISSION;BOT_TAKER;TRANSLATOR_GRAPHITE_MIST;XIRECS;9937.0;1
35200;SUBMISSION;BOT_TAKER;TRANSLATOR_VOID_BLUE;XIRECS;9837.0;1
35200;SUBMISSION;BOT_TAKER;PANEL_1X2;XIRECS;10156.0;1
35200;SUBMISSION;BOT_TAKER;PANEL_2X2;XIRECS;9950.0;1
35200;SUBMISSION;BOT_TAKER;PANEL_1X4;XIRECS;9869.0;1
35200;BOT_MAKER;BOT_TAKER;PANEL_2X4;XIRECS;10297.0;1
35200;SUBMISSION;BOT_TAKER;PANEL_4X4;XIRECS;10195.0;1
35200;SUBMISSION;BOT_TAKER;OXYGEN_SHAKE_MORNING_BREATH;XIRECS;10106.0;1
35200;SUBMISSION;BOT_TAKER;OXYGEN_SHAKE_EVENING_BREATH;XIRECS;9890.0;1
35200;SUBMISSION;BOT_TAKER;OXYGEN_SHAKE_MINT;XIRECS;10162.0;1
35200;SUBMISSION;BOT_TAKER;OXYGEN_SHAKE_CHOCOLATE;XIRECS;9981.0;1
35200;SUBMISSION;BOT_TAKER;OXYGEN_SHAKE_GARLIC;XIRECS;10048.0;1
35200;SUBMISSION;BOT_TAKER;SNACKPACK_CHOCOLATE;XIRECS;9802.0;1
35200;BOT_MAKER;BOT_TAKER;SNACKPACK_VANILLA;XIRECS;10180.0;1
35200;SUBMISSION;BOT_TAKER;SNACKPACK_PISTACHIO;XIRECS;9830.0;1
35200;SUBMISSION;BOT_TAKER;SNACKPACK_STRAWBERRY;XIRECS;9968.0;1
35200;BOT_MAKER;BOT_TAKER;SNACKPACK_RASPBERRY;XIRECS;10118.0;1
35200;BOT_TAKER;SUBMISSION;MICROCHIP_CIRCLE;XIRECS;10137.0;2
35200;BOT_TAKER;SUBMISSION;MICROCHIP_OVAL;XIRECS;9708.0;2
35200;BOT_TAKER;SUBMISSION;MICROCHIP_SQUARE;XIRECS;10362.0;2
35200;BOT_TAKER;BOT_MAKER;MICROCHIP_RECTANGLE;XIRECS;9734.0;2
35200;BOT_TAKER;BOT_MAKER;MICROCHIP_TRIANGLE;XIRECS;9808.0;2
35400;SUBMISSION;BOT_TAKER;GALAXY_SOUNDS_DARK_MATTER;XIRECS;9907.0;1
35400;SUBMISSION;BOT_TAKER;GALAXY_SOUNDS_BLACK_HOLES;XIRECS;9855.0;1
35400;SUBMISSION;BOT_TAKER;GALAXY_SOUNDS_PLANETARY_RINGS;XIRECS;10118.0;1
35400;SUBMISSION;BOT_TAKER;GALAXY_SOUNDS_SOLAR_WINDS;XIRECS;9822.0;1
35400;BOT_MAKER;BOT_TAKER;GALAXY_SOUNDS_SOLAR_FLAMES;XIRECS;10295.0;1
35400;SUBMISSION;BOT_TAKER;SLEEP_POD_SUEDE;XIRECS;9819.0;1
35400;BOT_MAKER;BOT_TAKER;SLEEP_POD_LAMB_WOOL;XIRECS;10240.0;1
35400;SUBMISSION;BOT_TAKER;SLEEP_POD_POLYESTER;XIRECS;10223.0;1
35400;SUBMISSION;BOT_TAKER;SLEEP_POD_NYLON;XIRECS;9987.0;1
35400;SUBMISSION;BOT_TAKER;SLEEP_POD_COTTON;XIRECS;9782.0;1
35400;BOT_MAKER;BOT_TAKER;ROBOT_VACUUMING;XIRECS;10058.0;1
35400;SUBMISSION;BOT_TAKER;ROBOT_MOPPING;XIRECS;10236.0;1
35400;BOT_MAKER;BOT_TAKER;ROBOT_DISHES;XIRECS;10257.0;1
35400;BOT_MAKER;BOT_TAKER;ROBOT_LAUNDRY;XIRECS;10115.0;1
35400;SUBMISSION;BOT_TAKER;ROBOT_IRONING;XIRECS;10154.0;1
35400;SUBMISSION;BOT_TAKER;UV_VISOR_YELLOW;XIRECS;9994.0;1
35400;SUBMISSION;BOT_TAKER;UV_VISOR_AMBER;XIRECS;9922.0;1
35400;SUBMISSION;BOT_TAKER;UV_VISOR_ORANGE;XIRECS;9914.0;1
35400;BOT_MAKER;BOT_TAKER;UV_VISOR_RED;XIRECS;10185.0;1
35400;BOT_MAKER;BOT_TAKER;UV_VISOR_MAGENTA;XIRECS;10324.0;1
35400;SUBMISSION;BOT_TAKER;TRANSLATOR_SPACE_GRAY;XIRECS;9717.0;1
35400;BOT_MAKER;BOT_TAKER;TRANSLATOR_ASTRO_BLACK;XIRECS;10046.0;1
35400;SUBMISSION;BOT_TAKER;TRANSLATOR_ECLIPSE_CHARCOAL;XIRECS;9907.0;1
35400;SUBMISSION;BOT_TAKER;TRANSLATOR_GRAPHITE_MIST;XIRECS;9924.0;1
35400;SUBMISSION;BOT_TAKER;TRANSLATOR_VOID_BLUE;XIRECS;9845.0;1
35400;SUBMISSION;BOT_TAKER;PANEL_1X2;XIRECS;10170.0;1
35400;SUBMISSION;BOT_TAKER;PANEL_2X2;XIRECS;9960.0;1
35400;SUBMISSION;BOT_TAKER;PANEL_1X4;XIRECS;9853.0;1
35400;BOT_MAKER;BOT_TAKER;PANEL_2X4;XIRECS;10333.0;1
35400;SUBMISSION;BOT_TAKER;PANEL_4X4;XIRECS;10185.0;1
35400;SUBMISSION;BOT_TAKER;OXYGEN_SHAKE_MORNING_BREATH;XIRECS;10076.0;1
35400;SUBMISSION;BOT_TAKER;OXYGEN_SHAKE_EVENING_BREATH;XIRECS;9900.0;1
35400;SUBMISSION;BOT_TAKER;OXYGEN_SHAKE_MINT;XIRECS;10164.0;1
35400;BOT_MAKER;BOT_TAKER;OXYGEN_SHAKE_CHOCOLATE;XIRECS;9993.0;1
35400;SUBMISSION;BOT_TAKER;OXYGEN_SHAKE_GARLIC;XIRECS;10055.0;1
35400;SUBMISSION;BOT_TAKER;SNACKPACK_CHOCOLATE;XIRECS;9810.0;1
35400;BOT_MAKER;BOT_TAKER;SNACKPACK_VANILLA;XIRECS;10175.0;1
35400;SUBMISSION;BOT_TAKER;SNACKPACK_PISTACHIO;XIRECS;9838.0;1
35400;SUBMISSION;BOT_TAKER;SNACKPACK_STRAWBERRY;XIRECS;9972.0;1
35400;BOT_MAKER;BOT_TAKER;SNACKPACK_RASPBERRY;XIRECS;10114.0;1
40300;SUBMISSION;BOT_TAKER;MICROCHIP_CIRCLE;XIRECS;10192.0;1
40300;SUBMISSION;BOT_TAKER;MICROCHIP_OVAL;XIRECS;9740.0;1
40300;SUBMISSION;BOT_TAKER;MICROCHIP_SQUARE;XIRECS;10480.0;1
40300;SUBMISSION;BOT_TAKER;MICROCHIP_RECTANGLE;XIRECS;9896.0;1
40300;SUBMISSION;BOT_TAKER;MICROCHIP_TRIANGLE;XIRECS;9818.0;1
41400;BOT_TAKER;SUBMISSION;GALAXY_SOUNDS_DARK_MATTER;XIRECS;10047.0;3
41400;BOT_TAKER;SUBMISSION;GALAXY_SOUNDS_BLACK_HOLES;XIRECS;9915.0;2
41400;BOT_TAKER;BOT_MAKER;GALAXY_SOUNDS_BLACK_HOLES;XIRECS;9916.0;1
41400;BOT_TAKER;SUBMISSION;GALAXY_SOUNDS_PLANETARY_RINGS;XIRECS;10029.0;2
41400;BOT_TAKER;BOT_MAKER;GALAXY_SOUNDS_PLANETARY_RINGS;XIRECS;10030.0;1
41400;BOT_TAKER;SUBMISSION;GALAXY_SOUNDS_SOLAR_WINDS;XIRECS;9782.0;2
41400;BOT_TAKER;BOT_MAKER;GALAXY_SOUNDS_SOLAR_WINDS;XIRECS;9783.0;1
41400;BOT_TAKER;SUBMISSION;GALAXY_SOUNDS_SOLAR_FLAMES;XIRECS;10387.0;3
41400;BOT_TAKER;BOT_MAKER;SLEEP_POD_SUEDE;XIRECS;9889.0;3
41400;BOT_TAKER;SUBMISSION;SLEEP_POD_LAMB_WOOL;XIRECS;10290.0;3
41400;BOT_TAKER;SUBMISSION;SLEEP_POD_POLYESTER;XIRECS;10215.0;2
41400;BOT_TAKER;BOT_MAKER;SLEEP_POD_POLYESTER;XIRECS;10216.0;1
41400;BOT_TAKER;BOT_MAKER;SLEEP_POD_NYLON;XIRECS;9885.0;3
41400;BOT_TAKER;SUBMISSION;SLEEP_POD_COTTON;XIRECS;9706.0;2
41400;BOT_TAKER;BOT_MAKER;SLEEP_POD_COTTON;XIRECS;9707.0;1
41400;BOT_TAKER;SUBMISSION;ROBOT_VACUUMING;XIRECS;10083.0;3
41400;BOT_TAKER;SUBMISSION;ROBOT_MOPPING;XIRECS;10211.0;2
41400;BOT_TAKER;BOT_MAKER;ROBOT_MOPPING;XIRECS;10212.0;1
41400;BOT_TAKER;SUBMISSION;ROBOT_DISHES;XIRECS;10051.0;3
41400;BOT_TAKER;SUBMISSION;ROBOT_LAUNDRY;XIRECS;10109.0;3
41400;BOT_TAKER;SUBMISSION;ROBOT_IRONING;XIRECS;10285.0;2
41400;BOT_TAKER;BOT_MAKER;ROBOT_IRONING;XIRECS;10286.0;1
41400;BOT_TAKER;SUBMISSION;UV_VISOR_YELLOW;XIRECS;9995.0;2
41400;BOT_TAKER;BOT_MAKER;UV_VISOR_YELLOW;XIRECS;9996.0;1
41400;BOT_TAKER;SUBMISSION;UV_VISOR_AMBER;XIRECS;9929.0;2
41400;BOT_TAKER;BOT_MAKER;UV_VISOR_AMBER;XIRECS;9930.0;1
41400;BOT_TAKER;SUBMISSION;UV_VISOR_ORANGE;XIRECS;9935.0;2
41400;BOT_TAKER;BOT_MAKER;UV_VISOR_ORANGE;XIRECS;9936.0;1
41400;BOT_TAKER;SUBMISSION;UV_VISOR_RED;XIRECS;10264.0;3
41400;BOT_TAKER;SUBMISSION;UV_VISOR_MAGENTA;XIRECS;10320.0;3
41400;BOT_TAKER;SUBMISSION;TRANSLATOR_SPACE_GRAY;XIRECS;9711.0;2
41400;BOT_TAKER;BOT_MAKER;TRANSLATOR_SPACE_GRAY;XIRECS;9712.0;1
41400;BOT_TAKER;SUBMISSION;TRANSLATOR_ASTRO_BLACK;XIRECS;10124.0;3
41400;BOT_TAKER;BOT_MAKER;TRANSLATOR_ECLIPSE_CHARCOAL;XIRECS;9868.0;3
41400;BOT_TAKER;SUBMISSION;TRANSLATOR_GRAPHITE_MIST;XIRECS;9958.0;2
41400;BOT_TAKER;BOT_MAKER;TRANSLATOR_GRAPHITE_MIST;XIRECS;9959.0;1
41400;BOT_TAKER;SUBMISSION;TRANSLATOR_VOID_BLUE;XIRECS;10029.0;3
41400;BOT_TAKER;SUBMISSION;PANEL_1X2;XIRECS;10219.0;2
41400;BOT_TAKER;BOT_MAKER;PANEL_1X2;XIRECS;10220.0;1
41400;BOT_TAKER;SUBMISSION;PANEL_2X2;XIRECS;9852.0;2
41400;BOT_TAKER;BOT_MAKER;PANEL_2X2;XIRECS;9853.0;1
41400;BOT_TAKER;SUBMISSION;PANEL_1X4;XIRECS;9934.0;2
41400;BOT_TAKER;BOT_MAKER;PANEL_1X4;XIRECS;9935.0;1
41400;BOT_TAKER;SUBMISSION;PANEL_2X4;XIRECS;10507.0;3
41400;BOT_TAKER;SUBMISSION;PANEL_4X4;XIRECS;10190.0;2
41400;BOT_TAKER;BOT_MAKER;PANEL_4X4;XIRECS;10191.0;1
41400;BOT_TAKER;SUBMISSION;OXYGEN_SHAKE_MORNING_BREATH;XIRECS;10050.0;2
41400;BOT_TAKER;BOT_MAKER;OXYGEN_SHAKE_MORNING_BREATH;XIRECS;10051.0;1
41400;BOT_TAKER;SUBMISSION;OXYGEN_SHAKE_EVENING_BREATH;XIRECS;9977.0;2
41400;BOT_TAKER;BOT_MAKER;OXYGEN_SHAKE_EVENING_BREATH;XIRECS;9978.0;1
41400;BOT_TAKER;SUBMISSION;OXYGEN_SHAKE_MINT;XIRECS;10162.0;2
41400;BOT_TAKER;BOT_MAKER;OXYGEN_SHAKE_MINT;XIRECS;10163.0;1
41400;BOT_TAKER;BOT_MAKER;OXYGEN_SHAKE_CHOCOLATE;XIRECS;9984.0;3
41400;BOT_TAKER;SUBMISSION;OXYGEN_SHAKE_GARLIC;XIRECS;10147.0;2
41400;BOT_TAKER;BOT_MAKER;OXYGEN_SHAKE_GARLIC;XIRECS;10148.0;1
41400;BOT_TAKER;BOT_MAKER;SNACKPACK_CHOCOLATE;XIRECS;9897.0;3
41400;BOT_TAKER;SUBMISSION;SNACKPACK_VANILLA;XIRECS;10115.0;3
41400;BOT_TAKER;BOT_MAKER;SNACKPACK_PISTACHIO;XIRECS;9823.0;3
41400;BOT_TAKER;BOT_MAKER;SNACKPACK_STRAWBERRY;XIRECS;9973.0;3
41400;BOT_TAKER;SUBMISSION;SNACKPACK_RASPBERRY;XIRECS;10177.0;3
45300;SUBMISSION;BOT_TAKER;MICROCHIP_CIRCLE;XIRECS;10249.0;1
45300;SUBMISSION;BOT_TAKER;MICROCHIP_OVAL;XIRECS;9837.0;1
45300;SUBMISSION;BOT_TAKER;MICROCHIP_SQUARE;XIRECS;10553.0;1
45300;SUBMISSION;BOT_TAKER;MICROCHIP_RECTANGLE;XIRECS;9887.0;1
45300;SUBMISSION;BOT_TAKER;MICROCHIP_TRIANGLE;XIRECS;9821.0;1
46900;BOT_TAKER;SUBMISSION;MICROCHIP_CIRCLE;XIRECS;10313.0;3
46900;BOT_TAKER;SUBMISSION;MICROCHIP_OVAL;XIRECS;9799.0;3
46900;BOT_TAKER;SUBMISSION;MICROCHIP_SQUARE;XIRECS;10657.0;3
46900;BOT_TAKER;BOT_MAKER;MICROCHIP_RECTANGLE;XIRECS;9879.0;3
46900;BOT_TAKER;BOT_MAKER;MICROCHIP_TRIANGLE;XIRECS;9844.0;3
51700;BOT_TAKER;BOT_MAKER;GALAXY_SOUNDS_DARK_MATTER;XIRECS;9982.0;4
51700;BOT_TAKER;SUBMISSION;GALAXY_SOUNDS_BLACK_HOLES;XIRECS;9833.0;2
51700;BOT_TAKER;BOT_MAKER;GALAXY_SOUNDS_BLACK_HOLES;XIRECS;9834.0;2
51700;BOT_TAKER;SUBMISSION;GALAXY_SOUNDS_PLANETARY_RINGS;XIRECS;10068.0;2
51700;BOT_TAKER;BOT_MAKER;GALAXY_SOUNDS_PLANETARY_RINGS;XIRECS;10069.0;2
51700;BOT_TAKER;SUBMISSION;GALAXY_SOUNDS_SOLAR_WINDS;XIRECS;9802.0;2
51700;BOT_TAKER;BOT_MAKER;GALAXY_SOUNDS_SOLAR_WINDS;XIRECS;9803.0;2
51700;BOT_TAKER;SUBMISSION;GALAXY_SOUNDS_SOLAR_FLAMES;XIRECS;10429.0;4
51700;BOT_TAKER;BOT_MAKER;SLEEP_POD_SUEDE;XIRECS;9807.0;4
51700;BOT_TAKER;SUBMISSION;SLEEP_POD_LAMB_WOOL;XIRECS;10363.0;4
51700;BOT_TAKER;SUBMISSION;SLEEP_POD_POLYESTER;XIRECS;10296.0;2
51700;BOT_TAKER;BOT_MAKER;SLEEP_POD_POLYESTER;XIRECS;10297.0;2
51700;BOT_TAKER;BOT_MAKER;SLEEP_POD_NYLON;XIRECS;9974.0;4
51700;BOT_TAKER;SUBMISSION;SLEEP_POD_COTTON;XIRECS;9602.0;2
51700;BOT_TAKER;BOT_MAKER;SLEEP_POD_COTTON;XIRECS;9603.0;2
51700;BOT_TAKER;SUBMISSION;ROBOT_VACUUMING;XIRECS;10188.0;4
51700;BOT_TAKER;SUBMISSION;ROBOT_MOPPING;XIRECS;10304.0;2
51700;BOT_TAKER;BOT_MAKER;ROBOT_MOPPING;XIRECS;10305.0;2
51700;BOT_TAKER;BOT_MAKER;ROBOT_DISHES;XIRECS;10044.0;4
51700;BOT_TAKER;SUBMISSION;ROBOT_LAUNDRY;XIRECS;10133.0;4
51700;BOT_TAKER;SUBMISSION;ROBOT_IRONING;XIRECS;10300.0;2
51700;BOT_TAKER;BOT_MAKER;ROBOT_IRONING;XIRECS;10301.0;2
51700;BOT_TAKER;SUBMISSION;UV_VISOR_YELLOW;XIRECS;9880.0;2
51700;BOT_TAKER;BOT_MAKER;UV_VISOR_YELLOW;XIRECS;9881.0;2
51700;BOT_TAKER;SUBMISSION;UV_VISOR_AMBER;XIRECS;9817.0;2
51700;BOT_TAKER;BOT_MAKER;UV_VISOR_AMBER;XIRECS;9818.0;2
51700;BOT_TAKER;SUBMISSION;UV_VISOR_ORANGE;XIRECS;9918.0;2
51700;BOT_TAKER;BOT_MAKER;UV_VISOR_ORANGE;XIRECS;9919.0;2
51700;BOT_TAKER;SUBMISSION;UV_VISOR_RED;XIRECS;10381.0;3
51700;BOT_TAKER;BOT_MAKER;UV_VISOR_RED;XIRECS;10382.0;1
51700;BOT_TAKER;BOT_MAKER;UV_VISOR_MAGENTA;XIRECS;10385.0;4
51700;BOT_TAKER;SUBMISSION;TRANSLATOR_SPACE_GRAY;XIRECS;9724.0;2
51700;BOT_TAKER;BOT_MAKER;TRANSLATOR_SPACE_GRAY;XIRECS;9725.0;2
51700;BOT_TAKER;SUBMISSION;TRANSLATOR_ASTRO_BLACK;XIRECS;10154.0;4
51700;BOT_TAKER;BOT_MAKER;TRANSLATOR_ECLIPSE_CHARCOAL;XIRECS;9863.0;4
51700;BOT_TAKER;SUBMISSION;TRANSLATOR_GRAPHITE_MIST;XIRECS;9986.0;2
51700;BOT_TAKER;BOT_MAKER;TRANSLATOR_GRAPHITE_MIST;XIRECS;9987.0;2
51700;BOT_TAKER;SUBMISSION;TRANSLATOR_VOID_BLUE;XIRECS;10025.0;4
51700;BOT_TAKER;SUBMISSION;PANEL_1X2;XIRECS;10316.0;2
51700;BOT_TAKER;BOT_MAKER;PANEL_1X2;XIRECS;10317.0;2
51700;BOT_TAKER;SUBMISSION;PANEL_2X2;XIRECS;9966.0;2
51700;BOT_TAKER;BOT_MAKER;PANEL_2X2;XIRECS;9967.0;2
51700;BOT_TAKER;SUBMISSION;PANEL_1X4;XIRECS;9967.0;2
51700;BOT_TAKER;BOT_MAKER;PANEL_1X4;XIRECS;9968.0;2
51700;BOT_TAKER;SUBMISSION;PANEL_2X4;XIRECS;10421.0;3
51700;BOT_TAKER;BOT_MAKER;PANEL_2X4;XIRECS;10422.0;1
51700;BOT_TAKER;SUBMISSION;PANEL_4X4;XIRECS;10270.0;2
51700;BOT_TAKER;BOT_MAKER;PANEL_4X4;XIRECS;10271.0;2
51700;BOT_TAKER;SUBMISSION;OXYGEN_SHAKE_MORNING_BREATH;XIRECS;10128.0;2
51700;BOT_TAKER;BOT_MAKER;OXYGEN_SHAKE_MORNING_BREATH;XIRECS;10129.0;2
51700;BOT_TAKER;SUBMISSION;OXYGEN_SHAKE_EVENING_BREATH;XIRECS;10113.0;2
51700;BOT_TAKER;BOT_MAKER;OXYGEN_SHAKE_EVENING_BREATH;XIRECS;10114.0;2
51700;BOT_TAKER;SUBMISSION;OXYGEN_SHAKE_MINT;XIRECS;10080.0;2
51700;BOT_TAKER;BOT_MAKER;OXYGEN_SHAKE_MINT;XIRECS;10081.0;2
51700;BOT_TAKER;BOT_MAKER;OXYGEN_SHAKE_CHOCOLATE;XIRECS;9967.0;4
51700;BOT_TAKER;SUBMISSION;OXYGEN_SHAKE_GARLIC;XIRECS;10356.0;2
51700;BOT_TAKER;BOT_MAKER;OXYGEN_SHAKE_GARLIC;XIRECS;10357.0;2
51700;BOT_TAKER;BOT_MAKER;SNACKPACK_CHOCOLATE;XIRECS;9905.0;4
51700;BOT_TAKER;BOT_MAKER;SNACKPACK_VANILLA;XIRECS;10088.0;4
51700;BOT_TAKER;BOT_MAKER;SNACKPACK_PISTACHIO;XIRECS;9769.0;4
51700;BOT_TAKER;BOT_MAKER;SNACKPACK_STRAWBERRY;XIRECS;9897.0;4
51700;BOT_TAKER;SUBMISSION;SNACKPACK_RASPBERRY;XIRECS;10251.0;4
52400;BOT_MAKER;BOT_TAKER;GALAXY_SOUNDS_DARK_MATTER;XIRECS;10001.0;3
52400;SUBMISSION;BOT_TAKER;GALAXY_SOUNDS_BLACK_HOLES;XIRECS;9843.0;3
52400;SUBMISSION;BOT_TAKER;GALAXY_SOUNDS_PLANETARY_RINGS;XIRECS;10029.0;3
52400;SUBMISSION;BOT_TAKER;GALAXY_SOUNDS_SOLAR_WINDS;XIRECS;9802.0;3
52400;BOT_MAKER;BOT_TAKER;GALAXY_SOUNDS_SOLAR_FLAMES;XIRECS;10402.0;3
52400;SUBMISSION;BOT_TAKER;SLEEP_POD_SUEDE;XIRECS;9781.0;3
52400;BOT_MAKER;BOT_TAKER;SLEEP_POD_LAMB_WOOL;XIRECS;10415.0;3
52400;SUBMISSION;BOT_TAKER;SLEEP_POD_POLYESTER;XIRECS;10292.0;3
52400;BOT_MAKER;BOT_TAKER;SLEEP_POD_NYLON;XIRECS;10001.0;3
52400;SUBMISSION;BOT_TAKER;SLEEP_POD_COTTON;XIRECS;9572.0;3
52400;BOT_MAKER;BOT_TAKER;ROBOT_VACUUMING;XIRECS;10129.0;3
52400;SUBMISSION;BOT_TAKER;ROBOT_MOPPING;XIRECS;10242.0;3
52400;BOT_MAKER;BOT_TAKER;ROBOT_DISHES;XIRECS;10049.0;3
52400;BOT_MAKER;BOT_TAKER;ROBOT_LAUNDRY;XIRECS;10148.0;3
52400;SUBMISSION;BOT_TAKER;ROBOT_IRONING;XIRECS;10274.0;3
52400;SUBMISSION;BOT_TAKER;UV_VISOR_YELLOW;XIRECS;9886.0;3
52400;SUBMISSION;BOT_TAKER;UV_VISOR_AMBER;XIRECS;9796.0;3
52400;SUBMISSION;BOT_TAKER;UV_VISOR_ORANGE;XIRECS;9867.0;3
52400;BOT_MAKER;BOT_TAKER;UV_VISOR_RED;XIRECS;10422.0;3
52400;BOT_MAKER;BOT_TAKER;UV_VISOR_MAGENTA;XIRECS;10333.0;3
52400;SUBMISSION;BOT_TAKER;TRANSLATOR_SPACE_GRAY;XIRECS;9715.0;3
52400;BOT_MAKER;BOT_TAKER;TRANSLATOR_ASTRO_BLACK;XIRECS;10171.0;3
52400;SUBMISSION;BOT_TAKER;TRANSLATOR_ECLIPSE_CHARCOAL;XIRECS;9883.0;3
52400;SUBMISSION;BOT_TAKER;TRANSLATOR_GRAPHITE_MIST;XIRECS;10029.0;3
52400;SUBMISSION;BOT_TAKER;TRANSLATOR_VOID_BLUE;XIRECS;9995.0;3
52400;SUBMISSION;BOT_TAKER;PANEL_1X2;XIRECS;10323.0;3
52400;SUBMISSION;BOT_TAKER;PANEL_2X2;XIRECS;9992.0;3
52400;SUBMISSION;BOT_TAKER;PANEL_1X4;XIRECS;9962.0;3
52400;BOT_MAKER;BOT_TAKER;PANEL_2X4;XIRECS;10420.0;3
52400;SUBMISSION;BOT_TAKER;PANEL_4X4;XIRECS;10283.0;3
52400;SUBMISSION;BOT_TAKER;OXYGEN_SHAKE_MORNING_BREATH;XIRECS;10137.0;3
52400;SUBMISSION;BOT_TAKER;OXYGEN_SHAKE_EVENING_BREATH;XIRECS;10142.0;3
52400;SUBMISSION;BOT_TAKER;OXYGEN_SHAKE_MINT;XIRECS;10054.0;3
52400;SUBMISSION;BOT_TAKER;OXYGEN_SHAKE_CHOCOLATE;XIRECS;9929.0;3
52400;SUBMISSION;BOT_TAKER;OXYGEN_SHAKE_GARLIC;XIRECS;10371.0;3
52400;SUBMISSION;BOT_TAKER;SNACKPACK_CHOCOLATE;XIRECS;9886.0;3
52400;SUBMISSION;BOT_TAKER;SNACKPACK_VANILLA;XIRECS;10083.0;2
52400;BOT_MAKER;BOT_TAKER;SNACKPACK_VANILLA;XIRECS;10082.0;1
52400;SUBMISSION;BOT_TAKER;SNACKPACK_PISTACHIO;XIRECS;9740.0;3
52400;SUBMISSION;BOT_TAKER;SNACKPACK_STRAWBERRY;XIRECS;9869.0;3
52400;BOT_MAKER;BOT_TAKER;SNACKPACK_RASPBERRY;XIRECS;10253.0;3
54700;BOT_TAKER;SUBMISSION;GALAXY_SOUNDS_DARK_MATTER;XIRECS;10022.0;2
54700;BOT_TAKER;SUBMISSION;GALAXY_SOUNDS_BLACK_HOLES;XIRECS;9940.0;2
54700;BOT_TAKER;SUBMISSION;GALAXY_SOUNDS_PLANETARY_RINGS;XIRECS;10079.0;2
54700;BOT_TAKER;SUBMISSION;GALAXY_SOUNDS_SOLAR_WINDS;XIRECS;9817.0;2
54700;BOT_TAKER;SUBMISSION;GALAXY_SOUNDS_SOLAR_FLAMES;XIRECS;10355.0;2
54700;BOT_TAKER;BOT_MAKER;SLEEP_POD_SUEDE;XIRECS;9848.0;2
54700;BOT_TAKER;BOT_MAKER;SLEEP_POD_LAMB_WOOL;XIRECS;10385.0;2
54700;BOT_TAKER;SUBMISSION;SLEEP_POD_POLYESTER;XIRECS;10306.0;2
54700;BOT_TAKER;SUBMISSION;SLEEP_POD_NYLON;XIRECS;10094.0;2
54700;BOT_TAKER;SUBMISSION;SLEEP_POD_COTTON;XIRECS;9677.0;2
54700;BOT_TAKER;BOT_MAKER;ROBOT_VACUUMING;XIRECS;10123.0;2
54700;BOT_TAKER;SUBMISSION;ROBOT_MOPPING;XIRECS;10300.0;2
54700;BOT_TAKER;SUBMISSION;ROBOT_DISHES;XIRECS;10189.0;2
54700;BOT_TAKER;SUBMISSION;ROBOT_LAUNDRY;XIRECS;10188.0;1
54700;BOT_TAKER;BOT_MAKER;ROBOT_LAUNDRY;XIRECS;10189.0;1
54700;BOT_TAKER;SUBMISSION;ROBOT_IRONING;XIRECS;10290.0;2
54700;BOT_TAKER;SUBMISSION;UV_VISOR_YELLOW;XIRECS;9925.0;2
54700;BOT_TAKER;SUBMISSION;UV_VISOR_AMBER;XIRECS;9780.0;2
54700;BOT_TAKER;SUBMISSION;UV_VISOR_ORANGE;XIRECS;9835.0;2
54700;BOT_TAKER;BOT_MAKER;UV_VISOR_RED;XIRECS;10510.0;2
54700;BOT_TAKER;BOT_MAKER;UV_VISOR_MAGENTA;XIRECS;10329.0;2
54700;BOT_TAKER;SUBMISSION;TRANSLATOR_SPACE_GRAY;XIRECS;9724.0;2
54700;BOT_TAKER;SUBMISSION;TRANSLATOR_ASTRO_BLACK;XIRECS;10109.0;2
54700;BOT_TAKER;BOT_MAKER;TRANSLATOR_ECLIPSE_CHARCOAL;XIRECS;9896.0;2
54700;BOT_TAKER;SUBMISSION;TRANSLATOR_GRAPHITE_MIST;XIRECS;10009.0;2
54700;BOT_TAKER;SUBMISSION;TRANSLATOR_VOID_BLUE;XIRECS;10016.0;2
54700;BOT_TAKER;SUBMISSION;PANEL_1X2;XIRECS;10364.0;2
54700;BOT_TAKER;SUBMISSION;PANEL_2X2;XIRECS;10018.0;2
54700;BOT_TAKER;SUBMISSION;PANEL_1X4;XIRECS;9960.0;2
54700;BOT_TAKER;BOT_MAKER;PANEL_2X4;XIRECS;10475.0;2
54700;BOT_TAKER;SUBMISSION;PANEL_4X4;XIRECS;10289.0;2
54700;BOT_TAKER;SUBMISSION;OXYGEN_SHAKE_MORNING_BREATH;XIRECS;10190.0;2
54700;BOT_TAKER;SUBMISSION;OXYGEN_SHAKE_EVENING_BREATH;XIRECS;10133.0;2
54700;BOT_TAKER;SUBMISSION;OXYGEN_SHAKE_MINT;XIRECS;10074.0;2
54700;BOT_TAKER;BOT_MAKER;OXYGEN_SHAKE_CHOCOLATE;XIRECS;9946.0;2
54700;BOT_TAKER;SUBMISSION;OXYGEN_SHAKE_GARLIC;XIRECS;10388.0;2
54700;BOT_TAKER;BOT_MAKER;SNACKPACK_CHOCOLATE;XIRECS;9866.0;2
54700;BOT_TAKER;BOT_MAKER;SNACKPACK_VANILLA;XIRECS;10135.0;2
54700;BOT_TAKER;BOT_MAKER;SNACKPACK_PISTACHIO;XIRECS;9729.0;2
54700;BOT_TAKER;BOT_MAKER;SNACKPACK_STRAWBERRY;XIRECS;9885.0;2
54700;BOT_TAKER;SUBMISSION;SNACKPACK_RASPBERRY;XIRECS;10286.0;1
54700;BOT_TAKER;BOT_MAKER;SNACKPACK_RASPBERRY;XIRECS;10287.0;1
55000;SUBMISSION;BOT_TAKER;PEBBLES_XS;XIRECS;9856.0;2
55000;BOT_MAKER;BOT_TAKER;PEBBLES_XS;XIRECS;9855.0;2
55000;SUBMISSION;BOT_TAKER;PEBBLES_S;XIRECS;9659.0;4
55000;BOT_MAKER;BOT_TAKER;PEBBLES_M;XIRECS;9938.0;4
55000;SUBMISSION;BOT_TAKER;PEBBLES_L;XIRECS;10158.0;2
55000;BOT_MAKER;BOT_TAKER;PEBBLES_L;XIRECS;10157.0;2
55000;BOT_MAKER;BOT_TAKER;PEBBLES_XL;XIRECS;10360.0;4
57500;BOT_TAKER;SUBMISSION;PEBBLES_XS;XIRECS;9848.0;4
57500;BOT_TAKER;BOT_MAKER;PEBBLES_S;XIRECS;9675.0;4
57500;BOT_TAKER;SUBMISSION;PEBBLES_M;XIRECS;10003.0;4
57500;BOT_TAKER;SUBMISSION;PEBBLES_L;XIRECS;10126.0;4
57500;BOT_TAKER;SUBMISSION;PEBBLES_XL;XIRECS;10375.0;4
59800;BOT_TAKER;SUBMISSION;GALAXY_SOUNDS_DARK_MATTER;XIRECS;10093.0;2
59800;BOT_TAKER;SUBMISSION;GALAXY_SOUNDS_BLACK_HOLES;XIRECS;9824.0;2
59800;BOT_TAKER;SUBMISSION;GALAXY_SOUNDS_PLANETARY_RINGS;XIRECS;9991.0;2
59800;BOT_TAKER;SUBMISSION;GALAXY_SOUNDS_SOLAR_WINDS;XIRECS;9844.0;2
59800;BOT_TAKER;BOT_MAKER;GALAXY_SOUNDS_SOLAR_FLAMES;XIRECS;10250.0;2
59800;BOT_TAKER;BOT_MAKER;SLEEP_POD_SUEDE;XIRECS;9854.0;2
59800;BOT_TAKER;BOT_MAKER;SLEEP_POD_LAMB_WOOL;XIRECS;10466.0;2
59800;BOT_TAKER;SUBMISSION;SLEEP_POD_POLYESTER;XIRECS;10181.0;2
59800;BOT_TAKER;SUBMISSION;SLEEP_POD_NYLON;XIRECS;10157.0;2
59800;BOT_TAKER;SUBMISSION;SLEEP_POD_COTTON;XIRECS;9643.0;2
59800;BOT_TAKER;BOT_MAKER;ROBOT_VACUUMING;XIRECS;10092.0;2
59800;BOT_TAKER;SUBMISSION;ROBOT_MOPPING;XIRECS;10377.0;2
59800;BOT_TAKER;SUBMISSION;ROBOT_DISHES;XIRECS;10280.0;2
59800;BOT_TAKER;BOT_MAKER;ROBOT_LAUNDRY;XIRECS;10272.0;2
59800;BOT_TAKER;SUBMISSION;ROBOT_IRONING;XIRECS;10261.0;2
59800;BOT_TAKER;SUBMISSION;UV_VISOR_YELLOW;XIRECS;9842.0;2
59800;BOT_TAKER;SUBMISSION;UV_VISOR_AMBER;XIRECS;9775.0;2
59800;BOT_TAKER;SUBMISSION;UV_VISOR_ORANGE;XIRECS;9863.0;2
59800;BOT_TAKER;BOT_MAKER;UV_VISOR_RED;XIRECS;10517.0;2
59800;BOT_TAKER;BOT_MAKER;UV_VISOR_MAGENTA;XIRECS;10547.0;2
59800;BOT_TAKER;SUBMISSION;TRANSLATOR_SPACE_GRAY;XIRECS;9783.0;2
59800;BOT_TAKER;BOT_MAKER;TRANSLATOR_ASTRO_BLACK;XIRECS;10100.0;2
59800;BOT_TAKER;BOT_MAKER;TRANSLATOR_ECLIPSE_CHARCOAL;XIRECS;9862.0;2
59800;BOT_TAKER;SUBMISSION;TRANSLATOR_GRAPHITE_MIST;XIRECS;9910.0;2
59800;BOT_TAKER;BOT_MAKER;TRANSLATOR_VOID_BLUE;XIRECS;9927.0;2
59800;BOT_TAKER;SUBMISSION;PANEL_1X2;XIRECS;10360.0;2
59800;BOT_TAKER;SUBMISSION;PANEL_2X2;XIRECS;9963.0;2
59800;BOT_TAKER;SUBMISSION;PANEL_1X4;XIRECS;9959.0;2
59800;BOT_TAKER;BOT_MAKER;PANEL_2X4;XIRECS;10498.0;2
59800;BOT_TAKER;SUBMISSION;PANEL_4X4;XIRECS;10235.0;2
59800;BOT_TAKER;SUBMISSION;OXYGEN_SHAKE_MORNING_BREATH;XIRECS;10237.0;2
59800;BOT_TAKER;SUBMISSION;OXYGEN_SHAKE_EVENING_BREATH;XIRECS;9973.0;2
59800;BOT_TAKER;SUBMISSION;OXYGEN_SHAKE_MINT;XIRECS;10056.0;2
59800;BOT_TAKER;BOT_MAKER;OXYGEN_SHAKE_CHOCOLATE;XIRECS;9781.0;2
59800;BOT_TAKER;SUBMISSION;OXYGEN_SHAKE_GARLIC;XIRECS;10441.0;2
59800;BOT_TAKER;BOT_MAKER;SNACKPACK_CHOCOLATE;XIRECS;9912.0;2
59800;BOT_TAKER;SUBMISSION;SNACKPACK_VANILLA;XIRECS;10088.0;1
59800;BOT_TAKER;BOT_MAKER;SNACKPACK_VANILLA;XIRECS;10089.0;1
59800;BOT_TAKER;BOT_MAKER;SNACKPACK_PISTACHIO;XIRECS;9711.0;2
59800;BOT_TAKER;BOT_MAKER;SNACKPACK_STRAWBERRY;XIRECS;9863.0;2
59800;BOT_TAKER;BOT_MAKER;SNACKPACK_RASPBERRY;XIRECS;10278.0;2
63700;BOT_TAKER;SUBMISSION;PEBBLES_XS;XIRECS;9778.0;3
63700;BOT_TAKER;BOT_MAKER;PEBBLES_S;XIRECS;9556.0;3
63700;BOT_TAKER;BOT_MAKER;PEBBLES_M;XIRECS;9890.0;3
63700;BOT_TAKER;SUBMISSION;PEBBLES_L;XIRECS;10167.0;3
63700;BOT_TAKER;SUBMISSION;PEBBLES_XL;XIRECS;10637.0;1
63700;BOT_TAKER;BOT_MAKER;PEBBLES_XL;XIRECS;10638.0;2
64100;BOT_TAKER;SUBMISSION;MICROCHIP_CIRCLE;XIRECS;10247.0;1
64100;BOT_TAKER;SUBMISSION;MICROCHIP_OVAL;XIRECS;9880.0;1
64100;BOT_TAKER;SUBMISSION;MICROCHIP_SQUARE;XIRECS;10248.0;1
64100;BOT_TAKER;BOT_MAKER;MICROCHIP_RECTANGLE;XIRECS;9926.0;1
64100;BOT_TAKER;SUBMISSION;MICROCHIP_TRIANGLE;XIRECS;10118.0;1
64400;SUBMISSION;BOT_TAKER;MICROCHIP_CIRCLE;XIRECS;10243.0;2
64400;SUBMISSION;BOT_TAKER;MICROCHIP_OVAL;XIRECS;9856.0;2
64400;SUBMISSION;BOT_TAKER;MICROCHIP_SQUARE;XIRECS;10232.0;2
64400;BOT_MAKER;BOT_TAKER;MICROCHIP_RECTANGLE;XIRECS;9921.0;2
64400;BOT_MAKER;BOT_TAKER;MICROCHIP_TRIANGLE;XIRECS;10089.0;2
68300;SUBMISSION;BOT_TAKER;MICROCHIP_CIRCLE;XIRECS;10220.0;2
68300;BOT_MAKER;BOT_TAKER;MICROCHIP_CIRCLE;XIRECS;10219.0;1
68300;SUBMISSION;BOT_TAKER;MICROCHIP_OVAL;XIRECS;9909.0;2
68300;BOT_MAKER;BOT_TAKER;MICROCHIP_OVAL;XIRECS;9908.0;1
68300;SUBMISSION;BOT_TAKER;MICROCHIP_SQUARE;XIRECS;10235.0;2
68300;BOT_MAKER;BOT_TAKER;MICROCHIP_SQUARE;XIRECS;10234.0;1
68300;BOT_MAKER;BOT_TAKER;MICROCHIP_RECTANGLE;XIRECS;9787.0;3
68300;BOT_MAKER;BOT_TAKER;MICROCHIP_TRIANGLE;XIRECS;10192.0;3
71300;BOT_TAKER;SUBMISSION;PEBBLES_XS;XIRECS;9947.0;4
71300;BOT_TAKER;BOT_MAKER;PEBBLES_XS;XIRECS;9948.0;1
71300;BOT_TAKER;BOT_MAKER;PEBBLES_S;XIRECS;9561.0;5
71300;BOT_TAKER;BOT_MAKER;PEBBLES_M;XIRECS;9706.0;5
71300;BOT_TAKER;SUBMISSION;PEBBLES_L;XIRECS;9972.0;4
71300;BOT_TAKER;BOT_MAKER;PEBBLES_L;XIRECS;9973.0;1
71300;BOT_TAKER;BOT_MAKER;PEBBLES_XL;XIRECS;10842.0;5
71700;SUBMISSION;BOT_TAKER;MICROCHIP_CIRCLE;XIRECS;10179.0;2
71700;BOT_MAKER;BOT_TAKER;MICROCHIP_CIRCLE;XIRECS;10178.0;1
71700;SUBMISSION;BOT_TAKER;MICROCHIP_OVAL;XIRECS;9974.0;2
71700;BOT_MAKER;BOT_TAKER;MICROCHIP_OVAL;XIRECS;9973.0;1
71700;SUBMISSION;BOT_TAKER;MICROCHIP_SQUARE;XIRECS;10381.0;2
71700;BOT_MAKER;BOT_TAKER;MICROCHIP_SQUARE;XIRECS;10380.0;1
71700;BOT_MAKER;BOT_TAKER;MICROCHIP_RECTANGLE;XIRECS;9802.0;3
71700;BOT_MAKER;BOT_TAKER;MICROCHIP_TRIANGLE;XIRECS;10116.0;3
72100;SUBMISSION;BOT_TAKER;MICROCHIP_CIRCLE;XIRECS;10181.0;2
72100;SUBMISSION;BOT_TAKER;MICROCHIP_OVAL;XIRECS;9951.0;2
72100;SUBMISSION;BOT_TAKER;MICROCHIP_SQUARE;XIRECS;10466.0;2
72100;BOT_MAKER;BOT_TAKER;MICROCHIP_RECTANGLE;XIRECS;9774.0;2
72100;BOT_MAKER;BOT_TAKER;MICROCHIP_TRIANGLE;XIRECS;10114.0;2
72800;BOT_TAKER;SUBMISSION;PEBBLES_XS;XIRECS;10049.0;2
72800;BOT_TAKER;BOT_MAKER;PEBBLES_XS;XIRECS;10050.0;1
72800;BOT_TAKER;BOT_MAKER;PEBBLES_S;XIRECS;9554.0;3
72800;BOT_TAKER;BOT_MAKER;PEBBLES_M;XIRECS;9683.0;3
72800;BOT_TAKER;SUBMISSION;PEBBLES_L;XIRECS;10040.0;2
72800;BOT_TAKER;BOT_MAKER;PEBBLES_L;XIRECS;10041.0;1
72800;BOT_TAKER;BOT_MAKER;PEBBLES_XL;XIRECS;10702.0;3
75600;BOT_MAKER;BOT_TAKER;GALAXY_SOUNDS_DARK_MATTER;XIRECS;10243.0;3
75600;SUBMISSION;BOT_TAKER;GALAXY_SOUNDS_BLACK_HOLES;XIRECS;9673.0;3
75600;SUBMISSION;BOT_TAKER;GALAXY_SOUNDS_PLANETARY_RINGS;XIRECS;9919.0;3
75600;SUBMISSION;BOT_TAKER;GALAXY_SOUNDS_SOLAR_WINDS;XIRECS;9954.0;3
75600;BOT_MAKER;BOT_TAKER;GALAXY_SOUNDS_SOLAR_FLAMES;XIRECS;10397.0;3
75600;SUBMISSION;BOT_TAKER;SLEEP_POD_SUEDE;XIRECS;9798.0;3
75600;BOT_MAKER;BOT_TAKER;SLEEP_POD_LAMB_WOOL;XIRECS;10562.0;3
75600;SUBMISSION;BOT_TAKER;SLEEP_POD_POLYESTER;XIRECS;10048.0;3
75600;SUBMISSION;BOT_TAKER;SLEEP_POD_NYLON;XIRECS;10002.0;1
75600;BOT_MAKER;BOT_TAKER;SLEEP_POD_NYLON;XIRECS;10001.0;2
75600;SUBMISSION;BOT_TAKER;SLEEP_POD_COTTON;XIRECS;9800.0;3
75600;SUBMISSION;BOT_TAKER;ROBOT_VACUUMING;XIRECS;10051.0;1
75600;BOT_MAKER;BOT_TAKER;ROBOT_VACUUMING;XIRECS;10050.0;2
75600;SUBMISSION;BOT_TAKER;ROBOT_MOPPING;XIRECS;10456.0;3
75600;SUBMISSION;BOT_TAKER;ROBOT_DISHES;XIRECS;9825.0;3
75600;BOT_MAKER;BOT_TAKER;ROBOT_LAUNDRY;XIRECS;10197.0;3
75600;SUBMISSION;BOT_TAKER;ROBOT_IRONING;XIRECS;10203.0;3
75600;SUBMISSION;BOT_TAKER;UV_VISOR_YELLOW;XIRECS;9769.0;3
75600;SUBMISSION;BOT_TAKER;UV_VISOR_AMBER;XIRECS;9806.0;3
75600;SUBMISSION;BOT_TAKER;UV_VISOR_ORANGE;XIRECS;9811.0;3
75600;BOT_MAKER;BOT_TAKER;UV_VISOR_RED;XIRECS;10515.0;3
75600;BOT_MAKER;BOT_TAKER;UV_VISOR_MAGENTA;XIRECS;10601.0;3
75600;SUBMISSION;BOT_TAKER;TRANSLATOR_SPACE_GRAY;XIRECS;9621.0;3
75600;SUBMISSION;BOT_TAKER;TRANSLATOR_ASTRO_BLACK;XIRECS;9861.0;3
75600;BOT_MAKER;BOT_TAKER;TRANSLATOR_ECLIPSE_CHARCOAL;XIRECS;9992.0;3
75600;SUBMISSION;BOT_TAKER;TRANSLATOR_GRAPHITE_MIST;XIRECS;9793.0;3
75600;SUBMISSION;BOT_TAKER;TRANSLATOR_VOID_BLUE;XIRECS;9975.0;3
75600;SUBMISSION;BOT_TAKER;PANEL_1X2;XIRECS;10527.0;3
75600;SUBMISSION;BOT_TAKER;PANEL_2X2;XIRECS;10045.0;3
75600;SUBMISSION;BOT_TAKER;PANEL_1X4;XIRECS;9899.0;3
75600;BOT_MAKER;BOT_TAKER;PANEL_2X4;XIRECS;10489.0;3
75600;SUBMISSION;BOT_TAKER;PANEL_4X4;XIRECS;10438.0;3
75600;SUBMISSION;BOT_TAKER;OXYGEN_SHAKE_MORNING_BREATH;XIRECS;10226.0;3
75600;SUBMISSION;BOT_TAKER;OXYGEN_SHAKE_EVENING_BREATH;XIRECS;9795.0;3
75600;SUBMISSION;BOT_TAKER;OXYGEN_SHAKE_MINT;XIRECS;10140.0;3
75600;SUBMISSION;BOT_TAKER;OXYGEN_SHAKE_CHOCOLATE;XIRECS;9839.0;3
75600;SUBMISSION;BOT_TAKER;OXYGEN_SHAKE_GARLIC;XIRECS;10583.0;3
75600;SUBMISSION;BOT_TAKER;SNACKPACK_CHOCOLATE;XIRECS;9756.0;3
75600;BOT_MAKER;BOT_TAKER;SNACKPACK_VANILLA;XIRECS;10217.0;3
75600;SUBMISSION;BOT_TAKER;SNACKPACK_PISTACHIO;XIRECS;9683.0;3
75600;SUBMISSION;BOT_TAKER;SNACKPACK_STRAWBERRY;XIRECS;9860.0;3
75600;BOT_MAKER;BOT_TAKER;SNACKPACK_RASPBERRY;XIRECS;10282.0;3
76300;SUBMISSION;BOT_TAKER;MICROCHIP_CIRCLE;XIRECS;10190.0;1
76300;BOT_MAKER;BOT_TAKER;MICROCHIP_CIRCLE;XIRECS;10189.0;1
76300;SUBMISSION;BOT_TAKER;MICROCHIP_OVAL;XIRECS;9992.0;1
76300;BOT_MAKER;BOT_TAKER;MICROCHIP_OVAL;XIRECS;9991.0;1
76300;SUBMISSION;BOT_TAKER;MICROCHIP_SQUARE;XIRECS;10633.0;1
76300;BOT_MAKER;BOT_TAKER;MICROCHIP_SQUARE;XIRECS;10632.0;1
76300;BOT_MAKER;BOT_TAKER;MICROCHIP_RECTANGLE;XIRECS;9739.0;2
76300;BOT_MAKER;BOT_TAKER;MICROCHIP_TRIANGLE;XIRECS;10103.0;2
77400;BOT_TAKER;SUBMISSION;GALAXY_SOUNDS_DARK_MATTER;XIRECS;10256.0;1
77400;BOT_TAKER;SUBMISSION;GALAXY_SOUNDS_BLACK_HOLES;XIRECS;9638.0;1
77400;BOT_TAKER;SUBMISSION;GALAXY_SOUNDS_PLANETARY_RINGS;XIRECS;9894.0;1
77400;BOT_TAKER;SUBMISSION;GALAXY_SOUNDS_SOLAR_WINDS;XIRECS;9974.0;1
77400;BOT_TAKER;BOT_MAKER;GALAXY_SOUNDS_SOLAR_FLAMES;XIRECS;10431.0;1
77400;BOT_TAKER;BOT_MAKER;SLEEP_POD_SUEDE;XIRECS;9823.0;1
77400;BOT_TAKER;BOT_MAKER;SLEEP_POD_LAMB_WOOL;XIRECS;10545.0;1
77400;BOT_TAKER;SUBMISSION;SLEEP_POD_POLYESTER;XIRECS;9946.0;1
77400;BOT_TAKER;BOT_MAKER;SLEEP_POD_NYLON;XIRECS;10008.0;1
77400;BOT_TAKER;SUBMISSION;SLEEP_POD_COTTON;XIRECS;9767.0;1
77400;BOT_TAKER;SUBMISSION;ROBOT_VACUUMING;XIRECS;10117.0;1
77400;BOT_TAKER;SUBMISSION;ROBOT_MOPPING;XIRECS;10405.0;1
77400;BOT_TAKER;BOT_MAKER;ROBOT_DISHES;XIRECS;9749.0;1
77400;BOT_TAKER;BOT_MAKER;ROBOT_LAUNDRY;XIRECS;10278.0;1
77400;BOT_TAKER;SUBMISSION;ROBOT_IRONING;XIRECS;10170.0;1
77400;BOT_TAKER;SUBMISSION;UV_VISOR_YELLOW;XIRECS;9786.0;1
77400;BOT_TAKER;SUBMISSION;UV_VISOR_AMBER;XIRECS;9762.0;1
77400;BOT_TAKER;SUBMISSION;UV_VISOR_ORANGE;XIRECS;9832.0;1
77400;BOT_TAKER;BOT_MAKER;UV_VISOR_RED;XIRECS;10572.0;1
77400;BOT_TAKER;BOT_MAKER;UV_VISOR_MAGENTA;XIRECS;10638.0;1
77400;BOT_TAKER;SUBMISSION;TRANSLATOR_SPACE_GRAY;XIRECS;9520.0;1
77400;BOT_TAKER;BOT_MAKER;TRANSLATOR_ASTRO_BLACK;XIRECS;9942.0;1
77400;BOT_TAKER;SUBMISSION;TRANSLATOR_ECLIPSE_CHARCOAL;XIRECS;10024.0;1
77400;BOT_TAKER;SUBMISSION;TRANSLATOR_GRAPHITE_MIST;XIRECS;9834.0;1
77400;BOT_TAKER;BOT_MAKER;TRANSLATOR_VOID_BLUE;XIRECS;9945.0;1
77400;BOT_TAKER;SUBMISSION;PANEL_1X2;XIRECS;10526.0;1
77400;BOT_TAKER;SUBMISSION;PANEL_2X2;XIRECS;10073.0;1
77400;BOT_TAKER;SUBMISSION;PANEL_1X4;XIRECS;9905.0;1
77400;BOT_TAKER;BOT_MAKER;PANEL_2X4;XIRECS;10514.0;1
77400;BOT_TAKER;SUBMISSION;PANEL_4X4;XIRECS;10438.0;1
77400;BOT_TAKER;SUBMISSION;OXYGEN_SHAKE_MORNING_BREATH;XIRECS;10290.0;1
77400;BOT_TAKER;SUBMISSION;OXYGEN_SHAKE_EVENING_BREATH;XIRECS;9859.0;1
77400;BOT_TAKER;SUBMISSION;OXYGEN_SHAKE_MINT;XIRECS;10088.0;1
77400;BOT_TAKER;BOT_MAKER;OXYGEN_SHAKE_CHOCOLATE;XIRECS;9813.0;1
77400;BOT_TAKER;SUBMISSION;OXYGEN_SHAKE_GARLIC;XIRECS;10652.0;1
77400;BOT_TAKER;BOT_MAKER;SNACKPACK_CHOCOLATE;XIRECS;9791.0;1
77400;BOT_TAKER;SUBMISSION;SNACKPACK_VANILLA;XIRECS;10218.0;1
77400;BOT_TAKER;BOT_MAKER;SNACKPACK_PISTACHIO;XIRECS;9690.0;1
77400;BOT_TAKER;BOT_MAKER;SNACKPACK_STRAWBERRY;XIRECS;9867.0;1
77400;BOT_TAKER;BOT_MAKER;SNACKPACK_RASPBERRY;XIRECS;10294.0;1
77600;SUBMISSION;BOT_TAKER;PEBBLES_XS;XIRECS;10143.0;4
77600;SUBMISSION;BOT_TAKER;PEBBLES_S;XIRECS;9557.0;4
77600;SUBMISSION;BOT_TAKER;PEBBLES_M;XIRECS;9731.0;4
77600;SUBMISSION;BOT_TAKER;PEBBLES_L;XIRECS;9832.0;4
77600;BOT_MAKER;BOT_TAKER;PEBBLES_XL;XIRECS;10710.0;4
78200;BOT_TAKER;SUBMISSION;PEBBLES_XS;XIRECS;10151.0;2
78200;BOT_TAKER;BOT_MAKER;PEBBLES_XS;XIRECS;10152.0;3
78200;BOT_TAKER;BOT_MAKER;PEBBLES_S;XIRECS;9627.0;5
78200;BOT_TAKER;BOT_MAKER;PEBBLES_M;XIRECS;9794.0;5
78200;BOT_TAKER;SUBMISSION;PEBBLES_L;XIRECS;9863.0;2
78200;BOT_TAKER;BOT_MAKER;PEBBLES_L;XIRECS;9864.0;3
78200;BOT_TAKER;BOT_MAKER;PEBBLES_XL;XIRECS;10594.0;5
78300;BOT_TAKER;SUBMISSION;PEBBLES_XS;XIRECS;10141.0;2
78300;BOT_TAKER;BOT_MAKER;PEBBLES_S;XIRECS;9646.0;2
78300;BOT_TAKER;BOT_MAKER;PEBBLES_M;XIRECS;9787.0;2
78300;BOT_TAKER;SUBMISSION;PEBBLES_L;XIRECS;9857.0;2
78300;BOT_TAKER;BOT_MAKER;PEBBLES_XL;XIRECS;10598.0;2
81300;BOT_TAKER;SUBMISSION;MICROCHIP_CIRCLE;XIRECS;10203.0;3
81300;BOT_TAKER;SUBMISSION;MICROCHIP_OVAL;XIRECS;10002.0;3
81300;BOT_TAKER;SUBMISSION;MICROCHIP_SQUARE;XIRECS;10725.0;3
81300;BOT_TAKER;BOT_MAKER;MICROCHIP_RECTANGLE;XIRECS;9861.0;3
81300;BOT_TAKER;SUBMISSION;MICROCHIP_TRIANGLE;XIRECS;10043.0;3
81900;SUBMISSION;BOT_TAKER;MICROCHIP_CIRCLE;XIRECS;10212.0;2
81900;SUBMISSION;BOT_TAKER;MICROCHIP_OVAL;XIRECS;10035.0;2
81900;SUBMISSION;BOT_TAKER;MICROCHIP_SQUARE;XIRECS;10650.0;2
81900;BOT_MAKER;BOT_TAKER;MICROCHIP_RECTANGLE;XIRECS;9887.0;2
81900;BOT_MAKER;BOT_TAKER;MICROCHIP_TRIANGLE;XIRECS;10017.0;2
82400;BOT_MAKER;BOT_TAKER;GALAXY_SOUNDS_DARK_MATTER;XIRECS;10248.0;4
82400;SUBMISSION;BOT_TAKER;GALAXY_SOUNDS_BLACK_HOLES;XIRECS;9546.0;4
82400;SUBMISSION;BOT_TAKER;GALAXY_SOUNDS_PLANETARY_RINGS;XIRECS;9996.0;4
82400;SUBMISSION;BOT_TAKER;GALAXY_SOUNDS_SOLAR_WINDS;XIRECS;9961.0;4
82400;BOT_MAKER;BOT_TAKER;GALAXY_SOUNDS_SOLAR_FLAMES;XIRECS;10394.0;4
82400;SUBMISSION;BOT_TAKER;SLEEP_POD_SUEDE;XIRECS;9793.0;1
82400;BOT_MAKER;BOT_TAKER;SLEEP_POD_SUEDE;XIRECS;9792.0;3
82400;BOT_MAKER;BOT_TAKER;SLEEP_POD_LAMB_WOOL;XIRECS;10550.0;4
82400;SUBMISSION;BOT_TAKER;SLEEP_POD_POLYESTER;XIRECS;10033.0;4
82400;SUBMISSION;BOT_TAKER;SLEEP_POD_NYLON;XIRECS;9993.0;4
82400;SUBMISSION;BOT_TAKER;SLEEP_POD_COTTON;XIRECS;9853.0;4
82400;BOT_MAKER;BOT_TAKER;ROBOT_VACUUMING;XIRECS;10134.0;4
82400;SUBMISSION;BOT_TAKER;ROBOT_MOPPING;XIRECS;10469.0;4
82400;SUBMISSION;BOT_TAKER;ROBOT_DISHES;XIRECS;9740.0;4
82400;BOT_MAKER;BOT_TAKER;ROBOT_LAUNDRY;XIRECS;10268.0;4
82400;SUBMISSION;BOT_TAKER;ROBOT_IRONING;XIRECS;10140.0;4
82400;SUBMISSION;BOT_TAKER;UV_VISOR_YELLOW;XIRECS;9721.0;4
82400;SUBMISSION;BOT_TAKER;UV_VISOR_AMBER;XIRECS;9790.0;4
82400;SUBMISSION;BOT_TAKER;UV_VISOR_ORANGE;XIRECS;9861.0;4
82400;BOT_MAKER;BOT_TAKER;UV_VISOR_RED;XIRECS;10420.0;4
82400;BOT_MAKER;BOT_TAKER;UV_VISOR_MAGENTA;XIRECS;10442.0;4
82400;SUBMISSION;BOT_TAKER;TRANSLATOR_SPACE_GRAY;XIRECS;9486.0;4
82400;SUBMISSION;BOT_TAKER;TRANSLATOR_ASTRO_BLACK;XIRECS;9944.0;4
82400;BOT_MAKER;BOT_TAKER;TRANSLATOR_ECLIPSE_CHARCOAL;XIRECS;9989.0;4
82400;SUBMISSION;BOT_TAKER;TRANSLATOR_GRAPHITE_MIST;XIRECS;9871.0;4
82400;BOT_MAKER;BOT_TAKER;TRANSLATOR_VOID_BLUE;XIRECS;10053.0;4
82400;SUBMISSION;BOT_TAKER;PANEL_1X2;XIRECS;10597.0;4
82400;SUBMISSION;BOT_TAKER;PANEL_2X2;XIRECS;10070.0;4
82400;SUBMISSION;BOT_TAKER;PANEL_1X4;XIRECS;9859.0;4
82400;BOT_MAKER;BOT_TAKER;PANEL_2X4;XIRECS;10537.0;4
82400;SUBMISSION;BOT_TAKER;PANEL_4X4;XIRECS;10482.0;4
82400;SUBMISSION;BOT_TAKER;OXYGEN_SHAKE_MORNING_BREATH;XIRECS;10381.0;4
82400;SUBMISSION;BOT_TAKER;OXYGEN_SHAKE_EVENING_BREATH;XIRECS;9726.0;4
82400;SUBMISSION;BOT_TAKER;OXYGEN_SHAKE_MINT;XIRECS;10046.0;4
82400;SUBMISSION;BOT_TAKER;OXYGEN_SHAKE_CHOCOLATE;XIRECS;9782.0;3
82400;BOT_MAKER;BOT_TAKER;OXYGEN_SHAKE_CHOCOLATE;XIRECS;9781.0;1
82400;SUBMISSION;BOT_TAKER;OXYGEN_SHAKE_GARLIC;XIRECS;10619.0;4
82400;SUBMISSION;BOT_TAKER;SNACKPACK_CHOCOLATE;XIRECS;9901.0;1
82400;BOT_MAKER;BOT_TAKER;SNACKPACK_CHOCOLATE;XIRECS;9900.0;3
82400;SUBMISSION;BOT_TAKER;SNACKPACK_VANILLA;XIRECS;10070.0;3
82400;BOT_MAKER;BOT_TAKER;SNACKPACK_VANILLA;XIRECS;10069.0;1
82400;SUBMISSION;BOT_TAKER;SNACKPACK_PISTACHIO;XIRECS;9673.0;1
82400;BOT_MAKER;BOT_TAKER;SNACKPACK_PISTACHIO;XIRECS;9672.0;3
82400;SUBMISSION;BOT_TAKER;SNACKPACK_STRAWBERRY;XIRECS;9903.0;3
82400;BOT_MAKER;BOT_TAKER;SNACKPACK_STRAWBERRY;XIRECS;9902.0;1
82400;BOT_MAKER;BOT_TAKER;SNACKPACK_RASPBERRY;XIRECS;10233.0;4
83900;BOT_TAKER;SUBMISSION;PEBBLES_XS;XIRECS;10314.0;2
83900;BOT_TAKER;BOT_MAKER;PEBBLES_XS;XIRECS;10315.0;2
83900;BOT_TAKER;BOT_MAKER;PEBBLES_S;XIRECS;9622.0;4
83900;BOT_TAKER;BOT_MAKER;PEBBLES_M;XIRECS;9754.0;4
83900;BOT_TAKER;SUBMISSION;PEBBLES_L;XIRECS;9775.0;2
83900;BOT_TAKER;BOT_MAKER;PEBBLES_L;XIRECS;9776.0;2
83900;BOT_TAKER;BOT_MAKER;PEBBLES_XL;XIRECS;10564.0;4
85500;SUBMISSION;BOT_TAKER;PEBBLES_XS;XIRECS;10210.0;5
85500;SUBMISSION;BOT_TAKER;PEBBLES_S;XIRECS;9671.0;3
85500;BOT_MAKER;BOT_TAKER;PEBBLES_S;XIRECS;9670.0;2
85500;BOT_MAKER;BOT_TAKER;PEBBLES_M;XIRECS;9688.0;5
85500;SUBMISSION;BOT_TAKER;PEBBLES_L;XIRECS;9752.0;5
85500;BOT_MAKER;BOT_TAKER;PEBBLES_XL;XIRECS;10651.0;5
87500;BOT_TAKER;SUBMISSION;PEBBLES_XS;XIRECS;10199.0;2
87500;BOT_TAKER;BOT_MAKER;PEBBLES_S;XIRECS;9661.0;2
87500;BOT_TAKER;BOT_MAKER;PEBBLES_M;XIRECS;9599.0;2
87500;BOT_TAKER;SUBMISSION;PEBBLES_L;XIRECS;9729.0;2
87500;BOT_TAKER;BOT_MAKER;PEBBLES_XL;XIRECS;10840.0;2
89900;BOT_TAKER;SUBMISSION;GALAXY_SOUNDS_DARK_MATTER;XIRECS;10251.0;3
89900;BOT_TAKER;SUBMISSION;GALAXY_SOUNDS_BLACK_HOLES;XIRECS;9621.0;3
89900;BOT_TAKER;SUBMISSION;GALAXY_SOUNDS_PLANETARY_RINGS;XIRECS;9867.0;3
89900;BOT_TAKER;SUBMISSION;GALAXY_SOUNDS_SOLAR_WINDS;XIRECS;9889.0;3
89900;BOT_TAKER;BOT_MAKER;GALAXY_SOUNDS_SOLAR_FLAMES;XIRECS;10552.0;3
89900;BOT_TAKER;BOT_MAKER;SLEEP_POD_SUEDE;XIRECS;9818.0;3
89900;BOT_TAKER;BOT_MAKER;SLEEP_POD_LAMB_WOOL;XIRECS;10538.0;3
89900;BOT_TAKER;SUBMISSION;SLEEP_POD_POLYESTER;XIRECS;9993.0;3
89900;BOT_TAKER;SUBMISSION;SLEEP_POD_NYLON;XIRECS;10079.0;3
89900;BOT_TAKER;SUBMISSION;SLEEP_POD_COTTON;XIRECS;9787.0;3
89900;BOT_TAKER;BOT_MAKER;ROBOT_VACUUMING;XIRECS;9977.0;3
89900;BOT_TAKER;SUBMISSION;ROBOT_MOPPING;XIRECS;10488.0;3
89900;BOT_TAKER;SUBMISSION;ROBOT_DISHES;XIRECS;10043.0;3
89900;BOT_TAKER;BOT_MAKER;ROBOT_LAUNDRY;XIRECS;10277.0;3
89900;BOT_TAKER;SUBMISSION;ROBOT_IRONING;XIRECS;10083.0;3
89900;BOT_TAKER;SUBMISSION;UV_VISOR_YELLOW;XIRECS;9694.0;3
89900;BOT_TAKER;SUBMISSION;UV_VISOR_AMBER;XIRECS;9753.0;3
89900;BOT_TAKER;SUBMISSION;UV_VISOR_ORANGE;XIRECS;9897.0;3
89900;BOT_TAKER;BOT_MAKER;UV_VISOR_RED;XIRECS;10350.0;3
89900;BOT_TAKER;BOT_MAKER;UV_VISOR_MAGENTA;XIRECS;10532.0;3
89900;BOT_TAKER;SUBMISSION;TRANSLATOR_SPACE_GRAY;XIRECS;9465.0;3
89900;BOT_TAKER;BOT_MAKER;TRANSLATOR_ASTRO_BLACK;XIRECS;9849.0;3
89900;BOT_TAKER;BOT_MAKER;TRANSLATOR_ECLIPSE_CHARCOAL;XIRECS;9965.0;3
89900;BOT_TAKER;SUBMISSION;TRANSLATOR_GRAPHITE_MIST;XIRECS;9859.0;3
89900;BOT_TAKER;SUBMISSION;TRANSLATOR_VOID_BLUE;XIRECS;10039.0;3
89900;BOT_TAKER;SUBMISSION;PANEL_1X2;XIRECS;10486.0;3
89900;BOT_TAKER;SUBMISSION;PANEL_2X2;XIRECS;10107.0;3
89900;BOT_TAKER;SUBMISSION;PANEL_1X4;XIRECS;10101.0;3
89900;BOT_TAKER;BOT_MAKER;PANEL_2X4;XIRECS;10512.0;3
89900;BOT_TAKER;SUBMISSION;PANEL_4X4;XIRECS;10445.0;3
89900;BOT_TAKER;SUBMISSION;OXYGEN_SHAKE_MORNING_BREATH;XIRECS;10505.0;3
89900;BOT_TAKER;SUBMISSION;OXYGEN_SHAKE_EVENING_BREATH;XIRECS;9758.0;3
89900;BOT_TAKER;SUBMISSION;OXYGEN_SHAKE_MINT;XIRECS;10111.0;3
89900;BOT_TAKER;BOT_MAKER;OXYGEN_SHAKE_CHOCOLATE;XIRECS;9795.0;3
89900;BOT_TAKER;SUBMISSION;OXYGEN_SHAKE_GARLIC;XIRECS;10802.0;3
89900;BOT_TAKER;BOT_MAKER;SNACKPACK_CHOCOLATE;XIRECS;9902.0;3
89900;BOT_TAKER;SUBMISSION;SNACKPACK_VANILLA;XIRECS;10094.0;1
89900;BOT_TAKER;BOT_MAKER;SNACKPACK_VANILLA;XIRECS;10095.0;2
89900;BOT_TAKER;BOT_MAKER;SNACKPACK_PISTACHIO;XIRECS;9709.0;3
89900;BOT_TAKER;BOT_MAKER;SNACKPACK_STRAWBERRY;XIRECS;10004.0;3
89900;BOT_TAKER;BOT_MAKER;SNACKPACK_RASPBERRY;XIRECS;10185.0;3
90000;BOT_TAKER;SUBMISSION;MICROCHIP_CIRCLE;XIRECS;10184.0;1
90000;BOT_TAKER;SUBMISSION;MICROCHIP_OVAL;XIRECS;10088.0;1
90000;BOT_TAKER;SUBMISSION;MICROCHIP_SQUARE;XIRECS;10919.0;1
90000;BOT_TAKER;BOT_MAKER;MICROCHIP_RECTANGLE;XIRECS;9892.0;1
90000;BOT_TAKER;SUBMISSION;MICROCHIP_TRIANGLE;XIRECS;10072.0;1
91500;BOT_TAKER;SUBMISSION;GALAXY_SOUNDS_DARK_MATTER;XIRECS;10236.0;2
91500;BOT_TAKER;SUBMISSION;GALAXY_SOUNDS_BLACK_HOLES;XIRECS;9656.0;2
91500;BOT_TAKER;SUBMISSION;GALAXY_SOUNDS_PLANETARY_RINGS;XIRECS;9916.0;2
91500;BOT_TAKER;SUBMISSION;GALAXY_SOUNDS_SOLAR_WINDS;XIRECS;9827.0;2
91500;BOT_TAKER;BOT_MAKER;GALAXY_SOUNDS_SOLAR_FLAMES;XIRECS;10634.0;2
91500;BOT_TAKER;BOT_MAKER;SLEEP_POD_SUEDE;XIRECS;9881.0;2
91500;BOT_TAKER;BOT_MAKER;SLEEP_POD_LAMB_WOOL;XIRECS;10516.0;2
91500;BOT_TAKER;SUBMISSION;SLEEP_POD_POLYESTER;XIRECS;10030.0;2
91500;BOT_TAKER;SUBMISSION;SLEEP_POD_NYLON;XIRECS;10058.0;2
91500;BOT_TAKER;SUBMISSION;SLEEP_POD_COTTON;XIRECS;9718.0;2
91500;BOT_TAKER;BOT_MAKER;ROBOT_VACUUMING;XIRECS;9942.0;2
91500;BOT_TAKER;SUBMISSION;ROBOT_MOPPING;XIRECS;10455.0;2
91500;BOT_TAKER;BOT_MAKER;ROBOT_DISHES;XIRECS;9924.0;2
91500;BOT_TAKER;BOT_MAKER;ROBOT_LAUNDRY;XIRECS;10333.0;2
91500;BOT_TAKER;SUBMISSION;ROBOT_IRONING;XIRECS;10024.0;2
91500;BOT_TAKER;SUBMISSION;UV_VISOR_YELLOW;XIRECS;9562.0;2
91500;BOT_TAKER;SUBMISSION;UV_VISOR_AMBER;XIRECS;9823.0;2
91500;BOT_TAKER;SUBMISSION;UV_VISOR_ORANGE;XIRECS;9953.0;2
91500;BOT_TAKER;BOT_MAKER;UV_VISOR_RED;XIRECS;10299.0;2
91500;BOT_TAKER;BOT_MAKER;UV_VISOR_MAGENTA;XIRECS;10494.0;2
91500;BOT_TAKER;SUBMISSION;TRANSLATOR_SPACE_GRAY;XIRECS;9529.0;2
91500;BOT_TAKER;BOT_MAKER;TRANSLATOR_ASTRO_BLACK;XIRECS;9830.0;2
91500;BOT_TAKER;BOT_MAKER;TRANSLATOR_ECLIPSE_CHARCOAL;XIRECS;9924.0;2
91500;BOT_TAKER;SUBMISSION;TRANSLATOR_GRAPHITE_MIST;XIRECS;9924.0;2
91500;BOT_TAKER;SUBMISSION;TRANSLATOR_VOID_BLUE;XIRECS;10077.0;2
91500;BOT_TAKER;SUBMISSION;PANEL_1X2;XIRECS;10446.0;2
91500;BOT_TAKER;SUBMISSION;PANEL_2X2;XIRECS;10082.0;2
91500;BOT_TAKER;SUBMISSION;PANEL_1X4;XIRECS;10112.0;2
91500;BOT_TAKER;BOT_MAKER;PANEL_2X4;XIRECS;10516.0;2
91500;BOT_TAKER;SUBMISSION;PANEL_4X4;XIRECS;10396.0;2
91500;BOT_TAKER;SUBMISSION;OXYGEN_SHAKE_MORNING_BREATH;XIRECS;10569.0;2
91500;BOT_TAKER;SUBMISSION;OXYGEN_SHAKE_EVENING_BREATH;XIRECS;9699.0;2
91500;BOT_TAKER;SUBMISSION;OXYGEN_SHAKE_MINT;XIRECS;10016.0;2
91500;BOT_TAKER;BOT_MAKER;OXYGEN_SHAKE_CHOCOLATE;XIRECS;9814.0;2
91500;BOT_TAKER;SUBMISSION;OXYGEN_SHAKE_GARLIC;XIRECS;10845.0;2
91500;BOT_TAKER;BOT_MAKER;SNACKPACK_CHOCOLATE;XIRECS;9943.0;2
91500;BOT_TAKER;BOT_MAKER;SNACKPACK_VANILLA;XIRECS;10036.0;2
91500;BOT_TAKER;BOT_MAKER;SNACKPACK_PISTACHIO;XIRECS;9682.0;2
91500;BOT_TAKER;BOT_MAKER;SNACKPACK_STRAWBERRY;XIRECS;9938.0;2
91500;BOT_TAKER;BOT_MAKER;SNACKPACK_RASPBERRY;XIRECS;10244.0;2
91600;BOT_TAKER;SUBMISSION;MICROCHIP_CIRCLE;XIRECS;10221.0;3
91600;BOT_TAKER;SUBMISSION;MICROCHIP_OVAL;XIRECS;10111.0;3
91600;BOT_TAKER;SUBMISSION;MICROCHIP_SQUARE;XIRECS;11112.0;3
91600;BOT_TAKER;SUBMISSION;MICROCHIP_RECTANGLE;XIRECS;9970.0;3
91600;BOT_TAKER;SUBMISSION;MICROCHIP_TRIANGLE;XIRECS;10124.0;3
92100;SUBMISSION;BOT_TAKER;MICROCHIP_CIRCLE;XIRECS;10218.0;2
92100;SUBMISSION;BOT_TAKER;MICROCHIP_OVAL;XIRECS;10082.0;2
92100;SUBMISSION;BOT_TAKER;MICROCHIP_SQUARE;XIRECS;11191.0;2
92100;BOT_MAKER;BOT_TAKER;MICROCHIP_RECTANGLE;XIRECS;9987.0;2
92100;BOT_MAKER;BOT_TAKER;MICROCHIP_TRIANGLE;XIRECS;10139.0;2
93900;BOT_MAKER;BOT_TAKER;GALAXY_SOUNDS_DARK_MATTER;XIRECS;10161.0;1
93900;SUBMISSION;BOT_TAKER;GALAXY_SOUNDS_BLACK_HOLES;XIRECS;9650.0;1
93900;SUBMISSION;BOT_TAKER;GALAXY_SOUNDS_PLANETARY_RINGS;XIRECS;9874.0;1
93900;SUBMISSION;BOT_TAKER;GALAXY_SOUNDS_SOLAR_WINDS;XIRECS;9837.0;1
93900;BOT_MAKER;BOT_TAKER;GALAXY_SOUNDS_SOLAR_FLAMES;XIRECS;10594.0;1
93900;BOT_MAKER;BOT_TAKER;SLEEP_POD_SUEDE;XIRECS;9909.0;1
93900;BOT_MAKER;BOT_TAKER;SLEEP_POD_LAMB_WOOL;XIRECS;10432.0;1
93900;SUBMISSION;BOT_TAKER;SLEEP_POD_POLYESTER;XIRECS;9996.0;1
93900;BOT_MAKER;BOT_TAKER;SLEEP_POD_NYLON;XIRECS;10057.0;1
93900;SUBMISSION;BOT_TAKER;SLEEP_POD_COTTON;XIRECS;9639.0;1
93900;BOT_MAKER;BOT_TAKER;ROBOT_VACUUMING;XIRECS;10087.0;1
93900;SUBMISSION;BOT_TAKER;ROBOT_MOPPING;XIRECS;10492.0;1
93900;SUBMISSION;BOT_TAKER;ROBOT_DISHES;XIRECS;9979.0;1
93900;BOT_MAKER;BOT_TAKER;ROBOT_LAUNDRY;XIRECS;10264.0;1
93900;SUBMISSION;BOT_TAKER;ROBOT_IRONING;XIRECS;10019.0;1
93900;SUBMISSION;BOT_TAKER;UV_VISOR_YELLOW;XIRECS;9566.0;1
93900;SUBMISSION;BOT_TAKER;UV_VISOR_AMBER;XIRECS;9799.0;1
93900;SUBMISSION;BOT_TAKER;UV_VISOR_ORANGE;XIRECS;9940.0;1
93900;BOT_MAKER;BOT_TAKER;UV_VISOR_RED;XIRECS;10275.0;1
93900;BOT_MAKER;BOT_TAKER;UV_VISOR_MAGENTA;XIRECS;10506.0;1
93900;SUBMISSION;BOT_TAKER;TRANSLATOR_SPACE_GRAY;XIRECS;9534.0;1
93900;SUBMISSION;BOT_TAKER;TRANSLATOR_ASTRO_BLACK;XIRECS;9724.0;1
93900;SUBMISSION;BOT_TAKER;TRANSLATOR_ECLIPSE_CHARCOAL;XIRECS;9852.0;1
93900;SUBMISSION;BOT_TAKER;TRANSLATOR_GRAPHITE_MIST;XIRECS;9897.0;1
93900;BOT_MAKER;BOT_TAKER;TRANSLATOR_VOID_BLUE;XIRECS;10020.0;1
93900;SUBMISSION;BOT_TAKER;PANEL_1X2;XIRECS;10425.0;1
93900;SUBMISSION;BOT_TAKER;PANEL_2X2;XIRECS;10132.0;1
93900;SUBMISSION;BOT_TAKER;PANEL_1X4;XIRECS;10191.0;1
93900;BOT_MAKER;BOT_TAKER;PANEL_2X4;XIRECS;10580.0;1
93900;SUBMISSION;BOT_TAKER;PANEL_4X4;XIRECS;10332.0;1
93900;SUBMISSION;BOT_TAKER;OXYGEN_SHAKE_MORNING_BREATH;XIRECS;10617.0;1
93900;SUBMISSION;BOT_TAKER;OXYGEN_SHAKE_EVENING_BREATH;XIRECS;9676.0;1
93900;SUBMISSION;BOT_TAKER;OXYGEN_SHAKE_MINT;XIRECS;9901.0;1
93900;BOT_MAKER;BOT_TAKER;OXYGEN_SHAKE_CHOCOLATE;XIRECS;9728.0;1
93900;SUBMISSION;BOT_TAKER;OXYGEN_SHAKE_GARLIC;XIRECS;10767.0;1
93900;BOT_MAKER;BOT_TAKER;SNACKPACK_CHOCOLATE;XIRECS;9910.0;1
93900;SUBMISSION;BOT_TAKER;SNACKPACK_VANILLA;XIRECS;10037.0;1
93900;BOT_MAKER;BOT_TAKER;SNACKPACK_PISTACHIO;XIRECS;9675.0;1
93900;BOT_MAKER;BOT_TAKER;SNACKPACK_STRAWBERRY;XIRECS;9957.0;1
93900;BOT_MAKER;BOT_TAKER;SNACKPACK_RASPBERRY;XIRECS;10208.0;1
94300;BOT_TAKER;SUBMISSION;MICROCHIP_CIRCLE;XIRECS;10195.0;1
94300;BOT_TAKER;SUBMISSION;MICROCHIP_OVAL;XIRECS;9968.0;1
94300;BOT_TAKER;SUBMISSION;MICROCHIP_SQUARE;XIRECS;11268.0;1
94300;BOT_TAKER;SUBMISSION;MICROCHIP_RECTANGLE;XIRECS;10013.0;1
94300;BOT_TAKER;SUBMISSION;MICROCHIP_TRIANGLE;XIRECS;10188.0;1
94600;BOT_MAKER;BOT_TAKER;GALAXY_SOUNDS_DARK_MATTER;XIRECS;10193.0;1
94600;SUBMISSION;BOT_TAKER;GALAXY_SOUNDS_BLACK_HOLES;XIRECS;9600.0;1
94600;SUBMISSION;BOT_TAKER;GALAXY_SOUNDS_PLANETARY_RINGS;XIRECS;9852.0;1
94600;SUBMISSION;BOT_TAKER;GALAXY_SOUNDS_SOLAR_WINDS;XIRECS;9772.0;1
94600;BOT_MAKER;BOT_TAKER;GALAXY_SOUNDS_SOLAR_FLAMES;XIRECS;10619.0;1
94600;BOT_MAKER;BOT_TAKER;SLEEP_POD_SUEDE;XIRECS;9918.0;1
94600;BOT_MAKER;BOT_TAKER;SLEEP_POD_LAMB_WOOL;XIRECS;10415.0;1
94600;SUBMISSION;BOT_TAKER;SLEEP_POD_POLYESTER;XIRECS;10000.0;1
94600;BOT_MAKER;BOT_TAKER;SLEEP_POD_NYLON;XIRECS;10020.0;1
94600;SUBMISSION;BOT_TAKER;SLEEP_POD_COTTON;XIRECS;9663.0;1
94600;BOT_MAKER;BOT_TAKER;ROBOT_VACUUMING;XIRECS;10072.0;1
94600;SUBMISSION;BOT_TAKER;ROBOT_MOPPING;XIRECS;10492.0;1
94600;SUBMISSION;BOT_TAKER;ROBOT_DISHES;XIRECS;9989.0;1
94600;BOT_MAKER;BOT_TAKER;ROBOT_LAUNDRY;XIRECS;10289.0;1
94600;SUBMISSION;BOT_TAKER;ROBOT_IRONING;XIRECS;10038.0;1
94600;SUBMISSION;BOT_TAKER;UV_VISOR_YELLOW;XIRECS;9582.0;1
94600;SUBMISSION;BOT_TAKER;UV_VISOR_AMBER;XIRECS;9796.0;1
94600;SUBMISSION;BOT_TAKER;UV_VISOR_ORANGE;XIRECS;9963.0;1
94600;BOT_MAKER;BOT_TAKER;UV_VISOR_RED;XIRECS;10291.0;1
94600;BOT_MAKER;BOT_TAKER;UV_VISOR_MAGENTA;XIRECS;10490.0;1
94600;SUBMISSION;BOT_TAKER;TRANSLATOR_SPACE_GRAY;XIRECS;9553.0;1
94600;SUBMISSION;BOT_TAKER;TRANSLATOR_ASTRO_BLACK;XIRECS;9751.0;1
94600;SUBMISSION;BOT_TAKER;TRANSLATOR_ECLIPSE_CHARCOAL;XIRECS;9833.0;1
94600;SUBMISSION;BOT_TAKER;TRANSLATOR_GRAPHITE_MIST;XIRECS;9846.0;1
94600;BOT_MAKER;BOT_TAKER;TRANSLATOR_VOID_BLUE;XIRECS;10045.0;1
94600;SUBMISSION;BOT_TAKER;PANEL_1X2;XIRECS;10420.0;1
94600;SUBMISSION;BOT_TAKER;PANEL_2X2;XIRECS;10178.0;1
94600;SUBMISSION;BOT_TAKER;PANEL_1X4;XIRECS;10185.0;1
94600;BOT_MAKER;BOT_TAKER;PANEL_2X4;XIRECS;10560.0;1
94600;SUBMISSION;BOT_TAKER;PANEL_4X4;XIRECS;10376.0;1
94600;SUBMISSION;BOT_TAKER;OXYGEN_SHAKE_MORNING_BREATH;XIRECS;10630.0;1
94600;SUBMISSION;BOT_TAKER;OXYGEN_SHAKE_EVENING_BREATH;XIRECS;9655.0;1
94600;SUBMISSION;BOT_TAKER;OXYGEN_SHAKE_MINT;XIRECS;9853.0;1
94600;BOT_MAKER;BOT_TAKER;OXYGEN_SHAKE_CHOCOLATE;XIRECS;9711.0;1
94600;SUBMISSION;BOT_TAKER;OXYGEN_SHAKE_GARLIC;XIRECS;10798.0;1
94600;BOT_MAKER;BOT_TAKER;SNACKPACK_CHOCOLATE;XIRECS;9898.0;1
94600;SUBMISSION;BOT_TAKER;SNACKPACK_VANILLA;XIRECS;10051.0;1
94600;BOT_MAKER;BOT_TAKER;SNACKPACK_PISTACHIO;XIRECS;9672.0;1
94600;BOT_MAKER;BOT_TAKER;SNACKPACK_STRAWBERRY;XIRECS;9961.0;1
94600;BOT_MAKER;BOT_TAKER;SNACKPACK_RASPBERRY;XIRECS;10215.0;1
95300;SUBMISSION;BOT_TAKER;MICROCHIP_CIRCLE;XIRECS;10215.0;1
95300;SUBMISSION;BOT_TAKER;MICROCHIP_OVAL;XIRECS;9993.0;1
95300;SUBMISSION;BOT_TAKER;MICROCHIP_SQUARE;XIRECS;11293.0;1
95300;BOT_MAKER;BOT_TAKER;MICROCHIP_RECTANGLE;XIRECS;9939.0;1
95300;BOT_MAKER;BOT_TAKER;MICROCHIP_TRIANGLE;XIRECS;10189.0;1
98700;BOT_TAKER;BOT_MAKER;GALAXY_SOUNDS_DARK_MATTER;XIRECS;10174.0;4
98700;BOT_TAKER;SUBMISSION;GALAXY_SOUNDS_BLACK_HOLES;XIRECS;9558.0;2
98700;BOT_TAKER;BOT_MAKER;GALAXY_SOUNDS_BLACK_HOLES;XIRECS;9559.0;2
98700;BOT_TAKER;SUBMISSION;GALAXY_SOUNDS_PLANETARY_RINGS;XIRECS;9908.0;2
98700;BOT_TAKER;BOT_MAKER;GALAXY_SOUNDS_PLANETARY_RINGS;XIRECS;9909.0;2
98700;BOT_TAKER;SUBMISSION;GALAXY_SOUNDS_SOLAR_WINDS;XIRECS;9737.0;2
98700;BOT_TAKER;BOT_MAKER;GALAXY_SOUNDS_SOLAR_WINDS;XIRECS;9738.0;2
98700;BOT_TAKER;BOT_MAKER;GALAXY_SOUNDS_SOLAR_FLAMES;XIRECS;10686.0;4
98700;BOT_TAKER;SUBMISSION;SLEEP_POD_SUEDE;XIRECS;9941.0;4
98700;BOT_TAKER;BOT_MAKER;SLEEP_POD_LAMB_WOOL;XIRECS;10482.0;4
98700;BOT_TAKER;SUBMISSION;SLEEP_POD_POLYESTER;XIRECS;9997.0;2
98700;BOT_TAKER;BOT_MAKER;SLEEP_POD_POLYESTER;XIRECS;9998.0;2
98700;BOT_TAKER;BOT_MAKER;SLEEP_POD_NYLON;XIRECS;10010.0;4
98700;BOT_TAKER;SUBMISSION;SLEEP_POD_COTTON;XIRECS;9762.0;2
98700;BOT_TAKER;BOT_MAKER;SLEEP_POD_COTTON;XIRECS;9763.0;2
98700;BOT_TAKER;BOT_MAKER;ROBOT_VACUUMING;XIRECS;9910.0;4
98700;BOT_TAKER;SUBMISSION;ROBOT_MOPPING;XIRECS;10582.0;2
98700;BOT_TAKER;BOT_MAKER;ROBOT_MOPPING;XIRECS;10583.0;2
98700;BOT_TAKER;BOT_MAKER;ROBOT_DISHES;XIRECS;9916.0;4
98700;BOT_TAKER;BOT_MAKER;ROBOT_LAUNDRY;XIRECS;10405.0;4
98700;BOT_TAKER;SUBMISSION;ROBOT_IRONING;XIRECS;9939.0;2
98700;BOT_TAKER;BOT_MAKER;ROBOT_IRONING;XIRECS;9940.0;2
98700;BOT_TAKER;SUBMISSION;UV_VISOR_YELLOW;XIRECS;9676.0;2
98700;BOT_TAKER;BOT_MAKER;UV_VISOR_YELLOW;XIRECS;9677.0;2
98700;BOT_TAKER;SUBMISSION;UV_VISOR_AMBER;XIRECS;9752.0;2
98700;BOT_TAKER;BOT_MAKER;UV_VISOR_AMBER;XIRECS;9753.0;2
98700;BOT_TAKER;SUBMISSION;UV_VISOR_ORANGE;XIRECS;9999.0;2
98700;BOT_TAKER;BOT_MAKER;UV_VISOR_ORANGE;XIRECS;10000.0;2
98700;BOT_TAKER;BOT_MAKER;UV_VISOR_RED;XIRECS;10291.0;4
98700;BOT_TAKER;BOT_MAKER;UV_VISOR_MAGENTA;XIRECS;10622.0;4
98700;BOT_TAKER;SUBMISSION;TRANSLATOR_SPACE_GRAY;XIRECS;9553.0;2
98700;BOT_TAKER;BOT_MAKER;TRANSLATOR_SPACE_GRAY;XIRECS;9554.0;2
98700;BOT_TAKER;BOT_MAKER;TRANSLATOR_ASTRO_BLACK;XIRECS;9727.0;4
98700;BOT_TAKER;BOT_MAKER;TRANSLATOR_ECLIPSE_CHARCOAL;XIRECS;9758.0;4
98700;BOT_TAKER;SUBMISSION;TRANSLATOR_GRAPHITE_MIST;XIRECS;9870.0;2
98700;BOT_TAKER;BOT_MAKER;TRANSLATOR_GRAPHITE_MIST;XIRECS;9871.0;2
98700;BOT_TAKER;SUBMISSION;TRANSLATOR_VOID_BLUE;XIRECS;10133.0;2
98700;BOT_TAKER;BOT_MAKER;TRANSLATOR_VOID_BLUE;XIRECS;10134.0;2
98700;BOT_TAKER;SUBMISSION;PANEL_1X2;XIRECS;10372.0;2
98700;BOT_TAKER;BOT_MAKER;PANEL_1X2;XIRECS;10373.0;2
98700;BOT_TAKER;SUBMISSION;PANEL_2X2;XIRECS;10262.0;2
98700;BOT_TAKER;BOT_MAKER;PANEL_2X2;XIRECS;10263.0;2
98700;BOT_TAKER;SUBMISSION;PANEL_1X4;XIRECS;10175.0;2
98700;BOT_TAKER;BOT_MAKER;PANEL_1X4;XIRECS;10176.0;2
98700;BOT_TAKER;BOT_MAKER;PANEL_2X4;XIRECS;10580.0;4
98700;BOT_TAKER;SUBMISSION;PANEL_4X4;XIRECS;10423.0;2
98700;BOT_TAKER;BOT_MAKER;PANEL_4X4;XIRECS;10424.0;2
98700;BOT_TAKER;SUBMISSION;OXYGEN_SHAKE_MORNING_BREATH;XIRECS;10763.0;2
98700;BOT_TAKER;BOT_MAKER;OXYGEN_SHAKE_MORNING_BREATH;XIRECS;10764.0;2
98700;BOT_TAKER;SUBMISSION;OXYGEN_SHAKE_EVENING_BREATH;XIRECS;9716.0;2
98700;BOT_TAKER;BOT_MAKER;OXYGEN_SHAKE_EVENING_BREATH;XIRECS;9717.0;2
98700;BOT_TAKER;SUBMISSION;OXYGEN_SHAKE_MINT;XIRECS;9769.0;2
98700;BOT_TAKER;BOT_MAKER;OXYGEN_SHAKE_MINT;XIRECS;9770.0;2
98700;BOT_TAKER;BOT_MAKER;OXYGEN_SHAKE_CHOCOLATE;XIRECS;9745.0;4
98700;BOT_TAKER;SUBMISSION;OXYGEN_SHAKE_GARLIC;XIRECS;10924.0;2
98700;BOT_TAKER;BOT_MAKER;OXYGEN_SHAKE_GARLIC;XIRECS;10925.0;2
98700;BOT_TAKER;BOT_MAKER;SNACKPACK_CHOCOLATE;XIRECS;9890.0;4
98700;BOT_TAKER;BOT_MAKER;SNACKPACK_VANILLA;XIRECS;10072.0;4
98700;BOT_TAKER;BOT_MAKER;SNACKPACK_PISTACHIO;XIRECS;9714.0;4
98700;BOT_TAKER;BOT_MAKER;SNACKPACK_STRAWBERRY;XIRECS;10002.0;4
98700;BOT_TAKER;BOT_MAKER;SNACKPACK_RASPBERRY;XIRECS;10215.0;4
99200;SUBMISSION;BOT_TAKER;PEBBLES_XS;XIRECS;10370.0;4
99200;BOT_MAKER;BOT_TAKER;PEBBLES_S;XIRECS;9598.0;4
99200;BOT_MAKER;BOT_TAKER;PEBBLES_M;XIRECS;9528.0;4
99200;SUBMISSION;BOT_TAKER;PEBBLES_L;XIRECS;9851.0;4
99200;BOT_MAKER;BOT_TAKER;PEBBLES_XL;XIRECS;10624.0;4
100100;BOT_TAKER;BOT_MAKER;GALAXY_SOUNDS_DARK_MATTER;XIRECS;10180.0;1
100100;BOT_TAKER;SUBMISSION;GALAXY_SOUNDS_BLACK_HOLES;XIRECS;9564.0;1
100100;BOT_TAKER;SUBMISSION;GALAXY_SOUNDS_PLANETARY_RINGS;XIRECS;9881.0;1
100100;BOT_TAKER;SUBMISSION;GALAXY_SOUNDS_SOLAR_WINDS;XIRECS;9729.0;1
100100;BOT_TAKER;BOT_MAKER;GALAXY_SOUNDS_SOLAR_FLAMES;XIRECS;10702.0;1
100100;BOT_TAKER;SUBMISSION;SLEEP_POD_SUEDE;XIRECS;9978.0;1
100100;BOT_TAKER;BOT_MAKER;SLEEP_POD_LAMB_WOOL;XIRECS;10431.0;1
100100;BOT_TAKER;SUBMISSION;SLEEP_POD_POLYESTER;XIRECS;10000.0;1
100100;BOT_TAKER;BOT_MAKER;SLEEP_POD_NYLON;XIRECS;9991.0;1
100100;BOT_TAKER;SUBMISSION;SLEEP_POD_COTTON;XIRECS;9762.0;1
100100;BOT_TAKER;BOT_MAKER;ROBOT_VACUUMING;XIRECS;9898.0;1
100100;BOT_TAKER;SUBMISSION;ROBOT_MOPPING;XIRECS;10601.0;1
100100;BOT_TAKER;BOT_MAKER;ROBOT_DISHES;XIRECS;9969.0;1
100100;BOT_TAKER;BOT_MAKER;ROBOT_LAUNDRY;XIRECS;10445.0;1
100100;BOT_TAKER;SUBMISSION;ROBOT_IRONING;XIRECS;9989.0;1
100100;BOT_TAKER;SUBMISSION;UV_VISOR_YELLOW;XIRECS;9688.0;1
100100;BOT_TAKER;SUBMISSION;UV_VISOR_AMBER;XIRECS;9775.0;1
100100;BOT_TAKER;SUBMISSION;UV_VISOR_ORANGE;XIRECS;10023.0;1
100100;BOT_TAKER;BOT_MAKER;UV_VISOR_RED;XIRECS;10273.0;1
100100;BOT_TAKER;BOT_MAKER;UV_VISOR_MAGENTA;XIRECS;10634.0;1
100100;BOT_TAKER;SUBMISSION;TRANSLATOR_SPACE_GRAY;XIRECS;9525.0;1
100100;BOT_TAKER;BOT_MAKER;TRANSLATOR_ASTRO_BLACK;XIRECS;9700.0;1
100100;BOT_TAKER;BOT_MAKER;TRANSLATOR_ECLIPSE_CHARCOAL;XIRECS;9759.0;1
100100;BOT_TAKER;SUBMISSION;TRANSLATOR_GRAPHITE_MIST;XIRECS;9836.0;1
100100;BOT_TAKER;BOT_MAKER;TRANSLATOR_VOID_BLUE;XIRECS;10179.0;1
100100;BOT_TAKER;SUBMISSION;PANEL_1X2;XIRECS;10387.0;1
100100;BOT_TAKER;SUBMISSION;PANEL_2X2;XIRECS;10279.0;1
100100;BOT_TAKER;SUBMISSION;PANEL_1X4;XIRECS;10173.0;1
100100;BOT_TAKER;BOT_MAKER;PANEL_2X4;XIRECS;10625.0;1
100100;BOT_TAKER;SUBMISSION;PANEL_4X4;XIRECS;10415.0;1
100100;BOT_TAKER;SUBMISSION;OXYGEN_SHAKE_MORNING_BREATH;XIRECS;10717.0;1
100100;BOT_TAKER;SUBMISSION;OXYGEN_SHAKE_EVENING_BREATH;XIRECS;9671.0;1
100100;BOT_TAKER;SUBMISSION;OXYGEN_SHAKE_MINT;XIRECS;9783.0;1
100100;BOT_TAKER;BOT_MAKER;OXYGEN_SHAKE_CHOCOLATE;XIRECS;9780.0;1
100100;BOT_TAKER;SUBMISSION;OXYGEN_SHAKE_GARLIC;XIRECS;10984.0;1
100100;BOT_TAKER;BOT_MAKER;SNACKPACK_CHOCOLATE;XIRECS;9886.0;1
100100;BOT_TAKER;BOT_MAKER;SNACKPACK_VANILLA;XIRECS;10080.0;1
100100;BOT_TAKER;BOT_MAKER;SNACKPACK_PISTACHIO;XIRECS;9729.0;1
100100;BOT_TAKER;SUBMISSION;SNACKPACK_STRAWBERRY;XIRECS;10045.0;1
100100;BOT_TAKER;BOT_MAKER;SNACKPACK_RASPBERRY;XIRECS;10174.0;1
103100;BOT_TAKER;SUBMISSION;MICROCHIP_CIRCLE;XIRECS;10063.0;3
103100;BOT_TAKER;SUBMISSION;MICROCHIP_OVAL;XIRECS;10002.0;3
103100;BOT_TAKER;SUBMISSION;MICROCHIP_SQUARE;XIRECS;11462.0;3
103100;BOT_TAKER;BOT_MAKER;MICROCHIP_RECTANGLE;XIRECS;9919.0;3
103100;BOT_TAKER;SUBMISSION;MICROCHIP_TRIANGLE;XIRECS;10100.0;3
104500;BOT_TAKER;BOT_MAKER;GALAXY_SOUNDS_DARK_MATTER;XIRECS;10206.0;4
104500;BOT_TAKER;SUBMISSION;GALAXY_SOUNDS_BLACK_HOLES;XIRECS;9550.0;2
104500;BOT_TAKER;BOT_MAKER;GALAXY_SOUNDS_BLACK_HOLES;XIRECS;9551.0;2
104500;BOT_TAKER;SUBMISSION;GALAXY_SOUNDS_PLANETARY_RINGS;XIRECS;9822.0;2
104500;BOT_TAKER;BOT_MAKER;GALAXY_SOUNDS_PLANETARY_RINGS;XIRECS;9823.0;2
104500;BOT_TAKER;SUBMISSION;GALAXY_SOUNDS_SOLAR_WINDS;XIRECS;9706.0;2
104500;BOT_TAKER;BOT_MAKER;GALAXY_SOUNDS_SOLAR_WINDS;XIRECS;9707.0;2
104500;BOT_TAKER;BOT_MAKER;GALAXY_SOUNDS_SOLAR_FLAMES;XIRECS;10706.0;4
104500;BOT_TAKER;BOT_MAKER;SLEEP_POD_SUEDE;XIRECS;9868.0;4
104500;BOT_TAKER;BOT_MAKER;SLEEP_POD_LAMB_WOOL;XIRECS;10629.0;4
104500;BOT_TAKER;SUBMISSION;SLEEP_POD_POLYESTER;XIRECS;10103.0;2
104500;BOT_TAKER;BOT_MAKER;SLEEP_POD_POLYESTER;XIRECS;10104.0;2
104500;BOT_TAKER;BOT_MAKER;SLEEP_POD_NYLON;XIRECS;10001.0;4
104500;BOT_TAKER;SUBMISSION;SLEEP_POD_COTTON;XIRECS;9906.0;2
104500;BOT_TAKER;BOT_MAKER;SLEEP_POD_COTTON;XIRECS;9907.0;2
104500;BOT_TAKER;BOT_MAKER;ROBOT_VACUUMING;XIRECS;9941.0;4
104500;BOT_TAKER;SUBMISSION;ROBOT_MOPPING;XIRECS;10646.0;2
104500;BOT_TAKER;BOT_MAKER;ROBOT_MOPPING;XIRECS;10647.0;2
104500;BOT_TAKER;BOT_MAKER;ROBOT_DISHES;XIRECS;9903.0;4
104500;BOT_TAKER;BOT_MAKER;ROBOT_LAUNDRY;XIRECS;10441.0;4
104500;BOT_TAKER;SUBMISSION;ROBOT_IRONING;XIRECS;9978.0;2
104500;BOT_TAKER;BOT_MAKER;ROBOT_IRONING;XIRECS;9979.0;2
104500;BOT_TAKER;SUBMISSION;UV_VISOR_YELLOW;XIRECS;9670.0;2
104500;BOT_TAKER;BOT_MAKER;UV_VISOR_YELLOW;XIRECS;9671.0;2
104500;BOT_TAKER;SUBMISSION;UV_VISOR_AMBER;XIRECS;9798.0;2
104500;BOT_TAKER;BOT_MAKER;UV_VISOR_AMBER;XIRECS;9799.0;2
104500;BOT_TAKER;SUBMISSION;UV_VISOR_ORANGE;XIRECS;9940.0;2
104500;BOT_TAKER;BOT_MAKER;UV_VISOR_ORANGE;XIRECS;9941.0;2
104500;BOT_TAKER;BOT_MAKER;UV_VISOR_RED;XIRECS;10150.0;4
104500;BOT_TAKER;BOT_MAKER;UV_VISOR_MAGENTA;XIRECS;10757.0;4
104500;BOT_TAKER;SUBMISSION;TRANSLATOR_SPACE_GRAY;XIRECS;9632.0;2
104500;BOT_TAKER;BOT_MAKER;TRANSLATOR_SPACE_GRAY;XIRECS;9633.0;2
104500;BOT_TAKER;BOT_MAKER;TRANSLATOR_ASTRO_BLACK;XIRECS;9688.0;4
104500;BOT_TAKER;BOT_MAKER;TRANSLATOR_ECLIPSE_CHARCOAL;XIRECS;9604.0;4
104500;BOT_TAKER;SUBMISSION;TRANSLATOR_GRAPHITE_MIST;XIRECS;9889.0;2
104500;BOT_TAKER;BOT_MAKER;TRANSLATOR_GRAPHITE_MIST;XIRECS;9890.0;2
104500;BOT_TAKER;BOT_MAKER;TRANSLATOR_VOID_BLUE;XIRECS;10127.0;4
104500;BOT_TAKER;SUBMISSION;PANEL_1X2;XIRECS;10446.0;2
104500;BOT_TAKER;BOT_MAKER;PANEL_1X2;XIRECS;10447.0;2
104500;BOT_TAKER;SUBMISSION;PANEL_2X2;XIRECS;10337.0;2
104500;BOT_TAKER;BOT_MAKER;PANEL_2X2;XIRECS;10338.0;2
104500;BOT_TAKER;SUBMISSION;PANEL_1X4;XIRECS;10122.0;2
104500;BOT_TAKER;BOT_MAKER;PANEL_1X4;XIRECS;10123.0;2
104500;BOT_TAKER;BOT_MAKER;PANEL_2X4;XIRECS;10674.0;4
104500;BOT_TAKER;SUBMISSION;PANEL_4X4;XIRECS;10601.0;2
104500;BOT_TAKER;BOT_MAKER;PANEL_4X4;XIRECS;10602.0;2
104500;BOT_TAKER;SUBMISSION;OXYGEN_SHAKE_MORNING_BREATH;XIRECS;10733.0;2
104500;BOT_TAKER;BOT_MAKER;OXYGEN_SHAKE_MORNING_BREATH;XIRECS;10734.0;2
104500;BOT_TAKER;SUBMISSION;OXYGEN_SHAKE_EVENING_BREATH;XIRECS;9564.0;2
104500;BOT_TAKER;BOT_MAKER;OXYGEN_SHAKE_EVENING_BREATH;XIRECS;9565.0;2
104500;BOT_TAKER;SUBMISSION;OXYGEN_SHAKE_MINT;XIRECS;9834.0;2
104500;BOT_TAKER;BOT_MAKER;OXYGEN_SHAKE_MINT;XIRECS;9835.0;2
104500;BOT_TAKER;BOT_MAKER;OXYGEN_SHAKE_CHOCOLATE;XIRECS;9712.0;4
104500;BOT_TAKER;SUBMISSION;OXYGEN_SHAKE_GARLIC;XIRECS;10910.0;2
104500;BOT_TAKER;BOT_MAKER;OXYGEN_SHAKE_GARLIC;XIRECS;10911.0;2
104500;BOT_TAKER;BOT_MAKER;SNACKPACK_CHOCOLATE;XIRECS;9868.0;4
104500;BOT_TAKER;BOT_MAKER;SNACKPACK_VANILLA;XIRECS;10111.0;4
104500;BOT_TAKER;BOT_MAKER;SNACKPACK_PISTACHIO;XIRECS;9714.0;4
104500;BOT_TAKER;SUBMISSION;SNACKPACK_STRAWBERRY;XIRECS;10051.0;4
104500;BOT_TAKER;BOT_MAKER;SNACKPACK_RASPBERRY;XIRECS;10177.0;4
107400;SUBMISSION;BOT_TAKER;MICROCHIP_CIRCLE;XIRECS;10071.0;2
107400;BOT_MAKER;BOT_TAKER;MICROCHIP_CIRCLE;XIRECS;10070.0;1
107400;SUBMISSION;BOT_TAKER;MICROCHIP_OVAL;XIRECS;9921.0;2
107400;BOT_MAKER;BOT_TAKER;MICROCHIP_OVAL;XIRECS;9920.0;1
107400;SUBMISSION;BOT_TAKER;MICROCHIP_SQUARE;XIRECS;11364.0;2
107400;BOT_MAKER;BOT_TAKER;MICROCHIP_SQUARE;XIRECS;11363.0;1
107400;SUBMISSION;BOT_TAKER;MICROCHIP_RECTANGLE;XIRECS;9798.0;3
107400;BOT_MAKER;BOT_TAKER;MICROCHIP_TRIANGLE;XIRECS;10161.0;3
108100;SUBMISSION;BOT_TAKER;MICROCHIP_CIRCLE;XIRECS;10074.0;1
108100;SUBMISSION;BOT_TAKER;MICROCHIP_OVAL;XIRECS;9910.0;1
108100;SUBMISSION;BOT_TAKER;MICROCHIP_SQUARE;XIRECS;11306.0;1
108100;SUBMISSION;BOT_TAKER;MICROCHIP_RECTANGLE;XIRECS;9781.0;1
108100;BOT_MAKER;BOT_TAKER;MICROCHIP_TRIANGLE;XIRECS;10146.0;1
108500;BOT_TAKER;BOT_MAKER;GALAXY_SOUNDS_DARK_MATTER;XIRECS;10199.0;2
108500;BOT_TAKER;SUBMISSION;GALAXY_SOUNDS_BLACK_HOLES;XIRECS;9478.0;2
108500;BOT_TAKER;SUBMISSION;GALAXY_SOUNDS_PLANETARY_RINGS;XIRECS;9820.0;2
108500;BOT_TAKER;SUBMISSION;GALAXY_SOUNDS_SOLAR_WINDS;XIRECS;9669.0;2
108500;BOT_TAKER;BOT_MAKER;GALAXY_SOUNDS_SOLAR_FLAMES;XIRECS;10677.0;2
108500;BOT_TAKER;BOT_MAKER;SLEEP_POD_SUEDE;XIRECS;9896.0;2
108500;BOT_TAKER;BOT_MAKER;SLEEP_POD_LAMB_WOOL;XIRECS;10515.0;2
108500;BOT_TAKER;SUBMISSION;SLEEP_POD_POLYESTER;XIRECS;10071.0;2
108500;BOT_TAKER;BOT_MAKER;SLEEP_POD_NYLON;XIRECS;9993.0;2
108500;BOT_TAKER;SUBMISSION;SLEEP_POD_COTTON;XIRECS;9864.0;2
108500;BOT_TAKER;BOT_MAKER;ROBOT_VACUUMING;XIRECS;9972.0;2
108500;BOT_TAKER;SUBMISSION;ROBOT_MOPPING;XIRECS;10614.0;2
108500;BOT_TAKER;BOT_MAKER;ROBOT_DISHES;XIRECS;9805.0;2
108500;BOT_TAKER;BOT_MAKER;ROBOT_LAUNDRY;XIRECS;10553.0;2
108500;BOT_TAKER;SUBMISSION;ROBOT_IRONING;XIRECS;9968.0;2
108500;BOT_TAKER;SUBMISSION;UV_VISOR_YELLOW;XIRECS;9686.0;2
108500;BOT_TAKER;SUBMISSION;UV_VISOR_AMBER;XIRECS;9725.0;2
108500;BOT_TAKER;SUBMISSION;UV_VISOR_ORANGE;XIRECS;9887.0;2
108500;BOT_TAKER;BOT_MAKER;UV_VISOR_RED;XIRECS;10163.0;2
108500;BOT_TAKER;BOT_MAKER;UV_VISOR_MAGENTA;XIRECS;10655.0;2
108500;BOT_TAKER;SUBMISSION;TRANSLATOR_SPACE_GRAY;XIRECS;9607.0;2
108500;BOT_TAKER;BOT_MAKER;TRANSLATOR_ASTRO_BLACK;XIRECS;9706.0;2
108500;BOT_TAKER;BOT_MAKER;TRANSLATOR_ECLIPSE_CHARCOAL;XIRECS;9649.0;2
108500;BOT_TAKER;SUBMISSION;TRANSLATOR_GRAPHITE_MIST;XIRECS;9912.0;2
108500;BOT_TAKER;BOT_MAKER;TRANSLATOR_VOID_BLUE;XIRECS;10108.0;2
108500;BOT_TAKER;SUBMISSION;PANEL_1X2;XIRECS;10382.0;2
108500;BOT_TAKER;SUBMISSION;PANEL_2X2;XIRECS;10318.0;2
108500;BOT_TAKER;SUBMISSION;PANEL_1X4;XIRECS;10143.0;2
108500;BOT_TAKER;BOT_MAKER;PANEL_2X4;XIRECS;10669.0;2
108500;BOT_TAKER;SUBMISSION;PANEL_4X4;XIRECS;10656.0;2
108500;BOT_TAKER;SUBMISSION;OXYGEN_SHAKE_MORNING_BREATH;XIRECS;10731.0;2
108500;BOT_TAKER;SUBMISSION;OXYGEN_SHAKE_EVENING_BREATH;XIRECS;9493.0;2
108500;BOT_TAKER;SUBMISSION;OXYGEN_SHAKE_MINT;XIRECS;9907.0;2
108500;BOT_TAKER;BOT_MAKER;OXYGEN_SHAKE_CHOCOLATE;XIRECS;9790.0;2
108500;BOT_TAKER;SUBMISSION;OXYGEN_SHAKE_GARLIC;XIRECS;10965.0;2
108500;BOT_TAKER;BOT_MAKER;SNACKPACK_CHOCOLATE;XIRECS;9809.0;2
108500;BOT_TAKER;BOT_MAKER;SNACKPACK_VANILLA;XIRECS;10158.0;2
108500;BOT_TAKER;BOT_MAKER;SNACKPACK_PISTACHIO;XIRECS;9710.0;2
108500;BOT_TAKER;SUBMISSION;SNACKPACK_STRAWBERRY;XIRECS;10066.0;2
108500;BOT_TAKER;BOT_MAKER;SNACKPACK_RASPBERRY;XIRECS;10157.0;2
112100;BOT_MAKER;BOT_TAKER;GALAXY_SOUNDS_DARK_MATTER;XIRECS;10327.0;4
112100;SUBMISSION;BOT_TAKER;GALAXY_SOUNDS_BLACK_HOLES;XIRECS;9573.0;4
112100;SUBMISSION;BOT_TAKER;GALAXY_SOUNDS_PLANETARY_RINGS;XIRECS;9895.0;4
112100;SUBMISSION;BOT_TAKER;GALAXY_SOUNDS_SOLAR_WINDS;XIRECS;9666.0;4
112100;BOT_MAKER;BOT_TAKER;GALAXY_SOUNDS_SOLAR_FLAMES;XIRECS;10592.0;4
112100;SUBMISSION;BOT_TAKER;SLEEP_POD_SUEDE;XIRECS;9910.0;4
112100;BOT_MAKER;BOT_TAKER;SLEEP_POD_LAMB_WOOL;XIRECS;10419.0;4
112100;SUBMISSION;BOT_TAKER;SLEEP_POD_POLYESTER;XIRECS;10092.0;4
112100;SUBMISSION;BOT_TAKER;SLEEP_POD_NYLON;XIRECS;9935.0;4
112100;SUBMISSION;BOT_TAKER;SLEEP_POD_COTTON;XIRECS;9937.0;4
112100;SUBMISSION;BOT_TAKER;ROBOT_VACUUMING;XIRECS;9958.0;4
112100;SUBMISSION;BOT_TAKER;ROBOT_MOPPING;XIRECS;10614.0;4
112100;SUBMISSION;BOT_TAKER;ROBOT_DISHES;XIRECS;9695.0;4
112100;BOT_MAKER;BOT_TAKER;ROBOT_LAUNDRY;XIRECS;10562.0;4
112100;SUBMISSION;BOT_TAKER;ROBOT_IRONING;XIRECS;10000.0;4
112100;SUBMISSION;BOT_TAKER;UV_VISOR_YELLOW;XIRECS;9656.0;4
112100;SUBMISSION;BOT_TAKER;UV_VISOR_AMBER;XIRECS;9669.0;4
112100;SUBMISSION;BOT_TAKER;UV_VISOR_ORANGE;XIRECS;9889.0;4
112100;SUBMISSION;BOT_TAKER;UV_VISOR_RED;XIRECS;10125.0;4
112100;BOT_MAKER;BOT_TAKER;UV_VISOR_MAGENTA;XIRECS;10659.0;4
112100;SUBMISSION;BOT_TAKER;TRANSLATOR_SPACE_GRAY;XIRECS;9453.0;4
112100;SUBMISSION;BOT_TAKER;TRANSLATOR_ASTRO_BLACK;XIRECS;9711.0;4
112100;SUBMISSION;BOT_TAKER;TRANSLATOR_ECLIPSE_CHARCOAL;XIRECS;9559.0;3
112100;BOT_MAKER;BOT_TAKER;TRANSLATOR_ECLIPSE_CHARCOAL;XIRECS;9558.0;1
112100;SUBMISSION;BOT_TAKER;TRANSLATOR_GRAPHITE_MIST;XIRECS;9963.0;4
112100;BOT_MAKER;BOT_TAKER;TRANSLATOR_VOID_BLUE;XIRECS;10172.0;4
112100;SUBMISSION;BOT_TAKER;PANEL_1X2;XIRECS;10418.0;4
112100;SUBMISSION;BOT_TAKER;PANEL_2X2;XIRECS;10320.0;4
112100;SUBMISSION;BOT_TAKER;PANEL_1X4;XIRECS;10185.0;4
112100;BOT_MAKER;BOT_TAKER;PANEL_2X4;XIRECS;10603.0;4
112100;SUBMISSION;BOT_TAKER;PANEL_4X4;XIRECS;10697.0;4
112100;SUBMISSION;BOT_TAKER;OXYGEN_SHAKE_MORNING_BREATH;XIRECS;10749.0;4
112100;SUBMISSION;BOT_TAKER;OXYGEN_SHAKE_EVENING_BREATH;XIRECS;9643.0;4
112100;SUBMISSION;BOT_TAKER;OXYGEN_SHAKE_MINT;XIRECS;9941.0;4
112100;BOT_MAKER;BOT_TAKER;OXYGEN_SHAKE_CHOCOLATE;XIRECS;9729.0;4
112100;SUBMISSION;BOT_TAKER;OXYGEN_SHAKE_GARLIC;XIRECS;11040.0;4
112100;BOT_MAKER;BOT_TAKER;SNACKPACK_CHOCOLATE;XIRECS;9820.0;4
112100;BOT_MAKER;BOT_TAKER;SNACKPACK_VANILLA;XIRECS;10128.0;4
112100;BOT_MAKER;BOT_TAKER;SNACKPACK_PISTACHIO;XIRECS;9698.0;4
112100;BOT_MAKER;BOT_TAKER;SNACKPACK_STRAWBERRY;XIRECS;10075.0;4
112100;BOT_MAKER;BOT_TAKER;SNACKPACK_RASPBERRY;XIRECS;10103.0;4
112400;BOT_TAKER;SUBMISSION;PEBBLES_XS;XIRECS;10161.0;2
112400;BOT_TAKER;BOT_MAKER;PEBBLES_XS;XIRECS;10162.0;1
112400;BOT_TAKER;BOT_MAKER;PEBBLES_S;XIRECS;9582.0;3
112400;BOT_TAKER;BOT_MAKER;PEBBLES_M;XIRECS;9610.0;3
112400;BOT_TAKER;SUBMISSION;PEBBLES_L;XIRECS;10010.0;2
112400;BOT_TAKER;BOT_MAKER;PEBBLES_L;XIRECS;10011.0;1
112400;BOT_TAKER;BOT_MAKER;PEBBLES_XL;XIRECS;10666.0;3
112500;BOT_TAKER;SUBMISSION;MICROCHIP_CIRCLE;XIRECS;10051.0;2
112500;BOT_TAKER;SUBMISSION;MICROCHIP_OVAL;XIRECS;9871.0;2
112500;BOT_TAKER;SUBMISSION;MICROCHIP_SQUARE;XIRECS;11172.0;2
112500;BOT_TAKER;BOT_MAKER;MICROCHIP_RECTANGLE;XIRECS;9734.0;2
112500;BOT_TAKER;SUBMISSION;MICROCHIP_TRIANGLE;XIRECS;10167.0;2
113200;BOT_TAKER;BOT_MAKER;GALAXY_SOUNDS_DARK_MATTER;XIRECS;10327.0;1
113200;BOT_TAKER;SUBMISSION;GALAXY_SOUNDS_BLACK_HOLES;XIRECS;9642.0;1
113200;BOT_TAKER;SUBMISSION;GALAXY_SOUNDS_PLANETARY_RINGS;XIRECS;9932.0;1
113200;BOT_TAKER;SUBMISSION;GALAXY_SOUNDS_SOLAR_WINDS;XIRECS;9682.0;1
113200;BOT_TAKER;BOT_MAKER;GALAXY_SOUNDS_SOLAR_FLAMES;XIRECS;10582.0;1
113200;BOT_TAKER;BOT_MAKER;SLEEP_POD_SUEDE;XIRECS;9931.0;1
113200;BOT_TAKER;BOT_MAKER;SLEEP_POD_LAMB_WOOL;XIRECS;10437.0;1
113200;BOT_TAKER;SUBMISSION;SLEEP_POD_POLYESTER;XIRECS;10194.0;1
113200;BOT_TAKER;BOT_MAKER;SLEEP_POD_NYLON;XIRECS;9890.0;1
113200;BOT_TAKER;SUBMISSION;SLEEP_POD_COTTON;XIRECS;9929.0;1
113200;BOT_TAKER;BOT_MAKER;ROBOT_VACUUMING;XIRECS;9991.0;1
113200;BOT_TAKER;SUBMISSION;ROBOT_MOPPING;XIRECS;10665.0;1
113200;BOT_TAKER;BOT_MAKER;ROBOT_DISHES;XIRECS;9663.0;1
113200;BOT_TAKER;BOT_MAKER;ROBOT_LAUNDRY;XIRECS;10540.0;1
113200;BOT_TAKER;SUBMISSION;ROBOT_IRONING;XIRECS;9992.0;1
113200;BOT_TAKER;SUBMISSION;UV_VISOR_YELLOW;XIRECS;9716.0;1
113200;BOT_TAKER;SUBMISSION;UV_VISOR_AMBER;XIRECS;9640.0;1
113200;BOT_TAKER;SUBMISSION;UV_VISOR_ORANGE;XIRECS;9932.0;1
113200;BOT_TAKER;BOT_MAKER;UV_VISOR_RED;XIRECS;10148.0;1
113200;BOT_TAKER;BOT_MAKER;UV_VISOR_MAGENTA;XIRECS;10716.0;1
113200;BOT_TAKER;SUBMISSION;TRANSLATOR_SPACE_GRAY;XIRECS;9504.0;1
113200;BOT_TAKER;BOT_MAKER;TRANSLATOR_ASTRO_BLACK;XIRECS;9717.0;1
113200;BOT_TAKER;BOT_MAKER;TRANSLATOR_ECLIPSE_CHARCOAL;XIRECS;9550.0;1
113200;BOT_TAKER;SUBMISSION;TRANSLATOR_GRAPHITE_MIST;XIRECS;9955.0;1
113200;BOT_TAKER;BOT_MAKER;TRANSLATOR_VOID_BLUE;XIRECS;10222.0;1
113200;BOT_TAKER;SUBMISSION;PANEL_1X2;XIRECS;10442.0;1
113200;BOT_TAKER;SUBMISSION;PANEL_2X2;XIRECS;10293.0;1
113200;BOT_TAKER;SUBMISSION;PANEL_1X4;XIRECS;10142.0;1
113200;BOT_TAKER;BOT_MAKER;PANEL_2X4;XIRECS;10675.0;1
113200;BOT_TAKER;SUBMISSION;PANEL_4X4;XIRECS;10736.0;1
113200;BOT_TAKER;SUBMISSION;OXYGEN_SHAKE_MORNING_BREATH;XIRECS;10732.0;1
113200;BOT_TAKER;SUBMISSION;OXYGEN_SHAKE_EVENING_BREATH;XIRECS;9664.0;1
113200;BOT_TAKER;SUBMISSION;OXYGEN_SHAKE_MINT;XIRECS;9948.0;1
113200;BOT_TAKER;BOT_MAKER;OXYGEN_SHAKE_CHOCOLATE;XIRECS;9773.0;1
113200;BOT_TAKER;SUBMISSION;OXYGEN_SHAKE_GARLIC;XIRECS;11051.0;1
113200;BOT_TAKER;BOT_MAKER;SNACKPACK_CHOCOLATE;XIRECS;9804.0;1
113200;BOT_TAKER;SUBMISSION;SNACKPACK_VANILLA;XIRECS;10188.0;1
113200;BOT_TAKER;BOT_MAKER;SNACKPACK_PISTACHIO;XIRECS;9707.0;1
113200;BOT_TAKER;SUBMISSION;SNACKPACK_STRAWBERRY;XIRECS;10065.0;1
113200;BOT_TAKER;BOT_MAKER;SNACKPACK_RASPBERRY;XIRECS;10146.0;1
116400;BOT_TAKER;SUBMISSION;MICROCHIP_CIRCLE;XIRECS;10013.0;2
116400;BOT_TAKER;SUBMISSION;MICROCHIP_OVAL;XIRECS;9773.0;2
116400;BOT_TAKER;SUBMISSION;MICROCHIP_SQUARE;XIRECS;11083.0;2
116400;BOT_TAKER;BOT_MAKER;MICROCHIP_RECTANGLE;XIRECS;9627.0;2
116400;BOT_TAKER;BOT_MAKER;MICROCHIP_TRIANGLE;XIRECS;10135.0;2
119900;SUBMISSION;BOT_TAKER;PEBBLES_XS;XIRECS;10218.0;4
119900;BOT_MAKER;BOT_TAKER;PEBBLES_S;XIRECS;9639.0;4
119900;BOT_MAKER;BOT_TAKER;PEBBLES_M;XIRECS;9737.0;4
119900;SUBMISSION;BOT_TAKER;PEBBLES_L;XIRECS;9821.0;4
119900;BOT_MAKER;BOT_TAKER;PEBBLES_XL;XIRECS;10557.0;4
120900;BOT_TAKER;SUBMISSION;MICROCHIP_CIRCLE;XIRECS;9897.0;2
120900;BOT_TAKER;SUBMISSION;MICROCHIP_OVAL;XIRECS;9900.0;2
120900;BOT_TAKER;SUBMISSION;MICROCHIP_SQUARE;XIRECS;11012.0;2
120900;BOT_TAKER;BOT_MAKER;MICROCHIP_RECTANGLE;XIRECS;9642.0;2
120900;BOT_TAKER;BOT_MAKER;MICROCHIP_TRIANGLE;XIRECS;10028.0;2
121000;SUBMISSION;BOT_TAKER;MICROCHIP_CIRCLE;XIRECS;9879.0;1
121000;SUBMISSION;BOT_TAKER;MICROCHIP_OVAL;XIRECS;9903.0;1
121000;SUBMISSION;BOT_TAKER;MICROCHIP_SQUARE;XIRECS;11010.0;1
121000;BOT_MAKER;BOT_TAKER;MICROCHIP_RECTANGLE;XIRECS;9614.0;1
121000;SUBMISSION;BOT_TAKER;MICROCHIP_TRIANGLE;XIRECS;10020.0;1
124900;BOT_MAKER;BOT_TAKER;GALAXY_SOUNDS_DARK_MATTER;XIRECS;10205.0;3
124900;SUBMISSION;BOT_TAKER;GALAXY_SOUNDS_BLACK_HOLES;XIRECS;9751.0;3
124900;SUBMISSION;BOT_TAKER;GALAXY_SOUNDS_PLANETARY_RINGS;XIRECS;9602.0;3
124900;SUBMISSION;BOT_TAKER;GALAXY_SOUNDS_SOLAR_WINDS;XIRECS;9675.0;3
124900;BOT_MAKER;BOT_TAKER;GALAXY_SOUNDS_SOLAR_FLAMES;XIRECS;10447.0;3
124900;BOT_MAKER;BOT_TAKER;SLEEP_POD_SUEDE;XIRECS;10156.0;3
124900;BOT_MAKER;BOT_TAKER;SLEEP_POD_LAMB_WOOL;XIRECS;10502.0;3
124900;SUBMISSION;BOT_TAKER;SLEEP_POD_POLYESTER;XIRECS;10238.0;3
124900;SUBMISSION;BOT_TAKER;SLEEP_POD_NYLON;XIRECS;9872.0;3
124900;SUBMISSION;BOT_TAKER;SLEEP_POD_COTTON;XIRECS;9760.0;3
124900;SUBMISSION;BOT_TAKER;ROBOT_VACUUMING;XIRECS;9727.0;3
124900;SUBMISSION;BOT_TAKER;ROBOT_MOPPING;XIRECS;10594.0;3
124900;SUBMISSION;BOT_TAKER;ROBOT_DISHES;XIRECS;9362.0;3
124900;BOT_MAKER;BOT_TAKER;ROBOT_LAUNDRY;XIRECS;10416.0;3
124900;SUBMISSION;BOT_TAKER;ROBOT_IRONING;XIRECS;9884.0;3
124900;SUBMISSION;BOT_TAKER;UV_VISOR_YELLOW;XIRECS;9786.0;3
124900;SUBMISSION;BOT_TAKER;UV_VISOR_AMBER;XIRECS;9710.0;3
124900;SUBMISSION;BOT_TAKER;UV_VISOR_ORANGE;XIRECS;9895.0;3
124900;SUBMISSION;BOT_TAKER;UV_VISOR_RED;XIRECS;10103.0;3
124900;BOT_MAKER;BOT_TAKER;UV_VISOR_MAGENTA;XIRECS;10487.0;3
124900;SUBMISSION;BOT_TAKER;TRANSLATOR_SPACE_GRAY;XIRECS;9588.0;3
124900;SUBMISSION;BOT_TAKER;TRANSLATOR_ASTRO_BLACK;XIRECS;9627.0;3
124900;BOT_MAKER;BOT_TAKER;TRANSLATOR_ECLIPSE_CHARCOAL;XIRECS;9752.0;3
124900;SUBMISSION;BOT_TAKER;TRANSLATOR_GRAPHITE_MIST;XIRECS;9802.0;3
124900;BOT_MAKER;BOT_TAKER;TRANSLATOR_VOID_BLUE;XIRECS;10285.0;3
124900;SUBMISSION;BOT_TAKER;PANEL_1X2;XIRECS;10184.0;3
124900;SUBMISSION;BOT_TAKER;PANEL_2X2;XIRECS;10222.0;3
124900;SUBMISSION;BOT_TAKER;PANEL_1X4;XIRECS;10056.0;3
124900;BOT_MAKER;BOT_TAKER;PANEL_2X4;XIRECS;10716.0;3
124900;SUBMISSION;BOT_TAKER;PANEL_4X4;XIRECS;10656.0;3
124900;SUBMISSION;BOT_TAKER;OXYGEN_SHAKE_MORNING_BREATH;XIRECS;10676.0;3
124900;SUBMISSION;BOT_TAKER;OXYGEN_SHAKE_EVENING_BREATH;XIRECS;9388.0;3
124900;SUBMISSION;BOT_TAKER;OXYGEN_SHAKE_MINT;XIRECS;9872.0;3
124900;BOT_MAKER;BOT_TAKER;OXYGEN_SHAKE_CHOCOLATE;XIRECS;9884.0;3
124900;SUBMISSION;BOT_TAKER;OXYGEN_SHAKE_GARLIC;XIRECS;10840.0;3
124900;BOT_MAKER;BOT_TAKER;SNACKPACK_CHOCOLATE;XIRECS;9874.0;3
124900;BOT_MAKER;BOT_TAKER;SNACKPACK_VANILLA;XIRECS;10111.0;3
124900;BOT_MAKER;BOT_TAKER;SNACKPACK_PISTACHIO;XIRECS;9716.0;3
124900;BOT_MAKER;BOT_TAKER;SNACKPACK_STRAWBERRY;XIRECS;10095.0;3
124900;BOT_MAKER;BOT_TAKER;SNACKPACK_RASPBERRY;XIRECS;10127.0;3
125000;SUBMISSION;BOT_TAKER;PEBBLES_XS;XIRECS;10217.0;2
125000;BOT_MAKER;BOT_TAKER;PEBBLES_XS;XIRECS;10216.0;1
125000;BOT_MAKER;BOT_TAKER;PEBBLES_S;XIRECS;9533.0;3
125000;BOT_MAKER;BOT_TAKER;PEBBLES_M;XIRECS;9779.0;3
125000;SUBMISSION;BOT_TAKER;PEBBLES_L;XIRECS;9745.0;2
125000;BOT_MAKER;BOT_TAKER;PEBBLES_L;XIRECS;9744.0;1
125000;BOT_MAKER;BOT_TAKER;PEBBLES_XL;XIRECS;10697.0;3
125800;BOT_TAKER;SUBMISSION;PEBBLES_XS;XIRECS;10202.0;5
125800;BOT_TAKER;BOT_MAKER;PEBBLES_S;XIRECS;9506.0;5
125800;BOT_TAKER;BOT_MAKER;PEBBLES_M;XIRECS;9731.0;5
125800;BOT_TAKER;SUBMISSION;PEBBLES_L;XIRECS;9677.0;5
125800;BOT_TAKER;BOT_MAKER;PEBBLES_XL;XIRECS;10912.0;5
126400;BOT_TAKER;SUBMISSION;MICROCHIP_CIRCLE;XIRECS;9899.0;1
126400;BOT_TAKER;SUBMISSION;MICROCHIP_OVAL;XIRECS;9925.0;1
126400;BOT_TAKER;SUBMISSION;MICROCHIP_SQUARE;XIRECS;11159.0;1
126400;BOT_TAKER;BOT_MAKER;MICROCHIP_RECTANGLE;XIRECS;9493.0;1
126400;BOT_TAKER;SUBMISSION;MICROCHIP_TRIANGLE;XIRECS;10135.0;1
127100;BOT_TAKER;SUBMISSION;PEBBLES_XS;XIRECS;10275.0;2
127100;BOT_TAKER;BOT_MAKER;PEBBLES_XS;XIRECS;10276.0;3
127100;BOT_TAKER;BOT_MAKER;PEBBLES_S;XIRECS;9548.0;5
127100;BOT_TAKER;BOT_MAKER;PEBBLES_M;XIRECS;9759.0;5
127100;BOT_TAKER;SUBMISSION;PEBBLES_L;XIRECS;9637.0;2
127100;BOT_TAKER;BOT_MAKER;PEBBLES_L;XIRECS;9638.0;3
127100;BOT_TAKER;BOT_MAKER;PEBBLES_XL;XIRECS;10810.0;5
127300;SUBMISSION;BOT_TAKER;MICROCHIP_CIRCLE;XIRECS;9858.0;2
127300;BOT_MAKER;BOT_TAKER;MICROCHIP_CIRCLE;XIRECS;9857.0;1
127300;SUBMISSION;BOT_TAKER;MICROCHIP_OVAL;XIRECS;9923.0;2
127300;BOT_MAKER;BOT_TAKER;MICROCHIP_OVAL;XIRECS;9922.0;1
127300;SUBMISSION;BOT_TAKER;MICROCHIP_SQUARE;XIRECS;11174.0;2
127300;BOT_MAKER;BOT_TAKER;MICROCHIP_SQUARE;XIRECS;11173.0;1
127300;BOT_MAKER;BOT_TAKER;MICROCHIP_RECTANGLE;XIRECS;9503.0;3
127300;BOT_MAKER;BOT_TAKER;MICROCHIP_TRIANGLE;XIRECS;10118.0;3
127600;BOT_TAKER;SUBMISSION;PEBBLES_XS;XIRECS;10286.0;2
127600;BOT_TAKER;BOT_MAKER;PEBBLES_XS;XIRECS;10287.0;1
127600;BOT_TAKER;BOT_MAKER;PEBBLES_S;XIRECS;9560.0;3
127600;BOT_TAKER;BOT_MAKER;PEBBLES_M;XIRECS;9774.0;3
127600;BOT_TAKER;SUBMISSION;PEBBLES_L;XIRECS;9635.0;2
127600;BOT_TAKER;BOT_MAKER;PEBBLES_L;XIRECS;9636.0;1
127600;BOT_TAKER;BOT_MAKER;PEBBLES_XL;XIRECS;10773.0;3
128700;SUBMISSION;BOT_TAKER;MICROCHIP_CIRCLE;XIRECS;9802.0;2
128700;SUBMISSION;BOT_TAKER;MICROCHIP_OVAL;XIRECS;9886.0;2
128700;SUBMISSION;BOT_TAKER;MICROCHIP_SQUARE;XIRECS;11186.0;2
128700;BOT_MAKER;BOT_TAKER;MICROCHIP_RECTANGLE;XIRECS;9446.0;2
128700;SUBMISSION;BOT_TAKER;MICROCHIP_TRIANGLE;XIRECS;10028.0;2
129900;SUBMISSION;BOT_TAKER;PEBBLES_XS;XIRECS;10355.0;5
129900;BOT_MAKER;BOT_TAKER;PEBBLES_S;XIRECS;9566.0;5
129900;BOT_MAKER;BOT_TAKER;PEBBLES_M;XIRECS;9802.0;5
129900;SUBMISSION;BOT_TAKER;PEBBLES_L;XIRECS;9718.0;5
129900;BOT_MAKER;BOT_TAKER;PEBBLES_XL;XIRECS;10530.0;5
130200;BOT_MAKER;BOT_TAKER;GALAXY_SOUNDS_DARK_MATTER;XIRECS;10145.0;2
130200;SUBMISSION;BOT_TAKER;GALAXY_SOUNDS_BLACK_HOLES;XIRECS;9754.0;2
130200;SUBMISSION;BOT_TAKER;GALAXY_SOUNDS_PLANETARY_RINGS;XIRECS;9376.0;2
130200;SUBMISSION;BOT_TAKER;GALAXY_SOUNDS_SOLAR_WINDS;XIRECS;9603.0;2
130200;BOT_MAKER;BOT_TAKER;GALAXY_SOUNDS_SOLAR_FLAMES;XIRECS;10429.0;2
130200;BOT_MAKER;BOT_TAKER;SLEEP_POD_SUEDE;XIRECS;10073.0;2
130200;BOT_MAKER;BOT_TAKER;SLEEP_POD_LAMB_WOOL;XIRECS;10546.0;2
130200;SUBMISSION;BOT_TAKER;SLEEP_POD_POLYESTER;XIRECS;10154.0;2
130200;SUBMISSION;BOT_TAKER;SLEEP_POD_NYLON;XIRECS;9835.0;2
130200;SUBMISSION;BOT_TAKER;SLEEP_POD_COTTON;XIRECS;9688.0;2
130200;SUBMISSION;BOT_TAKER;ROBOT_VACUUMING;XIRECS;9693.0;2
130200;SUBMISSION;BOT_TAKER;ROBOT_MOPPING;XIRECS;10462.0;2
130200;SUBMISSION;BOT_TAKER;ROBOT_DISHES;XIRECS;9635.0;2
130200;BOT_MAKER;BOT_TAKER;ROBOT_LAUNDRY;XIRECS;10398.0;2
130200;SUBMISSION;BOT_TAKER;ROBOT_IRONING;XIRECS;9855.0;2
130200;SUBMISSION;BOT_TAKER;UV_VISOR_YELLOW;XIRECS;9909.0;2
130200;SUBMISSION;BOT_TAKER;UV_VISOR_AMBER;XIRECS;9726.0;2
130200;SUBMISSION;BOT_TAKER;UV_VISOR_ORANGE;XIRECS;9869.0;2
130200;BOT_MAKER;BOT_TAKER;UV_VISOR_RED;XIRECS;10167.0;2
130200;BOT_MAKER;BOT_TAKER;UV_VISOR_MAGENTA;XIRECS;10362.0;2
130200;SUBMISSION;BOT_TAKER;TRANSLATOR_SPACE_GRAY;XIRECS;9608.0;2
130200;SUBMISSION;BOT_TAKER;TRANSLATOR_ASTRO_BLACK;XIRECS;9723.0;2
130200;BOT_MAKER;BOT_TAKER;TRANSLATOR_ECLIPSE_CHARCOAL;XIRECS;9629.0;2
130200;SUBMISSION;BOT_TAKER;TRANSLATOR_GRAPHITE_MIST;XIRECS;9832.0;2
130200;BOT_MAKER;BOT_TAKER;TRANSLATOR_VOID_BLUE;XIRECS;10410.0;2
130200;SUBMISSION;BOT_TAKER;PANEL_1X2;XIRECS;10202.0;2
130200;SUBMISSION;BOT_TAKER;PANEL_2X2;XIRECS;10250.0;2
130200;SUBMISSION;BOT_TAKER;PANEL_1X4;XIRECS;10088.0;2
130200;BOT_MAKER;BOT_TAKER;PANEL_2X4;XIRECS;10665.0;2
130200;SUBMISSION;BOT_TAKER;PANEL_4X4;XIRECS;10702.0;2
130200;SUBMISSION;BOT_TAKER;OXYGEN_SHAKE_MORNING_BREATH;XIRECS;10596.0;2
130200;SUBMISSION;BOT_TAKER;OXYGEN_SHAKE_EVENING_BREATH;XIRECS;9378.0;2
130200;SUBMISSION;BOT_TAKER;OXYGEN_SHAKE_MINT;XIRECS;9777.0;2
130200;BOT_MAKER;BOT_TAKER;OXYGEN_SHAKE_CHOCOLATE;XIRECS;9788.0;2
130200;SUBMISSION;BOT_TAKER;OXYGEN_SHAKE_GARLIC;XIRECS;10876.0;2
130200;BOT_MAKER;BOT_TAKER;SNACKPACK_CHOCOLATE;XIRECS;9913.0;2
130200;BOT_MAKER;BOT_TAKER;SNACKPACK_VANILLA;XIRECS;10086.0;2
130200;BOT_MAKER;BOT_TAKER;SNACKPACK_PISTACHIO;XIRECS;9702.0;2
130200;BOT_MAKER;BOT_TAKER;SNACKPACK_STRAWBERRY;XIRECS;10069.0;2
130200;BOT_MAKER;BOT_TAKER;SNACKPACK_RASPBERRY;XIRECS;10155.0;2
133100;BOT_TAKER;BOT_MAKER;GALAXY_SOUNDS_DARK_MATTER;XIRECS;10146.0;1
133100;BOT_TAKER;SUBMISSION;GALAXY_SOUNDS_BLACK_HOLES;XIRECS;9697.0;1
133100;BOT_TAKER;SUBMISSION;GALAXY_SOUNDS_PLANETARY_RINGS;XIRECS;9377.0;1
133100;BOT_TAKER;SUBMISSION;GALAXY_SOUNDS_SOLAR_WINDS;XIRECS;9545.0;1
133100;BOT_TAKER;BOT_MAKER;GALAXY_SOUNDS_SOLAR_FLAMES;XIRECS;10518.0;1
133100;BOT_TAKER;SUBMISSION;SLEEP_POD_SUEDE;XIRECS;10052.0;1
133100;BOT_TAKER;BOT_MAKER;SLEEP_POD_LAMB_WOOL;XIRECS;10517.0;1
133100;BOT_TAKER;SUBMISSION;SLEEP_POD_POLYESTER;XIRECS;10208.0;1
133100;BOT_TAKER;BOT_MAKER;SLEEP_POD_NYLON;XIRECS;9812.0;1
133100;BOT_TAKER;SUBMISSION;SLEEP_POD_COTTON;XIRECS;9741.0;1
133100;BOT_TAKER;BOT_MAKER;ROBOT_VACUUMING;XIRECS;9677.0;1
133100;BOT_TAKER;SUBMISSION;ROBOT_MOPPING;XIRECS;10339.0;1
133100;BOT_TAKER;BOT_MAKER;ROBOT_DISHES;XIRECS;9508.0;1
133100;BOT_TAKER;BOT_MAKER;ROBOT_LAUNDRY;XIRECS;10362.0;1
133100;BOT_TAKER;SUBMISSION;ROBOT_IRONING;XIRECS;9733.0;1
133100;BOT_TAKER;SUBMISSION;UV_VISOR_YELLOW;XIRECS;10003.0;1
133100;BOT_TAKER;SUBMISSION;UV_VISOR_AMBER;XIRECS;9705.0;1
133100;BOT_TAKER;SUBMISSION;UV_VISOR_ORANGE;XIRECS;9902.0;1
133100;BOT_TAKER;SUBMISSION;UV_VISOR_RED;XIRECS;10201.0;1
133100;BOT_TAKER;BOT_MAKER;UV_VISOR_MAGENTA;XIRECS;10365.0;1
133100;BOT_TAKER;SUBMISSION;TRANSLATOR_SPACE_GRAY;XIRECS;9605.0;1
133100;BOT_TAKER;BOT_MAKER;TRANSLATOR_ASTRO_BLACK;XIRECS;9822.0;1
133100;BOT_TAKER;BOT_MAKER;TRANSLATOR_ECLIPSE_CHARCOAL;XIRECS;9668.0;1
133100;BOT_TAKER;SUBMISSION;TRANSLATOR_GRAPHITE_MIST;XIRECS;9837.0;1
133100;BOT_TAKER;BOT_MAKER;TRANSLATOR_VOID_BLUE;XIRECS;10381.0;1
133100;BOT_TAKER;SUBMISSION;PANEL_1X2;XIRECS;10199.0;1
133100;BOT_TAKER;SUBMISSION;PANEL_2X2;XIRECS;10252.0;1
133100;BOT_TAKER;SUBMISSION;PANEL_1X4;XIRECS;10072.0;1
133100;BOT_TAKER;BOT_MAKER;PANEL_2X4;XIRECS;10749.0;1
133100;BOT_TAKER;SUBMISSION;PANEL_4X4;XIRECS;10702.0;1
133100;BOT_TAKER;SUBMISSION;OXYGEN_SHAKE_MORNING_BREATH;XIRECS;10628.0;1
133100;BOT_TAKER;SUBMISSION;OXYGEN_SHAKE_EVENING_BREATH;XIRECS;9399.0;1
133100;BOT_TAKER;SUBMISSION;OXYGEN_SHAKE_MINT;XIRECS;9746.0;1
133100;BOT_TAKER;BOT_MAKER;OXYGEN_SHAKE_CHOCOLATE;XIRECS;9835.0;1
133100;BOT_TAKER;SUBMISSION;OXYGEN_SHAKE_GARLIC;XIRECS;10896.0;1
133100;BOT_TAKER;SUBMISSION;SNACKPACK_CHOCOLATE;XIRECS;9924.0;1
133100;BOT_TAKER;SUBMISSION;SNACKPACK_VANILLA;XIRECS;10093.0;1
133100;BOT_TAKER;BOT_MAKER;SNACKPACK_PISTACHIO;XIRECS;9751.0;1
133100;BOT_TAKER;SUBMISSION;SNACKPACK_STRAWBERRY;XIRECS;10137.0;1
133100;BOT_TAKER;BOT_MAKER;SNACKPACK_RASPBERRY;XIRECS;10144.0;1
134300;BOT_TAKER;SUBMISSION;PEBBLES_XS;XIRECS;10418.0;2
134300;BOT_TAKER;BOT_MAKER;PEBBLES_S;XIRECS;9570.0;2
134300;BOT_TAKER;BOT_MAKER;PEBBLES_M;XIRECS;9838.0;2
134300;BOT_TAKER;SUBMISSION;PEBBLES_L;XIRECS;9716.0;2
134300;BOT_TAKER;BOT_MAKER;PEBBLES_XL;XIRECS;10486.0;2
136400;BOT_TAKER;SUBMISSION;MICROCHIP_CIRCLE;XIRECS;9920.0;3
136400;BOT_TAKER;SUBMISSION;MICROCHIP_OVAL;XIRECS;9799.0;3
136400;BOT_TAKER;SUBMISSION;MICROCHIP_SQUARE;XIRECS;11204.0;3
136400;BOT_TAKER;BOT_MAKER;MICROCHIP_RECTANGLE;XIRECS;9494.0;3
136400;BOT_TAKER;BOT_MAKER;MICROCHIP_TRIANGLE;XIRECS;10051.0;3
141500;BOT_TAKER;BOT_MAKER;GALAXY_SOUNDS_DARK_MATTER;XIRECS;10116.0;3
141500;BOT_TAKER;SUBMISSION;GALAXY_SOUNDS_BLACK_HOLES;XIRECS;9474.0;2
141500;BOT_TAKER;BOT_MAKER;GALAXY_SOUNDS_BLACK_HOLES;XIRECS;9475.0;1
141500;BOT_TAKER;SUBMISSION;GALAXY_SOUNDS_PLANETARY_RINGS;XIRECS;9164.0;2
141500;BOT_TAKER;BOT_MAKER;GALAXY_SOUNDS_PLANETARY_RINGS;XIRECS;9165.0;1
141500;BOT_TAKER;SUBMISSION;GALAXY_SOUNDS_SOLAR_WINDS;XIRECS;9523.0;2
141500;BOT_TAKER;BOT_MAKER;GALAXY_SOUNDS_SOLAR_WINDS;XIRECS;9524.0;1
141500;BOT_TAKER;BOT_MAKER;GALAXY_SOUNDS_SOLAR_FLAMES;XIRECS;10606.0;3
141500;BOT_TAKER;SUBMISSION;SLEEP_POD_SUEDE;XIRECS;10019.0;3
141500;BOT_TAKER;BOT_MAKER;SLEEP_POD_LAMB_WOOL;XIRECS;10643.0;3
141500;BOT_TAKER;SUBMISSION;SLEEP_POD_POLYESTER;XIRECS;10259.0;2
141500;BOT_TAKER;BOT_MAKER;SLEEP_POD_POLYESTER;XIRECS;10260.0;1
141500;BOT_TAKER;BOT_MAKER;SLEEP_POD_NYLON;XIRECS;9666.0;3
141500;BOT_TAKER;SUBMISSION;SLEEP_POD_COTTON;XIRECS;9813.0;2
141500;BOT_TAKER;BOT_MAKER;SLEEP_POD_COTTON;XIRECS;9814.0;1
141500;BOT_TAKER;BOT_MAKER;ROBOT_VACUUMING;XIRECS;9589.0;3
141500;BOT_TAKER;SUBMISSION;ROBOT_MOPPING;XIRECS;10366.0;2
141500;BOT_TAKER;BOT_MAKER;ROBOT_MOPPING;XIRECS;10367.0;1
141500;BOT_TAKER;BOT_MAKER;ROBOT_DISHES;XIRECS;9663.0;3
141500;BOT_TAKER;BOT_MAKER;ROBOT_LAUNDRY;XIRECS;10338.0;3
141500;BOT_TAKER;SUBMISSION;ROBOT_IRONING;XIRECS;9905.0;2
141500;BOT_TAKER;BOT_MAKER;ROBOT_IRONING;XIRECS;9906.0;1
141500;BOT_TAKER;SUBMISSION;UV_VISOR_YELLOW;XIRECS;10045.0;2
141500;BOT_TAKER;BOT_MAKER;UV_VISOR_YELLOW;XIRECS;10046.0;1
141500;BOT_TAKER;SUBMISSION;UV_VISOR_AMBER;XIRECS;9567.0;2
141500;BOT_TAKER;BOT_MAKER;UV_VISOR_AMBER;XIRECS;9568.0;1
141500;BOT_TAKER;SUBMISSION;UV_VISOR_ORANGE;XIRECS;9810.0;2
141500;BOT_TAKER;BOT_MAKER;UV_VISOR_ORANGE;XIRECS;9811.0;1
141500;BOT_TAKER;SUBMISSION;UV_VISOR_RED;XIRECS;10302.0;3
141500;BOT_TAKER;BOT_MAKER;UV_VISOR_MAGENTA;XIRECS;10377.0;3
141500;BOT_TAKER;SUBMISSION;TRANSLATOR_SPACE_GRAY;XIRECS;9725.0;2
141500;BOT_TAKER;BOT_MAKER;TRANSLATOR_SPACE_GRAY;XIRECS;9726.0;1
141500;BOT_TAKER;BOT_MAKER;TRANSLATOR_ASTRO_BLACK;XIRECS;9817.0;3
141500;BOT_TAKER;BOT_MAKER;TRANSLATOR_ECLIPSE_CHARCOAL;XIRECS;9525.0;3
141500;BOT_TAKER;SUBMISSION;TRANSLATOR_GRAPHITE_MIST;XIRECS;9879.0;2
141500;BOT_TAKER;BOT_MAKER;TRANSLATOR_GRAPHITE_MIST;XIRECS;9880.0;1
141500;BOT_TAKER;BOT_MAKER;TRANSLATOR_VOID_BLUE;XIRECS;10467.0;3
141500;BOT_TAKER;SUBMISSION;PANEL_1X2;XIRECS;10216.0;2
141500;BOT_TAKER;BOT_MAKER;PANEL_1X2;XIRECS;10217.0;1
141500;BOT_TAKER;SUBMISSION;PANEL_2X2;XIRECS;10088.0;2
141500;BOT_TAKER;BOT_MAKER;PANEL_2X2;XIRECS;10089.0;1
141500;BOT_TAKER;SUBMISSION;PANEL_1X4;XIRECS;10111.0;2
141500;BOT_TAKER;BOT_MAKER;PANEL_1X4;XIRECS;10112.0;1
141500;BOT_TAKER;BOT_MAKER;PANEL_2X4;XIRECS;10699.0;3
141500;BOT_TAKER;SUBMISSION;PANEL_4X4;XIRECS;10661.0;2
141500;BOT_TAKER;BOT_MAKER;PANEL_4X4;XIRECS;10662.0;1
141500;BOT_TAKER;SUBMISSION;OXYGEN_SHAKE_MORNING_BREATH;XIRECS;10839.0;2
141500;BOT_TAKER;BOT_MAKER;OXYGEN_SHAKE_MORNING_BREATH;XIRECS;10840.0;1
141500;BOT_TAKER;SUBMISSION;OXYGEN_SHAKE_EVENING_BREATH;XIRECS;9204.0;2
141500;BOT_TAKER;BOT_MAKER;OXYGEN_SHAKE_EVENING_BREATH;XIRECS;9205.0;1
141500;BOT_TAKER;SUBMISSION;OXYGEN_SHAKE_MINT;XIRECS;9654.0;2
141500;BOT_TAKER;BOT_MAKER;OXYGEN_SHAKE_MINT;XIRECS;9655.0;1
141500;BOT_TAKER;BOT_MAKER;OXYGEN_SHAKE_CHOCOLATE;XIRECS;9799.0;3
141500;BOT_TAKER;SUBMISSION;OXYGEN_SHAKE_GARLIC;XIRECS;10837.0;2
141500;BOT_TAKER;BOT_MAKER;OXYGEN_SHAKE_GARLIC;XIRECS;10838.0;1
141500;BOT_TAKER;SUBMISSION;SNACKPACK_CHOCOLATE;XIRECS;9968.0;3
141500;BOT_TAKER;BOT_MAKER;SNACKPACK_VANILLA;XIRECS;10045.0;3
141500;BOT_TAKER;BOT_MAKER;SNACKPACK_PISTACHIO;XIRECS;9778.0;3
141500;BOT_TAKER;SUBMISSION;SNACKPACK_STRAWBERRY;XIRECS;10235.0;3
141500;BOT_TAKER;BOT_MAKER;SNACKPACK_RASPBERRY;XIRECS;10062.0;3
145100;SUBMISSION;BOT_TAKER;PEBBLES_XS;XIRECS;10313.0;3
145100;BOT_MAKER;BOT_TAKER;PEBBLES_S;XIRECS;9563.0;3
145100;BOT_MAKER;BOT_TAKER;PEBBLES_M;XIRECS;9789.0;3
145100;SUBMISSION;BOT_TAKER;PEBBLES_L;XIRECS;9814.0;3
145100;BOT_MAKER;BOT_TAKER;PEBBLES_XL;XIRECS;10491.0;3
145600;BOT_TAKER;BOT_MAKER;GALAXY_SOUNDS_DARK_MATTER;XIRECS;10151.0;2
145600;BOT_TAKER;SUBMISSION;GALAXY_SOUNDS_BLACK_HOLES;XIRECS;9357.0;2
145600;BOT_TAKER;SUBMISSION;GALAXY_SOUNDS_PLANETARY_RINGS;XIRECS;9189.0;2
145600;BOT_TAKER;SUBMISSION;GALAXY_SOUNDS_SOLAR_WINDS;XIRECS;9534.0;2
145600;BOT_TAKER;BOT_MAKER;GALAXY_SOUNDS_SOLAR_FLAMES;XIRECS;10568.0;2
145600;BOT_TAKER;SUBMISSION;SLEEP_POD_SUEDE;XIRECS;9994.0;2
145600;BOT_TAKER;BOT_MAKER;SLEEP_POD_LAMB_WOOL;XIRECS;10672.0;2
145600;BOT_TAKER;SUBMISSION;SLEEP_POD_POLYESTER;XIRECS;10319.0;2
145600;BOT_TAKER;BOT_MAKER;SLEEP_POD_NYLON;XIRECS;9791.0;2
