timestamp;buyer;seller;symbol;currency;price;quantity
2400;SUBMISSION;BOT_TAKER;MICROCHIP_CIRCLE;XIRECS;9914.0;1
2400;SUBMISSION;BOT_TAKER;MICROCHIP_OVAL;XIRECS;9850.0;1
2400;SUBMISSION;BOT_TAKER;MICROCHIP_SQUARE;XIRECS;10079.0;1
2400;SUBMISSION;BOT_TAKER;MICROCHIP_RECTANGLE;XIRECS;9948.0;1
2400;BOT_MAKER;BOT_TAKER;MICROCHIP_TRIANGLE;XIRECS;10165.0;1
2600;SUBMISSION;BOT_TAKER;MICROCHIP_CIRCLE;XIRECS;9906.0;2
2600;SUBMISSION;BOT_TAKER;MICROCHIP_OVAL;XIRECS;9850.0;2
2600;SUBMISSION;BOT_TAKER;MICROCHIP_SQUARE;XIRECS;10077.0;2
2600;SUBMISSION;BOT_TAKER;MICROCHIP_RECTANGLE;XIRECS;9966.0;2
2600;BOT_MAKER;BOT_TAKER;MICROCHIP_TRIANGLE;XIRECS;10162.0;2
3700;BOT_MAKER;BOT_TAKER;GALAXY_SOUNDS_DARK_MATTER;XIRECS;10014.0;4
3700;SUBMISSION;BOT_TAKER;GALAXY_SOUNDS_BLACK_HOLES;XIRECS;10088.0;4
3700;SUBMISSION;BOT_TAKER;GALAXY_SOUNDS_PLANETARY_RINGS;XIRECS;10148.0;4
3700;SUBMISSION;BOT_TAKER;GALAXY_SOUNDS_SOLAR_WINDS;XIRECS;9929.0;4
3700;BOT_MAKER;BOT_TAKER;GALAXY_SOUNDS_SOLAR_FLAMES;XIRECS;10030.0;4
3700;BOT_MAKER;BOT_TAKER;SLEEP_POD_SUEDE;XIRECS;10037.0;4
3700;BOT_MAKER;BOT_TAKER;SLEEP_POD_LAMB_WOOL;XIRECS;10026.0;4
3700;SUBMISSION;BOT_TAKER;SLEEP_POD_POLYESTER;XIRECS;10047.0;4
3700;SUBMISSION;BOT_TAKER;SLEEP_POD_NYLON;XIRECS;9862.0;4
3700;SUBMISSION;BOT_TAKER;SLEEP_POD_COTTON;XIRECS;10074.0;4
3700;BOT_MAKER;BOT_TAKER;ROBOT_VACUUMING;XIRECS;10025.0;4
3700;SUBMISSION;BOT_TAKER;ROBOT_MOPPING;XIRECS;10037.0;4
3700;SUBMISSION;BOT_TAKER;ROBOT_DISHES;XIRECS;9983.0;3
3700;BOT_MAKER;BOT_TAKER;ROBOT_DISHES;XIRECS;9982.0;1
3700;BOT_MAKER;BOT_TAKER;ROBOT_LAUNDRY;XIRECS;10102.0;4
3700;SUBMISSION;BOT_TAKER;ROBOT_IRONING;XIRECS;9963.0;4
3700;SUBMISSION;BOT_TAKER;UV_VISOR_YELLOW;XIRECS;10000.0;4
3700;SUBMISSION;BOT_TAKER;UV_VISOR_AMBER;XIRECS;9984.0;4
3700;SUBMISSION;BOT_TAKER;UV_VISOR_ORANGE;XIRECS;10098.0;4
3700;BOT_MAKER;BOT_TAKER;UV_VISOR_RED;XIRECS;10008.0;4
3700;SUBMISSION;BOT_TAKER;UV_VISOR_MAGENTA;XIRECS;9839.0;4
3700;SUBMISSION;BOT_TAKER;TRANSLATOR_SPACE_GRAY;XIRECS;9905.0;4
3700;SUBMISSION;BOT_TAKER;TRANSLATOR_ASTRO_BLACK;XIRECS;9955.0;4
3700;SUBMISSION;BOT_TAKER;TRANSLATOR_ECLIPSE_CHARCOAL;XIRECS;9969.0;4
3700;SUBMISSION;BOT_TAKER;TRANSLATOR_GRAPHITE_MIST;XIRECS;9972.0;4
3700;BOT_MAKER;BOT_TAKER;TRANSLATOR_VOID_BLUE;XIRECS;10002.0;4
3700;SUBMISSION;BOT_TAKER;PANEL_1X2;XIRECS;10072.0;4
3700;SUBMISSION;BOT_TAKER;PANEL_2X2;XIRECS;9912.0;4
3700;SUBMISSION;BOT_TAKER;PANEL_1X4;XIRECS;10015.0;4
3700;BOT_MAKER;BOT_TAKER;PANEL_2X4;XIRECS;9996.0;4
3700;SUBMISSION;BOT_TAKER;PANEL_4X4;XIRECS;10071.0;4
3700;SUBMISSION;BOT_TAKER;OXYGEN_SHAKE_MORNING_BREATH;XIRECS;9992.0;4
3700;SUBMISSION;BOT_TAKER;OXYGEN_SHAKE_EVENING_BREATH;XIRECS;10023.0;4
3700;SUBMISSION;BOT_TAKER;OXYGEN_SHAKE_MINT;XIRECS;10040.0;4
3700;SUBMISSION;BOT_TAKER;OXYGEN_SHAKE_CHOCOLATE;XIRECS;9934.0;4
3700;SUBMISSION;BOT_TAKER;OXYGEN_SHAKE_GARLIC;XIRECS;9941.0;4
3700;SUBMISSION;BOT_TAKER;SNACKPACK_CHOCOLATE;XIRECS;9913.0;4
3700;BOT_MAKER;BOT_TAKER;SNACKPACK_VANILLA;XIRECS;10099.0;4
3700;BOT_MAKER;BOT_TAKER;SNACKPACK_PISTACHIO;XIRECS;10057.0;4
3700;BOT_MAKER;BOT_TAKER;SNACKPACK_STRAWBERRY;XIRECS;10130.0;4
3700;SUBMISSION;BOT_TAKER;SNACKPACK_RASPBERRY;XIRECS;9871.0;4
4300;BOT_MAKER;BOT_TAKER;GALAXY_SOUNDS_DARK_MATTER;XIRECS;9994.0;2
4300;SUBMISSION;BOT_TAKER;GALAXY_SOUNDS_BLACK_HOLES;XIRECS;10079.0;2
4300;SUBMISSION;BOT_TAKER;GALAXY_SOUNDS_PLANETARY_RINGS;XIRECS;10143.0;2
4300;SUBMISSION;BOT_TAKER;GALAXY_SOUNDS_SOLAR_WINDS;XIRECS;9900.0;2
4300;SUBMISSION;BOT_TAKER;GALAXY_SOUNDS_SOLAR_FLAMES;XIRECS;9981.0;2
4300;BOT_MAKER;BOT_TAKER;SLEEP_POD_SUEDE;XIRECS;10014.0;2
4300;BOT_MAKER;BOT_TAKER;SLEEP_POD_LAMB_WOOL;XIRECS;9998.0;2
4300;SUBMISSION;BOT_TAKER;SLEEP_POD_POLYESTER;XIRECS;10046.0;2
4300;SUBMISSION;BOT_TAKER;SLEEP_POD_NYLON;XIRECS;9814.0;2
4300;SUBMISSION;BOT_TAKER;SLEEP_POD_COTTON;XIRECS;10081.0;2
4300;BOT_MAKER;BOT_TAKER;ROBOT_VACUUMING;XIRECS;10025.0;2
4300;SUBMISSION;BOT_TAKER;ROBOT_MOPPING;XIRECS;10021.0;2
4300;SUBMISSION;BOT_TAKER;ROBOT_DISHES;XIRECS;9892.0;2
4300;BOT_MAKER;BOT_TAKER;ROBOT_LAUNDRY;XIRECS;10118.0;2
4300;SUBMISSION;BOT_TAKER;ROBOT_IRONING;XIRECS;10012.0;2
4300;SUBMISSION;BOT_TAKER;UV_VISOR_YELLOW;XIRECS;9977.0;2
4300;SUBMISSION;BOT_TAKER;UV_VISOR_AMBER;XIRECS;9979.0;2
4300;SUBMISSION;BOT_TAKER;UV_VISOR_ORANGE;XIRECS;10056.0;2
4300;BOT_MAKER;BOT_TAKER;UV_VISOR_RED;XIRECS;10029.0;2
4300;SUBMISSION;BOT_TAKER;UV_VISOR_MAGENTA;XIRECS;9801.0;2
4300;SUBMISSION;BOT_TAKER;TRANSLATOR_SPACE_GRAY;XIRECS;9924.0;2
4300;BOT_MAKER;BOT_TAKER;TRANSLATOR_ASTRO_BLACK;XIRECS;9985.0;2
4300;SUBMISSION;BOT_TAKER;TRANSLATOR_ECLIPSE_CHARCOAL;XIRECS;9968.0;2
4300;SUBMISSION;BOT_TAKER;TRANSLATOR_GRAPHITE_MIST;XIRECS;9978.0;2
4300;BOT_MAKER;BOT_TAKER;TRANSLATOR_VOID_BLUE;XIRECS;9995.0;2
4300;SUBMISSION;BOT_TAKER;PANEL_1X2;XIRECS;10087.0;2
4300;SUBMISSION;BOT_TAKER;PANEL_2X2;XIRECS;9888.0;2
4300;SUBMISSION;BOT_TAKER;PANEL_1X4;XIRECS;9998.0;2
4300;SUBMISSION;BOT_TAKER;PANEL_2X4;XIRECS;9983.0;2
4300;SUBMISSION;BOT_TAKER;PANEL_4X4;XIRECS;10083.0;2
4300;SUBMISSION;BOT_TAKER;OXYGEN_SHAKE_MORNING_BREATH;XIRECS;10054.0;2
4300;SUBMISSION;BOT_TAKER;OXYGEN_SHAKE_EVENING_BREATH;XIRECS;10038.0;2
4300;SUBMISSION;BOT_TAKER;OXYGEN_SHAKE_MINT;XIRECS;10095.0;2
4300;SUBMISSION;BOT_TAKER;OXYGEN_SHAKE_CHOCOLATE;XIRECS;9921.0;2
4300;SUBMISSION;BOT_TAKER;OXYGEN_SHAKE_GARLIC;XIRECS;9952.0;2
4300;SUBMISSION;BOT_TAKER;SNACKPACK_CHOCOLATE;XIRECS;9913.0;2
4300;BOT_MAKER;BOT_TAKER;SNACKPACK_VANILLA;XIRECS;10098.0;2
4300;BOT_MAKER;BOT_TAKER;SNACKPACK_PISTACHIO;XIRECS;10035.0;2
4300;BOT_MAKER;BOT_TAKER;SNACKPACK_STRAWBERRY;XIRECS;10106.0;2
4300;SUBMISSION;BOT_TAKER;SNACKPACK_RASPBERRY;XIRECS;9899.0;2
4400;BOT_TAKER;BOT_MAKER;GALAXY_SOUNDS_DARK_MATTER;XIRECS;9992.0;4
4400;BOT_TAKER;SUBMISSION;GALAXY_SOUNDS_BLACK_HOLES;XIRECS;10089.0;4
4400;BOT_TAKER;SUBMISSION;GALAXY_SOUNDS_PLANETARY_RINGS;XIRECS;10171.0;4
4400;BOT_TAKER;SUBMISSION;GALAXY_SOUNDS_SOLAR_WINDS;XIRECS;9910.0;4
4400;BOT_TAKER;BOT_MAKER;GALAXY_SOUNDS_SOLAR_FLAMES;XIRECS;9986.0;4
4400;BOT_TAKER;SUBMISSION;SLEEP_POD_SUEDE;XIRECS;10016.0;4
4400;BOT_TAKER;SUBMISSION;SLEEP_POD_LAMB_WOOL;XIRECS;10017.0;4
4400;BOT_TAKER;SUBMISSION;SLEEP_POD_POLYESTER;XIRECS;10055.0;4
4400;BOT_TAKER;BOT_MAKER;SLEEP_POD_NYLON;XIRECS;9813.0;4
4400;BOT_TAKER;SUBMISSION;SLEEP_POD_COTTON;XIRECS;10097.0;4
4400;BOT_TAKER;SUBMISSION;ROBOT_VACUUMING;XIRECS;10040.0;4
4400;BOT_TAKER;SUBMISSION;ROBOT_MOPPING;XIRECS;10048.0;4
4400;BOT_TAKER;BOT_MAKER;ROBOT_DISHES;XIRECS;9903.0;4
4400;BOT_TAKER;SUBMISSION;ROBOT_LAUNDRY;XIRECS;10106.0;4
4400;BOT_TAKER;SUBMISSION;ROBOT_IRONING;XIRECS;10022.0;4
4400;BOT_TAKER;SUBMISSION;UV_VISOR_YELLOW;XIRECS;9990.0;4
4400;BOT_TAKER;SUBMISSION;UV_VISOR_AMBER;XIRECS;9991.0;4
4400;BOT_TAKER;SUBMISSION;UV_VISOR_ORANGE;XIRECS;10076.0;4
4400;BOT_TAKER;SUBMISSION;UV_VISOR_RED;XIRECS;10082.0;4
4400;BOT_TAKER;BOT_MAKER;UV_VISOR_MAGENTA;XIRECS;9822.0;4
4400;BOT_TAKER;SUBMISSION;TRANSLATOR_SPACE_GRAY;XIRECS;9929.0;4
4400;BOT_TAKER;SUBMISSION;TRANSLATOR_ASTRO_BLACK;XIRECS;10005.0;4
4400;BOT_TAKER;BOT_MAKER;TRANSLATOR_ECLIPSE_CHARCOAL;XIRECS;9985.0;4
4400;BOT_TAKER;SUBMISSION;TRANSLATOR_GRAPHITE_MIST;XIRECS;9982.0;4
4400;BOT_TAKER;BOT_MAKER;TRANSLATOR_VOID_BLUE;XIRECS;9985.0;4
4400;BOT_TAKER;SUBMISSION;PANEL_1X2;XIRECS;10088.0;4
4400;BOT_TAKER;SUBMISSION;PANEL_2X2;XIRECS;9885.0;4
4400;BOT_TAKER;SUBMISSION;PANEL_1X4;XIRECS;10001.0;4
4400;BOT_TAKER;BOT_MAKER;PANEL_2X4;XIRECS;9984.0;4
4400;BOT_TAKER;SUBMISSION;PANEL_4X4;XIRECS;10087.0;4
4400;BOT_TAKER;SUBMISSION;OXYGEN_SHAKE_MORNING_BREATH;XIRECS;10049.0;4
4400;BOT_TAKER;SUBMISSION;OXYGEN_SHAKE_EVENING_BREATH;XIRECS;10062.0;4
4400;BOT_TAKER;SUBMISSION;OXYGEN_SHAKE_MINT;XIRECS;10112.0;4
4400;BOT_TAKER;BOT_MAKER;OXYGEN_SHAKE_CHOCOLATE;XIRECS;9932.0;4
4400;BOT_TAKER;SUBMISSION;OXYGEN_SHAKE_GARLIC;XIRECS;9976.0;4
4400;BOT_TAKER;BOT_MAKER;SNACKPACK_CHOCOLATE;XIRECS;9928.0;4
4400;BOT_TAKER;SUBMISSION;SNACKPACK_VANILLA;XIRECS;10118.0;4
4400;BOT_TAKER;SUBMISSION;SNACKPACK_PISTACHIO;XIRECS;10057.0;4
4400;BOT_TAKER;SUBMISSION;SNACKPACK_STRAWBERRY;XIRECS;10128.0;4
4400;BOT_TAKER;BOT_MAKER;SNACKPACK_RASPBERRY;XIRECS;9909.0;4
5200;SUBMISSION;BOT_TAKER;GALAXY_SOUNDS_DARK_MATTER;XIRECS;9992.0;1
5200;BOT_MAKER;BOT_TAKER;GALAXY_SOUNDS_DARK_MATTER;XIRECS;9991.0;1
5200;SUBMISSION;BOT_TAKER;GALAXY_SOUNDS_BLACK_HOLES;XIRECS;10029.0;2
5200;SUBMISSION;BOT_TAKER;GALAXY_SOUNDS_PLANETARY_RINGS;XIRECS;10145.0;2
5200;SUBMISSION;BOT_TAKER;GALAXY_SOUNDS_SOLAR_WINDS;XIRECS;9927.0;2
5200;SUBMISSION;BOT_TAKER;GALAXY_SOUNDS_SOLAR_FLAMES;XIRECS;9974.0;2
5200;SUBMISSION;BOT_TAKER;SLEEP_POD_SUEDE;XIRECS;9994.0;2
5200;SUBMISSION;BOT_TAKER;SLEEP_POD_LAMB_WOOL;XIRECS;9999.0;2
5200;SUBMISSION;BOT_TAKER;SLEEP_POD_POLYESTER;XIRECS;10075.0;2
5200;SUBMISSION;BOT_TAKER;SLEEP_POD_NYLON;XIRECS;9821.0;2
5200;SUBMISSION;BOT_TAKER;SLEEP_POD_COTTON;XIRECS;10099.0;2
5200;BOT_MAKER;BOT_TAKER;ROBOT_VACUUMING;XIRECS;10036.0;2
5200;SUBMISSION;BOT_TAKER;ROBOT_MOPPING;XIRECS;10056.0;2
5200;SUBMISSION;BOT_TAKER;ROBOT_DISHES;XIRECS;9940.0;2
5200;BOT_MAKER;BOT_TAKER;ROBOT_LAUNDRY;XIRECS;10100.0;2
5200;SUBMISSION;BOT_TAKER;ROBOT_IRONING;XIRECS;10014.0;2
5200;SUBMISSION;BOT_TAKER;UV_VISOR_YELLOW;XIRECS;9999.0;2
5200;SUBMISSION;BOT_TAKER;UV_VISOR_AMBER;XIRECS;9962.0;2
5200;SUBMISSION;BOT_TAKER;UV_VISOR_ORANGE;XIRECS;10081.0;2
5200;BOT_MAKER;BOT_TAKER;UV_VISOR_RED;XIRECS;10036.0;2
5200;SUBMISSION;BOT_TAKER;UV_VISOR_MAGENTA;XIRECS;9867.0;2
5200;SUBMISSION;BOT_TAKER;TRANSLATOR_SPACE_GRAY;XIRECS;9915.0;2
5200;BOT_MAKER;BOT_TAKER;TRANSLATOR_ASTRO_BLACK;XIRECS;10009.0;2
5200;BOT_MAKER;BOT_TAKER;TRANSLATOR_ECLIPSE_CHARCOAL;XIRECS;10013.0;2
5200;SUBMISSION;BOT_TAKER;TRANSLATOR_GRAPHITE_MIST;XIRECS;10012.0;2
5200;SUBMISSION;BOT_TAKER;TRANSLATOR_VOID_BLUE;XIRECS;9976.0;2
5200;SUBMISSION;BOT_TAKER;PANEL_1X2;XIRECS;10057.0;2
5200;SUBMISSION;BOT_TAKER;PANEL_2X2;XIRECS;9875.0;2
5200;SUBMISSION;BOT_TAKER;PANEL_1X4;XIRECS;9988.0;2
5200;SUBMISSION;BOT_TAKER;PANEL_2X4;XIRECS;9933.0;2
5200;SUBMISSION;BOT_TAKER;PANEL_4X4;XIRECS;10148.0;2
5200;SUBMISSION;BOT_TAKER;OXYGEN_SHAKE_MORNING_BREATH;XIRECS;9980.0;2
5200;SUBMISSION;BOT_TAKER;OXYGEN_SHAKE_EVENING_BREATH;XIRECS;10079.0;2
5200;SUBMISSION;BOT_TAKER;OXYGEN_SHAKE_MINT;XIRECS;10074.0;2
5200;SUBMISSION;BOT_TAKER;OXYGEN_SHAKE_CHOCOLATE;XIRECS;9889.0;2
5200;SUBMISSION;BOT_TAKER;OXYGEN_SHAKE_GARLIC;XIRECS;9914.0;2
5200;SUBMISSION;BOT_TAKER;SNACKPACK_CHOCOLATE;XIRECS;9924.0;2
5200;BOT_MAKER;BOT_TAKER;SNACKPACK_VANILLA;XIRECS;10105.0;2
5200;SUBMISSION;BOT_TAKER;SNACKPACK_PISTACHIO;XIRECS;10007.0;2
5200;BOT_MAKER;BOT_TAKER;SNACKPACK_STRAWBERRY;XIRECS;10063.0;2
5200;SUBMISSION;BOT_TAKER;SNACKPACK_RASPBERRY;XIRECS;9941.0;2
11500;BOT_TAKER;SUBMISSION;PEBBLES_XS;XIRECS;9999.0;4
11500;BOT_TAKER;BOT_MAKER;PEBBLES_S;XIRECS;9744.0;4
11500;BOT_TAKER;SUBMISSION;PEBBLES_M;XIRECS;10227.0;4
11500;BOT_TAKER;SUBMISSION;PEBBLES_L;XIRECS;9826.0;4
11500;BOT_TAKER;SUBMISSION;PEBBLES_XL;XIRECS;10231.0;4
12400;SUBMISSION;BOT_TAKER;PEBBLES_XS;XIRECS;9995.0;4
12400;SUBMISSION;BOT_TAKER;PEBBLES_S;XIRECS;9779.0;4
12400;BOT_MAKER;BOT_TAKER;PEBBLES_M;XIRECS;10253.0;4
12400;SUBMISSION;BOT_TAKER;PEBBLES_L;XIRECS;9755.0;4
12400;BOT_MAKER;BOT_TAKER;PEBBLES_XL;XIRECS;10191.0;4
12700;BOT_TAKER;SUBMISSION;MICROCHIP_CIRCLE;XIRECS;9842.0;3
12700;BOT_TAKER;SUBMISSION;MICROCHIP_OVAL;XIRECS;9907.0;3
12700;BOT_TAKER;SUBMISSION;MICROCHIP_SQUARE;XIRECS;10188.0;3
12700;BOT_TAKER;SUBMISSION;MICROCHIP_RECTANGLE;XIRECS;10057.0;3
12700;BOT_TAKER;SUBMISSION;MICROCHIP_TRIANGLE;XIRECS;10141.0;3
15600;BOT_TAKER;SUBMISSION;MICROCHIP_CIRCLE;XIRECS;9851.0;3
15600;BOT_TAKER;SUBMISSION;MICROCHIP_OVAL;XIRECS;9855.0;3
15600;BOT_TAKER;SUBMISSION;MICROCHIP_SQUARE;XIRECS;10107.0;3
15600;BOT_TAKER;SUBMISSION;MICROCHIP_RECTANGLE;XIRECS;10089.0;3
15600;BOT_TAKER;SUBMISSION;MICROCHIP_TRIANGLE;XIRECS;10230.0;3
17900;BOT_MAKER;BOT_TAKER;GALAXY_SOUNDS_DARK_MATTER;XIRECS;9999.0;2
17900;SUBMISSION;BOT_TAKER;GALAXY_SOUNDS_BLACK_HOLES;XIRECS;10055.0;2
17900;SUBMISSION;BOT_TAKER;GALAXY_SOUNDS_PLANETARY_RINGS;XIRECS;10403.0;2
17900;SUBMISSION;BOT_TAKER;GALAXY_SOUNDS_SOLAR_WINDS;XIRECS;9983.0;2
17900;BOT_MAKER;BOT_TAKER;GALAXY_SOUNDS_SOLAR_FLAMES;XIRECS;10063.0;2
17900;BOT_MAKER;BOT_TAKER;SLEEP_POD_SUEDE;XIRECS;10057.0;2
17900;SUBMISSION;BOT_TAKER;SLEEP_POD_LAMB_WOOL;XIRECS;9973.0;2
17900;SUBMISSION;BOT_TAKER;SLEEP_POD_POLYESTER;XIRECS;10472.0;2
17900;SUBMISSION;BOT_TAKER;SLEEP_POD_NYLON;XIRECS;9745.0;2
17900;SUBMISSION;BOT_TAKER;SLEEP_POD_COTTON;XIRECS;10089.0;2
17900;SUBMISSION;BOT_TAKER;ROBOT_VACUUMING;XIRECS;10004.0;1
17900;BOT_MAKER;BOT_TAKER;ROBOT_VACUUMING;XIRECS;10003.0;1
17900;SUBMISSION;BOT_TAKER;ROBOT_MOPPING;XIRECS;10042.0;2
17900;SUBMISSION;BOT_TAKER;ROBOT_DISHES;XIRECS;9744.0;2
17900;SUBMISSION;BOT_TAKER;ROBOT_LAUNDRY;XIRECS;9980.0;2
17900;SUBMISSION;BOT_TAKER;ROBOT_IRONING;XIRECS;9967.0;2
17900;SUBMISSION;BOT_TAKER;UV_VISOR_YELLOW;XIRECS;10060.0;2
17900;SUBMISSION;BOT_TAKER;UV_VISOR_AMBER;XIRECS;9859.0;2
17900;SUBMISSION;BOT_TAKER;UV_VISOR_ORANGE;XIRECS;10120.0;2
17900;BOT_MAKER;BOT_TAKER;UV_VISOR_RED;XIRECS;10179.0;2
17900;BOT_MAKER;BOT_TAKER;UV_VISOR_MAGENTA;XIRECS;10146.0;2
17900;SUBMISSION;BOT_TAKER;TRANSLATOR_SPACE_GRAY;XIRECS;9887.0;2
17900;BOT_MAKER;BOT_TAKER;TRANSLATOR_ASTRO_BLACK;XIRECS;10086.0;2
17900;SUBMISSION;BOT_TAKER;TRANSLATOR_ECLIPSE_CHARCOAL;XIRECS;9911.0;2
17900;SUBMISSION;BOT_TAKER;TRANSLATOR_GRAPHITE_MIST;XIRECS;10023.0;2
17900;BOT_MAKER;BOT_TAKER;TRANSLATOR_VOID_BLUE;XIRECS;10004.0;2
17900;SUBMISSION;BOT_TAKER;PANEL_1X2;XIRECS;10096.0;2
17900;SUBMISSION;BOT_TAKER;PANEL_2X2;XIRECS;9899.0;2
17900;SUBMISSION;BOT_TAKER;PANEL_1X4;XIRECS;10178.0;2
17900;SUBMISSION;BOT_TAKER;PANEL_2X4;XIRECS;9963.0;2
17900;SUBMISSION;BOT_TAKER;PANEL_4X4;XIRECS;10151.0;2
17900;SUBMISSION;BOT_TAKER;OXYGEN_SHAKE_MORNING_BREATH;XIRECS;9919.0;2
17900;SUBMISSION;BOT_TAKER;OXYGEN_SHAKE_EVENING_BREATH;XIRECS;10061.0;2
17900;SUBMISSION;BOT_TAKER;OXYGEN_SHAKE_MINT;XIRECS;9930.0;2
17900;SUBMISSION;BOT_TAKER;OXYGEN_SHAKE_CHOCOLATE;XIRECS;9901.0;2
17900;SUBMISSION;BOT_TAKER;OXYGEN_SHAKE_GARLIC;XIRECS;9930.0;2
17900;BOT_MAKER;BOT_TAKER;SNACKPACK_CHOCOLATE;XIRECS;9977.0;2
17900;BOT_MAKER;BOT_TAKER;SNACKPACK_VANILLA;XIRECS;10066.0;2
17900;SUBMISSION;BOT_TAKER;SNACKPACK_PISTACHIO;XIRECS;9941.0;2
17900;SUBMISSION;BOT_TAKER;SNACKPACK_STRAWBERRY;XIRECS;10026.0;2
17900;BOT_MAKER;BOT_TAKER;SNACKPACK_RASPBERRY;XIRECS;10012.0;2
19500;SUBMISSION;BOT_TAKER;PEBBLES_XS;XIRECS;9825.0;4
19500;BOT_MAKER;BOT_TAKER;PEBBLES_XS;XIRECS;9824.0;1
19500;SUBMISSION;BOT_TAKER;PEBBLES_S;XIRECS;9761.0;5
19500;BOT_MAKER;BOT_TAKER;PEBBLES_M;XIRECS;10343.0;5
19500;SUBMISSION;BOT_TAKER;PEBBLES_L;XIRECS;9545.0;4
19500;BOT_MAKER;BOT_TAKER;PEBBLES_L;XIRECS;9544.0;1
19500;BOT_MAKER;BOT_TAKER;PEBBLES_XL;XIRECS;10498.0;5
20100;BOT_TAKER;SUBMISSION;GALAXY_SOUNDS_DARK_MATTER;XIRECS;10066.0;3
20100;BOT_TAKER;SUBMISSION;GALAXY_SOUNDS_BLACK_HOLES;XIRECS;10091.0;3
20100;BOT_TAKER;SUBMISSION;GALAXY_SOUNDS_PLANETARY_RINGS;XIRECS;10389.0;3
20100;BOT_TAKER;SUBMISSION;GALAXY_SOUNDS_SOLAR_WINDS;XIRECS;9995.0;3
20100;BOT_TAKER;SUBMISSION;GALAXY_SOUNDS_SOLAR_FLAMES;XIRECS;10051.0;3
20100;BOT_TAKER;SUBMISSION;SLEEP_POD_SUEDE;XIRECS;10099.0;3
20100;BOT_TAKER;SUBMISSION;SLEEP_POD_LAMB_WOOL;XIRECS;10011.0;2
20100;BOT_TAKER;BOT_MAKER;SLEEP_POD_LAMB_WOOL;XIRECS;10012.0;1
20100;BOT_TAKER;SUBMISSION;SLEEP_POD_POLYESTER;XIRECS;10442.0;3
20100;BOT_TAKER;BOT_MAKER;SLEEP_POD_NYLON;XIRECS;9718.0;3
20100;BOT_TAKER;SUBMISSION;SLEEP_POD_COTTON;XIRECS;10087.0;3
20100;BOT_TAKER;SUBMISSION;ROBOT_VACUUMING;XIRECS;10064.0;3
20100;BOT_TAKER;SUBMISSION;ROBOT_MOPPING;XIRECS;10002.0;3
20100;BOT_TAKER;BOT_MAKER;ROBOT_DISHES;XIRECS;9701.0;3
20100;BOT_TAKER;BOT_MAKER;ROBOT_LAUNDRY;XIRECS;9999.0;3
20100;BOT_TAKER;SUBMISSION;ROBOT_IRONING;XIRECS;9991.0;3
20100;BOT_TAKER;SUBMISSION;UV_VISOR_YELLOW;XIRECS;10078.0;3
20100;BOT_TAKER;SUBMISSION;UV_VISOR_AMBER;XIRECS;9801.0;3
20100;BOT_TAKER;SUBMISSION;UV_VISOR_ORANGE;XIRECS;10085.0;3
20100;BOT_TAKER;SUBMISSION;UV_VISOR_RED;XIRECS;10213.0;3
20100;BOT_TAKER;SUBMISSION;UV_VISOR_MAGENTA;XIRECS;10243.0;3
20100;BOT_TAKER;SUBMISSION;TRANSLATOR_SPACE_GRAY;XIRECS;9911.0;3
20100;BOT_TAKER;SUBMISSION;TRANSLATOR_ASTRO_BLACK;XIRECS;10115.0;3
20100;BOT_TAKER;BOT_MAKER;TRANSLATOR_ECLIPSE_CHARCOAL;XIRECS;9938.0;3
20100;BOT_TAKER;SUBMISSION;TRANSLATOR_GRAPHITE_MIST;XIRECS;10003.0;3
20100;BOT_TAKER;BOT_MAKER;TRANSLATOR_VOID_BLUE;XIRECS;9903.0;3
20100;BOT_TAKER;SUBMISSION;PANEL_1X2;XIRECS;10098.0;3
20100;BOT_TAKER;SUBMISSION;PANEL_2X2;XIRECS;9895.0;3
20100;BOT_TAKER;SUBMISSION;PANEL_1X4;XIRECS;10170.0;3
20100;BOT_TAKER;SUBMISSION;PANEL_2X4;XIRECS;9993.0;3
20100;BOT_TAKER;SUBMISSION;PANEL_4X4;XIRECS;10108.0;3
20100;BOT_TAKER;SUBMISSION;OXYGEN_SHAKE_MORNING_BREATH;XIRECS;9903.0;3
20100;BOT_TAKER;SUBMISSION;OXYGEN_SHAKE_EVENING_BREATH;XIRECS;10106.0;3
20100;BOT_TAKER;SUBMISSION;OXYGEN_SHAKE_MINT;XIRECS;9910.0;3
20100;BOT_TAKER;BOT_MAKER;OXYGEN_SHAKE_CHOCOLATE;XIRECS;9879.0;3
20100;BOT_TAKER;SUBMISSION;OXYGEN_SHAKE_GARLIC;XIRECS;9952.0;3
20100;BOT_TAKER;SUBMISSION;SNACKPACK_CHOCOLATE;XIRECS;10031.0;3
20100;BOT_TAKER;SUBMISSION;SNACKPACK_VANILLA;XIRECS;10042.0;3
20100;BOT_TAKER;BOT_MAKER;SNACKPACK_PISTACHIO;XIRECS;9934.0;3
20100;BOT_TAKER;SUBMISSION;SNACKPACK_STRAWBERRY;XIRECS;10051.0;3
20100;BOT_TAKER;SUBMISSION;SNACKPACK_RASPBERRY;XIRECS;10023.0;3
21400;BOT_TAKER;SUBMISSION;PEBBLES_XS;XIRECS;9835.0;5
21400;BOT_TAKER;BOT_MAKER;PEBBLES_S;XIRECS;9812.0;5
21400;BOT_TAKER;SUBMISSION;PEBBLES_M;XIRECS;10363.0;5
21400;BOT_TAKER;SUBMISSION;PEBBLES_L;XIRECS;9549.0;5
21400;BOT_TAKER;SUBMISSION;PEBBLES_XL;XIRECS;10468.0;5
22900;BOT_TAKER;SUBMISSION;GALAXY_SOUNDS_DARK_MATTER;XIRECS;10117.0;2
22900;BOT_TAKER;SUBMISSION;GALAXY_SOUNDS_BLACK_HOLES;XIRECS;10020.0;2
22900;BOT_TAKER;SUBMISSION;GALAXY_SOUNDS_PLANETARY_RINGS;XIRECS;10428.0;2
22900;BOT_TAKER;SUBMISSION;GALAXY_SOUNDS_SOLAR_WINDS;XIRECS;10000.0;2
22900;BOT_TAKER;SUBMISSION;GALAXY_SOUNDS_SOLAR_FLAMES;XIRECS;10140.0;2
22900;BOT_TAKER;SUBMISSION;SLEEP_POD_SUEDE;XIRECS;10138.0;2
22900;BOT_TAKER;SUBMISSION;SLEEP_POD_LAMB_WOOL;XIRECS;10101.0;2
22900;BOT_TAKER;SUBMISSION;SLEEP_POD_POLYESTER;XIRECS;10305.0;2
22900;BOT_TAKER;BOT_MAKER;SLEEP_POD_NYLON;XIRECS;9758.0;2
22900;BOT_TAKER;SUBMISSION;SLEEP_POD_COTTON;XIRECS;10157.0;2
22900;BOT_TAKER;SUBMISSION;ROBOT_VACUUMING;XIRECS;10122.0;2
22900;BOT_TAKER;SUBMISSION;ROBOT_MOPPING;XIRECS;9949.0;2
22900;BOT_TAKER;BOT_MAKER;ROBOT_DISHES;XIRECS;9652.0;2
22900;BOT_TAKER;BOT_MAKER;ROBOT_LAUNDRY;XIRECS;9983.0;2
22900;BOT_TAKER;SUBMISSION;ROBOT_IRONING;XIRECS;10000.0;2
22900;BOT_TAKER;SUBMISSION;UV_VISOR_YELLOW;XIRECS;10125.0;2
22900;BOT_TAKER;SUBMISSION;UV_VISOR_AMBER;XIRECS;9731.0;2
22900;BOT_TAKER;SUBMISSION;UV_VISOR_ORANGE;XIRECS;10146.0;2
22900;BOT_TAKER;SUBMISSION;UV_VISOR_RED;XIRECS;10271.0;2
22900;BOT_TAKER;SUBMISSION;UV_VISOR_MAGENTA;XIRECS;10227.0;2
22900;BOT_TAKER;SUBMISSION;TRANSLATOR_SPACE_GRAY;XIRECS;9907.0;2
22900;BOT_TAKER;SUBMISSION;TRANSLATOR_ASTRO_BLACK;XIRECS;10061.0;2
22900;BOT_TAKER;BOT_MAKER;TRANSLATOR_ECLIPSE_CHARCOAL;XIRECS;9927.0;2
22900;BOT_TAKER;SUBMISSION;TRANSLATOR_GRAPHITE_MIST;XIRECS;9918.0;2
22900;BOT_TAKER;BOT_MAKER;TRANSLATOR_VOID_BLUE;XIRECS;9869.0;2
22900;BOT_TAKER;SUBMISSION;PANEL_1X2;XIRECS;10054.0;2
22900;BOT_TAKER;SUBMISSION;PANEL_2X2;XIRECS;9915.0;2
22900;BOT_TAKER;SUBMISSION;PANEL_1X4;XIRECS;10198.0;2
22900;BOT_TAKER;BOT_MAKER;PANEL_2X4;XIRECS;9890.0;2
22900;BOT_TAKER;SUBMISSION;PANEL_4X4;XIRECS;10020.0;2
22900;BOT_TAKER;SUBMISSION;OXYGEN_SHAKE_MORNING_BREATH;XIRECS;9909.0;2
22900;BOT_TAKER;SUBMISSION;OXYGEN_SHAKE_EVENING_BREATH;XIRECS;10003.0;2
22900;BOT_TAKER;SUBMISSION;OXYGEN_SHAKE_MINT;XIRECS;9897.0;2
22900;BOT_TAKER;BOT_MAKER;OXYGEN_SHAKE_CHOCOLATE;XIRECS;9922.0;2
22900;BOT_TAKER;SUBMISSION;OXYGEN_SHAKE_GARLIC;XIRECS;9974.0;2
22900;BOT_TAKER;SUBMISSION;SNACKPACK_CHOCOLATE;XIRECS;10055.0;2
22900;BOT_TAKER;BOT_MAKER;SNACKPACK_VANILLA;XIRECS;10014.0;2
22900;BOT_TAKER;BOT_MAKER;SNACKPACK_PISTACHIO;XIRECS;9911.0;2
22900;BOT_TAKER;BOT_MAKER;SNACKPACK_STRAWBERRY;XIRECS;10028.0;2
22900;BOT_TAKER;SUBMISSION;SNACKPACK_RASPBERRY;XIRECS;10051.0;2
24400;SUBMISSION;BOT_TAKER;PEBBLES_XS;XIRECS;9710.0;2
24400;SUBMISSION;BOT_TAKER;PEBBLES_S;XIRECS;9785.0;1
24400;BOT_MAKER;BOT_TAKER;PEBBLES_S;XIRECS;9784.0;1
24400;BOT_MAKER;BOT_TAKER;PEBBLES_M;XIRECS;10354.0;2
24400;SUBMISSION;BOT_TAKER;PEBBLES_L;XIRECS;9397.0;2
24400;BOT_MAKER;BOT_TAKER;PEBBLES_XL;XIRECS;10727.0;2
26400;BOT_MAKER;BOT_TAKER;GALAXY_SOUNDS_DARK_MATTER;XIRECS;10176.0;3
26400;SUBMISSION;BOT_TAKER;GALAXY_SOUNDS_BLACK_HOLES;XIRECS;9781.0;2
26400;BOT_MAKER;BOT_TAKER;GALAXY_SOUNDS_BLACK_HOLES;XIRECS;9780.0;1
26400;SUBMISSION;BOT_TAKER;GALAXY_SOUNDS_PLANETARY_RINGS;XIRECS;10408.0;2
26400;BOT_MAKER;BOT_TAKER;GALAXY_SOUNDS_PLANETARY_RINGS;XIRECS;10407.0;1
26400;SUBMISSION;BOT_TAKER;GALAXY_SOUNDS_SOLAR_WINDS;XIRECS;10033.0;2
26400;BOT_MAKER;BOT_TAKER;GALAXY_SOUNDS_SOLAR_WINDS;XIRECS;10032.0;1
26400;BOT_MAKER;BOT_TAKER;GALAXY_SOUNDS_SOLAR_FLAMES;XIRECS;10168.0;3
26400;BOT_MAKER;BOT_TAKER;SLEEP_POD_SUEDE;XIRECS;10274.0;3
26400;BOT_MAKER;BOT_TAKER;SLEEP_POD_LAMB_WOOL;XIRECS;10143.0;3
26400;SUBMISSION;BOT_TAKER;SLEEP_POD_POLYESTER;XIRECS;10395.0;2
26400;BOT_MAKER;BOT_TAKER;SLEEP_POD_POLYESTER;XIRECS;10394.0;1
26400;BOT_MAKER;BOT_TAKER;SLEEP_POD_NYLON;XIRECS;9738.0;3
26400;SUBMISSION;BOT_TAKER;SLEEP_POD_COTTON;XIRECS;10135.0;2
26400;BOT_MAKER;BOT_TAKER;SLEEP_POD_COTTON;XIRECS;10134.0;1
26400;BOT_MAKER;BOT_TAKER;ROBOT_VACUUMING;XIRECS;10192.0;3
26400;SUBMISSION;BOT_TAKER;ROBOT_MOPPING;XIRECS;9918.0;2
26400;BOT_MAKER;BOT_TAKER;ROBOT_MOPPING;XIRECS;9917.0;1
26400;SUBMISSION;BOT_TAKER;ROBOT_DISHES;XIRECS;9713.0;1
26400;BOT_MAKER;BOT_TAKER;ROBOT_DISHES;XIRECS;9712.0;2
26400;SUBMISSION;BOT_TAKER;ROBOT_LAUNDRY;XIRECS;9972.0;3
26400;SUBMISSION;BOT_TAKER;ROBOT_IRONING;XIRECS;10105.0;2
26400;BOT_MAKER;BOT_TAKER;ROBOT_IRONING;XIRECS;10104.0;1
26400;SUBMISSION;BOT_TAKER;UV_VISOR_YELLOW;XIRECS;10185.0;2
26400;BOT_MAKER;BOT_TAKER;UV_VISOR_YELLOW;XIRECS;10184.0;1
26400;SUBMISSION;BOT_TAKER;UV_VISOR_AMBER;XIRECS;9633.0;2
26400;BOT_MAKER;BOT_TAKER;UV_VISOR_AMBER;XIRECS;9632.0;1
26400;SUBMISSION;BOT_TAKER;UV_VISOR_ORANGE;XIRECS;10135.0;2
26400;BOT_MAKER;BOT_TAKER;UV_VISOR_ORANGE;XIRECS;10134.0;1
26400;BOT_MAKER;BOT_TAKER;UV_VISOR_RED;XIRECS;10287.0;3
26400;BOT_MAKER;BOT_TAKER;UV_VISOR_MAGENTA;XIRECS;10233.0;3
26400;SUBMISSION;BOT_TAKER;TRANSLATOR_SPACE_GRAY;XIRECS;9913.0;2
26400;BOT_MAKER;BOT_TAKER;TRANSLATOR_SPACE_GRAY;XIRECS;9912.0;1
26400;BOT_MAKER;BOT_TAKER;TRANSLATOR_ASTRO_BLACK;XIRECS;10085.0;3
26400;SUBMISSION;BOT_TAKER;TRANSLATOR_ECLIPSE_CHARCOAL;XIRECS;9869.0;2
26400;BOT_MAKER;BOT_TAKER;TRANSLATOR_ECLIPSE_CHARCOAL;XIRECS;9868.0;1
26400;SUBMISSION;BOT_TAKER;TRANSLATOR_GRAPHITE_MIST;XIRECS;9803.0;2
26400;BOT_MAKER;BOT_TAKER;TRANSLATOR_GRAPHITE_MIST;XIRECS;9802.0;1
26400;SUBMISSION;BOT_TAKER;TRANSLATOR_VOID_BLUE;XIRECS;9835.0;3
26400;SUBMISSION;BOT_TAKER;PANEL_1X2;XIRECS;10083.0;2
26400;BOT_MAKER;BOT_TAKER;PANEL_1X2;XIRECS;10082.0;1
26400;SUBMISSION;BOT_TAKER;PANEL_2X2;XIRECS;9902.0;2
26400;BOT_MAKER;BOT_TAKER;PANEL_2X2;XIRECS;9901.0;1
26400;SUBMISSION;BOT_TAKER;PANEL_1X4;XIRECS;10211.0;2
26400;BOT_MAKER;BOT_TAKER;PANEL_1X4;XIRECS;10210.0;1
26400;SUBMISSION;BOT_TAKER;PANEL_2X4;XIRECS;9834.0;3
26400;SUBMISSION;BOT_TAKER;PANEL_4X4;XIRECS;9961.0;2
26400;BOT_MAKER;BOT_TAKER;PANEL_4X4;XIRECS;9960.0;1
26400;SUBMISSION;BOT_TAKER;OXYGEN_SHAKE_MORNING_BREATH;XIRECS;9958.0;2
26400;BOT_MAKER;BOT_TAKER;OXYGEN_SHAKE_MORNING_BREATH;XIRECS;9957.0;1
26400;SUBMISSION;BOT_TAKER;OXYGEN_SHAKE_EVENING_BREATH;XIRECS;10017.0;2
26400;BOT_MAKER;BOT_TAKER;OXYGEN_SHAKE_EVENING_BREATH;XIRECS;10016.0;1
26400;SUBMISSION;BOT_TAKER;OXYGEN_SHAKE_MINT;XIRECS;9918.0;2
26400;BOT_MAKER;BOT_TAKER;OXYGEN_SHAKE_MINT;XIRECS;9917.0;1
26400;BOT_MAKER;BOT_TAKER;OXYGEN_SHAKE_CHOCOLATE;XIRECS;9914.0;3
26400;SUBMISSION;BOT_TAKER;OXYGEN_SHAKE_GARLIC;XIRECS;10144.0;2
26400;BOT_MAKER;BOT_TAKER;OXYGEN_SHAKE_GARLIC;XIRECS;10143.0;1
26400;BOT_MAKER;BOT_TAKER;SNACKPACK_CHOCOLATE;XIRECS;10034.0;3
26400;SUBMISSION;BOT_TAKER;SNACKPACK_VANILLA;XIRECS;10009.0;3
26400;SUBMISSION;BOT_TAKER;SNACKPACK_PISTACHIO;XIRECS;9939.0;3
26400;BOT_MAKER;BOT_TAKER;SNACKPACK_STRAWBERRY;XIRECS;10092.0;3
26400;SUBMISSION;BOT_TAKER;SNACKPACK_RASPBERRY;XIRECS;9958.0;3
27600;BOT_TAKER;SUBMISSION;GALAXY_SOUNDS_DARK_MATTER;XIRECS;10217.0;2
27600;BOT_TAKER;SUBMISSION;GALAXY_SOUNDS_BLACK_HOLES;XIRECS;9742.0;2
27600;BOT_TAKER;SUBMISSION;GALAXY_SOUNDS_PLANETARY_RINGS;XIRECS;10382.0;2
27600;BOT_TAKER;SUBMISSION;GALAXY_SOUNDS_SOLAR_WINDS;XIRECS;10096.0;2
27600;BOT_TAKER;SUBMISSION;GALAXY_SOUNDS_SOLAR_FLAMES;XIRECS;10214.0;2
27600;BOT_TAKER;SUBMISSION;SLEEP_POD_SUEDE;XIRECS;10288.0;2
27600;BOT_TAKER;SUBMISSION;SLEEP_POD_LAMB_WOOL;XIRECS;10184.0;2
27600;BOT_TAKER;SUBMISSION;SLEEP_POD_POLYESTER;XIRECS;10450.0;2
27600;BOT_TAKER;BOT_MAKER;SLEEP_POD_NYLON;XIRECS;9744.0;2
27600;BOT_TAKER;SUBMISSION;SLEEP_POD_COTTON;XIRECS;10164.0;2
27600;BOT_TAKER;SUBMISSION;ROBOT_VACUUMING;XIRECS;10192.0;2
27600;BOT_TAKER;SUBMISSION;ROBOT_MOPPING;XIRECS;9934.0;2
27600;BOT_TAKER;BOT_MAKER;ROBOT_DISHES;XIRECS;9663.0;2
27600;BOT_TAKER;BOT_MAKER;ROBOT_LAUNDRY;XIRECS;9985.0;2
27600;BOT_TAKER;SUBMISSION;ROBOT_IRONING;XIRECS;10056.0;2
27600;BOT_TAKER;SUBMISSION;UV_VISOR_YELLOW;XIRECS;10214.0;2
27600;BOT_TAKER;SUBMISSION;UV_VISOR_AMBER;XIRECS;9674.0;2
27600;BOT_TAKER;SUBMISSION;UV_VISOR_ORANGE;XIRECS;10162.0;2
27600;BOT_TAKER;SUBMISSION;UV_VISOR_RED;XIRECS;10301.0;1
27600;BOT_TAKER;BOT_MAKER;UV_VISOR_RED;XIRECS;10302.0;1
27600;BOT_TAKER;SUBMISSION;UV_VISOR_MAGENTA;XIRECS;10257.0;2
27600;BOT_TAKER;SUBMISSION;TRANSLATOR_SPACE_GRAY;XIRECS;9958.0;2
27600;BOT_TAKER;SUBMISSION;TRANSLATOR_ASTRO_BLACK;XIRECS;10153.0;2
27600;BOT_TAKER;BOT_MAKER;TRANSLATOR_ECLIPSE_CHARCOAL;XIRECS;9875.0;2
27600;BOT_TAKER;SUBMISSION;TRANSLATOR_GRAPHITE_MIST;XIRECS;9831.0;2
27600;BOT_TAKER;BOT_MAKER;TRANSLATOR_VOID_BLUE;XIRECS;9888.0;2
27600;BOT_TAKER;SUBMISSION;PANEL_1X2;XIRECS;10094.0;2
27600;BOT_TAKER;SUBMISSION;PANEL_2X2;XIRECS;9917.0;2
27600;BOT_TAKER;SUBMISSION;PANEL_1X4;XIRECS;10224.0;2
27600;BOT_TAKER;BOT_MAKER;PANEL_2X4;XIRECS;9855.0;2
27600;BOT_TAKER;SUBMISSION;PANEL_4X4;XIRECS;9993.0;2
27600;BOT_TAKER;SUBMISSION;OXYGEN_SHAKE_MORNING_BREATH;XIRECS;9928.0;2
27600;BOT_TAKER;SUBMISSION;OXYGEN_SHAKE_EVENING_BREATH;XIRECS;10090.0;2
27600;BOT_TAKER;SUBMISSION;OXYGEN_SHAKE_MINT;XIRECS;9975.0;2
27600;BOT_TAKER;BOT_MAKER;OXYGEN_SHAKE_CHOCOLATE;XIRECS;9951.0;2
27600;BOT_TAKER;SUBMISSION;OXYGEN_SHAKE_GARLIC;XIRECS;10211.0;2
27600;BOT_TAKER;SUBMISSION;SNACKPACK_CHOCOLATE;XIRECS;10088.0;2
27600;BOT_TAKER;BOT_MAKER;SNACKPACK_VANILLA;XIRECS;9998.0;2
27600;BOT_TAKER;BOT_MAKER;SNACKPACK_PISTACHIO;XIRECS;9938.0;2
27600;BOT_TAKER;SUBMISSION;SNACKPACK_STRAWBERRY;XIRECS;10089.0;2
27600;BOT_TAKER;SUBMISSION;SNACKPACK_RASPBERRY;XIRECS;9993.0;2
32800;BOT_TAKER;SUBMISSION;PEBBLES_XS;XIRECS;9782.0;5
32800;BOT_TAKER;BOT_MAKER;PEBBLES_S;XIRECS;9742.0;5
32800;BOT_TAKER;SUBMISSION;PEBBLES_M;XIRECS;10356.0;1
32800;BOT_TAKER;BOT_MAKER;PEBBLES_M;XIRECS;10357.0;4
32800;BOT_TAKER;SUBMISSION;PEBBLES_L;XIRECS;9661.0;5
32800;BOT_TAKER;SUBMISSION;PEBBLES_XL;XIRECS;10486.0;1
32800;BOT_TAKER;BOT_MAKER;PEBBLES_XL;XIRECS;10487.0;4
33000;BOT_TAKER;SUBMISSION;PEBBLES_XS;XIRECS;9791.0;2
33000;BOT_TAKER;BOT_MAKER;PEBBLES_XS;XIRECS;9792.0;2
33000;BOT_TAKER;BOT_MAKER;PEBBLES_S;XIRECS;9788.0;4
33000;BOT_TAKER;BOT_MAKER;PEBBLES_M;XIRECS;10380.0;4
33000;BOT_TAKER;SUBMISSION;PEBBLES_L;XIRECS;9645.0;2
33000;BOT_TAKER;BOT_MAKER;PEBBLES_L;XIRECS;9646.0;2
33000;BOT_TAKER;BOT_MAKER;PEBBLES_XL;XIRECS;10425.0;4
35300;BOT_MAKER;BOT_TAKER;GALAXY_SOUNDS_DARK_MATTER;XIRECS;10040.0;3
35300;SUBMISSION;BOT_TAKER;GALAXY_SOUNDS_BLACK_HOLES;XIRECS;9754.0;2
35300;BOT_MAKER;BOT_TAKER;GALAXY_SOUNDS_BLACK_HOLES;XIRECS;9753.0;1
35300;SUBMISSION;BOT_TAKER;GALAXY_SOUNDS_PLANETARY_RINGS;XIRECS;10414.0;2
35300;BOT_MAKER;BOT_TAKER;GALAXY_SOUNDS_PLANETARY_RINGS;XIRECS;10413.0;1
35300;SUBMISSION;BOT_TAKER;GALAXY_SOUNDS_SOLAR_WINDS;XIRECS;10044.0;2
35300;BOT_MAKER;BOT_TAKER;GALAXY_SOUNDS_SOLAR_WINDS;XIRECS;10043.0;1
35300;BOT_MAKER;BOT_TAKER;GALAXY_SOUNDS_SOLAR_FLAMES;XIRECS;10298.0;3
35300;BOT_MAKER;BOT_TAKER;SLEEP_POD_SUEDE;XIRECS;10349.0;3
35300;BOT_MAKER;BOT_TAKER;SLEEP_POD_LAMB_WOOL;XIRECS;10114.0;3
35300;SUBMISSION;BOT_TAKER;SLEEP_POD_POLYESTER;XIRECS;10396.0;2
35300;BOT_MAKER;BOT_TAKER;SLEEP_POD_POLYESTER;XIRECS;10395.0;1
35300;BOT_MAKER;BOT_TAKER;SLEEP_POD_NYLON;XIRECS;9747.0;3
35300;SUBMISSION;BOT_TAKER;SLEEP_POD_COTTON;XIRECS;10042.0;2
35300;BOT_MAKER;BOT_TAKER;SLEEP_POD_COTTON;XIRECS;10041.0;1
35300;BOT_MAKER;BOT_TAKER;ROBOT_VACUUMING;XIRECS;10198.0;3
35300;SUBMISSION;BOT_TAKER;ROBOT_MOPPING;XIRECS;9875.0;2
35300;BOT_MAKER;BOT_TAKER;ROBOT_MOPPING;XIRECS;9874.0;1
35300;BOT_MAKER;BOT_TAKER;ROBOT_DISHES;XIRECS;9645.0;3
35300;SUBMISSION;BOT_TAKER;ROBOT_LAUNDRY;XIRECS;9934.0;3
35300;SUBMISSION;BOT_TAKER;ROBOT_IRONING;XIRECS;10190.0;2
35300;BOT_MAKER;BOT_TAKER;ROBOT_IRONING;XIRECS;10189.0;1
35300;SUBMISSION;BOT_TAKER;UV_VISOR_YELLOW;XIRECS;10281.0;2
35300;BOT_MAKER;BOT_TAKER;UV_VISOR_YELLOW;XIRECS;10280.0;1
35300;SUBMISSION;BOT_TAKER;UV_VISOR_AMBER;XIRECS;9564.0;2
35300;BOT_MAKER;BOT_TAKER;UV_VISOR_AMBER;XIRECS;9563.0;1
35300;SUBMISSION;BOT_TAKER;UV_VISOR_ORANGE;XIRECS;10217.0;2
35300;BOT_MAKER;BOT_TAKER;UV_VISOR_ORANGE;XIRECS;10216.0;1
35300;BOT_MAKER;BOT_TAKER;UV_VISOR_RED;XIRECS;10269.0;3
35300;BOT_MAKER;BOT_TAKER;UV_VISOR_MAGENTA;XIRECS;10150.0;3
35300;SUBMISSION;BOT_TAKER;TRANSLATOR_SPACE_GRAY;XIRECS;9774.0;2
35300;BOT_MAKER;BOT_TAKER;TRANSLATOR_SPACE_GRAY;XIRECS;9773.0;1
35300;BOT_MAKER;BOT_TAKER;TRANSLATOR_ASTRO_BLACK;XIRECS;10104.0;3
35300;BOT_MAKER;BOT_TAKER;TRANSLATOR_ECLIPSE_CHARCOAL;XIRECS;9845.0;3
35300;SUBMISSION;BOT_TAKER;TRANSLATOR_GRAPHITE_MIST;XIRECS;9865.0;2
35300;BOT_MAKER;BOT_TAKER;TRANSLATOR_GRAPHITE_MIST;XIRECS;9864.0;1
35300;SUBMISSION;BOT_TAKER;TRANSLATOR_VOID_BLUE;XIRECS;9888.0;3
35300;SUBMISSION;BOT_TAKER;PANEL_1X2;XIRECS;10041.0;2
35300;BOT_MAKER;BOT_TAKER;PANEL_1X2;XIRECS;10040.0;1
35300;SUBMISSION;BOT_TAKER;PANEL_2X2;XIRECS;9900.0;2
35300;BOT_MAKER;BOT_TAKER;PANEL_2X2;XIRECS;9899.0;1
35300;SUBMISSION;BOT_TAKER;PANEL_1X4;XIRECS;10350.0;2
35300;BOT_MAKER;BOT_TAKER;PANEL_1X4;XIRECS;10349.0;1
35300;SUBMISSION;BOT_TAKER;PANEL_2X4;XIRECS;9810.0;3
35300;SUBMISSION;BOT_TAKER;PANEL_4X4;XIRECS;9956.0;2
35300;BOT_MAKER;BOT_TAKER;PANEL_4X4;XIRECS;9955.0;1
35300;SUBMISSION;BOT_TAKER;OXYGEN_SHAKE_MORNING_BREATH;XIRECS;9752.0;2
35300;BOT_MAKER;BOT_TAKER;OXYGEN_SHAKE_MORNING_BREATH;XIRECS;9751.0;1
35300;SUBMISSION;BOT_TAKER;OXYGEN_SHAKE_EVENING_BREATH;XIRECS;10119.0;2
35300;BOT_MAKER;BOT_TAKER;OXYGEN_SHAKE_EVENING_BREATH;XIRECS;10118.0;1
35300;SUBMISSION;BOT_TAKER;OXYGEN_SHAKE_MINT;XIRECS;10005.0;2
35300;BOT_MAKER;BOT_TAKER;OXYGEN_SHAKE_MINT;XIRECS;10004.0;1
35300;BOT_MAKER;BOT_TAKER;OXYGEN_SHAKE_CHOCOLATE;XIRECS;9871.0;3
35300;SUBMISSION;BOT_TAKER;OXYGEN_SHAKE_GARLIC;XIRECS;10160.0;2
35300;BOT_MAKER;BOT_TAKER;OXYGEN_SHAKE_GARLIC;XIRECS;10159.0;1
35300;BOT_MAKER;BOT_TAKER;SNACKPACK_CHOCOLATE;XIRECS;10005.0;3
35300;BOT_MAKER;BOT_TAKER;SNACKPACK_VANILLA;XIRECS;10053.0;3
35300;SUBMISSION;BOT_TAKER;SNACKPACK_PISTACHIO;XIRECS;9893.0;3
35300;BOT_MAKER;BOT_TAKER;SNACKPACK_STRAWBERRY;XIRECS;10091.0;3
35300;BOT_MAKER;BOT_TAKER;SNACKPACK_RASPBERRY;XIRECS;10021.0;3
37100;BOT_MAKER;BOT_TAKER;GALAXY_SOUNDS_DARK_MATTER;XIRECS;10068.0;2
37100;SUBMISSION;BOT_TAKER;GALAXY_SOUNDS_BLACK_HOLES;XIRECS;9769.0;2
37100;SUBMISSION;BOT_TAKER;GALAXY_SOUNDS_PLANETARY_RINGS;XIRECS;10442.0;2
37100;SUBMISSION;BOT_TAKER;GALAXY_SOUNDS_SOLAR_WINDS;XIRECS;9983.0;2
37100;BOT_MAKER;BOT_TAKER;GALAXY_SOUNDS_SOLAR_FLAMES;XIRECS;10236.0;2
37100;BOT_MAKER;BOT_TAKER;SLEEP_POD_SUEDE;XIRECS;10339.0;2
37100;BOT_MAKER;BOT_TAKER;SLEEP_POD_LAMB_WOOL;XIRECS;10117.0;2
37100;SUBMISSION;BOT_TAKER;SLEEP_POD_POLYESTER;XIRECS;10347.0;2
37100;BOT_MAKER;BOT_TAKER;SLEEP_POD_NYLON;XIRECS;9760.0;2
37100;SUBMISSION;BOT_TAKER;SLEEP_POD_COTTON;XIRECS;10082.0;2
37100;BOT_MAKER;BOT_TAKER;ROBOT_VACUUMING;XIRECS;10175.0;2
37100;SUBMISSION;BOT_TAKER;ROBOT_MOPPING;XIRECS;9866.0;2
37100;BOT_MAKER;BOT_TAKER;ROBOT_DISHES;XIRECS;9606.0;2
37100;BOT_MAKER;BOT_TAKER;ROBOT_LAUNDRY;XIRECS;10002.0;2
37100;SUBMISSION;BOT_TAKER;ROBOT_IRONING;XIRECS;10179.0;2
37100;SUBMISSION;BOT_TAKER;UV_VISOR_YELLOW;XIRECS;10262.0;2
37100;SUBMISSION;BOT_TAKER;UV_VISOR_AMBER;XIRECS;9574.0;2
37100;SUBMISSION;BOT_TAKER;UV_VISOR_ORANGE;XIRECS;10192.0;2
37100;BOT_MAKER;BOT_TAKER;UV_VISOR_RED;XIRECS;10270.0;2
37100;BOT_MAKER;BOT_TAKER;UV_VISOR_MAGENTA;XIRECS;10085.0;2
37100;SUBMISSION;BOT_TAKER;TRANSLATOR_SPACE_GRAY;XIRECS;9807.0;2
37100;BOT_MAKER;BOT_TAKER;TRANSLATOR_ASTRO_BLACK;XIRECS;10131.0;2
37100;BOT_MAKER;BOT_TAKER;TRANSLATOR_ECLIPSE_CHARCOAL;XIRECS;9897.0;2
37100;SUBMISSION;BOT_TAKER;TRANSLATOR_GRAPHITE_MIST;XIRECS;9842.0;2
37100;SUBMISSION;BOT_TAKER;TRANSLATOR_VOID_BLUE;XIRECS;9832.0;2
37100;SUBMISSION;BOT_TAKER;PANEL_1X2;XIRECS;10038.0;2
37100;SUBMISSION;BOT_TAKER;PANEL_2X2;XIRECS;9919.0;2
37100;SUBMISSION;BOT_TAKER;PANEL_1X4;XIRECS;10370.0;2
37100;SUBMISSION;BOT_TAKER;PANEL_2X4;XIRECS;9812.0;1
37100;BOT_MAKER;BOT_TAKER;PANEL_2X4;XIRECS;9811.0;1
37100;SUBMISSION;BOT_TAKER;PANEL_4X4;XIRECS;9889.0;2
37100;SUBMISSION;BOT_TAKER;OXYGEN_SHAKE_MORNING_BREATH;XIRECS;9770.0;2
37100;SUBMISSION;BOT_TAKER;OXYGEN_SHAKE_EVENING_BREATH;XIRECS;10192.0;2
37100;SUBMISSION;BOT_TAKER;OXYGEN_SHAKE_MINT;XIRECS;9930.0;2
37100;BOT_MAKER;BOT_TAKER;OXYGEN_SHAKE_CHOCOLATE;XIRECS;9900.0;2
37100;SUBMISSION;BOT_TAKER;OXYGEN_SHAKE_GARLIC;XIRECS;10126.0;2
37100;BOT_MAKER;BOT_TAKER;SNACKPACK_CHOCOLATE;XIRECS;9985.0;2
37100;BOT_MAKER;BOT_TAKER;SNACKPACK_VANILLA;XIRECS;10046.0;2
37100;SUBMISSION;BOT_TAKER;SNACKPACK_PISTACHIO;XIRECS;9896.0;2
37100;BOT_MAKER;BOT_TAKER;SNACKPACK_STRAWBERRY;XIRECS;10097.0;2
37100;BOT_MAKER;BOT_TAKER;SNACKPACK_RASPBERRY;XIRECS;10010.0;2
37600;BOT_TAKER;SUBMISSION;GALAXY_SOUNDS_DARK_MATTER;XIRECS;10074.0;4
37600;BOT_TAKER;SUBMISSION;GALAXY_SOUNDS_BLACK_HOLES;XIRECS;9761.0;4
37600;BOT_TAKER;SUBMISSION;GALAXY_SOUNDS_PLANETARY_RINGS;XIRECS;10459.0;4
37600;BOT_TAKER;SUBMISSION;GALAXY_SOUNDS_SOLAR_WINDS;XIRECS;9971.0;4
37600;BOT_TAKER;SUBMISSION;GALAXY_SOUNDS_SOLAR_FLAMES;XIRECS;10276.0;4
37600;BOT_TAKER;SUBMISSION;SLEEP_POD_SUEDE;XIRECS;10356.0;1
37600;BOT_TAKER;BOT_MAKER;SLEEP_POD_SUEDE;XIRECS;10357.0;3
37600;BOT_TAKER;SUBMISSION;SLEEP_POD_LAMB_WOOL;XIRECS;10150.0;4
37600;BOT_TAKER;SUBMISSION;SLEEP_POD_POLYESTER;XIRECS;10324.0;4
37600;BOT_TAKER;BOT_MAKER;SLEEP_POD_NYLON;XIRECS;9789.0;4
37600;BOT_TAKER;SUBMISSION;SLEEP_POD_COTTON;XIRECS;10042.0;4
37600;BOT_TAKER;BOT_MAKER;ROBOT_VACUUMING;XIRECS;10183.0;4
37600;BOT_TAKER;SUBMISSION;ROBOT_MOPPING;XIRECS;9866.0;4
37600;BOT_TAKER;BOT_MAKER;ROBOT_DISHES;XIRECS;9550.0;4
37600;BOT_TAKER;SUBMISSION;ROBOT_LAUNDRY;XIRECS;10033.0;4
37600;BOT_TAKER;SUBMISSION;ROBOT_IRONING;XIRECS;10165.0;4
37600;BOT_TAKER;SUBMISSION;UV_VISOR_YELLOW;XIRECS;10337.0;4
37600;BOT_TAKER;SUBMISSION;UV_VISOR_AMBER;XIRECS;9542.0;4
37600;BOT_TAKER;SUBMISSION;UV_VISOR_ORANGE;XIRECS;10187.0;4
37600;BOT_TAKER;BOT_MAKER;UV_VISOR_RED;XIRECS;10277.0;4
37600;BOT_TAKER;SUBMISSION;UV_VISOR_MAGENTA;XIRECS;10101.0;4
37600;BOT_TAKER;SUBMISSION;TRANSLATOR_SPACE_GRAY;XIRECS;9822.0;4
37600;BOT_TAKER;SUBMISSION;TRANSLATOR_ASTRO_BLACK;XIRECS;10139.0;3
37600;BOT_TAKER;BOT_MAKER;TRANSLATOR_ASTRO_BLACK;XIRECS;10140.0;1
37600;BOT_TAKER;BOT_MAKER;TRANSLATOR_ECLIPSE_CHARCOAL;XIRECS;9897.0;4
37600;BOT_TAKER;SUBMISSION;TRANSLATOR_GRAPHITE_MIST;XIRECS;9830.0;4
37600;BOT_TAKER;BOT_MAKER;TRANSLATOR_VOID_BLUE;XIRECS;9855.0;4
37600;BOT_TAKER;SUBMISSION;PANEL_1X2;XIRECS;10062.0;4
37600;BOT_TAKER;SUBMISSION;PANEL_2X2;XIRECS;9909.0;4
37600;BOT_TAKER;SUBMISSION;PANEL_1X4;XIRECS;10417.0;4
37600;BOT_TAKER;BOT_MAKER;PANEL_2X4;XIRECS;9817.0;4
37600;BOT_TAKER;SUBMISSION;PANEL_4X4;XIRECS;9897.0;4
37600;BOT_TAKER;SUBMISSION;OXYGEN_SHAKE_MORNING_BREATH;XIRECS;9752.0;4
37600;BOT_TAKER;SUBMISSION;OXYGEN_SHAKE_EVENING_BREATH;XIRECS;10260.0;4
37600;BOT_TAKER;SUBMISSION;OXYGEN_SHAKE_MINT;XIRECS;9932.0;4
37600;BOT_TAKER;BOT_MAKER;OXYGEN_SHAKE_CHOCOLATE;XIRECS;9893.0;4
37600;BOT_TAKER;SUBMISSION;OXYGEN_SHAKE_GARLIC;XIRECS;10099.0;4
37600;BOT_TAKER;SUBMISSION;SNACKPACK_CHOCOLATE;XIRECS;10003.0;3
37600;BOT_TAKER;BOT_MAKER;SNACKPACK_CHOCOLATE;XIRECS;10004.0;1
37600;BOT_TAKER;SUBMISSION;SNACKPACK_VANILLA;XIRECS;10063.0;4
37600;BOT_TAKER;BOT_MAKER;SNACKPACK_PISTACHIO;XIRECS;9906.0;4
37600;BOT_TAKER;SUBMISSION;SNACKPACK_STRAWBERRY;XIRECS;10112.0;3
37600;BOT_TAKER;BOT_MAKER;SNACKPACK_STRAWBERRY;XIRECS;10113.0;1
37600;BOT_TAKER;SUBMISSION;SNACKPACK_RASPBERRY;XIRECS;10037.0;4
37600;BOT_TAKER;SUBMISSION;MICROCHIP_CIRCLE;XIRECS;9763.0;1
37600;BOT_TAKER;SUBMISSION;MICROCHIP_OVAL;XIRECS;9935.0;1
37600;BOT_TAKER;SUBMISSION;MICROCHIP_SQUARE;XIRECS;10026.0;1
37600;BOT_TAKER;SUBMISSION;MICROCHIP_RECTANGLE;XIRECS;10139.0;1
37600;BOT_TAKER;SUBMISSION;MICROCHIP_TRIANGLE;XIRECS;10285.0;1
39700;BOT_TAKER;BOT_MAKER;GALAXY_SOUNDS_DARK_MATTER;XIRECS;10078.0;1
39700;BOT_TAKER;SUBMISSION;GALAXY_SOUNDS_BLACK_HOLES;XIRECS;9812.0;1
39700;BOT_TAKER;SUBMISSION;GALAXY_SOUNDS_PLANETARY_RINGS;XIRECS;10473.0;1
39700;BOT_TAKER;SUBMISSION;GALAXY_SOUNDS_SOLAR_WINDS;XIRECS;9972.0;1
39700;BOT_TAKER;SUBMISSION;GALAXY_SOUNDS_SOLAR_FLAMES;XIRECS;10332.0;1
39700;BOT_TAKER;BOT_MAKER;SLEEP_POD_SUEDE;XIRECS;10367.0;1
39700;BOT_TAKER;BOT_MAKER;SLEEP_POD_LAMB_WOOL;XIRECS;10156.0;1
39700;BOT_TAKER;SUBMISSION;SLEEP_POD_POLYESTER;XIRECS;10377.0;1
39700;BOT_TAKER;BOT_MAKER;SLEEP_POD_NYLON;XIRECS;9816.0;1
39700;BOT_TAKER;SUBMISSION;SLEEP_POD_COTTON;XIRECS;10077.0;1
39700;BOT_TAKER;BOT_MAKER;ROBOT_VACUUMING;XIRECS;10161.0;1
39700;BOT_TAKER;SUBMISSION;ROBOT_MOPPING;XIRECS;9932.0;1
39700;BOT_TAKER;BOT_MAKER;ROBOT_DISHES;XIRECS;9631.0;1
39700;BOT_TAKER;SUBMISSION;ROBOT_LAUNDRY;XIRECS;10007.0;1
39700;BOT_TAKER;SUBMISSION;ROBOT_IRONING;XIRECS;10285.0;1
39700;BOT_TAKER;SUBMISSION;UV_VISOR_YELLOW;XIRECS;10349.0;1
39700;BOT_TAKER;SUBMISSION;UV_VISOR_AMBER;XIRECS;9536.0;1
39700;BOT_TAKER;SUBMISSION;UV_VISOR_ORANGE;XIRECS;10146.0;1
39700;BOT_TAKER;BOT_MAKER;UV_VISOR_RED;XIRECS;10288.0;1
39700;BOT_TAKER;SUBMISSION;UV_VISOR_MAGENTA;XIRECS;10056.0;1
39700;BOT_TAKER;SUBMISSION;TRANSLATOR_SPACE_GRAY;XIRECS;9839.0;1
39700;BOT_TAKER;BOT_MAKER;TRANSLATOR_ASTRO_BLACK;XIRECS;10211.0;1
39700;BOT_TAKER;BOT_MAKER;TRANSLATOR_ECLIPSE_CHARCOAL;XIRECS;9955.0;1
39700;BOT_TAKER;SUBMISSION;TRANSLATOR_GRAPHITE_MIST;XIRECS;9867.0;1
39700;BOT_TAKER;BOT_MAKER;TRANSLATOR_VOID_BLUE;XIRECS;9814.0;1
39700;BOT_TAKER;SUBMISSION;PANEL_1X2;XIRECS;10029.0;1
39700;BOT_TAKER;SUBMISSION;PANEL_2X2;XIRECS;9882.0;1
39700;BOT_TAKER;SUBMISSION;PANEL_1X4;XIRECS;10413.0;1
39700;BOT_TAKER;BOT_MAKER;PANEL_2X4;XIRECS;9924.0;1
39700;BOT_TAKER;SUBMISSION;PANEL_4X4;XIRECS;9912.0;1
39700;BOT_TAKER;SUBMISSION;OXYGEN_SHAKE_MORNING_BREATH;XIRECS;9787.0;1
39700;BOT_TAKER;SUBMISSION;OXYGEN_SHAKE_EVENING_BREATH;XIRECS;10241.0;1
39700;BOT_TAKER;SUBMISSION;OXYGEN_SHAKE_MINT;XIRECS;9892.0;1
39700;BOT_TAKER;BOT_MAKER;OXYGEN_SHAKE_CHOCOLATE;XIRECS;9851.0;1
39700;BOT_TAKER;SUBMISSION;OXYGEN_SHAKE_GARLIC;XIRECS;10202.0;1
39700;BOT_TAKER;SUBMISSION;SNACKPACK_CHOCOLATE;XIRECS;10035.0;1
39700;BOT_TAKER;BOT_MAKER;SNACKPACK_VANILLA;XIRECS;10029.0;1
39700;BOT_TAKER;BOT_MAKER;SNACKPACK_PISTACHIO;XIRECS;9884.0;1
39700;BOT_TAKER;BOT_MAKER;SNACKPACK_STRAWBERRY;XIRECS;10117.0;1
39700;BOT_TAKER;SUBMISSION;SNACKPACK_RASPBERRY;XIRECS;10036.0;1
40600;BOT_TAKER;SUBMISSION;PEBBLES_XS;XIRECS;9696.0;2
40600;BOT_TAKER;BOT_MAKER;PEBBLES_XS;XIRECS;9697.0;2
40600;BOT_TAKER;BOT_MAKER;PEBBLES_S;XIRECS;9788.0;4
40600;BOT_TAKER;BOT_MAKER;PEBBLES_M;XIRECS;10195.0;4
40600;BOT_TAKER;SUBMISSION;PEBBLES_L;XIRECS;9747.0;2
40600;BOT_TAKER;BOT_MAKER;PEBBLES_L;XIRECS;9748.0;2
40600;BOT_TAKER;BOT_MAKER;PEBBLES_XL;XIRECS;10603.0;4
42900;BOT_TAKER;SUBMISSION;MICROCHIP_CIRCLE;XIRECS;9736.0;1
42900;BOT_TAKER;SUBMISSION;MICROCHIP_OVAL;XIRECS;9914.0;1
42900;BOT_TAKER;SUBMISSION;MICROCHIP_SQUARE;XIRECS;10266.0;1
42900;BOT_TAKER;SUBMISSION;MICROCHIP_RECTANGLE;XIRECS;10170.0;1
42900;BOT_TAKER;SUBMISSION;MICROCHIP_TRIANGLE;XIRECS;10205.0;1
43200;BOT_MAKER;BOT_TAKER;GALAXY_SOUNDS_DARK_MATTER;XIRECS;10084.0;1
43200;SUBMISSION;BOT_TAKER;GALAXY_SOUNDS_BLACK_HOLES;XIRECS;9856.0;1
43200;SUBMISSION;BOT_TAKER;GALAXY_SOUNDS_PLANETARY_RINGS;XIRECS;10380.0;1
43200;SUBMISSION;BOT_TAKER;GALAXY_SOUNDS_SOLAR_WINDS;XIRECS;9981.0;1
43200;BOT_MAKER;BOT_TAKER;GALAXY_SOUNDS_SOLAR_FLAMES;XIRECS;10333.0;1
43200;BOT_MAKER;BOT_TAKER;SLEEP_POD_SUEDE;XIRECS;10408.0;1
43200;BOT_MAKER;BOT_TAKER;SLEEP_POD_LAMB_WOOL;XIRECS;10121.0;1
43200;SUBMISSION;BOT_TAKER;SLEEP_POD_POLYESTER;XIRECS;10258.0;1
43200;BOT_MAKER;BOT_TAKER;SLEEP_POD_NYLON;XIRECS;9764.0;1
43200;SUBMISSION;BOT_TAKER;SLEEP_POD_COTTON;XIRECS;10176.0;1
43200;BOT_MAKER;BOT_TAKER;ROBOT_VACUUMING;XIRECS;10127.0;1
43200;SUBMISSION;BOT_TAKER;ROBOT_MOPPING;XIRECS;9963.0;1
43200;BOT_MAKER;BOT_TAKER;ROBOT_DISHES;XIRECS;9543.0;1
43200;BOT_MAKER;BOT_TAKER;ROBOT_LAUNDRY;XIRECS;10096.0;1
43200;SUBMISSION;BOT_TAKER;ROBOT_IRONING;XIRECS;10342.0;1
43200;SUBMISSION;BOT_TAKER;UV_VISOR_YELLOW;XIRECS;10272.0;1
43200;SUBMISSION;BOT_TAKER;UV_VISOR_AMBER;XIRECS;9612.0;1
43200;SUBMISSION;BOT_TAKER;UV_VISOR_ORANGE;XIRECS;10204.0;1
43200;BOT_MAKER;BOT_TAKER;UV_VISOR_RED;XIRECS;10271.0;1
43200;SUBMISSION;BOT_TAKER;UV_VISOR_MAGENTA;XIRECS;9981.0;1
43200;SUBMISSION;BOT_TAKER;TRANSLATOR_SPACE_GRAY;XIRECS;9791.0;1
43200;BOT_MAKER;BOT_TAKER;TRANSLATOR_ASTRO_BLACK;XIRECS;10177.0;1
43200;BOT_MAKER;BOT_TAKER;TRANSLATOR_ECLIPSE_CHARCOAL;XIRECS;9942.0;1
43200;SUBMISSION;BOT_TAKER;TRANSLATOR_GRAPHITE_MIST;XIRECS;9884.0;1
43200;BOT_MAKER;BOT_TAKER;TRANSLATOR_VOID_BLUE;XIRECS;9740.0;1
43200;SUBMISSION;BOT_TAKER;PANEL_1X2;XIRECS;10012.0;1
43200;SUBMISSION;BOT_TAKER;PANEL_2X2;XIRECS;9852.0;1
43200;SUBMISSION;BOT_TAKER;PANEL_1X4;XIRECS;10458.0;1
43200;BOT_MAKER;BOT_TAKER;PANEL_2X4;XIRECS;9860.0;1
43200;SUBMISSION;BOT_TAKER;PANEL_4X4;XIRECS;9879.0;1
43200;SUBMISSION;BOT_TAKER;OXYGEN_SHAKE_MORNING_BREATH;XIRECS;9767.0;1
43200;SUBMISSION;BOT_TAKER;OXYGEN_SHAKE_EVENING_BREATH;XIRECS;10171.0;1
43200;SUBMISSION;BOT_TAKER;OXYGEN_SHAKE_MINT;XIRECS;9905.0;1
43200;BOT_MAKER;BOT_TAKER;OXYGEN_SHAKE_CHOCOLATE;XIRECS;9741.0;1
43200;SUBMISSION;BOT_TAKER;OXYGEN_SHAKE_GARLIC;XIRECS;10060.0;1
43200;BOT_MAKER;BOT_TAKER;SNACKPACK_CHOCOLATE;XIRECS;10072.0;1
43200;SUBMISSION;BOT_TAKER;SNACKPACK_VANILLA;XIRECS;9977.0;1
43200;SUBMISSION;BOT_TAKER;SNACKPACK_PISTACHIO;XIRECS;9870.0;1
43200;BOT_MAKER;BOT_TAKER;SNACKPACK_STRAWBERRY;XIRECS;10109.0;1
43200;BOT_MAKER;BOT_TAKER;SNACKPACK_RASPBERRY;XIRECS;10019.0;1
43700;BOT_TAKER;SUBMISSION;PEBBLES_XS;XIRECS;9720.0;2
43700;BOT_TAKER;BOT_MAKER;PEBBLES_XS;XIRECS;9721.0;2
43700;BOT_TAKER;BOT_MAKER;PEBBLES_S;XIRECS;9876.0;4
43700;BOT_TAKER;BOT_MAKER;PEBBLES_M;XIRECS;10327.0;4
43700;BOT_TAKER;SUBMISSION;PEBBLES_L;XIRECS;9737.0;2
43700;BOT_TAKER;BOT_MAKER;PEBBLES_L;XIRECS;9738.0;2
43700;BOT_TAKER;BOT_MAKER;PEBBLES_XL;XIRECS;10368.0;4
43800;BOT_TAKER;BOT_MAKER;GALAXY_SOUNDS_DARK_MATTER;XIRECS;10118.0;1
43800;BOT_TAKER;SUBMISSION;GALAXY_SOUNDS_BLACK_HOLES;XIRECS;9846.0;1
43800;BOT_TAKER;SUBMISSION;GALAXY_SOUNDS_PLANETARY_RINGS;XIRECS;10370.0;1
43800;BOT_TAKER;SUBMISSION;GALAXY_SOUNDS_SOLAR_WINDS;XIRECS;9979.0;1
43800;BOT_TAKER;SUBMISSION;GALAXY_SOUNDS_SOLAR_FLAMES;XIRECS;10336.0;1
43800;BOT_TAKER;BOT_MAKER;SLEEP_POD_SUEDE;XIRECS;10409.0;1
43800;BOT_TAKER;BOT_MAKER;SLEEP_POD_LAMB_WOOL;XIRECS;10078.0;1
43800;BOT_TAKER;SUBMISSION;SLEEP_POD_POLYESTER;XIRECS;10293.0;1
43800;BOT_TAKER;BOT_MAKER;SLEEP_POD_NYLON;XIRECS;9792.0;1
43800;BOT_TAKER;SUBMISSION;SLEEP_POD_COTTON;XIRECS;10226.0;1
43800;BOT_TAKER;BOT_MAKER;ROBOT_VACUUMING;XIRECS;10128.0;1
43800;BOT_TAKER;SUBMISSION;ROBOT_MOPPING;XIRECS;10003.0;1
43800;BOT_TAKER;BOT_MAKER;ROBOT_DISHES;XIRECS;9533.0;1
43800;BOT_TAKER;SUBMISSION;ROBOT_LAUNDRY;XIRECS;10115.0;1
43800;BOT_TAKER;SUBMISSION;ROBOT_IRONING;XIRECS;10376.0;1
43800;BOT_TAKER;SUBMISSION;UV_VISOR_YELLOW;XIRECS;10263.0;1
43800;BOT_TAKER;SUBMISSION;UV_VISOR_AMBER;XIRECS;9636.0;1
43800;BOT_TAKER;SUBMISSION;UV_VISOR_ORANGE;XIRECS;10186.0;1
43800;BOT_TAKER;BOT_MAKER;UV_VISOR_RED;XIRECS;10298.0;1
43800;BOT_TAKER;BOT_MAKER;UV_VISOR_MAGENTA;XIRECS;10012.0;1
43800;BOT_TAKER;SUBMISSION;TRANSLATOR_SPACE_GRAY;XIRECS;9804.0;1
43800;BOT_TAKER;BOT_MAKER;TRANSLATOR_ASTRO_BLACK;XIRECS;10220.0;1
43800;BOT_TAKER;SUBMISSION;TRANSLATOR_ECLIPSE_CHARCOAL;XIRECS;9976.0;1
43800;BOT_TAKER;SUBMISSION;TRANSLATOR_GRAPHITE_MIST;XIRECS;9868.0;1
43800;BOT_TAKER;BOT_MAKER;TRANSLATOR_VOID_BLUE;XIRECS;9783.0;1
43800;BOT_TAKER;SUBMISSION;PANEL_1X2;XIRECS;9974.0;1
43800;BOT_TAKER;SUBMISSION;PANEL_2X2;XIRECS;9847.0;1
43800;BOT_TAKER;SUBMISSION;PANEL_1X4;XIRECS;10437.0;1
43800;BOT_TAKER;BOT_MAKER;PANEL_2X4;XIRECS;9870.0;1
43800;BOT_TAKER;SUBMISSION;PANEL_4X4;XIRECS;9934.0;1
43800;BOT_TAKER;SUBMISSION;OXYGEN_SHAKE_MORNING_BREATH;XIRECS;9789.0;1
43800;BOT_TAKER;SUBMISSION;OXYGEN_SHAKE_EVENING_BREATH;XIRECS;10172.0;1
43800;BOT_TAKER;SUBMISSION;OXYGEN_SHAKE_MINT;XIRECS;9906.0;1
43800;BOT_TAKER;BOT_MAKER;OXYGEN_SHAKE_CHOCOLATE;XIRECS;9751.0;1
43800;BOT_TAKER;SUBMISSION;OXYGEN_SHAKE_GARLIC;XIRECS;10088.0;1
43800;BOT_TAKER;SUBMISSION;SNACKPACK_CHOCOLATE;XIRECS;10101.0;1
43800;BOT_TAKER;BOT_MAKER;SNACKPACK_VANILLA;XIRECS;9968.0;1
43800;BOT_TAKER;BOT_MAKER;SNACKPACK_PISTACHIO;XIRECS;9891.0;1
43800;BOT_TAKER;BOT_MAKER;SNACKPACK_STRAWBERRY;XIRECS;10136.0;1
43800;BOT_TAKER;SUBMISSION;SNACKPACK_RASPBERRY;XIRECS;10026.0;1
46800;SUBMISSION;BOT_TAKER;PEBBLES_XS;XIRECS;9754.0;3
46800;BOT_MAKER;BOT_TAKER;PEBBLES_S;XIRECS;9626.0;3
46800;BOT_MAKER;BOT_TAKER;PEBBLES_M;XIRECS;10205.0;3
46800;SUBMISSION;BOT_TAKER;PEBBLES_L;XIRECS;9753.0;3
46800;BOT_MAKER;BOT_TAKER;PEBBLES_XL;XIRECS;10633.0;3
48900;SUBMISSION;BOT_TAKER;PEBBLES_XS;XIRECS;9884.0;2
48900;BOT_MAKER;BOT_TAKER;PEBBLES_S;XIRECS;9703.0;2
48900;BOT_MAKER;BOT_TAKER;PEBBLES_M;XIRECS;10124.0;2
48900;SUBMISSION;BOT_TAKER;PEBBLES_L;XIRECS;9784.0;2
48900;BOT_MAKER;BOT_TAKER;PEBBLES_XL;XIRECS;10476.0;2
48900;BOT_TAKER;SUBMISSION;MICROCHIP_CIRCLE;XIRECS;9771.0;1
48900;BOT_TAKER;SUBMISSION;MICROCHIP_OVAL;XIRECS;9870.0;1
48900;BOT_TAKER;SUBMISSION;MICROCHIP_SQUARE;XIRECS;10165.0;1
48900;BOT_TAKER;BOT_MAKER;MICROCHIP_RECTANGLE;XIRECS;10030.0;1
48900;BOT_TAKER;SUBMISSION;MICROCHIP_TRIANGLE;XIRECS;10213.0;1
49900;BOT_TAKER;SUBMISSION;MICROCHIP_CIRCLE;XIRECS;9783.0;1
49900;BOT_TAKER;SUBMISSION;MICROCHIP_OVAL;XIRECS;9880.0;1
49900;BOT_TAKER;SUBMISSION;MICROCHIP_SQUARE;XIRECS;10179.0;1
49900;BOT_TAKER;SUBMISSION;MICROCHIP_RECTANGLE;XIRECS;10068.0;1
49900;BOT_TAKER;SUBMISSION;MICROCHIP_TRIANGLE;XIRECS;10173.0;1
50000;BOT_MAKER;BOT_TAKER;GALAXY_SOUNDS_DARK_MATTER;XIRECS;10103.0;3
50000;SUBMISSION;BOT_TAKER;GALAXY_SOUNDS_BLACK_HOLES;XIRECS;9939.0;3
50000;SUBMISSION;BOT_TAKER;GALAXY_SOUNDS_PLANETARY_RINGS;XIRECS;10346.0;3
50000;SUBMISSION;BOT_TAKER;GALAXY_SOUNDS_SOLAR_WINDS;XIRECS;9950.0;3
50000;BOT_MAKER;BOT_TAKER;GALAXY_SOUNDS_SOLAR_FLAMES;XIRECS;10270.0;3
50000;BOT_MAKER;BOT_TAKER;SLEEP_POD_SUEDE;XIRECS;10354.0;3
50000;BOT_MAKER;BOT_TAKER;SLEEP_POD_LAMB_WOOL;XIRECS;10050.0;3
50000;SUBMISSION;BOT_TAKER;SLEEP_POD_POLYESTER;XIRECS;10213.0;3
50000;BOT_MAKER;BOT_TAKER;SLEEP_POD_NYLON;XIRECS;9850.0;3
50000;SUBMISSION;BOT_TAKER;SLEEP_POD_COTTON;XIRECS;10362.0;3
50000;BOT_MAKER;BOT_TAKER;ROBOT_VACUUMING;XIRECS;10058.0;3
50000;SUBMISSION;BOT_TAKER;ROBOT_MOPPING;XIRECS;9853.0;3
50000;BOT_MAKER;BOT_TAKER;ROBOT_DISHES;XIRECS;9461.0;3
50000;BOT_MAKER;BOT_TAKER;ROBOT_LAUNDRY;XIRECS;10069.0;3
50000;SUBMISSION;BOT_TAKER;ROBOT_IRONING;XIRECS;10444.0;3
50000;SUBMISSION;BOT_TAKER;UV_VISOR_YELLOW;XIRECS;10208.0;3
50000;SUBMISSION;BOT_TAKER;UV_VISOR_AMBER;XIRECS;9528.0;3
50000;SUBMISSION;BOT_TAKER;UV_VISOR_ORANGE;XIRECS;10160.0;3
50000;BOT_MAKER;BOT_TAKER;UV_VISOR_RED;XIRECS;10354.0;3
50000;BOT_MAKER;BOT_TAKER;UV_VISOR_MAGENTA;XIRECS;10143.0;3
50000;SUBMISSION;BOT_TAKER;TRANSLATOR_SPACE_GRAY;XIRECS;9661.0;3
50000;BOT_MAKER;BOT_TAKER;TRANSLATOR_ASTRO_BLACK;XIRECS;10313.0;3
50000;SUBMISSION;BOT_TAKER;TRANSLATOR_ECLIPSE_CHARCOAL;XIRECS;9899.0;1
50000;BOT_MAKER;BOT_TAKER;TRANSLATOR_ECLIPSE_CHARCOAL;XIRECS;9898.0;2
50000;SUBMISSION;BOT_TAKER;TRANSLATOR_GRAPHITE_MIST;XIRECS;9868.0;3
50000;BOT_MAKER;BOT_TAKER;TRANSLATOR_VOID_BLUE;XIRECS;9743.0;3
50000;SUBMISSION;BOT_TAKER;PANEL_1X2;XIRECS;9828.0;3
50000;SUBMISSION;BOT_TAKER;PANEL_2X2;XIRECS;9819.0;3
50000;SUBMISSION;BOT_TAKER;PANEL_1X4;XIRECS;10205.0;3
50000;BOT_MAKER;BOT_TAKER;PANEL_2X4;XIRECS;9774.0;3
50000;SUBMISSION;BOT_TAKER;PANEL_4X4;XIRECS;9839.0;3
50000;SUBMISSION;BOT_TAKER;OXYGEN_SHAKE_MORNING_BREATH;XIRECS;9746.0;3
50000;SUBMISSION;BOT_TAKER;OXYGEN_SHAKE_EVENING_BREATH;XIRECS;10162.0;3
50000;SUBMISSION;BOT_TAKER;OXYGEN_SHAKE_MINT;XIRECS;9872.0;3
50000;BOT_MAKER;BOT_TAKER;OXYGEN_SHAKE_CHOCOLATE;XIRECS;9662.0;3
50000;SUBMISSION;BOT_TAKER;OXYGEN_SHAKE_GARLIC;XIRECS;10192.0;3
50000;BOT_MAKER;BOT_TAKER;SNACKPACK_CHOCOLATE;XIRECS;10078.0;3
50000;SUBMISSION;BOT_TAKER;SNACKPACK_VANILLA;XIRECS;9977.0;3
50000;SUBMISSION;BOT_TAKER;SNACKPACK_PISTACHIO;XIRECS;9839.0;1
50000;BOT_MAKER;BOT_TAKER;SNACKPACK_PISTACHIO;XIRECS;9838.0;2
50000;BOT_MAKER;BOT_TAKER;SNACKPACK_STRAWBERRY;XIRECS;10104.0;3
50000;BOT_MAKER;BOT_TAKER;SNACKPACK_RASPBERRY;XIRECS;10012.0;3
52900;BOT_MAKER;BOT_TAKER;GALAXY_SOUNDS_DARK_MATTER;XIRECS;10081.0;1
52900;SUBMISSION;BOT_TAKER;GALAXY_SOUNDS_BLACK_HOLES;XIRECS;9948.0;1
52900;SUBMISSION;BOT_TAKER;GALAXY_SOUNDS_PLANETARY_RINGS;XIRECS;10323.0;1
52900;SUBMISSION;BOT_TAKER;GALAXY_SOUNDS_SOLAR_WINDS;XIRECS;9996.0;1
52900;BOT_MAKER;BOT_TAKER;GALAXY_SOUNDS_SOLAR_FLAMES;XIRECS;10306.0;1
52900;BOT_MAKER;BOT_TAKER;SLEEP_POD_SUEDE;XIRECS;10358.0;1
52900;BOT_MAKER;BOT_TAKER;SLEEP_POD_LAMB_WOOL;XIRECS;10066.0;1
52900;SUBMISSION;BOT_TAKER;SLEEP_POD_POLYESTER;XIRECS;10127.0;1
52900;BOT_MAKER;BOT_TAKER;SLEEP_POD_NYLON;XIRECS;9831.0;1
52900;SUBMISSION;BOT_TAKER;SLEEP_POD_COTTON;XIRECS;10396.0;1
52900;SUBMISSION;BOT_TAKER;ROBOT_VACUUMING;XIRECS;9943.0;1
52900;SUBMISSION;BOT_TAKER;ROBOT_MOPPING;XIRECS;9822.0;1
52900;BOT_MAKER;BOT_TAKER;ROBOT_DISHES;XIRECS;9492.0;1
52900;SUBMISSION;BOT_TAKER;ROBOT_LAUNDRY;XIRECS;9959.0;1
52900;SUBMISSION;BOT_TAKER;ROBOT_IRONING;XIRECS;10444.0;1
52900;SUBMISSION;BOT_TAKER;UV_VISOR_YELLOW;XIRECS;10148.0;1
52900;SUBMISSION;BOT_TAKER;UV_VISOR_AMBER;XIRECS;9564.0;1
52900;SUBMISSION;BOT_TAKER;UV_VISOR_ORANGE;XIRECS;10108.0;1
52900;BOT_MAKER;BOT_TAKER;UV_VISOR_RED;XIRECS;10367.0;1
52900;BOT_MAKER;BOT_TAKER;UV_VISOR_MAGENTA;XIRECS;10104.0;1
52900;SUBMISSION;BOT_TAKER;TRANSLATOR_SPACE_GRAY;XIRECS;9574.0;1
52900;BOT_MAKER;BOT_TAKER;TRANSLATOR_ASTRO_BLACK;XIRECS;10360.0;1
52900;BOT_MAKER;BOT_TAKER;TRANSLATOR_ECLIPSE_CHARCOAL;XIRECS;9986.0;1
52900;SUBMISSION;BOT_TAKER;TRANSLATOR_GRAPHITE_MIST;XIRECS;9801.0;1
52900;BOT_MAKER;BOT_TAKER;TRANSLATOR_VOID_BLUE;XIRECS;9844.0;1
52900;SUBMISSION;BOT_TAKER;PANEL_1X2;XIRECS;9821.0;1
52900;SUBMISSION;BOT_TAKER;PANEL_2X2;XIRECS;9800.0;1
52900;SUBMISSION;BOT_TAKER;PANEL_1X4;XIRECS;10175.0;1
52900;BOT_MAKER;BOT_TAKER;PANEL_2X4;XIRECS;9758.0;1
52900;SUBMISSION;BOT_TAKER;PANEL_4X4;XIRECS;9831.0;1
52900;SUBMISSION;BOT_TAKER;OXYGEN_SHAKE_MORNING_BREATH;XIRECS;9867.0;1
52900;SUBMISSION;BOT_TAKER;OXYGEN_SHAKE_EVENING_BREATH;XIRECS;10110.0;1
52900;SUBMISSION;BOT_TAKER;OXYGEN_SHAKE_MINT;XIRECS;9934.0;1
52900;BOT_MAKER;BOT_TAKER;OXYGEN_SHAKE_CHOCOLATE;XIRECS;9676.0;1
52900;SUBMISSION;BOT_TAKER;OXYGEN_SHAKE_GARLIC;XIRECS;10140.0;1
52900;BOT_MAKER;BOT_TAKER;SNACKPACK_CHOCOLATE;XIRECS;10124.0;1
52900;SUBMISSION;BOT_TAKER;SNACKPACK_VANILLA;XIRECS;9930.0;1
52900;BOT_MAKER;BOT_TAKER;SNACKPACK_PISTACHIO;XIRECS;9866.0;1
52900;BOT_MAKER;BOT_TAKER;SNACKPACK_STRAWBERRY;XIRECS;10175.0;1
52900;SUBMISSION;BOT_TAKER;SNACKPACK_RASPBERRY;XIRECS;9965.0;1
53500;BOT_TAKER;SUBMISSION;PEBBLES_XS;XIRECS;10097.0;2
53500;BOT_TAKER;BOT_MAKER;PEBBLES_XS;XIRECS;10098.0;2
53500;BOT_TAKER;BOT_MAKER;PEBBLES_S;XIRECS;9746.0;4
53500;BOT_TAKER;BOT_MAKER;PEBBLES_M;XIRECS;10012.0;4
53500;BOT_TAKER;SUBMISSION;PEBBLES_L;XIRECS;9798.0;2
53500;BOT_TAKER;BOT_MAKER;PEBBLES_L;XIRECS;9799.0;2
53500;BOT_TAKER;BOT_MAKER;PEBBLES_XL;XIRECS;10376.0;4
54000;SUBMISSION;BOT_TAKER;MICROCHIP_CIRCLE;XIRECS;9815.0;1
54000;SUBMISSION;BOT_TAKER;MICROCHIP_OVAL;XIRECS;9986.0;1
54000;SUBMISSION;BOT_TAKER;MICROCHIP_SQUARE;XIRECS;9903.0;1
54000;SUBMISSION;BOT_TAKER;MICROCHIP_RECTANGLE;XIRECS;9968.0;1
54000;BOT_MAKER;BOT_TAKER;MICROCHIP_TRIANGLE;XIRECS;10291.0;1
54700;BOT_TAKER;SUBMISSION;MICROCHIP_CIRCLE;XIRECS;9859.0;2
54700;BOT_TAKER;BOT_MAKER;MICROCHIP_CIRCLE;XIRECS;9860.0;1
54700;BOT_TAKER;SUBMISSION;MICROCHIP_OVAL;XIRECS;10013.0;2
54700;BOT_TAKER;BOT_MAKER;MICROCHIP_OVAL;XIRECS;10014.0;1
54700;BOT_TAKER;SUBMISSION;MICROCHIP_SQUARE;XIRECS;9903.0;2
54700;BOT_TAKER;BOT_MAKER;MICROCHIP_SQUARE;XIRECS;9904.0;1
54700;BOT_TAKER;BOT_MAKER;MICROCHIP_RECTANGLE;XIRECS;9960.0;3
54700;BOT_TAKER;BOT_MAKER;MICROCHIP_TRIANGLE;XIRECS;10230.0;3
56900;BOT_TAKER;SUBMISSION;MICROCHIP_CIRCLE;XIRECS;9900.0;1
56900;BOT_TAKER;SUBMISSION;MICROCHIP_OVAL;XIRECS;9930.0;1
56900;BOT_TAKER;SUBMISSION;MICROCHIP_SQUARE;XIRECS;9960.0;1
56900;BOT_TAKER;SUBMISSION;MICROCHIP_RECTANGLE;XIRECS;10053.0;1
56900;BOT_TAKER;BOT_MAKER;MICROCHIP_TRIANGLE;XIRECS;10119.0;1
58000;BOT_TAKER;SUBMISSION;MICROCHIP_CIRCLE;XIRECS;9948.0;1
58000;BOT_TAKER;SUBMISSION;MICROCHIP_OVAL;XIRECS;9998.0;1
58000;BOT_TAKER;SUBMISSION;MICROCHIP_SQUARE;XIRECS;9941.0;1
58000;BOT_TAKER;BOT_MAKER;MICROCHIP_RECTANGLE;XIRECS;9990.0;1
58000;BOT_TAKER;BOT_MAKER;MICROCHIP_TRIANGLE;XIRECS;10115.0;1
58600;BOT_TAKER;BOT_MAKER;MICROCHIP_CIRCLE;XIRECS;9926.0;1
58600;BOT_TAKER;BOT_MAKER;MICROCHIP_OVAL;XIRECS;10018.0;1
58600;BOT_TAKER;BOT_MAKER;MICROCHIP_SQUARE;XIRECS;9955.0;1
58600;BOT_TAKER;BOT_MAKER;MICROCHIP_RECTANGLE;XIRECS;9978.0;1
58600;BOT_TAKER;BOT_MAKER;MICROCHIP_TRIANGLE;XIRECS;10116.0;1
59600;BOT_TAKER;BOT_MAKER;GALAXY_SOUNDS_DARK_MATTER;XIRECS;10088.0;1
59600;BOT_TAKER;SUBMISSION;GALAXY_SOUNDS_BLACK_HOLES;XIRECS;9811.0;1
59600;BOT_TAKER;SUBMISSION;GALAXY_SOUNDS_PLANETARY_RINGS;XIRECS;10506.0;1
59600;BOT_TAKER;SUBMISSION;GALAXY_SOUNDS_SOLAR_WINDS;XIRECS;9994.0;1
59600;BOT_TAKER;SUBMISSION;GALAXY_SOUNDS_SOLAR_FLAMES;XIRECS;10259.0;1
59600;BOT_TAKER;BOT_MAKER;SLEEP_POD_SUEDE;XIRECS;10543.0;1
59600;BOT_TAKER;BOT_MAKER;SLEEP_POD_LAMB_WOOL;XIRECS;10043.0;1
59600;BOT_TAKER;SUBMISSION;SLEEP_POD_POLYESTER;XIRECS;10274.0;1
59600;BOT_TAKER;BOT_MAKER;SLEEP_POD_NYLON;XIRECS;9853.0;1
59600;BOT_TAKER;SUBMISSION;SLEEP_POD_COTTON;XIRECS;10395.0;1
59600;BOT_TAKER;BOT_MAKER;ROBOT_VACUUMING;XIRECS;9968.0;1
59600;BOT_TAKER;SUBMISSION;ROBOT_MOPPING;XIRECS;9894.0;1
59600;BOT_TAKER;BOT_MAKER;ROBOT_DISHES;XIRECS;9487.0;1
59600;BOT_TAKER;SUBMISSION;ROBOT_LAUNDRY;XIRECS;10105.0;1
59600;BOT_TAKER;SUBMISSION;ROBOT_IRONING;XIRECS;10452.0;1
59600;BOT_TAKER;SUBMISSION;UV_VISOR_YELLOW;XIRECS;10109.0;1
59600;BOT_TAKER;SUBMISSION;UV_VISOR_AMBER;XIRECS;9518.0;1
59600;BOT_TAKER;SUBMISSION;UV_VISOR_ORANGE;XIRECS;10118.0;1
59600;BOT_TAKER;BOT_MAKER;UV_VISOR_RED;XIRECS;10290.0;1
59600;BOT_TAKER;SUBMISSION;UV_VISOR_MAGENTA;XIRECS;10195.0;1
59600;BOT_TAKER;SUBMISSION;TRANSLATOR_SPACE_GRAY;XIRECS;9529.0;1
59600;BOT_TAKER;BOT_MAKER;TRANSLATOR_ASTRO_BLACK;XIRECS;10234.0;1
59600;BOT_TAKER;BOT_MAKER;TRANSLATOR_ECLIPSE_CHARCOAL;XIRECS;9941.0;1
59600;BOT_TAKER;SUBMISSION;TRANSLATOR_GRAPHITE_MIST;XIRECS;9816.0;1
59600;BOT_TAKER;SUBMISSION;TRANSLATOR_VOID_BLUE;XIRECS;9975.0;1
59600;BOT_TAKER;SUBMISSION;PANEL_1X2;XIRECS;9752.0;1
59600;BOT_TAKER;SUBMISSION;PANEL_2X2;XIRECS;9699.0;1
59600;BOT_TAKER;SUBMISSION;PANEL_1X4;XIRECS;10339.0;1
59600;BOT_TAKER;BOT_MAKER;PANEL_2X4;XIRECS;9713.0;1
59600;BOT_TAKER;SUBMISSION;PANEL_4X4;XIRECS;10008.0;1
59600;BOT_TAKER;SUBMISSION;OXYGEN_SHAKE_MORNING_BREATH;XIRECS;10038.0;1
59600;BOT_TAKER;SUBMISSION;OXYGEN_SHAKE_EVENING_BREATH;XIRECS;10044.0;1
59600;BOT_TAKER;SUBMISSION;OXYGEN_SHAKE_MINT;XIRECS;9880.0;1
59600;BOT_TAKER;BOT_MAKER;OXYGEN_SHAKE_CHOCOLATE;XIRECS;9469.0;1
59600;BOT_TAKER;SUBMISSION;OXYGEN_SHAKE_GARLIC;XIRECS;10254.0;1
59600;BOT_TAKER;SUBMISSION;SNACKPACK_CHOCOLATE;XIRECS;10224.0;1
59600;BOT_TAKER;BOT_MAKER;SNACKPACK_VANILLA;XIRECS;9853.0;1
59600;BOT_TAKER;BOT_MAKER;SNACKPACK_PISTACHIO;XIRECS;9856.0;1
59600;BOT_TAKER;BOT_MAKER;SNACKPACK_STRAWBERRY;XIRECS;10195.0;1
59600;BOT_TAKER;SUBMISSION;SNACKPACK_RASPBERRY;XIRECS;10005.0;1
61400;BOT_MAKER;BOT_TAKER;GALAXY_SOUNDS_DARK_MATTER;XIRECS;10099.0;4
61400;SUBMISSION;BOT_TAKER;GALAXY_SOUNDS_BLACK_HOLES;XIRECS;9788.0;2
61400;BOT_MAKER;BOT_TAKER;GALAXY_SOUNDS_BLACK_HOLES;XIRECS;9787.0;2
61400;SUBMISSION;BOT_TAKER;GALAXY_SOUNDS_PLANETARY_RINGS;XIRECS;10474.0;2
61400;BOT_MAKER;BOT_TAKER;GALAXY_SOUNDS_PLANETARY_RINGS;XIRECS;10473.0;2
61400;SUBMISSION;BOT_TAKER;GALAXY_SOUNDS_SOLAR_WINDS;XIRECS;10061.0;2
61400;BOT_MAKER;BOT_TAKER;GALAXY_SOUNDS_SOLAR_WINDS;XIRECS;10060.0;2
61400;BOT_MAKER;BOT_TAKER;GALAXY_SOUNDS_SOLAR_FLAMES;XIRECS;10306.0;4
61400;BOT_MAKER;BOT_TAKER;SLEEP_POD_SUEDE;XIRECS;10473.0;4
61400;BOT_MAKER;BOT_TAKER;SLEEP_POD_LAMB_WOOL;XIRECS;10046.0;4
61400;SUBMISSION;BOT_TAKER;SLEEP_POD_POLYESTER;XIRECS;10294.0;2
61400;BOT_MAKER;BOT_TAKER;SLEEP_POD_POLYESTER;XIRECS;10293.0;2
61400;BOT_MAKER;BOT_TAKER;SLEEP_POD_NYLON;XIRECS;9828.0;4
61400;SUBMISSION;BOT_TAKER;SLEEP_POD_COTTON;XIRECS;10353.0;2
61400;BOT_MAKER;BOT_TAKER;SLEEP_POD_COTTON;XIRECS;10352.0;2
61400;SUBMISSION;BOT_TAKER;ROBOT_VACUUMING;XIRECS;9957.0;4
61400;SUBMISSION;BOT_TAKER;ROBOT_MOPPING;XIRECS;9872.0;2
61400;BOT_MAKER;BOT_TAKER;ROBOT_MOPPING;XIRECS;9871.0;2
61400;BOT_MAKER;BOT_TAKER;ROBOT_DISHES;XIRECS;9476.0;4
61400;BOT_MAKER;BOT_TAKER;ROBOT_LAUNDRY;XIRECS;10110.0;4
61400;SUBMISSION;BOT_TAKER;ROBOT_IRONING;XIRECS;10415.0;2
61400;BOT_MAKER;BOT_TAKER;ROBOT_IRONING;XIRECS;10414.0;2
61400;SUBMISSION;BOT_TAKER;UV_VISOR_YELLOW;XIRECS;10108.0;2
61400;BOT_MAKER;BOT_TAKER;UV_VISOR_YELLOW;XIRECS;10107.0;2
61400;SUBMISSION;BOT_TAKER;UV_VISOR_AMBER;XIRECS;9528.0;2
61400;BOT_MAKER;BOT_TAKER;UV_VISOR_AMBER;XIRECS;9527.0;2
61400;SUBMISSION;BOT_TAKER;UV_VISOR_ORANGE;XIRECS;10129.0;2
61400;BOT_MAKER;BOT_TAKER;UV_VISOR_ORANGE;XIRECS;10128.0;2
61400;BOT_MAKER;BOT_TAKER;UV_VISOR_RED;XIRECS;10257.0;4
61400;BOT_MAKER;BOT_TAKER;UV_VISOR_MAGENTA;XIRECS;10204.0;4
61400;SUBMISSION;BOT_TAKER;TRANSLATOR_SPACE_GRAY;XIRECS;9507.0;2
61400;BOT_MAKER;BOT_TAKER;TRANSLATOR_SPACE_GRAY;XIRECS;9506.0;2
61400;BOT_MAKER;BOT_TAKER;TRANSLATOR_ASTRO_BLACK;XIRECS;10194.0;4
61400;BOT_MAKER;BOT_TAKER;TRANSLATOR_ECLIPSE_CHARCOAL;XIRECS;9924.0;4
61400;SUBMISSION;BOT_TAKER;TRANSLATOR_GRAPHITE_MIST;XIRECS;9793.0;2
61400;BOT_MAKER;BOT_TAKER;TRANSLATOR_GRAPHITE_MIST;XIRECS;9792.0;2
61400;SUBMISSION;BOT_TAKER;TRANSLATOR_VOID_BLUE;XIRECS;9949.0;1
61400;BOT_MAKER;BOT_TAKER;TRANSLATOR_VOID_BLUE;XIRECS;9948.0;3
61400;SUBMISSION;BOT_TAKER;PANEL_1X2;XIRECS;9733.0;2
61400;BOT_MAKER;BOT_TAKER;PANEL_1X2;XIRECS;9732.0;2
61400;SUBMISSION;BOT_TAKER;PANEL_2X2;XIRECS;9672.0;2
61400;BOT_MAKER;BOT_TAKER;PANEL_2X2;XIRECS;9671.0;2
61400;SUBMISSION;BOT_TAKER;PANEL_1X4;XIRECS;10392.0;2
61400;BOT_MAKER;BOT_TAKER;PANEL_1X4;XIRECS;10391.0;2
61400;BOT_MAKER;BOT_TAKER;PANEL_2X4;XIRECS;9690.0;4
61400;SUBMISSION;BOT_TAKER;PANEL_4X4;XIRECS;9979.0;2
61400;BOT_MAKER;BOT_TAKER;PANEL_4X4;XIRECS;9978.0;2
61400;SUBMISSION;BOT_TAKER;OXYGEN_SHAKE_MORNING_BREATH;XIRECS;10090.0;2
61400;BOT_MAKER;BOT_TAKER;OXYGEN_SHAKE_MORNING_BREATH;XIRECS;10089.0;2
61400;SUBMISSION;BOT_TAKER;OXYGEN_SHAKE_EVENING_BREATH;XIRECS;9972.0;2
61400;BOT_MAKER;BOT_TAKER;OXYGEN_SHAKE_EVENING_BREATH;XIRECS;9971.0;2
61400;SUBMISSION;BOT_TAKER;OXYGEN_SHAKE_MINT;XIRECS;9924.0;2
61400;BOT_MAKER;BOT_TAKER;OXYGEN_SHAKE_MINT;XIRECS;9923.0;2
61400;BOT_MAKER;BOT_TAKER;OXYGEN_SHAKE_CHOCOLATE;XIRECS;9409.0;4
61400;SUBMISSION;BOT_TAKER;OXYGEN_SHAKE_GARLIC;XIRECS;10287.0;2
61400;BOT_MAKER;BOT_TAKER;OXYGEN_SHAKE_GARLIC;XIRECS;10286.0;2
61400;BOT_MAKER;BOT_TAKER;SNACKPACK_CHOCOLATE;XIRECS;10200.0;4
61400;SUBMISSION;BOT_TAKER;SNACKPACK_VANILLA;XIRECS;9845.0;4
61400;BOT_MAKER;BOT_TAKER;SNACKPACK_PISTACHIO;XIRECS;9851.0;4
61400;BOT_MAKER;BOT_TAKER;SNACKPACK_STRAWBERRY;XIRECS;10195.0;4
61400;SUBMISSION;BOT_TAKER;SNACKPACK_RASPBERRY;XIRECS;9971.0;4
62000;BOT_MAKER;BOT_TAKER;GALAXY_SOUNDS_DARK_MATTER;XIRECS;10113.0;2
62000;SUBMISSION;BOT_TAKER;GALAXY_SOUNDS_BLACK_HOLES;XIRECS;9796.0;2
62000;SUBMISSION;BOT_TAKER;GALAXY_SOUNDS_PLANETARY_RINGS;XIRECS;10496.0;2
62000;SUBMISSION;BOT_TAKER;GALAXY_SOUNDS_SOLAR_WINDS;XIRECS;10072.0;2
62000;BOT_MAKER;BOT_TAKER;GALAXY_SOUNDS_SOLAR_FLAMES;XIRECS;10313.0;2
62000;BOT_MAKER;BOT_TAKER;SLEEP_POD_SUEDE;XIRECS;10491.0;2
62000;SUBMISSION;BOT_TAKER;SLEEP_POD_LAMB_WOOL;XIRECS;10029.0;2
62000;SUBMISSION;BOT_TAKER;SLEEP_POD_POLYESTER;XIRECS;10282.0;2
62000;BOT_MAKER;BOT_TAKER;SLEEP_POD_NYLON;XIRECS;9838.0;2
62000;SUBMISSION;BOT_TAKER;SLEEP_POD_COTTON;XIRECS;10330.0;2
62000;SUBMISSION;BOT_TAKER;ROBOT_VACUUMING;XIRECS;9980.0;2
62000;SUBMISSION;BOT_TAKER;ROBOT_MOPPING;XIRECS;9855.0;2
62000;BOT_MAKER;BOT_TAKER;ROBOT_DISHES;XIRECS;9552.0;2
62000;BOT_MAKER;BOT_TAKER;ROBOT_LAUNDRY;XIRECS;10140.0;2
62000;SUBMISSION;BOT_TAKER;ROBOT_IRONING;XIRECS;10399.0;2
62000;SUBMISSION;BOT_TAKER;UV_VISOR_YELLOW;XIRECS;10110.0;2
62000;SUBMISSION;BOT_TAKER;UV_VISOR_AMBER;XIRECS;9508.0;2
62000;SUBMISSION;BOT_TAKER;UV_VISOR_ORANGE;XIRECS;10143.0;2
62000;BOT_MAKER;BOT_TAKER;UV_VISOR_RED;XIRECS;10255.0;2
62000;BOT_MAKER;BOT_TAKER;UV_VISOR_MAGENTA;XIRECS;10236.0;2
62000;SUBMISSION;BOT_TAKER;TRANSLATOR_SPACE_GRAY;XIRECS;9459.0;2
62000;BOT_MAKER;BOT_TAKER;TRANSLATOR_ASTRO_BLACK;XIRECS;10177.0;2
62000;BOT_MAKER;BOT_TAKER;TRANSLATOR_ECLIPSE_CHARCOAL;XIRECS;9921.0;2
62000;SUBMISSION;BOT_TAKER;TRANSLATOR_GRAPHITE_MIST;XIRECS;9829.0;2
62000;BOT_MAKER;BOT_TAKER;TRANSLATOR_VOID_BLUE;XIRECS;9984.0;2
62000;SUBMISSION;BOT_TAKER;PANEL_1X2;XIRECS;9732.0;2
62000;SUBMISSION;BOT_TAKER;PANEL_2X2;XIRECS;9684.0;2
62000;SUBMISSION;BOT_TAKER;PANEL_1X4;XIRECS;10359.0;2
62000;BOT_MAKER;BOT_TAKER;PANEL_2X4;XIRECS;9688.0;2
62000;SUBMISSION;BOT_TAKER;PANEL_4X4;XIRECS;9965.0;2
62000;SUBMISSION;BOT_TAKER;OXYGEN_SHAKE_MORNING_BREATH;XIRECS;10066.0;2
62000;SUBMISSION;BOT_TAKER;OXYGEN_SHAKE_EVENING_BREATH;XIRECS;9961.0;2
62000;SUBMISSION;BOT_TAKER;OXYGEN_SHAKE_MINT;XIRECS;9957.0;2
62000;BOT_MAKER;BOT_TAKER;OXYGEN_SHAKE_CHOCOLATE;XIRECS;9469.0;2
62000;SUBMISSION;BOT_TAKER;OXYGEN_SHAKE_GARLIC;XIRECS;10298.0;2
62000;BOT_MAKER;BOT_TAKER;SNACKPACK_CHOCOLATE;XIRECS;10201.0;2
62000;SUBMISSION;BOT_TAKER;SNACKPACK_VANILLA;XIRECS;9837.0;2
62000;BOT_MAKER;BOT_TAKER;SNACKPACK_PISTACHIO;XIRECS;9829.0;2
62000;BOT_MAKER;BOT_TAKER;SNACKPACK_STRAWBERRY;XIRECS;10170.0;2
62000;BOT_MAKER;BOT_TAKER;SNACKPACK_RASPBERRY;XIRECS;9991.0;2
64300;BOT_MAKER;BOT_TAKER;GALAXY_SOUNDS_DARK_MATTER;XIRECS;10124.0;3
64300;SUBMISSION;BOT_TAKER;GALAXY_SOUNDS_BLACK_HOLES;XIRECS;9802.0;2
64300;BOT_MAKER;BOT_TAKER;GALAXY_SOUNDS_BLACK_HOLES;XIRECS;9801.0;1
64300;SUBMISSION;BOT_TAKER;GALAXY_SOUNDS_PLANETARY_RINGS;XIRECS;10533.0;2
64300;BOT_MAKER;BOT_TAKER;GALAXY_SOUNDS_PLANETARY_RINGS;XIRECS;10532.0;1
64300;SUBMISSION;BOT_TAKER;GALAXY_SOUNDS_SOLAR_WINDS;XIRECS;10067.0;2
64300;BOT_MAKER;BOT_TAKER;GALAXY_SOUNDS_SOLAR_WINDS;XIRECS;10066.0;1
64300;BOT_MAKER;BOT_TAKER;GALAXY_SOUNDS_SOLAR_FLAMES;XIRECS;10327.0;3
64300;BOT_MAKER;BOT_TAKER;SLEEP_POD_SUEDE;XIRECS;10449.0;3
64300;SUBMISSION;BOT_TAKER;SLEEP_POD_LAMB_WOOL;XIRECS;9988.0;3
64300;SUBMISSION;BOT_TAKER;SLEEP_POD_POLYESTER;XIRECS;10235.0;2
64300;BOT_MAKER;BOT_TAKER;SLEEP_POD_POLYESTER;XIRECS;10234.0;1
64300;BOT_MAKER;BOT_TAKER;SLEEP_POD_NYLON;XIRECS;9849.0;3
64300;SUBMISSION;BOT_TAKER;SLEEP_POD_COTTON;XIRECS;10274.0;2
64300;BOT_MAKER;BOT_TAKER;SLEEP_POD_COTTON;XIRECS;10273.0;1
64300;BOT_MAKER;BOT_TAKER;ROBOT_VACUUMING;XIRECS;10038.0;3
64300;SUBMISSION;BOT_TAKER;ROBOT_MOPPING;XIRECS;9788.0;2
64300;BOT_MAKER;BOT_TAKER;ROBOT_MOPPING;XIRECS;9787.0;1
64300;BOT_MAKER;BOT_TAKER;ROBOT_DISHES;XIRECS;9406.0;3
64300;BOT_MAKER;BOT_TAKER;ROBOT_LAUNDRY;XIRECS;10126.0;3
64300;SUBMISSION;BOT_TAKER;ROBOT_IRONING;XIRECS;10347.0;2
64300;BOT_MAKER;BOT_TAKER;ROBOT_IRONING;XIRECS;10346.0;1
64300;SUBMISSION;BOT_TAKER;UV_VISOR_YELLOW;XIRECS;10141.0;2
64300;BOT_MAKER;BOT_TAKER;UV_VISOR_YELLOW;XIRECS;10140.0;1
64300;SUBMISSION;BOT_TAKER;UV_VISOR_AMBER;XIRECS;9505.0;2
64300;BOT_MAKER;BOT_TAKER;UV_VISOR_AMBER;XIRECS;9504.0;1
64300;SUBMISSION;BOT_TAKER;UV_VISOR_ORANGE;XIRECS;10173.0;2
64300;BOT_MAKER;BOT_TAKER;UV_VISOR_ORANGE;XIRECS;10172.0;1
64300;BOT_MAKER;BOT_TAKER;UV_VISOR_RED;XIRECS;10295.0;3
64300;BOT_MAKER;BOT_TAKER;UV_VISOR_MAGENTA;XIRECS;10276.0;3
64300;SUBMISSION;BOT_TAKER;TRANSLATOR_SPACE_GRAY;XIRECS;9472.0;2
64300;BOT_MAKER;BOT_TAKER;TRANSLATOR_SPACE_GRAY;XIRECS;9471.0;1
64300;BOT_MAKER;BOT_TAKER;TRANSLATOR_ASTRO_BLACK;XIRECS;10152.0;3
64300;BOT_MAKER;BOT_TAKER;TRANSLATOR_ECLIPSE_CHARCOAL;XIRECS;9941.0;3
64300;SUBMISSION;BOT_TAKER;TRANSLATOR_GRAPHITE_MIST;XIRECS;9818.0;2
64300;BOT_MAKER;BOT_TAKER;TRANSLATOR_GRAPHITE_MIST;XIRECS;9817.0;1
64300;BOT_MAKER;BOT_TAKER;TRANSLATOR_VOID_BLUE;XIRECS;10026.0;3
64300;SUBMISSION;BOT_TAKER;PANEL_1X2;XIRECS;9721.0;2
64300;BOT_MAKER;BOT_TAKER;PANEL_1X2;XIRECS;9720.0;1
64300;SUBMISSION;BOT_TAKER;PANEL_2X2;XIRECS;9752.0;2
64300;BOT_MAKER;BOT_TAKER;PANEL_2X2;XIRECS;9751.0;1
64300;SUBMISSION;BOT_TAKER;PANEL_1X4;XIRECS;10308.0;2
64300;BOT_MAKER;BOT_TAKER;PANEL_1X4;XIRECS;10307.0;1
64300;BOT_MAKER;BOT_TAKER;PANEL_2X4;XIRECS;9713.0;3
64300;SUBMISSION;BOT_TAKER;PANEL_4X4;XIRECS;10026.0;2
64300;BOT_MAKER;BOT_TAKER;PANEL_4X4;XIRECS;10025.0;1
64300;SUBMISSION;BOT_TAKER;OXYGEN_SHAKE_MORNING_BREATH;XIRECS;10067.0;2
64300;BOT_MAKER;BOT_TAKER;OXYGEN_SHAKE_MORNING_BREATH;XIRECS;10066.0;1
64300;SUBMISSION;BOT_TAKER;OXYGEN_SHAKE_EVENING_BREATH;XIRECS;9878.0;2
64300;BOT_MAKER;BOT_TAKER;OXYGEN_SHAKE_EVENING_BREATH;XIRECS;9877.0;1
64300;SUBMISSION;BOT_TAKER;OXYGEN_SHAKE_MINT;XIRECS;9910.0;2
64300;BOT_MAKER;BOT_TAKER;OXYGEN_SHAKE_MINT;XIRECS;9909.0;1
64300;BOT_MAKER;BOT_TAKER;OXYGEN_SHAKE_CHOCOLATE;XIRECS;9501.0;3
64300;SUBMISSION;BOT_TAKER;OXYGEN_SHAKE_GARLIC;XIRECS;10276.0;2
64300;BOT_MAKER;BOT_TAKER;OXYGEN_SHAKE_GARLIC;XIRECS;10275.0;1
64300;BOT_MAKER;BOT_TAKER;SNACKPACK_CHOCOLATE;XIRECS;10171.0;3
64300;SUBMISSION;BOT_TAKER;SNACKPACK_VANILLA;XIRECS;9863.0;3
64300;BOT_MAKER;BOT_TAKER;SNACKPACK_PISTACHIO;XIRECS;9788.0;3
64300;BOT_MAKER;BOT_TAKER;SNACKPACK_STRAWBERRY;XIRECS;10100.0;3
64300;BOT_MAKER;BOT_TAKER;SNACKPACK_RASPBERRY;XIRECS;10045.0;3
69800;BOT_TAKER;BOT_MAKER;GALAXY_SOUNDS_DARK_MATTER;XIRECS;10163.0;4
69800;BOT_TAKER;SUBMISSION;GALAXY_SOUNDS_BLACK_HOLES;XIRECS;9852.0;4
69800;BOT_TAKER;SUBMISSION;GALAXY_SOUNDS_PLANETARY_RINGS;XIRECS;10485.0;4
69800;BOT_TAKER;SUBMISSION;GALAXY_SOUNDS_SOLAR_WINDS;XIRECS;10192.0;4
69800;BOT_TAKER;BOT_MAKER;GALAXY_SOUNDS_SOLAR_FLAMES;XIRECS;10346.0;4
69800;BOT_TAKER;BOT_MAKER;SLEEP_POD_SUEDE;XIRECS;10410.0;4
69800;BOT_TAKER;BOT_MAKER;SLEEP_POD_LAMB_WOOL;XIRECS;9922.0;4
69800;BOT_TAKER;SUBMISSION;SLEEP_POD_POLYESTER;XIRECS;10340.0;4
69800;BOT_TAKER;BOT_MAKER;SLEEP_POD_NYLON;XIRECS;9880.0;4
69800;BOT_TAKER;SUBMISSION;SLEEP_POD_COTTON;XIRECS;10099.0;4
69800;BOT_TAKER;SUBMISSION;ROBOT_VACUUMING;XIRECS;10053.0;4
69800;BOT_TAKER;SUBMISSION;ROBOT_MOPPING;XIRECS;9676.0;4
69800;BOT_TAKER;BOT_MAKER;ROBOT_DISHES;XIRECS;9537.0;4
69800;BOT_TAKER;SUBMISSION;ROBOT_LAUNDRY;XIRECS;10194.0;4
69800;BOT_TAKER;SUBMISSION;ROBOT_IRONING;XIRECS;10296.0;4
69800;BOT_TAKER;SUBMISSION;UV_VISOR_YELLOW;XIRECS;10161.0;4
69800;BOT_TAKER;SUBMISSION;UV_VISOR_AMBER;XIRECS;9576.0;4
69800;BOT_TAKER;SUBMISSION;UV_VISOR_ORANGE;XIRECS;10262.0;4
69800;BOT_TAKER;BOT_MAKER;UV_VISOR_RED;XIRECS;10456.0;4
69800;BOT_TAKER;SUBMISSION;UV_VISOR_MAGENTA;XIRECS;10373.0;4
69800;BOT_TAKER;SUBMISSION;TRANSLATOR_SPACE_GRAY;XIRECS;9496.0;4
69800;BOT_TAKER;BOT_MAKER;TRANSLATOR_ASTRO_BLACK;XIRECS;10076.0;4
69800;BOT_TAKER;BOT_MAKER;TRANSLATOR_ECLIPSE_CHARCOAL;XIRECS;9880.0;4
69800;BOT_TAKER;SUBMISSION;TRANSLATOR_GRAPHITE_MIST;XIRECS;9903.0;4
69800;BOT_TAKER;BOT_MAKER;TRANSLATOR_VOID_BLUE;XIRECS;9871.0;4
69800;BOT_TAKER;SUBMISSION;PANEL_1X2;XIRECS;9749.0;4
69800;BOT_TAKER;SUBMISSION;PANEL_2X2;XIRECS;9611.0;4
69800;BOT_TAKER;SUBMISSION;PANEL_1X4;XIRECS;10286.0;4
69800;BOT_TAKER;BOT_MAKER;PANEL_2X4;XIRECS;9777.0;4
69800;BOT_TAKER;SUBMISSION;PANEL_4X4;XIRECS;10136.0;4
69800;BOT_TAKER;SUBMISSION;OXYGEN_SHAKE_MORNING_BREATH;XIRECS;10054.0;4
69800;BOT_TAKER;SUBMISSION;OXYGEN_SHAKE_EVENING_BREATH;XIRECS;9949.0;4
69800;BOT_TAKER;SUBMISSION;OXYGEN_SHAKE_MINT;XIRECS;10116.0;4
69800;BOT_TAKER;BOT_MAKER;OXYGEN_SHAKE_CHOCOLATE;XIRECS;9519.0;4
69800;BOT_TAKER;SUBMISSION;OXYGEN_SHAKE_GARLIC;XIRECS;10334.0;4
69800;BOT_TAKER;SUBMISSION;SNACKPACK_CHOCOLATE;XIRECS;10121.0;4
69800;BOT_TAKER;BOT_MAKER;SNACKPACK_VANILLA;XIRECS;9903.0;4
69800;BOT_TAKER;BOT_MAKER;SNACKPACK_PISTACHIO;XIRECS;9778.0;4
69800;BOT_TAKER;BOT_MAKER;SNACKPACK_STRAWBERRY;XIRECS;10122.0;4
69800;BOT_TAKER;SUBMISSION;SNACKPACK_RASPBERRY;XIRECS;10062.0;4
70200;BOT_TAKER;SUBMISSION;PEBBLES_XS;XIRECS;9916.0;2
70200;BOT_TAKER;BOT_MAKER;PEBBLES_XS;XIRECS;9917.0;3
70200;BOT_TAKER;SUBMISSION;PEBBLES_S;XIRECS;9905.0;3
70200;BOT_TAKER;BOT_MAKER;PEBBLES_S;XIRECS;9906.0;2
70200;BOT_TAKER;BOT_MAKER;PEBBLES_M;XIRECS;9772.0;5
70200;BOT_TAKER;SUBMISSION;PEBBLES_L;XIRECS;10054.0;2
70200;BOT_TAKER;BOT_MAKER;PEBBLES_L;XIRECS;10055.0;3
70200;BOT_TAKER;BOT_MAKER;PEBBLES_XL;XIRECS;10380.0;5
71400;SUBMISSION;BOT_TAKER;MICROCHIP_CIRCLE;XIRECS;9828.0;3
71400;SUBMISSION;BOT_TAKER;MICROCHIP_OVAL;XIRECS;10197.0;3
71400;SUBMISSION;BOT_TAKER;MICROCHIP_SQUARE;XIRECS;10050.0;3
71400;SUBMISSION;BOT_TAKER;MICROCHIP_RECTANGLE;XIRECS;10027.0;3
71400;BOT_MAKER;BOT_TAKER;MICROCHIP_TRIANGLE;XIRECS;10302.0;3
72600;BOT_TAKER;SUBMISSION;MICROCHIP_CIRCLE;XIRECS;9800.0;2
72600;BOT_TAKER;SUBMISSION;MICROCHIP_OVAL;XIRECS;10142.0;2
72600;BOT_TAKER;SUBMISSION;MICROCHIP_SQUARE;XIRECS;9985.0;2
72600;BOT_TAKER;SUBMISSION;MICROCHIP_RECTANGLE;XIRECS;10041.0;2
72600;BOT_TAKER;BOT_MAKER;MICROCHIP_TRIANGLE;XIRECS;10260.0;2
73200;BOT_TAKER;SUBMISSION;MICROCHIP_CIRCLE;XIRECS;9809.0;1
73200;BOT_TAKER;BOT_MAKER;MICROCHIP_CIRCLE;XIRECS;9810.0;1
73200;BOT_TAKER;SUBMISSION;MICROCHIP_OVAL;XIRECS;10091.0;1
73200;BOT_TAKER;BOT_MAKER;MICROCHIP_OVAL;XIRECS;10092.0;1
73200;BOT_TAKER;SUBMISSION;MICROCHIP_SQUARE;XIRECS;10061.0;1
73200;BOT_TAKER;BOT_MAKER;MICROCHIP_SQUARE;XIRECS;10062.0;1
73200;BOT_TAKER;SUBMISSION;MICROCHIP_RECTANGLE;XIRECS;10046.0;2
73200;BOT_TAKER;BOT_MAKER;MICROCHIP_TRIANGLE;XIRECS;10309.0;2
76200;SUBMISSION;BOT_TAKER;GALAXY_SOUNDS_DARK_MATTER;XIRECS;10037.0;3
76200;SUBMISSION;BOT_TAKER;GALAXY_SOUNDS_BLACK_HOLES;XIRECS;9792.0;2
76200;BOT_MAKER;BOT_TAKER;GALAXY_SOUNDS_BLACK_HOLES;XIRECS;9791.0;1
76200;SUBMISSION;BOT_TAKER;GALAXY_SOUNDS_PLANETARY_RINGS;XIRECS;10413.0;2
76200;BOT_MAKER;BOT_TAKER;GALAXY_SOUNDS_PLANETARY_RINGS;XIRECS;10412.0;1
76200;SUBMISSION;BOT_TAKER;GALAXY_SOUNDS_SOLAR_WINDS;XIRECS;10189.0;2
76200;BOT_MAKER;BOT_TAKER;GALAXY_SOUNDS_SOLAR_WINDS;XIRECS;10188.0;1
76200;BOT_MAKER;BOT_TAKER;GALAXY_SOUNDS_SOLAR_FLAMES;XIRECS;10342.0;3
76200;BOT_MAKER;BOT_TAKER;SLEEP_POD_SUEDE;XIRECS;10417.0;3
76200;BOT_MAKER;BOT_TAKER;SLEEP_POD_LAMB_WOOL;XIRECS;10107.0;3
76200;SUBMISSION;BOT_TAKER;SLEEP_POD_POLYESTER;XIRECS;10364.0;2
76200;BOT_MAKER;BOT_TAKER;SLEEP_POD_POLYESTER;XIRECS;10363.0;1
76200;BOT_MAKER;BOT_TAKER;SLEEP_POD_NYLON;XIRECS;9644.0;3
76200;SUBMISSION;BOT_TAKER;SLEEP_POD_COTTON;XIRECS;10131.0;2
76200;BOT_MAKER;BOT_TAKER;SLEEP_POD_COTTON;XIRECS;10130.0;1
76200;BOT_MAKER;BOT_TAKER;ROBOT_VACUUMING;XIRECS;10056.0;3
76200;SUBMISSION;BOT_TAKER;ROBOT_MOPPING;XIRECS;9684.0;2
76200;BOT_MAKER;BOT_TAKER;ROBOT_MOPPING;XIRECS;9683.0;1
76200;BOT_MAKER;BOT_TAKER;ROBOT_DISHES;XIRECS;9527.0;3
76200;BOT_MAKER;BOT_TAKER;ROBOT_LAUNDRY;XIRECS;10197.0;3
76200;SUBMISSION;BOT_TAKER;ROBOT_IRONING;XIRECS;10229.0;2
76200;BOT_MAKER;BOT_TAKER;ROBOT_IRONING;XIRECS;10228.0;1
76200;SUBMISSION;BOT_TAKER;UV_VISOR_YELLOW;XIRECS;10109.0;2
76200;BOT_MAKER;BOT_TAKER;UV_VISOR_YELLOW;XIRECS;10108.0;1
76200;SUBMISSION;BOT_TAKER;UV_VISOR_AMBER;XIRECS;9495.0;2
76200;BOT_MAKER;BOT_TAKER;UV_VISOR_AMBER;XIRECS;9494.0;1
76200;SUBMISSION;BOT_TAKER;UV_VISOR_ORANGE;XIRECS;10390.0;2
76200;BOT_MAKER;BOT_TAKER;UV_VISOR_ORANGE;XIRECS;10389.0;1
76200;BOT_MAKER;BOT_TAKER;UV_VISOR_RED;XIRECS;10577.0;3
76200;BOT_MAKER;BOT_TAKER;UV_VISOR_MAGENTA;XIRECS;10432.0;3
76200;SUBMISSION;BOT_TAKER;TRANSLATOR_SPACE_GRAY;XIRECS;9437.0;2
76200;BOT_MAKER;BOT_TAKER;TRANSLATOR_SPACE_GRAY;XIRECS;9436.0;1
76200;SUBMISSION;BOT_TAKER;TRANSLATOR_ASTRO_BLACK;XIRECS;9974.0;3
76200;BOT_MAKER;BOT_TAKER;TRANSLATOR_ECLIPSE_CHARCOAL;XIRECS;9843.0;3
76200;SUBMISSION;BOT_TAKER;TRANSLATOR_GRAPHITE_MIST;XIRECS;9952.0;2
76200;BOT_MAKER;BOT_TAKER;TRANSLATOR_GRAPHITE_MIST;XIRECS;9951.0;1
76200;BOT_MAKER;BOT_TAKER;TRANSLATOR_VOID_BLUE;XIRECS;9860.0;3
76200;SUBMISSION;BOT_TAKER;PANEL_1X2;XIRECS;9890.0;2
76200;BOT_MAKER;BOT_TAKER;PANEL_1X2;XIRECS;9889.0;1
76200;SUBMISSION;BOT_TAKER;PANEL_2X2;XIRECS;9632.0;2
76200;BOT_MAKER;BOT_TAKER;PANEL_2X2;XIRECS;9631.0;1
76200;SUBMISSION;BOT_TAKER;PANEL_1X4;XIRECS;10337.0;2
76200;BOT_MAKER;BOT_TAKER;PANEL_1X4;XIRECS;10336.0;1
76200;BOT_MAKER;BOT_TAKER;PANEL_2X4;XIRECS;9824.0;3
76200;SUBMISSION;BOT_TAKER;PANEL_4X4;XIRECS;10165.0;2
76200;BOT_MAKER;BOT_TAKER;PANEL_4X4;XIRECS;10164.0;1
76200;SUBMISSION;BOT_TAKER;OXYGEN_SHAKE_MORNING_BREATH;XIRECS;10120.0;2
76200;BOT_MAKER;BOT_TAKER;OXYGEN_SHAKE_MORNING_BREATH;XIRECS;10119.0;1
76200;SUBMISSION;BOT_TAKER;OXYGEN_SHAKE_EVENING_BREATH;XIRECS;9787.0;2
76200;BOT_MAKER;BOT_TAKER;OXYGEN_SHAKE_EVENING_BREATH;XIRECS;9786.0;1
76200;SUBMISSION;BOT_TAKER;OXYGEN_SHAKE_MINT;XIRECS;10244.0;2
76200;BOT_MAKER;BOT_TAKER;OXYGEN_SHAKE_MINT;XIRECS;10243.0;1
76200;BOT_MAKER;BOT_TAKER;OXYGEN_SHAKE_CHOCOLATE;XIRECS;9461.0;3
76200;SUBMISSION;BOT_TAKER;OXYGEN_SHAKE_GARLIC;XIRECS;10484.0;2
76200;BOT_MAKER;BOT_TAKER;OXYGEN_SHAKE_GARLIC;XIRECS;10483.0;1
76200;SUBMISSION;BOT_TAKER;SNACKPACK_CHOCOLATE;XIRECS;9991.0;3
76200;BOT_MAKER;BOT_TAKER;SNACKPACK_VANILLA;XIRECS;10024.0;3
76200;BOT_MAKER;BOT_TAKER;SNACKPACK_PISTACHIO;XIRECS;9752.0;3
76200;BOT_MAKER;BOT_TAKER;SNACKPACK_STRAWBERRY;XIRECS;10138.0;3
76200;BOT_MAKER;BOT_TAKER;SNACKPACK_RASPBERRY;XIRECS;10022.0;3
76800;BOT_TAKER;BOT_MAKER;GALAXY_SOUNDS_DARK_MATTER;XIRECS;10034.0;1
76800;BOT_TAKER;SUBMISSION;GALAXY_SOUNDS_BLACK_HOLES;XIRECS;9833.0;1
76800;BOT_TAKER;SUBMISSION;GALAXY_SOUNDS_PLANETARY_RINGS;XIRECS;10414.0;1
76800;BOT_TAKER;SUBMISSION;GALAXY_SOUNDS_SOLAR_WINDS;XIRECS;10184.0;1
76800;BOT_TAKER;BOT_MAKER;GALAXY_SOUNDS_SOLAR_FLAMES;XIRECS;10361.0;1
76800;BOT_TAKER;BOT_MAKER;SLEEP_POD_SUEDE;XIRECS;10462.0;1
76800;BOT_TAKER;SUBMISSION;SLEEP_POD_LAMB_WOOL;XIRECS;10141.0;1
76800;BOT_TAKER;SUBMISSION;SLEEP_POD_POLYESTER;XIRECS;10381.0;1
76800;BOT_TAKER;BOT_MAKER;SLEEP_POD_NYLON;XIRECS;9600.0;1
76800;BOT_TAKER;SUBMISSION;SLEEP_POD_COTTON;XIRECS;10172.0;1
76800;BOT_TAKER;SUBMISSION;ROBOT_VACUUMING;XIRECS;10057.0;1
76800;BOT_TAKER;SUBMISSION;ROBOT_MOPPING;XIRECS;9702.0;1
76800;BOT_TAKER;BOT_MAKER;ROBOT_DISHES;XIRECS;9587.0;1
76800;BOT_TAKER;SUBMISSION;ROBOT_LAUNDRY;XIRECS;10192.0;1
76800;BOT_TAKER;SUBMISSION;ROBOT_IRONING;XIRECS;10222.0;1
76800;BOT_TAKER;SUBMISSION;UV_VISOR_YELLOW;XIRECS;10132.0;1
76800;BOT_TAKER;SUBMISSION;UV_VISOR_AMBER;XIRECS;9506.0;1
76800;BOT_TAKER;SUBMISSION;UV_VISOR_ORANGE;XIRECS;10341.0;1
76800;BOT_TAKER;BOT_MAKER;UV_VISOR_RED;XIRECS;10597.0;1
76800;BOT_TAKER;SUBMISSION;UV_VISOR_MAGENTA;XIRECS;10421.0;1
76800;BOT_TAKER;SUBMISSION;TRANSLATOR_SPACE_GRAY;XIRECS;9447.0;1
76800;BOT_TAKER;BOT_MAKER;TRANSLATOR_ASTRO_BLACK;XIRECS;9959.0;1
76800;BOT_TAKER;BOT_MAKER;TRANSLATOR_ECLIPSE_CHARCOAL;XIRECS;9872.0;1
76800;BOT_TAKER;SUBMISSION;TRANSLATOR_GRAPHITE_MIST;XIRECS;9920.0;1
76800;BOT_TAKER;BOT_MAKER;TRANSLATOR_VOID_BLUE;XIRECS;9895.0;1
76800;BOT_TAKER;SUBMISSION;PANEL_1X2;XIRECS;9925.0;1
76800;BOT_TAKER;SUBMISSION;PANEL_2X2;XIRECS;9613.0;1
76800;BOT_TAKER;SUBMISSION;PANEL_1X4;XIRECS;10370.0;1
76800;BOT_TAKER;BOT_MAKER;PANEL_2X4;XIRECS;9826.0;1
76800;BOT_TAKER;SUBMISSION;PANEL_4X4;XIRECS;10181.0;1
76800;BOT_TAKER;SUBMISSION;OXYGEN_SHAKE_MORNING_BREATH;XIRECS;10134.0;1
76800;BOT_TAKER;SUBMISSION;OXYGEN_SHAKE_EVENING_BREATH;XIRECS;9808.0;1
76800;BOT_TAKER;SUBMISSION;OXYGEN_SHAKE_MINT;XIRECS;10266.0;1
76800;BOT_TAKER;BOT_MAKER;OXYGEN_SHAKE_CHOCOLATE;XIRECS;9463.0;1
76800;BOT_TAKER;SUBMISSION;OXYGEN_SHAKE_GARLIC;XIRECS;10508.0;1
76800;BOT_TAKER;BOT_MAKER;SNACKPACK_CHOCOLATE;XIRECS;10000.0;1
76800;BOT_TAKER;SUBMISSION;SNACKPACK_VANILLA;XIRECS;10040.0;1
76800;BOT_TAKER;BOT_MAKER;SNACKPACK_PISTACHIO;XIRECS;9760.0;1
76800;BOT_TAKER;BOT_MAKER;SNACKPACK_STRAWBERRY;XIRECS;10152.0;1
76800;BOT_TAKER;SUBMISSION;SNACKPACK_RASPBERRY;XIRECS;10039.0;1
82400;SUBMISSION;BOT_TAKER;PEBBLES_XS;XIRECS;9814.0;4
82400;SUBMISSION;BOT_TAKER;PEBBLES_S;XIRECS;9861.0;3
82400;BOT_MAKER;BOT_TAKER;PEBBLES_S;XIRECS;9860.0;1
82400;SUBMISSION;BOT_TAKER;PEBBLES_M;XIRECS;9650.0;4
82400;SUBMISSION;BOT_TAKER;PEBBLES_L;XIRECS;9811.0;4
82400;BOT_MAKER;BOT_TAKER;PEBBLES_XL;XIRECS;10837.0;4
83500;SUBMISSION;BOT_TAKER;PEBBLES_XS;XIRECS;9767.0;3
83500;BOT_MAKER;BOT_TAKER;PEBBLES_S;XIRECS;9764.0;3
83500;SUBMISSION;BOT_TAKER;PEBBLES_M;XIRECS;9627.0;3
83500;SUBMISSION;BOT_TAKER;PEBBLES_L;XIRECS;9858.0;3
83500;BOT_MAKER;BOT_TAKER;PEBBLES_XL;XIRECS;10956.0;3
83800;BOT_TAKER;SUBMISSION;PEBBLES_XS;XIRECS;9771.0;2
83800;BOT_TAKER;BOT_MAKER;PEBBLES_S;XIRECS;9807.0;2
83800;BOT_TAKER;BOT_MAKER;PEBBLES_M;XIRECS;9634.0;2
83800;BOT_TAKER;SUBMISSION;PEBBLES_L;XIRECS;9902.0;2
83800;BOT_TAKER;BOT_MAKER;PEBBLES_XL;XIRECS;10915.0;2
84900;BOT_TAKER;SUBMISSION;PEBBLES_XS;XIRECS;9734.0;2
84900;BOT_TAKER;BOT_MAKER;PEBBLES_S;XIRECS;9859.0;2
84900;BOT_TAKER;BOT_MAKER;PEBBLES_M;XIRECS;9604.0;2
84900;BOT_TAKER;SUBMISSION;PEBBLES_L;XIRECS;9955.0;2
84900;BOT_TAKER;BOT_MAKER;PEBBLES_XL;XIRECS;10877.0;2
85200;BOT_TAKER;SUBMISSION;PEBBLES_XS;XIRECS;9712.0;2
85200;BOT_TAKER;BOT_MAKER;PEBBLES_XS;XIRECS;9713.0;3
85200;BOT_TAKER;BOT_MAKER;PEBBLES_S;XIRECS;9808.0;5
85200;BOT_TAKER;BOT_MAKER;PEBBLES_M;XIRECS;9582.0;5
85200;BOT_TAKER;SUBMISSION;PEBBLES_L;XIRECS;9950.0;2
85200;BOT_TAKER;BOT_MAKER;PEBBLES_L;XIRECS;9951.0;3
85200;BOT_TAKER;BOT_MAKER;PEBBLES_XL;XIRECS;10976.0;5
85300;BOT_TAKER;SUBMISSION;PEBBLES_XS;XIRECS;9678.0;2
85300;BOT_TAKER;BOT_MAKER;PEBBLES_S;XIRECS;9813.0;2
85300;BOT_TAKER;BOT_MAKER;PEBBLES_M;XIRECS;9579.0;2
85300;BOT_TAKER;SUBMISSION;PEBBLES_L;XIRECS;9960.0;2
85300;BOT_TAKER;BOT_MAKER;PEBBLES_XL;XIRECS;10999.0;2
86400;BOT_MAKER;BOT_TAKER;GALAXY_SOUNDS_DARK_MATTER;XIRECS;10077.0;1
86400;SUBMISSION;BOT_TAKER;GALAXY_SOUNDS_BLACK_HOLES;XIRECS;9822.0;1
86400;SUBMISSION;BOT_TAKER;GALAXY_SOUNDS_PLANETARY_RINGS;XIRECS;10161.0;1
86400;SUBMISSION;BOT_TAKER;GALAXY_SOUNDS_SOLAR_WINDS;XIRECS;10218.0;1
86400;BOT_MAKER;BOT_TAKER;GALAXY_SOUNDS_SOLAR_FLAMES;XIRECS;10528.0;1
86400;BOT_MAKER;BOT_TAKER;SLEEP_POD_SUEDE;XIRECS;10416.0;1
86400;BOT_MAKER;BOT_TAKER;SLEEP_POD_LAMB_WOOL;XIRECS;10114.0;1
86400;SUBMISSION;BOT_TAKER;SLEEP_POD_POLYESTER;XIRECS;10507.0;1
86400;BOT_MAKER;BOT_TAKER;SLEEP_POD_NYLON;XIRECS;9557.0;1
86400;SUBMISSION;BOT_TAKER;SLEEP_POD_COTTON;XIRECS;10100.0;1
86400;BOT_MAKER;BOT_TAKER;ROBOT_VACUUMING;XIRECS;10068.0;1
86400;SUBMISSION;BOT_TAKER;ROBOT_MOPPING;XIRECS;9721.0;1
86400;BOT_MAKER;BOT_TAKER;ROBOT_DISHES;XIRECS;9501.0;1
86400;BOT_MAKER;BOT_TAKER;ROBOT_LAUNDRY;XIRECS;10096.0;1
86400;SUBMISSION;BOT_TAKER;ROBOT_IRONING;XIRECS;10020.0;1
86400;SUBMISSION;BOT_TAKER;UV_VISOR_YELLOW;XIRECS;10149.0;1
86400;SUBMISSION;BOT_TAKER;UV_VISOR_AMBER;XIRECS;9330.0;1
86400;SUBMISSION;BOT_TAKER;UV_VISOR_ORANGE;XIRECS;10443.0;1
86400;BOT_MAKER;BOT_TAKER;UV_VISOR_RED;XIRECS;10684.0;1
86400;BOT_MAKER;BOT_TAKER;UV_VISOR_MAGENTA;XIRECS;10362.0;1
86400;SUBMISSION;BOT_TAKER;TRANSLATOR_SPACE_GRAY;XIRECS;9336.0;1
86400;SUBMISSION;BOT_TAKER;TRANSLATOR_ASTRO_BLACK;XIRECS;10019.0;1
86400;BOT_MAKER;BOT_TAKER;TRANSLATOR_ECLIPSE_CHARCOAL;XIRECS;9752.0;1
86400;SUBMISSION;BOT_TAKER;TRANSLATOR_GRAPHITE_MIST;XIRECS;9684.0;1
86400;BOT_MAKER;BOT_TAKER;TRANSLATOR_VOID_BLUE;XIRECS;9956.0;1
86400;SUBMISSION;BOT_TAKER;PANEL_1X2;XIRECS;9753.0;1
86400;SUBMISSION;BOT_TAKER;PANEL_2X2;XIRECS;9733.0;1
86400;SUBMISSION;BOT_TAKER;PANEL_1X4;XIRECS;10573.0;1
86400;BOT_MAKER;BOT_TAKER;PANEL_2X4;XIRECS;9768.0;1
86400;SUBMISSION;BOT_TAKER;PANEL_4X4;XIRECS;10131.0;1
86400;SUBMISSION;BOT_TAKER;OXYGEN_SHAKE_MORNING_BREATH;XIRECS;10345.0;1
86400;SUBMISSION;BOT_TAKER;OXYGEN_SHAKE_EVENING_BREATH;XIRECS;9655.0;1
86400;SUBMISSION;BOT_TAKER;OXYGEN_SHAKE_MINT;XIRECS;10205.0;1
86400;BOT_MAKER;BOT_TAKER;OXYGEN_SHAKE_CHOCOLATE;XIRECS;9440.0;1
86400;SUBMISSION;BOT_TAKER;OXYGEN_SHAKE_GARLIC;XIRECS;10587.0;1
86400;SUBMISSION;BOT_TAKER;SNACKPACK_CHOCOLATE;XIRECS;9999.0;1
86400;BOT_MAKER;BOT_TAKER;SNACKPACK_VANILLA;XIRECS;10008.0;1
86400;BOT_MAKER;BOT_TAKER;SNACKPACK_PISTACHIO;XIRECS;9715.0;1
86400;BOT_MAKER;BOT_TAKER;SNACKPACK_STRAWBERRY;XIRECS;10122.0;1
86400;BOT_MAKER;BOT_TAKER;SNACKPACK_RASPBERRY;XIRECS;10024.0;1
89000;BOT_TAKER;BOT_MAKER;PEBBLES_XS;XIRECS;9696.0;5
89000;BOT_TAKER;BOT_MAKER;PEBBLES_S;XIRECS;9793.0;5
89000;BOT_TAKER;BOT_MAKER;PEBBLES_M;XIRECS;9703.0;5
89000;BOT_TAKER;BOT_MAKER;PEBBLES_L;XIRECS;9994.0;5
89000;BOT_TAKER;BOT_MAKER;PEBBLES_XL;XIRECS;10845.0;5
89300;SUBMISSION;BOT_TAKER;PEBBLES_XS;XIRECS;9723.0;5
89300;BOT_MAKER;BOT_TAKER;PEBBLES_S;XIRECS;9779.0;5
89300;SUBMISSION;BOT_TAKER;PEBBLES_M;XIRECS;9657.0;5
89300;SUBMISSION;BOT_TAKER;PEBBLES_L;XIRECS;9983.0;5
89300;BOT_MAKER;BOT_TAKER;PEBBLES_XL;XIRECS;10830.0;5
91600;BOT_MAKER;BOT_TAKER;GALAXY_SOUNDS_DARK_MATTER;XIRECS;10119.0;4
91600;SUBMISSION;BOT_TAKER;GALAXY_SOUNDS_BLACK_HOLES;XIRECS;9737.0;2
91600;BOT_MAKER;BOT_TAKER;GALAXY_SOUNDS_BLACK_HOLES;XIRECS;9736.0;2
91600;SUBMISSION;BOT_TAKER;GALAXY_SOUNDS_PLANETARY_RINGS;XIRECS;10213.0;2
91600;BOT_MAKER;BOT_TAKER;GALAXY_SOUNDS_PLANETARY_RINGS;XIRECS;10212.0;2
91600;SUBMISSION;BOT_TAKER;GALAXY_SOUNDS_SOLAR_WINDS;XIRECS;10238.0;2
91600;BOT_MAKER;BOT_TAKER;GALAXY_SOUNDS_SOLAR_WINDS;XIRECS;10237.0;2
91600;BOT_MAKER;BOT_TAKER;GALAXY_SOUNDS_SOLAR_FLAMES;XIRECS;10429.0;4
91600;BOT_MAKER;BOT_TAKER;SLEEP_POD_SUEDE;XIRECS;10423.0;4
91600;SUBMISSION;BOT_TAKER;SLEEP_POD_LAMB_WOOL;XIRECS;9961.0;4
91600;SUBMISSION;BOT_TAKER;SLEEP_POD_POLYESTER;XIRECS;10545.0;2
91600;BOT_MAKER;BOT_TAKER;SLEEP_POD_POLYESTER;XIRECS;10544.0;2
91600;BOT_MAKER;BOT_TAKER;SLEEP_POD_NYLON;XIRECS;9575.0;4
91600;SUBMISSION;BOT_TAKER;SLEEP_POD_COTTON;XIRECS;10034.0;2
91600;BOT_MAKER;BOT_TAKER;SLEEP_POD_COTTON;XIRECS;10033.0;2
91600;SUBMISSION;BOT_TAKER;ROBOT_VACUUMING;XIRECS;9919.0;4
91600;SUBMISSION;BOT_TAKER;ROBOT_MOPPING;XIRECS;9710.0;2
91600;BOT_MAKER;BOT_TAKER;ROBOT_MOPPING;XIRECS;9709.0;2
91600;BOT_MAKER;BOT_TAKER;ROBOT_DISHES;XIRECS;9562.0;4
91600;BOT_MAKER;BOT_TAKER;ROBOT_LAUNDRY;XIRECS;10073.0;4
91600;SUBMISSION;BOT_TAKER;ROBOT_IRONING;XIRECS;10053.0;2
91600;BOT_MAKER;BOT_TAKER;ROBOT_IRONING;XIRECS;10052.0;2
91600;SUBMISSION;BOT_TAKER;UV_VISOR_YELLOW;XIRECS;10130.0;2
91600;BOT_MAKER;BOT_TAKER;UV_VISOR_YELLOW;XIRECS;10129.0;2
91600;SUBMISSION;BOT_TAKER;UV_VISOR_AMBER;XIRECS;9322.0;2
91600;BOT_MAKER;BOT_TAKER;UV_VISOR_AMBER;XIRECS;9321.0;2
91600;SUBMISSION;BOT_TAKER;UV_VISOR_ORANGE;XIRECS;10410.0;2
91600;BOT_MAKER;BOT_TAKER;UV_VISOR_ORANGE;XIRECS;10409.0;2
91600;BOT_MAKER;BOT_TAKER;UV_VISOR_RED;XIRECS;10562.0;4
91600;BOT_MAKER;BOT_TAKER;UV_VISOR_MAGENTA;XIRECS;10505.0;4
91600;SUBMISSION;BOT_TAKER;TRANSLATOR_SPACE_GRAY;XIRECS;9407.0;2
91600;BOT_MAKER;BOT_TAKER;TRANSLATOR_SPACE_GRAY;XIRECS;9406.0;2
91600;SUBMISSION;BOT_TAKER;TRANSLATOR_ASTRO_BLACK;XIRECS;9999.0;4
91600;BOT_MAKER;BOT_TAKER;TRANSLATOR_ECLIPSE_CHARCOAL;XIRECS;9739.0;4
91600;SUBMISSION;BOT_TAKER;TRANSLATOR_GRAPHITE_MIST;XIRECS;9714.0;2
91600;BOT_MAKER;BOT_TAKER;TRANSLATOR_GRAPHITE_MIST;XIRECS;9713.0;2
91600;BOT_MAKER;BOT_TAKER;TRANSLATOR_VOID_BLUE;XIRECS;10117.0;4
91600;SUBMISSION;BOT_TAKER;PANEL_1X2;XIRECS;9650.0;2
91600;BOT_MAKER;BOT_TAKER;PANEL_1X2;XIRECS;9649.0;2
91600;SUBMISSION;BOT_TAKER;PANEL_2X2;XIRECS;9701.0;2
91600;BOT_MAKER;BOT_TAKER;PANEL_2X2;XIRECS;9700.0;2
91600;SUBMISSION;BOT_TAKER;PANEL_1X4;XIRECS;10654.0;2
91600;BOT_MAKER;BOT_TAKER;PANEL_1X4;XIRECS;10653.0;2
91600;BOT_MAKER;BOT_TAKER;PANEL_2X4;XIRECS;9826.0;4
91600;SUBMISSION;BOT_TAKER;PANEL_4X4;XIRECS;10124.0;2
91600;BOT_MAKER;BOT_TAKER;PANEL_4X4;XIRECS;10123.0;2
91600;SUBMISSION;BOT_TAKER;OXYGEN_SHAKE_MORNING_BREATH;XIRECS;10268.0;2
91600;BOT_MAKER;BOT_TAKER;OXYGEN_SHAKE_MORNING_BREATH;XIRECS;10267.0;2
91600;SUBMISSION;BOT_TAKER;OXYGEN_SHAKE_EVENING_BREATH;XIRECS;9641.0;2
91600;BOT_MAKER;BOT_TAKER;OXYGEN_SHAKE_EVENING_BREATH;XIRECS;9640.0;2
91600;SUBMISSION;BOT_TAKER;OXYGEN_SHAKE_MINT;XIRECS;10214.0;2
91600;BOT_MAKER;BOT_TAKER;OXYGEN_SHAKE_MINT;XIRECS;10213.0;2
91600;BOT_MAKER;BOT_TAKER;OXYGEN_SHAKE_CHOCOLATE;XIRECS;9407.0;4
91600;SUBMISSION;BOT_TAKER;OXYGEN_SHAKE_GARLIC;XIRECS;10694.0;2
91600;BOT_MAKER;BOT_TAKER;OXYGEN_SHAKE_GARLIC;XIRECS;10693.0;2
91600;SUBMISSION;BOT_TAKER;SNACKPACK_CHOCOLATE;XIRECS;10015.0;4
91600;SUBMISSION;BOT_TAKER;SNACKPACK_VANILLA;XIRECS;9985.0;4
91600;BOT_MAKER;BOT_TAKER;SNACKPACK_PISTACHIO;XIRECS;9690.0;4
91600;BOT_MAKER;BOT_TAKER;SNACKPACK_STRAWBERRY;XIRECS;10115.0;4
91600;BOT_MAKER;BOT_TAKER;SNACKPACK_RASPBERRY;XIRECS;10046.0;4
91800;SUBMISSION;BOT_TAKER;PEBBLES_XS;XIRECS;9594.0;5
91800;BOT_MAKER;BOT_TAKER;PEBBLES_S;XIRECS;9757.0;5
91800;SUBMISSION;BOT_TAKER;PEBBLES_M;XIRECS;9605.0;5
91800;SUBMISSION;BOT_TAKER;PEBBLES_L;XIRECS;10019.0;5
91800;BOT_MAKER;BOT_TAKER;PEBBLES_XL;XIRECS;10998.0;5
96600;BOT_TAKER;BOT_MAKER;GALAXY_SOUNDS_DARK_MATTER;XIRECS;10056.0;3
96600;BOT_TAKER;SUBMISSION;GALAXY_SOUNDS_BLACK_HOLES;XIRECS;9613.0;3
96600;BOT_TAKER;SUBMISSION;GALAXY_SOUNDS_PLANETARY_RINGS;XIRECS;10254.0;3
96600;BOT_TAKER;SUBMISSION;GALAXY_SOUNDS_SOLAR_WINDS;XIRECS;10254.0;3
96600;BOT_TAKER;BOT_MAKER;GALAXY_SOUNDS_SOLAR_FLAMES;XIRECS;10345.0;3
96600;BOT_TAKER;BOT_MAKER;SLEEP_POD_SUEDE;XIRECS;10390.0;3
96600;BOT_TAKER;BOT_MAKER;SLEEP_POD_LAMB_WOOL;XIRECS;9945.0;3
96600;BOT_TAKER;SUBMISSION;SLEEP_POD_POLYESTER;XIRECS;10613.0;3
96600;BOT_TAKER;BOT_MAKER;SLEEP_POD_NYLON;XIRECS;9587.0;3
96600;BOT_TAKER;SUBMISSION;SLEEP_POD_COTTON;XIRECS;9992.0;3
96600;BOT_TAKER;BOT_MAKER;ROBOT_VACUUMING;XIRECS;9960.0;3
96600;BOT_TAKER;SUBMISSION;ROBOT_MOPPING;XIRECS;9946.0;3
96600;BOT_TAKER;BOT_MAKER;ROBOT_DISHES;XIRECS;9471.0;3
96600;BOT_TAKER;BOT_MAKER;ROBOT_LAUNDRY;XIRECS;10016.0;3
96600;BOT_TAKER;SUBMISSION;ROBOT_IRONING;XIRECS;10113.0;3
96600;BOT_TAKER;SUBMISSION;UV_VISOR_YELLOW;XIRECS;10195.0;3
96600;BOT_TAKER;SUBMISSION;UV_VISOR_AMBER;XIRECS;9262.0;3
96600;BOT_TAKER;SUBMISSION;UV_VISOR_ORANGE;XIRECS;10428.0;3
96600;BOT_TAKER;BOT_MAKER;UV_VISOR_RED;XIRECS;10662.0;3
96600;BOT_TAKER;SUBMISSION;UV_VISOR_MAGENTA;XIRECS;10548.0;1
96600;BOT_TAKER;BOT_MAKER;UV_VISOR_MAGENTA;XIRECS;10549.0;2
96600;BOT_TAKER;SUBMISSION;TRANSLATOR_SPACE_GRAY;XIRECS;9479.0;3
96600;BOT_TAKER;BOT_MAKER;TRANSLATOR_ASTRO_BLACK;XIRECS;9975.0;3
96600;BOT_TAKER;BOT_MAKER;TRANSLATOR_ECLIPSE_CHARCOAL;XIRECS;9723.0;3
96600;BOT_TAKER;SUBMISSION;TRANSLATOR_GRAPHITE_MIST;XIRECS;9639.0;3
96600;BOT_TAKER;SUBMISSION;TRANSLATOR_VOID_BLUE;XIRECS;10008.0;3
96600;BOT_TAKER;SUBMISSION;PANEL_1X2;XIRECS;9599.0;3
96600;BOT_TAKER;SUBMISSION;PANEL_2X2;XIRECS;9570.0;3
96600;BOT_TAKER;SUBMISSION;PANEL_1X4;XIRECS;10705.0;3
96600;BOT_TAKER;SUBMISSION;PANEL_2X4;XIRECS;9979.0;3
96600;BOT_TAKER;SUBMISSION;PANEL_4X4;XIRECS;10171.0;3
96600;BOT_TAKER;SUBMISSION;OXYGEN_SHAKE_MORNING_BREATH;XIRECS;10271.0;3
96600;BOT_TAKER;SUBMISSION;OXYGEN_SHAKE_EVENING_BREATH;XIRECS;9580.0;3
96600;BOT_TAKER;SUBMISSION;OXYGEN_SHAKE_MINT;XIRECS;10265.0;3
96600;BOT_TAKER;BOT_MAKER;OXYGEN_SHAKE_CHOCOLATE;XIRECS;9405.0;3
96600;BOT_TAKER;SUBMISSION;OXYGEN_SHAKE_GARLIC;XIRECS;10687.0;3
96600;BOT_TAKER;BOT_MAKER;SNACKPACK_CHOCOLATE;XIRECS;9997.0;3
96600;BOT_TAKER;SUBMISSION;SNACKPACK_VANILLA;XIRECS;10031.0;3
96600;BOT_TAKER;BOT_MAKER;SNACKPACK_PISTACHIO;XIRECS;9733.0;3
96600;BOT_TAKER;BOT_MAKER;SNACKPACK_STRAWBERRY;XIRECS;10191.0;3
96600;BOT_TAKER;SUBMISSION;SNACKPACK_RASPBERRY;XIRECS;10052.0;3
98500;SUBMISSION;BOT_TAKER;MICROCHIP_CIRCLE;XIRECS;9911.0;2
98500;SUBMISSION;BOT_TAKER;MICROCHIP_OVAL;XIRECS;10510.0;2
98500;SUBMISSION;BOT_TAKER;MICROCHIP_SQUARE;XIRECS;9708.0;2
98500;BOT_MAKER;BOT_TAKER;MICROCHIP_RECTANGLE;XIRECS;10137.0;2
98500;BOT_MAKER;BOT_TAKER;MICROCHIP_TRIANGLE;XIRECS;10499.0;2
99200;BOT_MAKER;BOT_TAKER;GALAXY_SOUNDS_DARK_MATTER;XIRECS;10155.0;1
99200;SUBMISSION;BOT_TAKER;GALAXY_SOUNDS_BLACK_HOLES;XIRECS;9464.0;1
99200;SUBMISSION;BOT_TAKER;GALAXY_SOUNDS_PLANETARY_RINGS;XIRECS;10134.0;1
99200;SUBMISSION;BOT_TAKER;GALAXY_SOUNDS_SOLAR_WINDS;XIRECS;10262.0;1
99200;BOT_MAKER;BOT_TAKER;GALAXY_SOUNDS_SOLAR_FLAMES;XIRECS;10308.0;1
99200;BOT_MAKER;BOT_TAKER;SLEEP_POD_SUEDE;XIRECS;10380.0;1
99200;SUBMISSION;BOT_TAKER;SLEEP_POD_LAMB_WOOL;XIRECS;9955.0;1
99200;SUBMISSION;BOT_TAKER;SLEEP_POD_POLYESTER;XIRECS;10598.0;1
99200;BOT_MAKER;BOT_TAKER;SLEEP_POD_NYLON;XIRECS;9633.0;1
99200;SUBMISSION;BOT_TAKER;SLEEP_POD_COTTON;XIRECS;9974.0;1
99200;SUBMISSION;BOT_TAKER;ROBOT_VACUUMING;XIRECS;9884.0;1
99200;SUBMISSION;BOT_TAKER;ROBOT_MOPPING;XIRECS;9884.0;1
99200;BOT_MAKER;BOT_TAKER;ROBOT_DISHES;XIRECS;9619.0;1
99200;SUBMISSION;BOT_TAKER;ROBOT_LAUNDRY;XIRECS;10045.0;1
99200;SUBMISSION;BOT_TAKER;ROBOT_IRONING;XIRECS;10100.0;1
99200;SUBMISSION;BOT_TAKER;UV_VISOR_YELLOW;XIRECS;10313.0;1
99200;SUBMISSION;BOT_TAKER;UV_VISOR_AMBER;XIRECS;9218.0;1
99200;SUBMISSION;BOT_TAKER;UV_VISOR_ORANGE;XIRECS;10398.0;1
99200;BOT_MAKER;BOT_TAKER;UV_VISOR_RED;XIRECS;10638.0;1
99200;BOT_MAKER;BOT_TAKER;UV_VISOR_MAGENTA;XIRECS;10519.0;1
99200;SUBMISSION;BOT_TAKER;TRANSLATOR_SPACE_GRAY;XIRECS;9480.0;1
99200;SUBMISSION;BOT_TAKER;TRANSLATOR_ASTRO_BLACK;XIRECS;9984.0;1
99200;BOT_MAKER;BOT_TAKER;TRANSLATOR_ECLIPSE_CHARCOAL;XIRECS;9733.0;1
99200;SUBMISSION;BOT_TAKER;TRANSLATOR_GRAPHITE_MIST;XIRECS;9582.0;1
99200;BOT_MAKER;BOT_TAKER;TRANSLATOR_VOID_BLUE;XIRECS;10114.0;1
99200;SUBMISSION;BOT_TAKER;PANEL_1X2;XIRECS;9625.0;1
99200;SUBMISSION;BOT_TAKER;PANEL_2X2;XIRECS;9503.0;1
99200;SUBMISSION;BOT_TAKER;PANEL_1X4;XIRECS;10775.0;1
99200;BOT_MAKER;BOT_TAKER;PANEL_2X4;XIRECS;10020.0;1
99200;SUBMISSION;BOT_TAKER;PANEL_4X4;XIRECS;10128.0;1
99200;SUBMISSION;BOT_TAKER;OXYGEN_SHAKE_MORNING_BREATH;XIRECS;10234.0;1
99200;SUBMISSION;BOT_TAKER;OXYGEN_SHAKE_EVENING_BREATH;XIRECS;9664.0;1
99200;SUBMISSION;BOT_TAKER;OXYGEN_SHAKE_MINT;XIRECS;10312.0;1
99200;BOT_MAKER;BOT_TAKER;OXYGEN_SHAKE_CHOCOLATE;XIRECS;9326.0;1
99200;SUBMISSION;BOT_TAKER;OXYGEN_SHAKE_GARLIC;XIRECS;10705.0;1
99200;SUBMISSION;BOT_TAKER;SNACKPACK_CHOCOLATE;XIRECS;9945.0;1
99200;BOT_MAKER;BOT_TAKER;SNACKPACK_VANILLA;XIRECS;10040.0;1
99200;BOT_MAKER;BOT_TAKER;SNACKPACK_PISTACHIO;XIRECS;9715.0;1
99200;BOT_MAKER;BOT_TAKER;SNACKPACK_STRAWBERRY;XIRECS;10151.0;1
99200;BOT_MAKER;BOT_TAKER;SNACKPACK_RASPBERRY;XIRECS;10060.0;1
100300;BOT_TAKER;SUBMISSION;PEBBLES_XS;XIRECS;9683.0;3
100300;BOT_TAKER;BOT_MAKER;PEBBLES_S;XIRECS;9671.0;3
100300;BOT_TAKER;BOT_MAKER;PEBBLES_M;XIRECS;9440.0;3
100300;BOT_TAKER;SUBMISSION;PEBBLES_L;XIRECS;9898.0;3
100300;BOT_TAKER;BOT_MAKER;PEBBLES_XL;XIRECS;11337.0;3
100800;BOT_TAKER;SUBMISSION;MICROCHIP_CIRCLE;XIRECS;9911.0;2
100800;BOT_TAKER;SUBMISSION;MICROCHIP_OVAL;XIRECS;10707.0;2
100800;BOT_TAKER;SUBMISSION;MICROCHIP_SQUARE;XIRECS;9723.0;2
100800;BOT_TAKER;SUBMISSION;MICROCHIP_RECTANGLE;XIRECS;10169.0;2
100800;BOT_TAKER;BOT_MAKER;MICROCHIP_TRIANGLE;XIRECS;10599.0;2
101300;BOT_TAKER;SUBMISSION;PEBBLES_XS;XIRECS;9728.0;2
101300;BOT_TAKER;BOT_MAKER;PEBBLES_S;XIRECS;9619.0;2
101300;BOT_TAKER;BOT_MAKER;PEBBLES_M;XIRECS;9447.0;2
101300;BOT_TAKER;SUBMISSION;PEBBLES_L;XIRECS;9901.0;2
101300;BOT_TAKER;BOT_MAKER;PEBBLES_XL;XIRECS;11334.0;2
101900;SUBMISSION;BOT_TAKER;PEBBLES_XS;XIRECS;9674.0;2
101900;BOT_MAKER;BOT_TAKER;PEBBLES_S;XIRECS;9632.0;2
101900;SUBMISSION;BOT_TAKER;PEBBLES_M;XIRECS;9394.0;2
101900;SUBMISSION;BOT_TAKER;PEBBLES_L;XIRECS;9848.0;2
101900;BOT_MAKER;BOT_TAKER;PEBBLES_XL;XIRECS;11425.0;2
103000;BOT_TAKER;BOT_MAKER;MICROCHIP_CIRCLE;XIRECS;9850.0;1
103000;BOT_TAKER;BOT_MAKER;MICROCHIP_OVAL;XIRECS;10624.0;1
103000;BOT_TAKER;BOT_MAKER;MICROCHIP_SQUARE;XIRECS;9681.0;1
103000;BOT_TAKER;SUBMISSION;MICROCHIP_RECTANGLE;XIRECS;10152.0;1
103000;BOT_TAKER;BOT_MAKER;MICROCHIP_TRIANGLE;XIRECS;10624.0;1
104200;BOT_TAKER;SUBMISSION;PEBBLES_XS;XIRECS;9646.0;2
104200;BOT_TAKER;BOT_MAKER;PEBBLES_XS;XIRECS;9647.0;1
104200;BOT_TAKER;BOT_MAKER;PEBBLES_S;XIRECS;9710.0;3
104200;BOT_TAKER;BOT_MAKER;PEBBLES_M;XIRECS;9385.0;3
104200;BOT_TAKER;SUBMISSION;PEBBLES_L;XIRECS;9928.0;2
104200;BOT_TAKER;BOT_MAKER;PEBBLES_L;XIRECS;9929.0;1
104200;BOT_TAKER;BOT_MAKER;PEBBLES_XL;XIRECS;11360.0;3
107200;BOT_TAKER;BOT_MAKER;MICROCHIP_CIRCLE;XIRECS;9935.0;1
107200;BOT_TAKER;BOT_MAKER;MICROCHIP_OVAL;XIRECS;10662.0;1
107200;BOT_TAKER;BOT_MAKER;MICROCHIP_SQUARE;XIRECS;9635.0;1
107200;BOT_TAKER;BOT_MAKER;MICROCHIP_RECTANGLE;XIRECS;10193.0;1
107200;BOT_TAKER;BOT_MAKER;MICROCHIP_TRIANGLE;XIRECS;10710.0;1
110300;SUBMISSION;BOT_TAKER;PEBBLES_XS;XIRECS;9590.0;5
110300;BOT_MAKER;BOT_TAKER;PEBBLES_S;XIRECS;9712.0;5
110300;SUBMISSION;BOT_TAKER;PEBBLES_M;XIRECS;9599.0;1
110300;BOT_MAKER;BOT_TAKER;PEBBLES_M;XIRECS;9598.0;4
110300;SUBMISSION;BOT_TAKER;PEBBLES_L;XIRECS;9642.0;5
110300;BOT_MAKER;BOT_TAKER;PEBBLES_XL;XIRECS;11429.0;5
110300;SUBMISSION;BOT_TAKER;MICROCHIP_CIRCLE;XIRECS;9886.0;2
110300;SUBMISSION;BOT_TAKER;MICROCHIP_OVAL;XIRECS;10564.0;2
110300;SUBMISSION;BOT_TAKER;MICROCHIP_SQUARE;XIRECS;9650.0;2
110300;BOT_MAKER;BOT_TAKER;MICROCHIP_RECTANGLE;XIRECS;10226.0;2
110300;BOT_MAKER;BOT_TAKER;MICROCHIP_TRIANGLE;XIRECS;10756.0;2
110500;BOT_MAKER;BOT_TAKER;GALAXY_SOUNDS_DARK_MATTER;XIRECS;10128.0;1
110500;SUBMISSION;BOT_TAKER;GALAXY_SOUNDS_BLACK_HOLES;XIRECS;9514.0;1
110500;SUBMISSION;BOT_TAKER;GALAXY_SOUNDS_PLANETARY_RINGS;XIRECS;10045.0;1
110500;SUBMISSION;BOT_TAKER;GALAXY_SOUNDS_SOLAR_WINDS;XIRECS;10272.0;1
110500;BOT_MAKER;BOT_TAKER;GALAXY_SOUNDS_SOLAR_FLAMES;XIRECS;10414.0;1
110500;BOT_MAKER;BOT_TAKER;SLEEP_POD_SUEDE;XIRECS;10533.0;1
110500;SUBMISSION;BOT_TAKER;SLEEP_POD_LAMB_WOOL;XIRECS;9766.0;1
110500;SUBMISSION;BOT_TAKER;SLEEP_POD_POLYESTER;XIRECS;10357.0;1
110500;BOT_MAKER;BOT_TAKER;SLEEP_POD_NYLON;XIRECS;9548.0;1
110500;SUBMISSION;BOT_TAKER;SLEEP_POD_COTTON;XIRECS;10020.0;1
110500;SUBMISSION;BOT_TAKER;ROBOT_VACUUMING;XIRECS;9932.0;1
110500;SUBMISSION;BOT_TAKER;ROBOT_MOPPING;XIRECS;9688.0;1
110500;BOT_MAKER;BOT_TAKER;ROBOT_DISHES;XIRECS;9304.0;1
110500;SUBMISSION;BOT_TAKER;ROBOT_LAUNDRY;XIRECS;9887.0;1
110500;SUBMISSION;BOT_TAKER;ROBOT_IRONING;XIRECS;9918.0;1
110500;SUBMISSION;BOT_TAKER;UV_VISOR_YELLOW;XIRECS;10366.0;1
110500;SUBMISSION;BOT_TAKER;UV_VISOR_AMBER;XIRECS;9299.0;1
110500;SUBMISSION;BOT_TAKER;UV_VISOR_ORANGE;XIRECS;10428.0;1
110500;BOT_MAKER;BOT_TAKER;UV_VISOR_RED;XIRECS;10570.0;1
110500;BOT_MAKER;BOT_TAKER;UV_VISOR_MAGENTA;XIRECS;10679.0;1
110500;SUBMISSION;BOT_TAKER;TRANSLATOR_SPACE_GRAY;XIRECS;9441.0;1
110500;BOT_MAKER;BOT_TAKER;TRANSLATOR_ASTRO_BLACK;XIRECS;10059.0;1
110500;BOT_MAKER;BOT_TAKER;TRANSLATOR_ECLIPSE_CHARCOAL;XIRECS;9784.0;1
110500;SUBMISSION;BOT_TAKER;TRANSLATOR_GRAPHITE_MIST;XIRECS;9698.0;1
110500;BOT_MAKER;BOT_TAKER;TRANSLATOR_VOID_BLUE;XIRECS;10196.0;1
110500;SUBMISSION;BOT_TAKER;PANEL_1X2;XIRECS;9847.0;1
110500;SUBMISSION;BOT_TAKER;PANEL_2X2;XIRECS;9545.0;1
110500;SUBMISSION;BOT_TAKER;PANEL_1X4;XIRECS;10981.0;1
110500;BOT_MAKER;BOT_TAKER;PANEL_2X4;XIRECS;10329.0;1
110500;SUBMISSION;BOT_TAKER;PANEL_4X4;XIRECS;10302.0;1
110500;SUBMISSION;BOT_TAKER;OXYGEN_SHAKE_MORNING_BREATH;XIRECS;10250.0;1
110500;SUBMISSION;BOT_TAKER;OXYGEN_SHAKE_EVENING_BREATH;XIRECS;9649.0;1
110500;SUBMISSION;BOT_TAKER;OXYGEN_SHAKE_MINT;XIRECS;10215.0;1
110500;BOT_MAKER;BOT_TAKER;OXYGEN_SHAKE_CHOCOLATE;XIRECS;9332.0;1
110500;SUBMISSION;BOT_TAKER;OXYGEN_SHAKE_GARLIC;XIRECS;10808.0;1
110500;SUBMISSION;BOT_TAKER;SNACKPACK_CHOCOLATE;XIRECS;9867.0;1
110500;BOT_MAKER;BOT_TAKER;SNACKPACK_VANILLA;XIRECS;10125.0;1
110500;BOT_MAKER;BOT_TAKER;SNACKPACK_PISTACHIO;XIRECS;9711.0;1
110500;BOT_MAKER;BOT_TAKER;SNACKPACK_STRAWBERRY;XIRECS;10162.0;1
110500;BOT_MAKER;BOT_TAKER;SNACKPACK_RASPBERRY;XIRECS;10098.0;1
110500;BOT_TAKER;SUBMISSION;PEBBLES_XS;XIRECS;9567.0;3
110500;BOT_TAKER;BOT_MAKER;PEBBLES_S;XIRECS;9691.0;3
110500;BOT_TAKER;BOT_MAKER;PEBBLES_M;XIRECS;9601.0;3
110500;BOT_TAKER;SUBMISSION;PEBBLES_L;XIRECS;9656.0;3
110500;BOT_TAKER;BOT_MAKER;PEBBLES_XL;XIRECS;11514.0;3
114500;SUBMISSION;BOT_TAKER;MICROCHIP_CIRCLE;XIRECS;9841.0;3
114500;SUBMISSION;BOT_TAKER;MICROCHIP_OVAL;XIRECS;10641.0;3
114500;SUBMISSION;BOT_TAKER;MICROCHIP_SQUARE;XIRECS;9676.0;3
114500;BOT_MAKER;BOT_TAKER;MICROCHIP_RECTANGLE;XIRECS;10240.0;3
114500;BOT_MAKER;BOT_TAKER;MICROCHIP_TRIANGLE;XIRECS;10746.0;3
115000;SUBMISSION;BOT_TAKER;MICROCHIP_CIRCLE;XIRECS;9835.0;3
115000;SUBMISSION;BOT_TAKER;MICROCHIP_OVAL;XIRECS;10627.0;3
115000;SUBMISSION;BOT_TAKER;MICROCHIP_SQUARE;XIRECS;9690.0;3
115000;BOT_MAKER;BOT_TAKER;MICROCHIP_RECTANGLE;XIRECS;10210.0;3
115000;BOT_MAKER;BOT_TAKER;MICROCHIP_TRIANGLE;XIRECS;10810.0;3
115900;BOT_TAKER;SUBMISSION;PEBBLES_XS;XIRECS;9583.0;2
115900;BOT_TAKER;BOT_MAKER;PEBBLES_XS;XIRECS;9584.0;2
115900;BOT_TAKER;SUBMISSION;PEBBLES_S;XIRECS;9946.0;4
115900;BOT_TAKER;BOT_MAKER;PEBBLES_M;XIRECS;9658.0;4
115900;BOT_TAKER;SUBMISSION;PEBBLES_L;XIRECS;9649.0;2
115900;BOT_TAKER;BOT_MAKER;PEBBLES_L;XIRECS;9650.0;2
115900;BOT_TAKER;BOT_MAKER;PEBBLES_XL;XIRECS;11191.0;4
116200;SUBMISSION;BOT_TAKER;MICROCHIP_CIRCLE;XIRECS;9761.0;2
116200;SUBMISSION;BOT_TAKER;MICROCHIP_OVAL;XIRECS;10612.0;2
116200;SUBMISSION;BOT_TAKER;MICROCHIP_SQUARE;XIRECS;9746.0;2
116200;BOT_MAKER;BOT_TAKER;MICROCHIP_RECTANGLE;XIRECS;10153.0;2
116200;BOT_MAKER;BOT_TAKER;MICROCHIP_TRIANGLE;XIRECS;10783.0;2
116600;SUBMISSION;BOT_TAKER;PEBBLES_XS;XIRECS;9566.0;5
116600;BOT_MAKER;BOT_TAKER;PEBBLES_S;XIRECS;10036.0;5
116600;BOT_MAKER;BOT_TAKER;PEBBLES_M;XIRECS;9694.0;5
116600;SUBMISSION;BOT_TAKER;PEBBLES_L;XIRECS;9613.0;5
116600;BOT_MAKER;BOT_TAKER;PEBBLES_XL;XIRECS;11062.0;5
116700;BOT_TAKER;SUBMISSION;MICROCHIP_CIRCLE;XIRECS;9770.0;2
116700;BOT_TAKER;SUBMISSION;MICROCHIP_OVAL;XIRECS;10580.0;2
116700;BOT_TAKER;SUBMISSION;MICROCHIP_SQUARE;XIRECS;9730.0;2
116700;BOT_TAKER;BOT_MAKER;MICROCHIP_RECTANGLE;XIRECS;10172.0;2
116700;BOT_TAKER;BOT_MAKER;MICROCHIP_TRIANGLE;XIRECS;10880.0;2
117200;BOT_TAKER;SUBMISSION;PEBBLES_XS;XIRECS;9560.0;4
117200;BOT_TAKER;BOT_MAKER;PEBBLES_XS;XIRECS;9561.0;1
117200;BOT_TAKER;SUBMISSION;PEBBLES_S;XIRECS;10021.0;5
117200;BOT_TAKER;BOT_MAKER;PEBBLES_M;XIRECS;9681.0;5
117200;BOT_TAKER;SUBMISSION;PEBBLES_L;XIRECS;9588.0;4
117200;BOT_TAKER;BOT_MAKER;PEBBLES_L;XIRECS;9589.0;1
117200;BOT_TAKER;BOT_MAKER;PEBBLES_XL;XIRECS;11178.0;5
117900;SUBMISSION;BOT_TAKER;GALAXY_SOUNDS_DARK_MATTER;XIRECS;10018.0;1
117900;SUBMISSION;BOT_TAKER;GALAXY_SOUNDS_BLACK_HOLES;XIRECS;9691.0;1
117900;SUBMISSION;BOT_TAKER;GALAXY_SOUNDS_PLANETARY_RINGS;XIRECS;10009.0;1
117900;SUBMISSION;BOT_TAKER;GALAXY_SOUNDS_SOLAR_WINDS;XIRECS;10354.0;1
117900;BOT_MAKER;BOT_TAKER;GALAXY_SOUNDS_SOLAR_FLAMES;XIRECS;10495.0;1
117900;BOT_MAKER;BOT_TAKER;SLEEP_POD_SUEDE;XIRECS;10337.0;1
117900;SUBMISSION;BOT_TAKER;SLEEP_POD_LAMB_WOOL;XIRECS;9753.0;1
117900;SUBMISSION;BOT_TAKER;SLEEP_POD_POLYESTER;XIRECS;10538.0;1
117900;BOT_MAKER;BOT_TAKER;SLEEP_POD_NYLON;XIRECS;9559.0;1
117900;SUBMISSION;BOT_TAKER;SLEEP_POD_COTTON;XIRECS;10156.0;1
117900;SUBMISSION;BOT_TAKER;ROBOT_VACUUMING;XIRECS;9819.0;1
117900;SUBMISSION;BOT_TAKER;ROBOT_MOPPING;XIRECS;9735.0;1
117900;BOT_MAKER;BOT_TAKER;ROBOT_DISHES;XIRECS;9081.0;1
117900;SUBMISSION;BOT_TAKER;ROBOT_LAUNDRY;XIRECS;9958.0;1
117900;SUBMISSION;BOT_TAKER;ROBOT_IRONING;XIRECS;9876.0;1
117900;SUBMISSION;BOT_TAKER;UV_VISOR_YELLOW;XIRECS;10436.0;1
117900;SUBMISSION;BOT_TAKER;UV_VISOR_AMBER;XIRECS;9231.0;1
117900;SUBMISSION;BOT_TAKER;UV_VISOR_ORANGE;XIRECS;10455.0;1
117900;BOT_MAKER;BOT_TAKER;UV_VISOR_RED;XIRECS;10525.0;1
117900;BOT_MAKER;BOT_TAKER;UV_VISOR_MAGENTA;XIRECS;10751.0;1
117900;SUBMISSION;BOT_TAKER;TRANSLATOR_SPACE_GRAY;XIRECS;9514.0;1
117900;SUBMISSION;BOT_TAKER;TRANSLATOR_ASTRO_BLACK;XIRECS;10032.0;1
117900;BOT_MAKER;BOT_TAKER;TRANSLATOR_ECLIPSE_CHARCOAL;XIRECS;9816.0;1
117900;SUBMISSION;BOT_TAKER;TRANSLATOR_GRAPHITE_MIST;XIRECS;9578.0;1
117900;BOT_MAKER;BOT_TAKER;TRANSLATOR_VOID_BLUE;XIRECS;10327.0;1
117900;SUBMISSION;BOT_TAKER;PANEL_1X2;XIRECS;9853.0;1
117900;SUBMISSION;BOT_TAKER;PANEL_2X2;XIRECS;9651.0;1
117900;SUBMISSION;BOT_TAKER;PANEL_1X4;XIRECS;10927.0;1
117900;BOT_MAKER;BOT_TAKER;PANEL_2X4;XIRECS;10266.0;1
117900;SUBMISSION;BOT_TAKER;PANEL_4X4;XIRECS;10286.0;1
117900;SUBMISSION;BOT_TAKER;OXYGEN_SHAKE_MORNING_BREATH;XIRECS;10210.0;1
