timestamp;buyer;seller;symbol;currency;price;quantity
100;BOT_MAKER;BOT_TAKER;VEV_4000;XIRECS;1252.0;2
100;BOT_MAKER;BOT_TAKER;VEV_5400;XIRECS;15.0;4
300;BOT_MAKER;BOT_TAKER;HYDROGEL_PACK;XIRECS;9967.0;5
300;BOT_TAKER;BOT_MAKER;VELVETFRUIT_EXTRACT;XIRECS;5269.0;6
400;BOT_TAKER;BOT_MAKER;VELVETFRUIT_EXTRACT;XIRECS;5269.0;5
500;SUBMISSION;BOT_TAKER;VELVETFRUIT_EXTRACT;XIRECS;5264.0;5
500;BOT_MAKER;BOT_TAKER;VELVETFRUIT_EXTRACT;XIRECS;5263.0;2
600;BOT_TAKER;BOT_MAKER;HYDROGEL_PACK;XIRECS;9978.0;6
600;BOT_MAKER;BOT_TAKER;VEV_5400;XIRECS;15.0;4
700;BOT_MAKER;BOT_TAKER;VELVETFRUIT_EXTRACT;XIRECS;5264.0;6
900;BOT_TAKER;BOT_MAKER;HYDROGEL_PACK;XIRECS;9977.0;5
1000;BOT_MAKER;BOT_TAKER;HYDROGEL_PACK;XIRECS;9962.0;5
1100;BOT_MAKER;BOT_TAKER;VEV_5500;XIRECS;5.0;4
1100;SUBMISSION;BOT_TAKER;VEV_4000;XIRECS;1252.0;2
1200;BOT_MAKER;BOT_TAKER;HYDROGEL_PACK;XIRECS;9965.0;4
1200;BOT_MAKER;BOT_TAKER;VEV_5400;XIRECS;14.0;3
1200;BOT_MAKER;BOT_TAKER;VEV_6500;XIRECS;0.0;2
1300;BOT_MAKER;BOT_TAKER;VELVETFRUIT_EXTRACT;XIRECS;5263.0;8
1300;BOT_TAKER;BOT_MAKER;VEV_5500;XIRECS;6.0;5
1300;BOT_MAKER;BOT_TAKER;VEV_6500;XIRECS;0.0;3
1500;BOT_TAKER;BOT_MAKER;HYDROGEL_PACK;XIRECS;9982.0;6
1500;BOT_TAKER;BOT_MAKER;VELVETFRUIT_EXTRACT;XIRECS;5269.0;6
1500;BOT_TAKER;BOT_MAKER;VEV_5500;XIRECS;6.0;4
1500;BOT_TAKER;SUBMISSION;HYDROGEL_PACK;XIRECS;9981.0;2
1600;BOT_MAKER;BOT_TAKER;VELVETFRUIT_EXTRACT;XIRECS;5262.0;4
1600;BOT_TAKER;BOT_MAKER;VEV_6000;XIRECS;1.0;3
1700;BOT_MAKER;BOT_TAKER;VEV_6500;XIRECS;0.0;2
1800;BOT_MAKER;BOT_TAKER;HYDROGEL_PACK;XIRECS;9966.0;3
1900;BOT_TAKER;BOT_MAKER;VELVETFRUIT_EXTRACT;XIRECS;5265.0;8
1900;BOT_TAKER;BOT_MAKER;VEV_6500;XIRECS;1.0;3
2000;BOT_MAKER;BOT_TAKER;HYDROGEL_PACK;XIRECS;9967.0;3
2100;BOT_MAKER;BOT_TAKER;VELVETFRUIT_EXTRACT;XIRECS;5260.0;9
2100;BOT_MAKER;BOT_TAKER;VEV_6000;XIRECS;0.0;5
2200;BOT_TAKER;BOT_MAKER;HYDROGEL_PACK;XIRECS;9985.0;5
2300;BOT_TAKER;BOT_MAKER;VEV_5500;XIRECS;6.0;4
2400;BOT_TAKER;BOT_MAKER;VEV_4000;XIRECS;1274.0;2
2500;BOT_TAKER;BOT_MAKER;VELVETFRUIT_EXTRACT;XIRECS;5263.0;3
2600;BOT_TAKER;BOT_MAKER;HYDROGEL_PACK;XIRECS;9983.0;5
2700;BOT_MAKER;BOT_TAKER;HYDROGEL_PACK;XIRECS;9966.0;6
2700;BOT_MAKER;BOT_TAKER;VEV_5400;XIRECS;15.0;2
2700;SUBMISSION;BOT_TAKER;VELVETFRUIT_EXTRACT;XIRECS;5257.0;4
2800;BOT_TAKER;BOT_MAKER;HYDROGEL_PACK;XIRECS;9984.0;3
2800;BOT_MAKER;BOT_TAKER;VELVETFRUIT_EXTRACT;XIRECS;5255.0;8
2800;BOT_MAKER;BOT_TAKER;VEV_5400;XIRECS;16.0;3
2900;BOT_MAKER;BOT_TAKER;VELVETFRUIT_EXTRACT;XIRECS;5255.0;7
2900;BOT_TAKER;BOT_MAKER;VEV_4000;XIRECS;1278.0;1
2900;BOT_TAKER;BOT_MAKER;VEV_6500;XIRECS;1.0;2
3000;BOT_MAKER;BOT_TAKER;HYDROGEL_PACK;XIRECS;9968.0;3
3000;BOT_MAKER;BOT_TAKER;VELVETFRUIT_EXTRACT;XIRECS;5256.0;7
3000;BOT_MAKER;BOT_TAKER;VEV_5500;XIRECS;5.0;5
3000;BOT_TAKER;BOT_MAKER;VEV_6500;XIRECS;1.0;5
3100;BOT_TAKER;BOT_MAKER;VELVETFRUIT_EXTRACT;XIRECS;5261.0;8
3100;BOT_TAKER;BOT_MAKER;VEV_4000;XIRECS;1280.0;2
3100;BOT_MAKER;BOT_TAKER;VEV_5400;XIRECS;16.0;5
3200;BOT_TAKER;BOT_MAKER;HYDROGEL_PACK;XIRECS;9987.0;3
3300;BOT_MAKER;BOT_TAKER;VELVETFRUIT_EXTRACT;XIRECS;5257.0;5
3400;BOT_TAKER;BOT_MAKER;HYDROGEL_PACK;XIRECS;9985.0;6
3400;BOT_TAKER;SUBMISSION;HYDROGEL_PACK;XIRECS;9984.0;2
3500;BOT_TAKER;BOT_MAKER;VEV_5200;XIRECS;111.0;2
3600;BOT_TAKER;BOT_MAKER;VELVETFRUIT_EXTRACT;XIRECS;5260.0;3
3800;BOT_TAKER;BOT_MAKER;VELVETFRUIT_EXTRACT;XIRECS;5262.0;6
3800;BOT_TAKER;BOT_MAKER;VEV_5500;XIRECS;6.0;4
3900;BOT_TAKER;BOT_MAKER;HYDROGEL_PACK;XIRECS;9987.0;3
3900;BOT_TAKER;BOT_MAKER;VELVETFRUIT_EXTRACT;XIRECS;5264.0;6
4100;BOT_MAKER;BOT_TAKER;VEV_5300;XIRECS;49.0;5
4200;BOT_TAKER;BOT_MAKER;HYDROGEL_PACK;XIRECS;9990.0;6
4300;BOT_MAKER;BOT_TAKER;VEV_4000;XIRECS;1260.0;1
4300;BOT_MAKER;BOT_TAKER;VEV_5500;XIRECS;5.0;5
4500;BOT_MAKER;BOT_TAKER;VELVETFRUIT_EXTRACT;XIRECS;5258.0;4
4500;BOT_TAKER;BOT_MAKER;VEV_4000;XIRECS;1280.0;2
4600;BOT_TAKER;BOT_MAKER;VEV_4000;XIRECS;1280.0;3
4700;BOT_MAKER;BOT_TAKER;VELVETFRUIT_EXTRACT;XIRECS;5259.0;4
4700;SUBMISSION;BOT_TAKER;HYDROGEL_PACK;XIRECS;9977.0;4
4900;BOT_TAKER;BOT_MAKER;VEV_5500;XIRECS;6.0;2
4900;BOT_MAKER;BOT_TAKER;VEV_6000;XIRECS;0.0;4
4900;BOT_TAKER;SUBMISSION;HYDROGEL_PACK;XIRECS;9991.0;5
5100;BOT_TAKER;BOT_MAKER;HYDROGEL_PACK;XIRECS;9993.0;6
5100;BOT_TAKER;BOT_MAKER;VEV_4000;XIRECS;1282.0;3
5200;SUBMISSION;BOT_TAKER;VEV_5500;XIRECS;6.0;3
5300;BOT_MAKER;BOT_TAKER;VEV_6500;XIRECS;0.0;5
5400;BOT_TAKER;BOT_MAKER;HYDROGEL_PACK;XIRECS;9995.0;4
5400;BOT_MAKER;BOT_TAKER;VELVETFRUIT_EXTRACT;XIRECS;5257.0;8
5500;BOT_TAKER;BOT_MAKER;VELVETFRUIT_EXTRACT;XIRECS;5263.0;8
5600;BOT_MAKER;BOT_TAKER;VELVETFRUIT_EXTRACT;XIRECS;5259.0;6
5600;BOT_TAKER;BOT_MAKER;VEV_6000;XIRECS;1.0;2
5700;BOT_TAKER;BOT_MAKER;HYDROGEL_PACK;XIRECS;10001.0;3
5700;BOT_TAKER;BOT_MAKER;HYDROGEL_PACK;XIRECS;10001.0;5
6000;BOT_MAKER;BOT_TAKER;VELVETFRUIT_EXTRACT;XIRECS;5259.0;3
6000;BOT_TAKER;BOT_MAKER;VEV_4000;XIRECS;1289.0;1
6300;BOT_TAKER;BOT_MAKER;VEV_4000;XIRECS;1289.0;1
6300;SUBMISSION;BOT_TAKER;HYDROGEL_PACK;XIRECS;9986.0;5
6400;BOT_MAKER;BOT_TAKER;HYDROGEL_PACK;XIRECS;9980.0;6
6400;BOT_TAKER;BOT_MAKER;VEV_5400;XIRECS;17.0;3
6400;BOT_MAKER;BOT_TAKER;VEV_6000;XIRECS;0.0;3
6500;BOT_MAKER;BOT_TAKER;HYDROGEL_PACK;XIRECS;9984.0;6
6500;BOT_TAKER;BOT_MAKER;VELVETFRUIT_EXTRACT;XIRECS;5263.0;4
6600;BOT_TAKER;SUBMISSION;VELVETFRUIT_EXTRACT;XIRECS;5262.0;4
6700;BOT_MAKER;BOT_TAKER;HYDROGEL_PACK;XIRECS;9988.0;4
6700;BOT_MAKER;BOT_TAKER;VELVETFRUIT_EXTRACT;XIRECS;5257.0;7
6700;BOT_MAKER;BOT_TAKER;VEV_5500;XIRECS;6.0;2
6900;BOT_MAKER;BOT_TAKER;HYDROGEL_PACK;XIRECS;9990.0;4
6900;BOT_TAKER;BOT_MAKER;VELVETFRUIT_EXTRACT;XIRECS;5262.0;7
6900;BOT_MAKER;BOT_TAKER;VEV_6500;XIRECS;0.0;3
6900;SUBMISSION;BOT_TAKER;HYDROGEL_PACK;XIRECS;9991.0;4
7100;BOT_TAKER;BOT_MAKER;HYDROGEL_PACK;XIRECS;10002.0;6
7100;BOT_TAKER;BOT_MAKER;VEV_4000;XIRECS;1294.0;2
7200;BOT_TAKER;BOT_MAKER;VELVETFRUIT_EXTRACT;XIRECS;5261.0;6
7300;BOT_MAKER;BOT_TAKER;VELVETFRUIT_EXTRACT;XIRECS;5255.0;5
7400;BOT_MAKER;BOT_TAKER;HYDROGEL_PACK;XIRECS;9990.0;4
7400;BOT_MAKER;BOT_TAKER;VEV_5300;XIRECS;48.0;5
7500;BOT_TAKER;BOT_MAKER;VEV_5400;XIRECS;17.0;2
7500;BOT_TAKER;BOT_MAKER;VEV_5500;XIRECS;7.0;2
7500;SUBMISSION;BOT_TAKER;VELVETFRUIT_EXTRACT;XIRECS;5255.0;5
7500;BOT_MAKER;BOT_TAKER;VELVETFRUIT_EXTRACT;XIRECS;5254.0;2
7600;BOT_TAKER;BOT_MAKER;HYDROGEL_PACK;XIRECS;10000.0;2
7600;BOT_TAKER;BOT_MAKER;VELVETFRUIT_EXTRACT;XIRECS;5260.0;3
7600;BOT_TAKER;BOT_MAKER;VELVETFRUIT_EXTRACT;XIRECS;5260.0;4
7700;BOT_MAKER;BOT_TAKER;HYDROGEL_PACK;XIRECS;9986.0;3
7700;BOT_MAKER;BOT_TAKER;VELVETFRUIT_EXTRACT;XIRECS;5254.0;8
7700;BOT_TAKER;BOT_MAKER;VEV_4000;XIRECS;1296.0;2
7700;BOT_MAKER;BOT_TAKER;VEV_5500;XIRECS;6.0;2
7700;BOT_TAKER;BOT_MAKER;VEV_6500;XIRECS;1.0;2
7900;BOT_TAKER;BOT_MAKER;VELVETFRUIT_EXTRACT;XIRECS;5259.0;9
7900;BOT_MAKER;BOT_TAKER;VEV_6000;XIRECS;0.0;5
8000;BOT_TAKER;BOT_MAKER;HYDROGEL_PACK;XIRECS;9999.0;4
8000;BOT_MAKER;BOT_TAKER;VELVETFRUIT_EXTRACT;XIRECS;5255.0;5
8000;BOT_TAKER;BOT_MAKER;VEV_5400;XIRECS;17.0;5
8000;BOT_MAKER;BOT_TAKER;VEV_6500;XIRECS;0.0;4
8100;BOT_TAKER;BOT_MAKER;HYDROGEL_PACK;XIRECS;10000.0;3
8100;BOT_TAKER;BOT_MAKER;VEV_4000;XIRECS;1293.0;3
8200;BOT_MAKER;BOT_TAKER;HYDROGEL_PACK;XIRECS;9986.0;5
8200;BOT_MAKER;BOT_TAKER;VELVETFRUIT_EXTRACT;XIRECS;5256.0;7
8200;BOT_TAKER;BOT_MAKER;VEV_6000;XIRECS;1.0;2
8300;BOT_MAKER;BOT_TAKER;HYDROGEL_PACK;XIRECS;9989.0;2
8300;BOT_TAKER;BOT_MAKER;VELVETFRUIT_EXTRACT;XIRECS;5261.0;7
8300;BOT_MAKER;BOT_TAKER;VEV_6000;XIRECS;0.0;2
8300;SUBMISSION;BOT_TAKER;HYDROGEL_PACK;XIRECS;9990.0;3
8400;BOT_MAKER;BOT_TAKER;VEV_6000;XIRECS;0.0;5
8400;BOT_MAKER;BOT_TAKER;VEV_6500;XIRECS;0.0;4
8500;BOT_TAKER;BOT_MAKER;HYDROGEL_PACK;XIRECS;10003.0;4
8500;BOT_TAKER;BOT_MAKER;VELVETFRUIT_EXTRACT;XIRECS;5262.0;8
8500;BOT_TAKER;BOT_MAKER;VEV_5400;XIRECS;18.0;4
8600;BOT_MAKER;BOT_TAKER;HYDROGEL_PACK;XIRECS;9984.0;5
8600;BOT_MAKER;BOT_TAKER;VEV_6000;XIRECS;0.0;2
8700;BOT_MAKER;BOT_TAKER;VEV_6000;XIRECS;0.0;2
8700;BOT_TAKER;SUBMISSION;VEV_4000;XIRECS;1290.0;2
8800;BOT_MAKER;BOT_TAKER;VELVETFRUIT_EXTRACT;XIRECS;5259.0;15
8800;BOT_TAKER;BOT_MAKER;VEV_6000;XIRECS;1.0;3
8800;SUBMISSION;BOT_TAKER;VEV_4000;XIRECS;1271.0;2
8800;BOT_TAKER;SUBMISSION;VEV_5300;XIRECS;48.0;4
8900;BOT_MAKER;BOT_TAKER;HYDROGEL_PACK;XIRECS;9986.0;2
8900;BOT_TAKER;BOT_MAKER;VELVETFRUIT_EXTRACT;XIRECS;5265.0;5
8900;BOT_MAKER;BOT_TAKER;VEV_6500;XIRECS;0.0;3
8900;BOT_TAKER;BOT_MAKER;VEV_6500;XIRECS;1.0;4
9000;BOT_TAKER;BOT_MAKER;VELVETFRUIT_EXTRACT;XIRECS;5265.0;5
9100;BOT_TAKER;BOT_MAKER;HYDROGEL_PACK;XIRECS;10003.0;3
9200;BOT_TAKER;BOT_MAKER;HYDROGEL_PACK;XIRECS;10005.0;3
9200;BOT_TAKER;BOT_MAKER;VEV_4000;XIRECS;1294.0;3
9300;BOT_MAKER;BOT_TAKER;HYDROGEL_PACK;XIRECS;9987.0;5
9400;BOT_TAKER;BOT_MAKER;VELVETFRUIT_EXTRACT;XIRECS;5262.0;3
9500;BOT_TAKER;BOT_MAKER;VELVETFRUIT_EXTRACT;XIRECS;5262.0;14
9500;SUBMISSION;BOT_TAKER;HYDROGEL_PACK;XIRECS;9989.0;5
9500;BOT_MAKER;BOT_TAKER;HYDROGEL_PACK;XIRECS;9988.0;1
9500;BOT_TAKER;SUBMISSION;VEV_4000;XIRECS;1292.0;2
9600;BOT_TAKER;BOT_MAKER;VELVETFRUIT_EXTRACT;XIRECS;5261.0;3
9700;BOT_TAKER;BOT_MAKER;VELVETFRUIT_EXTRACT;XIRECS;5262.0;8
9800;BOT_MAKER;BOT_TAKER;VELVETFRUIT_EXTRACT;XIRECS;5255.0;6
9800;BOT_MAKER;BOT_TAKER;VEV_5500;XIRECS;5.0;3
9800;SUBMISSION;BOT_TAKER;VELVETFRUIT_EXTRACT;XIRECS;5256.0;5
9800;BOT_MAKER;BOT_TAKER;VELVETFRUIT_EXTRACT;XIRECS;5255.0;2
9900;BOT_MAKER;BOT_TAKER;HYDROGEL_PACK;XIRECS;9983.0;2
9900;BOT_MAKER;BOT_TAKER;VELVETFRUIT_EXTRACT;XIRECS;5254.0;6
9900;BOT_TAKER;BOT_MAKER;VEV_4000;XIRECS;1291.0;3
10000;BOT_MAKER;BOT_TAKER;VELVETFRUIT_EXTRACT;XIRECS;5256.0;5
10100;BOT_TAKER;SUBMISSION;VEV_4000;XIRECS;1292.0;1
10200;BOT_MAKER;BOT_TAKER;HYDROGEL_PACK;XIRECS;9982.0;4
10300;BOT_MAKER;BOT_TAKER;VELVETFRUIT_EXTRACT;XIRECS;5257.0;6
10400;BOT_TAKER;BOT_MAKER;HYDROGEL_PACK;XIRECS;10001.0;2
10400;BOT_TAKER;BOT_MAKER;VEV_5500;XIRECS;6.0;4
10500;BOT_TAKER;BOT_MAKER;HYDROGEL_PACK;XIRECS;10000.0;6
10500;BOT_TAKER;BOT_MAKER;VELVETFRUIT_EXTRACT;XIRECS;5261.0;8
10500;BOT_MAKER;BOT_TAKER;VEV_5400;XIRECS;16.0;3
10600;BOT_MAKER;BOT_TAKER;VELVETFRUIT_EXTRACT;XIRECS;5255.0;6
10700;BOT_TAKER;BOT_MAKER;VELVETFRUIT_EXTRACT;XIRECS;5261.0;7
10700;BOT_TAKER;BOT_MAKER;VEV_4000;XIRECS;1296.0;3
10800;BOT_MAKER;BOT_TAKER;VEV_4000;XIRECS;1273.0;3
10900;BOT_MAKER;BOT_TAKER;VELVETFRUIT_EXTRACT;XIRECS;5255.0;3
11000;BOT_TAKER;BOT_MAKER;HYDROGEL_PACK;XIRECS;9998.0;4
11100;BOT_TAKER;BOT_MAKER;VELVETFRUIT_EXTRACT;XIRECS;5261.0;4
11100;SUBMISSION;BOT_TAKER;VELVETFRUIT_EXTRACT;XIRECS;5256.0;5
11100;BOT_MAKER;BOT_TAKER;VELVETFRUIT_EXTRACT;XIRECS;5255.0;2
11200;BOT_TAKER;BOT_MAKER;HYDROGEL_PACK;XIRECS;10001.0;6
11400;BOT_MAKER;BOT_TAKER;HYDROGEL_PACK;XIRECS;9986.0;5
11400;BOT_MAKER;BOT_TAKER;VELVETFRUIT_EXTRACT;XIRECS;5255.0;8
11400;BOT_TAKER;BOT_MAKER;VEV_5300;XIRECS;50.0;5
11500;BOT_MAKER;BOT_TAKER;VEV_6000;XIRECS;0.0;3
11600;BOT_MAKER;BOT_TAKER;VEV_5500;XIRECS;5.0;2
11700;BOT_TAKER;BOT_MAKER;VEV_5500;XIRECS;6.0;4
11700;SUBMISSION;BOT_TAKER;HYDROGEL_PACK;XIRECS;9986.0;5
11700;BOT_MAKER;BOT_TAKER;HYDROGEL_PACK;XIRECS;9985.0;1
11800;BOT_MAKER;BOT_TAKER;HYDROGEL_PACK;XIRECS;9986.0;6
11800;BOT_TAKER;BOT_MAKER;VELVETFRUIT_EXTRACT;XIRECS;5256.0;7
11800;BOT_MAKER;BOT_TAKER;VEV_6000;XIRECS;0.0;2
11900;BOT_MAKER;BOT_TAKER;VEV_5200;XIRECS;106.0;4
11900;BOT_TAKER;BOT_MAKER;VEV_6000;XIRECS;1.0;4
12000;BOT_TAKER;BOT_MAKER;VELVETFRUIT_EXTRACT;XIRECS;5256.0;6
12000;BOT_TAKER;BOT_MAKER;VEV_6000;XIRECS;1.0;3
12100;BOT_MAKER;BOT_TAKER;HYDROGEL_PACK;XIRECS;9985.0;3
12100;BOT_TAKER;BOT_MAKER;VELVETFRUIT_EXTRACT;XIRECS;5256.0;5
12100;BOT_MAKER;BOT_TAKER;VEV_5500;XIRECS;5.0;2
12300;BOT_TAKER;BOT_MAKER;HYDROGEL_PACK;XIRECS;9998.0;4
12600;BOT_TAKER;BOT_MAKER;HYDROGEL_PACK;XIRECS;10002.0;6
12700;BOT_MAKER;BOT_TAKER;VEV_5200;XIRECS;106.0;5
12700;BOT_MAKER;BOT_TAKER;VEV_6000;XIRECS;0.0;3
12800;BOT_MAKER;BOT_TAKER;VELVETFRUIT_EXTRACT;XIRECS;5250.0;8
12800;BOT_MAKER;BOT_TAKER;VEV_5200;XIRECS;105.0;5
12800;BOT_MAKER;BOT_TAKER;VEV_6500;XIRECS;0.0;3
12800;BOT_TAKER;BOT_MAKER;VEV_6500;XIRECS;1.0;5
12900;BOT_MAKER;BOT_TAKER;VELVETFRUIT_EXTRACT;XIRECS;5251.0;4
12900;BOT_TAKER;BOT_MAKER;VELVETFRUIT_EXTRACT;XIRECS;5257.0;8
13100;BOT_MAKER;BOT_TAKER;HYDROGEL_PACK;XIRECS;9983.0;2
13200;BOT_MAKER;BOT_TAKER;HYDROGEL_PACK;XIRECS;9980.0;2
13200;BOT_MAKER;BOT_TAKER;VEV_4000;XIRECS;1271.0;2
13300;BOT_MAKER;BOT_TAKER;VEV_4000;XIRECS;1274.0;1
13400;BOT_TAKER;BOT_MAKER;HYDROGEL_PACK;XIRECS;9994.0;6
13600;BOT_TAKER;BOT_MAKER;VELVETFRUIT_EXTRACT;XIRECS;5256.0;3
13600;BOT_MAKER;BOT_TAKER;VEV_5300;XIRECS;48.0;5
13700;SUBMISSION;BOT_TAKER;HYDROGEL_PACK;XIRECS;9980.0;5
13700;BOT_MAKER;BOT_TAKER;HYDROGEL_PACK;XIRECS;9979.0;1
13700;BOT_TAKER;SUBMISSION;VEV_4000;XIRECS;1296.0;3
13800;BOT_MAKER;BOT_TAKER;HYDROGEL_PACK;XIRECS;9978.0;2
13900;SUBMISSION;BOT_TAKER;HYDROGEL_PACK;XIRECS;9976.0;4
14000;BOT_MAKER;BOT_TAKER;VELVETFRUIT_EXTRACT;XIRECS;5253.0;7
14000;BOT_TAKER;BOT_MAKER;VEV_6000;XIRECS;1.0;2
14100;BOT_MAKER;BOT_TAKER;HYDROGEL_PACK;XIRECS;9975.0;5
14100;BOT_TAKER;SUBMISSION;VELVETFRUIT_EXTRACT;XIRECS;5258.0;5
14100;BOT_TAKER;BOT_MAKER;VELVETFRUIT_EXTRACT;XIRECS;5259.0;1
14200;BOT_MAKER;BOT_TAKER;VELVETFRUIT_EXTRACT;XIRECS;5254.0;8
14300;BOT_TAKER;BOT_MAKER;HYDROGEL_PACK;XIRECS;9989.0;5
14300;BOT_MAKER;BOT_TAKER;VEV_4000;XIRECS;1274.0;1
14500;BOT_MAKER;BOT_TAKER;VELVETFRUIT_EXTRACT;XIRECS;5255.0;8
14500;BOT_TAKER;BOT_MAKER;VELVETFRUIT_EXTRACT;XIRECS;5260.0;8
14500;BOT_TAKER;SUBMISSION;HYDROGEL_PACK;XIRECS;9984.0;3
14600;BOT_MAKER;BOT_TAKER;HYDROGEL_PACK;XIRECS;9968.0;3
14700;BOT_MAKER;BOT_TAKER;VELVETFRUIT_EXTRACT;XIRECS;5255.0;6
14700;BOT_MAKER;BOT_TAKER;VEV_4000;XIRECS;1274.0;1
14800;BOT_TAKER;BOT_MAKER;HYDROGEL_PACK;XIRECS;9983.0;2
15000;BOT_TAKER;BOT_MAKER;VEV_6500;XIRECS;1.0;4
15000;BOT_TAKER;SUBMISSION;VEV_5300;XIRECS;49.0;4
15100;BOT_TAKER;BOT_MAKER;HYDROGEL_PACK;XIRECS;9982.0;3
15100;BOT_MAKER;BOT_TAKER;VEV_6000;XIRECS;0.0;2
15200;BOT_TAKER;BOT_MAKER;HYDROGEL_PACK;XIRECS;9985.0;4
15200;BOT_MAKER;BOT_TAKER;VELVETFRUIT_EXTRACT;XIRECS;5257.0;5
15200;SUBMISSION;BOT_TAKER;VELVETFRUIT_EXTRACT;XIRECS;5258.0;5
15200;BOT_MAKER;BOT_TAKER;VELVETFRUIT_EXTRACT;XIRECS;5257.0;1
15400;BOT_TAKER;BOT_MAKER;VELVETFRUIT_EXTRACT;XIRECS;5262.0;5
15400;BOT_TAKER;BOT_MAKER;VEV_6500;XIRECS;1.0;5
15400;BOT_TAKER;SUBMISSION;VELVETFRUIT_EXTRACT;XIRECS;5261.0;4
15500;BOT_MAKER;BOT_TAKER;VEV_4000;XIRECS;1280.0;1
15600;BOT_MAKER;BOT_TAKER;VELVETFRUIT_EXTRACT;XIRECS;5253.0;3
15600;BOT_MAKER;BOT_TAKER;VEV_6500;XIRECS;0.0;5
15700;BOT_MAKER;BOT_TAKER;HYDROGEL_PACK;XIRECS;9970.0;4
15700;BOT_TAKER;BOT_MAKER;VELVETFRUIT_EXTRACT;XIRECS;5256.0;7
15700;BOT_TAKER;BOT_MAKER;VEV_4000;XIRECS;1301.0;1
15700;BOT_MAKER;BOT_TAKER;VEV_5400;XIRECS;17.0;2
15800;BOT_MAKER;BOT_TAKER;VELVETFRUIT_EXTRACT;XIRECS;5251.0;6
15900;BOT_MAKER;BOT_TAKER;VELVETFRUIT_EXTRACT;XIRECS;5251.0;6
15900;BOT_MAKER;BOT_TAKER;VEV_5400;XIRECS;17.0;4
15900;BOT_MAKER;BOT_TAKER;VEV_5500;XIRECS;6.0;2
16000;BOT_TAKER;BOT_MAKER;VEV_5500;XIRECS;7.0;3
16100;BOT_MAKER;BOT_TAKER;VEV_5300;XIRECS;50.0;3
16200;BOT_TAKER;BOT_MAKER;HYDROGEL_PACK;XIRECS;9993.0;2
16200;BOT_MAKER;BOT_TAKER;VELVETFRUIT_EXTRACT;XIRECS;5251.0;8
16200;BOT_TAKER;BOT_MAKER;VEV_4000;XIRECS;1305.0;2
16200;BOT_TAKER;SUBMISSION;VEV_4000;XIRECS;1304.0;3
16300;BOT_MAKER;BOT_TAKER;VEV_4000;XIRECS;1284.0;1
16400;BOT_MAKER;BOT_TAKER;VEV_4000;XIRECS;1284.0;2
16400;BOT_TAKER;BOT_MAKER;VEV_6000;XIRECS;1.0;2
16600;BOT_TAKER;BOT_MAKER;VELVETFRUIT_EXTRACT;XIRECS;5252.0;6
16700;BOT_MAKER;BOT_TAKER;VELVETFRUIT_EXTRACT;XIRECS;5245.0;10
16700;BOT_TAKER;BOT_MAKER;VEV_4000;XIRECS;1308.0;3
16700;BOT_TAKER;SUBMISSION;VELVETFRUIT_EXTRACT;XIRECS;5249.0;5
16800;BOT_MAKER;BOT_TAKER;VELVETFRUIT_EXTRACT;XIRECS;5243.0;8
17000;SUBMISSION;BOT_TAKER;HYDROGEL_PACK;XIRECS;9980.0;2
17100;BOT_MAKER;BOT_TAKER;VEV_6500;XIRECS;0.0;4
17100;BOT_TAKER;SUBMISSION;VELVETFRUIT_EXTRACT;XIRECS;5247.0;5
17100;BOT_TAKER;BOT_MAKER;VELVETFRUIT_EXTRACT;XIRECS;5248.0;1
17200;BOT_MAKER;BOT_TAKER;VELVETFRUIT_EXTRACT;XIRECS;5242.0;4
17300;BOT_MAKER;BOT_TAKER;HYDROGEL_PACK;XIRECS;9978.0;6
17300;BOT_MAKER;BOT_TAKER;VELVETFRUIT_EXTRACT;XIRECS;5243.0;3
17300;BOT_MAKER;BOT_TAKER;VEV_5500;XIRECS;6.0;4
17400;BOT_MAKER;BOT_TAKER;HYDROGEL_PACK;XIRECS;9979.0;3
17500;BOT_MAKER;BOT_TAKER;VEV_6000;XIRECS;0.0;3
17600;BOT_TAKER;BOT_MAKER;HYDROGEL_PACK;XIRECS;9991.0;5
17600;BOT_TAKER;BOT_MAKER;VELVETFRUIT_EXTRACT;XIRECS;5248.0;8
17700;BOT_TAKER;BOT_MAKER;HYDROGEL_PACK;XIRECS;9991.0;6
17700;BOT_TAKER;BOT_MAKER;VEV_4000;XIRECS;1311.0;1
17900;BOT_TAKER;BOT_MAKER;HYDROGEL_PACK;XIRECS;9987.0;2
17900;BOT_TAKER;BOT_MAKER;VEV_4000;XIRECS;1310.0;2
17900;BOT_MAKER;BOT_TAKER;VEV_5300;XIRECS;53.0;2
18000;BOT_TAKER;BOT_MAKER;HYDROGEL_PACK;XIRECS;9988.0;6
18200;BOT_MAKER;BOT_TAKER;VEV_6000;XIRECS;0.0;4
18300;BOT_TAKER;BOT_MAKER;HYDROGEL_PACK;XIRECS;9992.0;6
18400;BOT_TAKER;BOT_MAKER;VELVETFRUIT_EXTRACT;XIRECS;5252.0;5
18500;BOT_MAKER;BOT_TAKER;VELVETFRUIT_EXTRACT;XIRECS;5248.0;8
18500;SUBMISSION;BOT_TAKER;VEV_4000;XIRECS;1291.0;2
18700;BOT_MAKER;BOT_TAKER;VELVETFRUIT_EXTRACT;XIRECS;5248.0;15
18700;BOT_MAKER;BOT_TAKER;VEV_4000;XIRECS;1288.0;2
18700;BOT_TAKER;SUBMISSION;VELVETFRUIT_EXTRACT;XIRECS;5253.0;5
18700;BOT_TAKER;BOT_MAKER;VELVETFRUIT_EXTRACT;XIRECS;5254.0;3
18700;SUBMISSION;BOT_TAKER;VEV_4000;XIRECS;1289.0;1
18800;BOT_TAKER;BOT_MAKER;VELVETFRUIT_EXTRACT;XIRECS;5254.0;3
18800;BOT_MAKER;BOT_TAKER;VEV_4000;XIRECS;1288.0;1
18800;BOT_MAKER;BOT_TAKER;VEV_5200;XIRECS;110.0;5
18800;BOT_MAKER;BOT_TAKER;VEV_5300;XIRECS;53.0;3
18900;BOT_TAKER;BOT_MAKER;VEV_6500;XIRECS;1.0;4
19000;BOT_MAKER;BOT_TAKER;VELVETFRUIT_EXTRACT;XIRECS;5250.0;14
19000;BOT_TAKER;BOT_MAKER;VEV_4000;XIRECS;1312.0;2
19000;BOT_TAKER;BOT_MAKER;VEV_5400;XIRECS;18.0;5
19100;BOT_MAKER;BOT_TAKER;HYDROGEL_PACK;XIRECS;9979.0;4
19100;BOT_TAKER;BOT_MAKER;VEV_5400;XIRECS;18.0;5
19200;BOT_TAKER;BOT_MAKER;VELVETFRUIT_EXTRACT;XIRECS;5258.0;8
19200;BOT_MAKER;BOT_TAKER;VEV_5500;XIRECS;6.0;3
19300;BOT_MAKER;BOT_TAKER;VEV_4000;XIRECS;1288.0;1
19300;BOT_TAKER;BOT_MAKER;VEV_6500;XIRECS;1.0;3
19500;BOT_MAKER;BOT_TAKER;VELVETFRUIT_EXTRACT;XIRECS;5251.0;6
19600;BOT_TAKER;BOT_MAKER;HYDROGEL_PACK;XIRECS;9984.0;3
19600;BOT_TAKER;BOT_MAKER;VEV_5400;XIRECS;18.0;3
19700;BOT_MAKER;BOT_TAKER;VEV_4000;XIRECS;1290.0;3
19700;SUBMISSION;BOT_TAKER;VELVETFRUIT_EXTRACT;XIRECS;5253.0;3
19800;BOT_MAKER;BOT_TAKER;HYDROGEL_PACK;XIRECS;9969.0;5
19800;BOT_TAKER;BOT_MAKER;VEV_4000;XIRECS;1312.0;1
19800;SUBMISSION;BOT_TAKER;VELVETFRUIT_EXTRACT;XIRECS;5254.0;4
19900;BOT_TAKER;BOT_MAKER;HYDROGEL_PACK;XIRECS;9985.0;6
19900;BOT_TAKER;SUBMISSION;VELVETFRUIT_EXTRACT;XIRECS;5258.0;5
19900;BOT_TAKER;BOT_MAKER;VELVETFRUIT_EXTRACT;XIRECS;5259.0;3
20000;BOT_TAKER;BOT_MAKER;VELVETFRUIT_EXTRACT;XIRECS;5258.0;4
20100;BOT_TAKER;BOT_MAKER;VELVETFRUIT_EXTRACT;XIRECS;5259.0;5
20100;BOT_MAKER;BOT_TAKER;VEV_5400;XIRECS;17.0;3
20100;BOT_TAKER;BOT_MAKER;VEV_5500;XIRECS;7.0;2
20200;BOT_MAKER;BOT_TAKER;HYDROGEL_PACK;XIRECS;9965.0;5
20200;BOT_TAKER;BOT_MAKER;VELVETFRUIT_EXTRACT;XIRECS;5258.0;4
20300;BOT_TAKER;BOT_MAKER;VELVETFRUIT_EXTRACT;XIRECS;5258.0;3
20300;BOT_MAKER;BOT_TAKER;VEV_4000;XIRECS;1289.0;1
20300;BOT_MAKER;BOT_TAKER;VEV_6000;XIRECS;0.0;2
20400;BOT_TAKER;BOT_MAKER;HYDROGEL_PACK;XIRECS;9980.0;6
20400;SUBMISSION;BOT_TAKER;VELVETFRUIT_EXTRACT;XIRECS;5254.0;5
20500;BOT_TAKER;BOT_MAKER;HYDROGEL_PACK;XIRECS;9981.0;3
20600;BOT_MAKER;BOT_TAKER;VELVETFRUIT_EXTRACT;XIRECS;5253.0;8
20600;BOT_MAKER;BOT_TAKER;VEV_4000;XIRECS;1288.0;1
20700;SUBMISSION;BOT_TAKER;VELVETFRUIT_EXTRACT;XIRECS;5253.0;5
20700;BOT_MAKER;BOT_TAKER;VELVETFRUIT_EXTRACT;XIRECS;5252.0;2
20800;BOT_MAKER;BOT_TAKER;VEV_6000;XIRECS;0.0;4
20900;BOT_MAKER;BOT_TAKER;VEV_4000;XIRECS;1286.0;3
21000;BOT_TAKER;BOT_MAKER;VELVETFRUIT_EXTRACT;XIRECS;5256.0;4
21100;SUBMISSION;BOT_TAKER;VELVETFRUIT_EXTRACT;XIRECS;5253.0;5
21200;BOT_MAKER;BOT_TAKER;VEV_4000;XIRECS;1286.0;1
21300;BOT_TAKER;BOT_MAKER;VEV_5400;XIRECS;18.0;4
21300;BOT_MAKER;BOT_TAKER;VEV_6500;XIRECS;0.0;3
21300;SUBMISSION;BOT_TAKER;VELVETFRUIT_EXTRACT;XIRECS;5254.0;5
21400;BOT_TAKER;BOT_MAKER;HYDROGEL_PACK;XIRECS;9991.0;3
21400;BOT_TAKER;BOT_MAKER;VELVETFRUIT_EXTRACT;XIRECS;5260.0;8
21400;BOT_MAKER;BOT_TAKER;VEV_5400;XIRECS;16.0;5
21500;BOT_MAKER;BOT_TAKER;HYDROGEL_PACK;XIRECS;9976.0;6
21500;BOT_MAKER;BOT_TAKER;VELVETFRUIT_EXTRACT;XIRECS;5252.0;4
21500;BOT_MAKER;BOT_TAKER;VEV_4000;XIRECS;1285.0;3
21600;BOT_MAKER;BOT_TAKER;HYDROGEL_PACK;XIRECS;9975.0;4
21800;BOT_TAKER;BOT_MAKER;VELVETFRUIT_EXTRACT;XIRECS;5258.0;3
21900;BOT_MAKER;BOT_TAKER;VELVETFRUIT_EXTRACT;XIRECS;5254.0;14
22000;BOT_TAKER;BOT_MAKER;VELVETFRUIT_EXTRACT;XIRECS;5260.0;5
22000;BOT_MAKER;BOT_TAKER;VEV_4000;XIRECS;1282.0;3
22000;BOT_MAKER;BOT_TAKER;VEV_6500;XIRECS;0.0;2
22100;BOT_TAKER;BOT_MAKER;HYDROGEL_PACK;XIRECS;9992.0;5
22100;BOT_TAKER;SUBMISSION;VEV_4000;XIRECS;1303.0;2
22500;BOT_MAKER;BOT_TAKER;VELVETFRUIT_EXTRACT;XIRECS;5256.0;9
22600;BOT_MAKER;BOT_TAKER;HYDROGEL_PACK;XIRECS;9978.0;2
22600;BOT_TAKER;BOT_MAKER;VELVETFRUIT_EXTRACT;XIRECS;5261.0;6
22600;BOT_MAKER;BOT_TAKER;VEV_6500;XIRECS;0.0;4
22600;BOT_TAKER;SUBMISSION;HYDROGEL_PACK;XIRECS;9993.0;2
22700;BOT_TAKER;BOT_MAKER;VELVETFRUIT_EXTRACT;XIRECS;5261.0;8
22700;SUBMISSION;BOT_TAKER;VEV_5300;XIRECS;52.0;5
22800;BOT_MAKER;BOT_TAKER;HYDROGEL_PACK;XIRECS;9976.0;3
22800;BOT_MAKER;BOT_TAKER;VELVETFRUIT_EXTRACT;XIRECS;5255.0;9
22900;BOT_TAKER;BOT_MAKER;VELVETFRUIT_EXTRACT;XIRECS;5261.0;8
22900;BOT_MAKER;BOT_TAKER;VEV_4000;XIRECS;1280.0;2
22900;BOT_TAKER;SUBMISSION;VEV_4000;XIRECS;1301.0;1
23000;BOT_MAKER;BOT_TAKER;VELVETFRUIT_EXTRACT;XIRECS;5257.0;7
23100;SUBMISSION;BOT_TAKER;HYDROGEL_PACK;XIRECS;9979.0;2
23200;BOT_TAKER;BOT_MAKER;VEV_4000;XIRECS;1302.0;2
23300;BOT_TAKER;BOT_MAKER;VEV_4000;XIRECS;1300.0;2
23400;BOT_TAKER;BOT_MAKER;HYDROGEL_PACK;XIRECS;9990.0;2
23400;BOT_MAKER;BOT_TAKER;VEV_4000;XIRECS;1279.0;3
23400;BOT_TAKER;BOT_MAKER;VEV_6500;XIRECS;1.0;4
23400;SUBMISSION;BOT_TAKER;HYDROGEL_PACK;XIRECS;9975.0;4
23500;BOT_TAKER;BOT_MAKER;VELVETFRUIT_EXTRACT;XIRECS;5263.0;8
23500;BOT_MAKER;BOT_TAKER;VEV_6000;XIRECS;0.0;3
23700;BOT_TAKER;SUBMISSION;VEV_4000;XIRECS;1299.0;1
23900;BOT_MAKER;BOT_TAKER;VEV_5400;XIRECS;18.0;3
24000;BOT_MAKER;BOT_TAKER;VELVETFRUIT_EXTRACT;XIRECS;5260.0;4
24100;BOT_TAKER;BOT_MAKER;HYDROGEL_PACK;XIRECS;9996.0;2
24100;BOT_TAKER;BOT_MAKER;VELVETFRUIT_EXTRACT;XIRECS;5264.0;6
24100;BOT_MAKER;BOT_TAKER;VEV_5500;XIRECS;7.0;3
24300;BOT_MAKER;BOT_TAKER;VELVETFRUIT_EXTRACT;XIRECS;5258.0;4
24300;BOT_TAKER;BOT_MAKER;VEV_4000;XIRECS;1304.0;2
24300;SUBMISSION;BOT_TAKER;VELVETFRUIT_EXTRACT;XIRECS;5259.0;4
24400;BOT_TAKER;SUBMISSION;VEV_5400;XIRECS;19.0;4
24500;BOT_MAKER;BOT_TAKER;VELVETFRUIT_EXTRACT;XIRECS;5258.0;5
24500;BOT_TAKER;BOT_MAKER;VEV_6500;XIRECS;1.0;2
24600;BOT_MAKER;BOT_TAKER;HYDROGEL_PACK;XIRECS;9984.0;6
24600;BOT_TAKER;BOT_MAKER;VELVETFRUIT_EXTRACT;XIRECS;5263.0;8
24800;BOT_MAKER;BOT_TAKER;VELVETFRUIT_EXTRACT;XIRECS;5256.0;4
24900;BOT_MAKER;BOT_TAKER;VEV_4000;XIRECS;1278.0;3
25000;BOT_TAKER;BOT_MAKER;HYDROGEL_PACK;XIRECS;10003.0;3
25000;BOT_MAKER;BOT_TAKER;VEV_5300;XIRECS;49.0;2
25000;BOT_MAKER;BOT_TAKER;VEV_5500;XIRECS;7.0;2
25000;BOT_TAKER;BOT_MAKER;VEV_6000;XIRECS;1.0;2
25000;SUBMISSION;BOT_TAKER;HYDROGEL_PACK;XIRECS;9986.0;4
25200;BOT_TAKER;BOT_MAKER;VEV_5400;XIRECS;21.0;2
25200;BOT_TAKER;SUBMISSION;HYDROGEL_PACK;XIRECS;10003.0;2
25300;BOT_TAKER;BOT_MAKER;VELVETFRUIT_EXTRACT;XIRECS;5262.0;8
25300;BOT_TAKER;SUBMISSION;HYDROGEL_PACK;XIRECS;10001.0;2
25700;BOT_MAKER;BOT_TAKER;HYDROGEL_PACK;XIRECS;9985.0;3
25800;BOT_TAKER;BOT_MAKER;HYDROGEL_PACK;XIRECS;10001.0;6
25800;BOT_TAKER;BOT_MAKER;VEV_6000;XIRECS;1.0;3
25900;BOT_MAKER;BOT_TAKER;VELVETFRUIT_EXTRACT;XIRECS;5257.0;8
25900;BOT_TAKER;BOT_MAKER;VEV_5500;XIRECS;9.0;3
25900;BOT_TAKER;BOT_MAKER;VEV_5500;XIRECS;9.0;4
26100;BOT_TAKER;BOT_MAKER;VEV_5400;XIRECS;21.0;2
26200;BOT_TAKER;BOT_MAKER;VELVETFRUIT_EXTRACT;XIRECS;5266.0;4
26200;SUBMISSION;BOT_TAKER;VEV_5500;XIRECS;8.0;4
26300;BOT_MAKER;BOT_TAKER;HYDROGEL_PACK;XIRECS;9990.0;4
26300;BOT_TAKER;BOT_MAKER;VELVETFRUIT_EXTRACT;XIRECS;5268.0;4
26400;BOT_TAKER;BOT_MAKER;HYDROGEL_PACK;XIRECS;10005.0;5
26400;BOT_MAKER;BOT_TAKER;VELVETFRUIT_EXTRACT;XIRECS;5262.0;5
26400;BOT_MAKER;BOT_TAKER;VEV_6000;XIRECS;0.0;4
26400;SUBMISSION;BOT_TAKER;VELVETFRUIT_EXTRACT;XIRECS;5263.0;5
26400;BOT_MAKER;BOT_TAKER;VELVETFRUIT_EXTRACT;XIRECS;5262.0;1
26500;BOT_TAKER;BOT_MAKER;VELVETFRUIT_EXTRACT;XIRECS;5267.0;8
26500;BOT_TAKER;SUBMISSION;VELVETFRUIT_EXTRACT;XIRECS;5266.0;5
26500;BOT_TAKER;BOT_MAKER;VELVETFRUIT_EXTRACT;XIRECS;5267.0;1
26600;BOT_MAKER;BOT_TAKER;HYDROGEL_PACK;XIRECS;9986.0;3
26600;BOT_MAKER;BOT_TAKER;VELVETFRUIT_EXTRACT;XIRECS;5261.0;3
26600;BOT_MAKER;BOT_TAKER;VEV_4000;XIRECS;1284.0;3
26600;BOT_TAKER;SUBMISSION;VELVETFRUIT_EXTRACT;XIRECS;5265.0;5
26600;BOT_TAKER;BOT_MAKER;VELVETFRUIT_EXTRACT;XIRECS;5266.0;1
26600;SUBMISSION;BOT_TAKER;VEV_5500;XIRECS;8.0;4
26700;BOT_MAKER;BOT_TAKER;HYDROGEL_PACK;XIRECS;9986.0;2
26700;BOT_TAKER;BOT_MAKER;VELVETFRUIT_EXTRACT;XIRECS;5267.0;5
26800;BOT_TAKER;BOT_MAKER;VELVETFRUIT_EXTRACT;XIRECS;5266.0;3
26800;SUBMISSION;BOT_TAKER;VELVETFRUIT_EXTRACT;XIRECS;5262.0;5
26800;BOT_MAKER;BOT_TAKER;VELVETFRUIT_EXTRACT;XIRECS;5261.0;10
26900;BOT_MAKER;BOT_TAKER;HYDROGEL_PACK;XIRECS;9987.0;5
27000;BOT_MAKER;BOT_TAKER;VEV_5300;XIRECS;50.0;3
27000;BOT_MAKER;BOT_TAKER;VEV_5500;XIRECS;8.0;3
27100;BOT_TAKER;BOT_MAKER;VELVETFRUIT_EXTRACT;XIRECS;5267.0;8
27100;BOT_TAKER;BOT_MAKER;VEV_4000;XIRECS;1306.0;1
27100;BOT_TAKER;BOT_MAKER;VEV_5400;XIRECS;20.0;2
27200;BOT_MAKER;BOT_TAKER;HYDROGEL_PACK;XIRECS;9986.0;5
27200;BOT_TAKER;BOT_MAKER;VELVETFRUIT_EXTRACT;XIRECS;5268.0;6
27200;BOT_TAKER;BOT_MAKER;VEV_5500;XIRECS;9.0;4
27400;BOT_MAKER;BOT_TAKER;HYDROGEL_PACK;XIRECS;9993.0;6
27500;BOT_MAKER;BOT_TAKER;VELVETFRUIT_EXTRACT;XIRECS;5263.0;9
27500;BOT_TAKER;BOT_MAKER;VEV_5400;XIRECS;19.0;4
27600;BOT_MAKER;BOT_TAKER;HYDROGEL_PACK;XIRECS;9993.0;4
27600;BOT_TAKER;BOT_MAKER;VELVETFRUIT_EXTRACT;XIRECS;5268.0;8
27600;SUBMISSION;BOT_TAKER;VEV_4000;XIRECS;1286.0;3
27700;BOT_TAKER;BOT_MAKER;VEV_4000;XIRECS;1306.0;1
27800;BOT_MAKER;BOT_TAKER;HYDROGEL_PACK;XIRECS;9995.0;6
27800;BOT_TAKER;BOT_MAKER;VEV_6000;XIRECS;1.0;5
27900;BOT_MAKER;BOT_TAKER;HYDROGEL_PACK;XIRECS;9998.0;2
27900;BOT_TAKER;BOT_MAKER;VELVETFRUIT_EXTRACT;XIRECS;5269.0;5
28100;BOT_TAKER;BOT_MAKER;HYDROGEL_PACK;XIRECS;10014.0;6
28100;BOT_TAKER;BOT_MAKER;VELVETFRUIT_EXTRACT;XIRECS;5270.0;5
28200;BOT_MAKER;BOT_TAKER;VEV_4000;XIRECS;1286.0;2
28300;BOT_MAKER;BOT_TAKER;HYDROGEL_PACK;XIRECS;9999.0;6
28300;BOT_TAKER;BOT_MAKER;VEV_5500;XIRECS;9.0;5
28400;BOT_TAKER;BOT_MAKER;VELVETFRUIT_EXTRACT;XIRECS;5270.0;7
28400;BOT_TAKER;BOT_MAKER;VEV_4000;XIRECS;1305.0;2
28400;BOT_TAKER;BOT_MAKER;VEV_6500;XIRECS;1.0;5
28600;BOT_MAKER;BOT_TAKER;VELVETFRUIT_EXTRACT;XIRECS;5264.0;8
28700;BOT_TAKER;BOT_MAKER;VELVETFRUIT_EXTRACT;XIRECS;5268.0;6
28800;BOT_MAKER;BOT_TAKER;VEV_5500;XIRECS;7.0;2
28900;BOT_MAKER;BOT_TAKER;HYDROGEL_PACK;XIRECS;9998.0;5
28900;BOT_MAKER;BOT_TAKER;VELVETFRUIT_EXTRACT;XIRECS;5264.0;6
28900;BOT_MAKER;BOT_TAKER;VEV_6000;XIRECS;0.0;5
28900;BOT_MAKER;BOT_TAKER;VEV_6500;XIRECS;0.0;4
29000;BOT_MAKER;BOT_TAKER;VELVETFRUIT_EXTRACT;XIRECS;5264.0;3
29000;BOT_MAKER;BOT_TAKER;VEV_4000;XIRECS;1282.0;2
29000;BOT_MAKER;BOT_TAKER;VEV_5300;XIRECS;51.0;4
29000;BOT_MAKER;BOT_TAKER;VEV_6500;XIRECS;0.0;2
29100;BOT_MAKER;BOT_TAKER;VELVETFRUIT_EXTRACT;XIRECS;5263.0;7
29200;BOT_TAKER;BOT_MAKER;HYDROGEL_PACK;XIRECS;10015.0;2
29300;BOT_MAKER;BOT_TAKER;VELVETFRUIT_EXTRACT;XIRECS;5266.0;10
29300;BOT_TAKER;BOT_MAKER;VEV_4000;XIRECS;1307.0;1
29500;BOT_MAKER;BOT_TAKER;HYDROGEL_PACK;XIRECS;9999.0;4
29500;BOT_TAKER;BOT_MAKER;VEV_4000;XIRECS;1308.0;3
29700;BOT_MAKER;BOT_TAKER;VELVETFRUIT_EXTRACT;XIRECS;5267.0;8
29800;BOT_TAKER;BOT_MAKER;VEV_5400;XIRECS;21.0;3
29900;BOT_TAKER;BOT_MAKER;VELVETFRUIT_EXTRACT;XIRECS;5271.0;6
30000;BOT_MAKER;BOT_TAKER;HYDROGEL_PACK;XIRECS;9997.0;5
30000;SUBMISSION;BOT_TAKER;HYDROGEL_PACK;XIRECS;9998.0;4
30100;BOT_TAKER;BOT_MAKER;VELVETFRUIT_EXTRACT;XIRECS;5272.0;5
30200;BOT_MAKER;BOT_TAKER;HYDROGEL_PACK;XIRECS;9998.0;5
30300;BOT_TAKER;BOT_MAKER;HYDROGEL_PACK;XIRECS;10014.0;2
30300;BOT_MAKER;BOT_TAKER;VEV_5300;XIRECS;51.0;3
30300;BOT_TAKER;BOT_MAKER;VEV_5400;XIRECS;20.0;4
30400;BOT_MAKER;BOT_TAKER;VELVETFRUIT_EXTRACT;XIRECS;5266.0;3
30500;BOT_MAKER;BOT_TAKER;VEV_4000;XIRECS;1287.0;3
30600;BOT_TAKER;BOT_MAKER;VELVETFRUIT_EXTRACT;XIRECS;5271.0;3
30600;BOT_MAKER;BOT_TAKER;VEV_5500;XIRECS;7.0;2
30600;SUBMISSION;BOT_TAKER;HYDROGEL_PACK;XIRECS;9993.0;4
30700;BOT_MAKER;BOT_TAKER;HYDROGEL_PACK;XIRECS;9994.0;5
30700;SUBMISSION;BOT_TAKER;HYDROGEL_PACK;XIRECS;9995.0;5
30700;BOT_MAKER;BOT_TAKER;HYDROGEL_PACK;XIRECS;9994.0;1
30800;BOT_MAKER;BOT_TAKER;HYDROGEL_PACK;XIRECS;9991.0;2
30900;BOT_MAKER;BOT_TAKER;VEV_5400;XIRECS;20.0;3
31000;BOT_TAKER;BOT_MAKER;VELVETFRUIT_EXTRACT;XIRECS;5274.0;6
31000;BOT_TAKER;BOT_MAKER;VEV_5400;XIRECS;21.0;3
31100;BOT_TAKER;BOT_MAKER;HYDROGEL_PACK;XIRECS;10005.0;6
31100;BOT_TAKER;BOT_MAKER;VELVETFRUIT_EXTRACT;XIRECS;5273.0;7
31100;BOT_MAKER;BOT_TAKER;VEV_5500;XIRECS;7.0;4
31200;BOT_TAKER;BOT_MAKER;VELVETFRUIT_EXTRACT;XIRECS;5274.0;3
31300;BOT_TAKER;BOT_MAKER;VELVETFRUIT_EXTRACT;XIRECS;5274.0;10
31300;BOT_MAKER;BOT_TAKER;VEV_5400;XIRECS;20.0;2
31300;BOT_TAKER;BOT_MAKER;VEV_6000;XIRECS;1.0;4
31500;BOT_MAKER;BOT_TAKER;HYDROGEL_PACK;XIRECS;9990.0;6
31500;BOT_MAKER;BOT_TAKER;VEV_6000;XIRECS;0.0;5
31500;BOT_TAKER;BOT_MAKER;VEV_6500;XIRECS;1.0;5
31600;BOT_MAKER;BOT_TAKER;VELVETFRUIT_EXTRACT;XIRECS;5266.0;5
31600;BOT_TAKER;BOT_MAKER;VEV_5500;XIRECS;8.0;4
31700;BOT_MAKER;BOT_TAKER;HYDROGEL_PACK;XIRECS;9991.0;2
31700;BOT_MAKER;BOT_TAKER;VEV_5500;XIRECS;7.0;4
31800;BOT_TAKER;BOT_MAKER;HYDROGEL_PACK;XIRECS;10008.0;4
31800;BOT_TAKER;BOT_MAKER;VELVETFRUIT_EXTRACT;XIRECS;5270.0;13
31800;BOT_TAKER;BOT_MAKER;VELVETFRUIT_EXTRACT;XIRECS;5270.0;6
31900;BOT_TAKER;BOT_MAKER;VEV_4000;XIRECS;1312.0;2
32000;BOT_MAKER;BOT_TAKER;VELVETFRUIT_EXTRACT;XIRECS;5265.0;5
32100;BOT_TAKER;BOT_MAKER;HYDROGEL_PACK;XIRECS;10005.0;5
32200;BOT_TAKER;BOT_MAKER;VEV_4000;XIRECS;1311.0;1
32200;BOT_TAKER;BOT_MAKER;VEV_5300;XIRECS;52.0;2
32200;BOT_TAKER;BOT_MAKER;VEV_5400;XIRECS;22.0;2
32200;BOT_TAKER;SUBMISSION;VELVETFRUIT_EXTRACT;XIRECS;5269.0;5
32200;BOT_TAKER;BOT_MAKER;VELVETFRUIT_EXTRACT;XIRECS;5270.0;2
32300;BOT_TAKER;BOT_MAKER;HYDROGEL_PACK;XIRECS;10004.0;2
32300;BOT_MAKER;BOT_TAKER;VELVETFRUIT_EXTRACT;XIRECS;5266.0;8
32400;BOT_MAKER;BOT_TAKER;VELVETFRUIT_EXTRACT;XIRECS;5266.0;8
32600;BOT_MAKER;BOT_TAKER;VEV_4000;XIRECS;1290.0;2
32600;BOT_TAKER;BOT_MAKER;VEV_6000;XIRECS;1.0;2
32800;BOT_TAKER;BOT_MAKER;VELVETFRUIT_EXTRACT;XIRECS;5271.0;3
32900;BOT_MAKER;BOT_TAKER;HYDROGEL_PACK;XIRECS;9989.0;3
33100;BOT_MAKER;BOT_TAKER;HYDROGEL_PACK;XIRECS;9986.0;6
33100;BOT_TAKER;BOT_MAKER;VEV_4000;XIRECS;1315.0;2
33200;BOT_TAKER;BOT_MAKER;HYDROGEL_PACK;XIRECS;10005.0;6
33200;BOT_MAKER;BOT_TAKER;VEV_4000;XIRECS;1295.0;2
33300;BOT_TAKER;BOT_MAKER;HYDROGEL_PACK;XIRECS;10005.0;6
33300;SUBMISSION;BOT_TAKER;VEV_5300;XIRECS;49.0;4
33400;BOT_TAKER;BOT_MAKER;VEV_6000;XIRECS;1.0;4
33500;BOT_TAKER;BOT_MAKER;VEV_5400;XIRECS;21.0;5
33500;SUBMISSION;BOT_TAKER;HYDROGEL_PACK;XIRECS;9991.0;5
33600;BOT_TAKER;BOT_MAKER;VELVETFRUIT_EXTRACT;XIRECS;5270.0;5
33700;BOT_MAKER;BOT_TAKER;HYDROGEL_PACK;XIRECS;9993.0;5
33700;BOT_MAKER;BOT_TAKER;VELVETFRUIT_EXTRACT;XIRECS;5264.0;4
33700;BOT_MAKER;BOT_TAKER;VEV_4000;XIRECS;1295.0;1
33700;BOT_TAKER;BOT_MAKER;VEV_6500;XIRECS;1.0;5
34000;BOT_TAKER;BOT_MAKER;HYDROGEL_PACK;XIRECS;10006.0;4
34000;BOT_TAKER;SUBMISSION;VELVETFRUIT_EXTRACT;XIRECS;5272.0;4
34100;BOT_MAKER;BOT_TAKER;VELVETFRUIT_EXTRACT;XIRECS;5269.0;8
34100;BOT_MAKER;BOT_TAKER;VEV_4000;XIRECS;1293.0;1
34100;BOT_MAKER;BOT_TAKER;VEV_5500;XIRECS;8.0;4
34300;BOT_MAKER;BOT_TAKER;HYDROGEL_PACK;XIRECS;9988.0;6
34300;BOT_MAKER;BOT_TAKER;VEV_4000;XIRECS;1294.0;2
34400;BOT_MAKER;BOT_TAKER;VELVETFRUIT_EXTRACT;XIRECS;5267.0;7
34500;BOT_MAKER;BOT_TAKER;HYDROGEL_PACK;XIRECS;9989.0;3
34600;BOT_MAKER;BOT_TAKER;VEV_5500;XIRECS;8.0;2
34700;BOT_TAKER;BOT_MAKER;VEV_5500;XIRECS;9.0;5
34800;BOT_MAKER;BOT_TAKER;HYDROGEL_PACK;XIRECS;9991.0;3
34800;BOT_MAKER;BOT_TAKER;VELVETFRUIT_EXTRACT;XIRECS;5269.0;6
34800;BOT_TAKER;BOT_MAKER;VELVETFRUIT_EXTRACT;XIRECS;5274.0;12
34900;BOT_TAKER;BOT_MAKER;VEV_6000;XIRECS;1.0;5
35000;BOT_TAKER;BOT_MAKER;HYDROGEL_PACK;XIRECS;10005.0;5
35000;BOT_TAKER;BOT_MAKER;VEV_4000;XIRECS;1314.0;3
35100;BOT_MAKER;BOT_TAKER;HYDROGEL_PACK;XIRECS;9990.0;6
35100;BOT_MAKER;BOT_TAKER;VELVETFRUIT_EXTRACT;XIRECS;5271.0;4
35100;BOT_TAKER;SUBMISSION;VEV_5500;XIRECS;9.0;2
35300;BOT_TAKER;BOT_MAKER;HYDROGEL_PACK;XIRECS;10007.0;5
35300;BOT_MAKER;BOT_TAKER;VELVETFRUIT_EXTRACT;XIRECS;5275.0;8
35300;BOT_TAKER;SUBMISSION;HYDROGEL_PACK;XIRECS;10006.0;5
35300;BOT_TAKER;SUBMISSION;VELVETFRUIT_EXTRACT;XIRECS;5278.0;5
35400;BOT_TAKER;BOT_MAKER;VELVETFRUIT_EXTRACT;XIRECS;5279.0;5
35400;SUBMISSION;BOT_TAKER;VELVETFRUIT_EXTRACT;XIRECS;5274.0;5
35400;BOT_MAKER;BOT_TAKER;VELVETFRUIT_EXTRACT;XIRECS;5273.0;2
35500;BOT_MAKER;BOT_TAKER;HYDROGEL_PACK;XIRECS;9995.0;5
35500;BOT_MAKER;BOT_TAKER;VELVETFRUIT_EXTRACT;XIRECS;5275.0;6
35500;BOT_TAKER;BOT_MAKER;VEV_4000;XIRECS;1313.0;3
35500;BOT_MAKER;BOT_TAKER;VEV_6500;XIRECS;0.0;2
35600;BOT_MAKER;BOT_TAKER;VELVETFRUIT_EXTRACT;XIRECS;5274.0;8
35700;BOT_MAKER;BOT_TAKER;VEV_5300;XIRECS;51.0;2
35700;BOT_TAKER;BOT_MAKER;VEV_6000;XIRECS;1.0;2
35800;BOT_TAKER;BOT_MAKER;HYDROGEL_PACK;XIRECS;10014.0;4
35800;BOT_MAKER;BOT_TAKER;VELVETFRUIT_EXTRACT;XIRECS;5275.0;3
35800;BOT_MAKER;BOT_TAKER;VEV_6000;XIRECS;0.0;5
35900;BOT_MAKER;BOT_TAKER;VEV_6500;XIRECS;0.0;4
36000;BOT_TAKER;BOT_MAKER;VELVETFRUIT_EXTRACT;XIRECS;5279.0;8
36100;BOT_TAKER;BOT_MAKER;VEV_5500;XIRECS;10.0;3
36100;SUBMISSION;BOT_TAKER;HYDROGEL_PACK;XIRECS;10004.0;5
36100;BOT_MAKER;BOT_TAKER;HYDROGEL_PACK;XIRECS;10003.0;1
36100;BOT_TAKER;SUBMISSION;VEV_5400;XIRECS;22.0;2
36200;BOT_MAKER;BOT_TAKER;VELVETFRUIT_EXTRACT;XIRECS;5274.0;11
36300;BOT_MAKER;BOT_TAKER;VELVETFRUIT_EXTRACT;XIRECS;5275.0;4
36300;SUBMISSION;BOT_TAKER;HYDROGEL_PACK;XIRECS;10004.0;2
36400;BOT_MAKER;BOT_TAKER;HYDROGEL_PACK;XIRECS;10001.0;2
36500;BOT_MAKER;BOT_TAKER;HYDROGEL_PACK;XIRECS;10001.0;3
36500;BOT_MAKER;BOT_TAKER;VEV_5500;XIRECS;8.0;2
36600;BOT_TAKER;BOT_MAKER;HYDROGEL_PACK;XIRECS;10016.0;4
36600;BOT_TAKER;BOT_MAKER;VELVETFRUIT_EXTRACT;XIRECS;5279.0;4
36700;BOT_MAKER;BOT_TAKER;VELVETFRUIT_EXTRACT;XIRECS;5274.0;10
36800;BOT_MAKER;BOT_TAKER;VEV_4000;XIRECS;1291.0;3
36900;BOT_TAKER;BOT_MAKER;VEV_6000;XIRECS;1.0;5
36900;SUBMISSION;BOT_TAKER;VELVETFRUIT_EXTRACT;XIRECS;5275.0;4
37000;BOT_TAKER;BOT_MAKER;HYDROGEL_PACK;XIRECS;10016.0;2
37000;BOT_TAKER;BOT_MAKER;VELVETFRUIT_EXTRACT;XIRECS;5280.0;8
37000;BOT_MAKER;BOT_TAKER;VEV_5200;XIRECS;109.0;2
37000;SUBMISSION;BOT_TAKER;HYDROGEL_PACK;XIRECS;10001.0;4
37100;BOT_MAKER;BOT_TAKER;HYDROGEL_PACK;XIRECS;10001.0;3
37100;BOT_MAKER;BOT_TAKER;VEV_4000;XIRECS;1293.0;1
37200;BOT_TAKER;BOT_MAKER;VELVETFRUIT_EXTRACT;XIRECS;5281.0;7
37200;BOT_MAKER;BOT_TAKER;VEV_5300;XIRECS;51.0;2
37300;BOT_TAKER;BOT_MAKER;VELVETFRUIT_EXTRACT;XIRECS;5279.0;11
37300;BOT_TAKER;SUBMISSION;HYDROGEL_PACK;XIRECS;10015.0;5
37300;BOT_TAKER;BOT_MAKER;HYDROGEL_PACK;XIRECS;10016.0;1
37400;BOT_MAKER;BOT_TAKER;VEV_5400;XIRECS;22.0;4
37500;BOT_MAKER;BOT_TAKER;VEV_5500;XIRECS;8.0;5
37500;BOT_TAKER;BOT_MAKER;VEV_6500;XIRECS;1.0;2
37600;BOT_TAKER;BOT_MAKER;VELVETFRUIT_EXTRACT;XIRECS;5280.0;9
37700;BOT_MAKER;BOT_TAKER;HYDROGEL_PACK;XIRECS;10001.0;4
37800;BOT_TAKER;BOT_MAKER;HYDROGEL_PACK;XIRECS;10017.0;5
37800;BOT_MAKER;BOT_TAKER;VELVETFRUIT_EXTRACT;XIRECS;5273.0;8
37900;BOT_TAKER;BOT_MAKER;HYDROGEL_PACK;XIRECS;10017.0;3
38000;BOT_MAKER;BOT_TAKER;HYDROGEL_PACK;XIRECS;10000.0;5
38000;BOT_MAKER;BOT_TAKER;VEV_4000;XIRECS;1291.0;1
38000;BOT_TAKER;SUBMISSION;HYDROGEL_PACK;XIRECS;10015.0;5
38000;BOT_TAKER;BOT_MAKER;HYDROGEL_PACK;XIRECS;10016.0;1
38100;BOT_TAKER;SUBMISSION;HYDROGEL_PACK;XIRECS;10014.0;2
38200;BOT_MAKER;BOT_TAKER;HYDROGEL_PACK;XIRECS;9998.0;5
38200;BOT_TAKER;BOT_MAKER;VELVETFRUIT_EXTRACT;XIRECS;5276.0;8
38300;BOT_TAKER;BOT_MAKER;VELVETFRUIT_EXTRACT;XIRECS;5276.0;6
38300;BOT_TAKER;BOT_MAKER;VEV_4000;XIRECS;1311.0;3
38300;BOT_MAKER;BOT_TAKER;VEV_6000;XIRECS;0.0;5
38400;BOT_TAKER;BOT_MAKER;HYDROGEL_PACK;XIRECS;10013.0;4
38400;BOT_TAKER;BOT_MAKER;VELVETFRUIT_EXTRACT;XIRECS;5277.0;3
38400;BOT_MAKER;BOT_TAKER;VEV_5500;XIRECS;8.0;5
38500;BOT_MAKER;BOT_TAKER;HYDROGEL_PACK;XIRECS;9997.0;5
38500;BOT_TAKER;BOT_MAKER;HYDROGEL_PACK;XIRECS;10013.0;5
38700;BOT_MAKER;BOT_TAKER;VELVETFRUIT_EXTRACT;XIRECS;5272.0;6
38700;BOT_MAKER;BOT_TAKER;VEV_4000;XIRECS;1288.0;3
38900;BOT_TAKER;BOT_MAKER;HYDROGEL_PACK;XIRECS;10013.0;3
39000;BOT_TAKER;BOT_MAKER;VEV_4000;XIRECS;1306.0;1
39100;BOT_TAKER;BOT_MAKER;VELVETFRUIT_EXTRACT;XIRECS;5279.0;6
39100;BOT_TAKER;BOT_MAKER;VELVETFRUIT_EXTRACT;XIRECS;5279.0;3
39300;BOT_TAKER;BOT_MAKER;VELVETFRUIT_EXTRACT;XIRECS;5276.0;8
39300;BOT_MAKER;BOT_TAKER;VEV_4000;XIRECS;1283.0;3
39800;BOT_MAKER;BOT_TAKER;HYDROGEL_PACK;XIRECS;9987.0;4
39800;BOT_MAKER;BOT_TAKER;VELVETFRUIT_EXTRACT;XIRECS;5268.0;8
39800;BOT_TAKER;SUBMISSION;VELVETFRUIT_EXTRACT;XIRECS;5272.0;5
39800;BOT_TAKER;BOT_MAKER;VELVETFRUIT_EXTRACT;XIRECS;5273.0;2
39900;BOT_TAKER;BOT_MAKER;HYDROGEL_PACK;XIRECS;10003.0;6
39900;BOT_MAKER;BOT_TAKER;VELVETFRUIT_EXTRACT;XIRECS;5267.0;8
40000;BOT_TAKER;BOT_MAKER;VEV_4000;XIRECS;1300.0;2
40000;BOT_TAKER;BOT_MAKER;VEV_5300;XIRECS;54.0;3
40100;BOT_TAKER;BOT_MAKER;VELVETFRUIT_EXTRACT;XIRECS;5272.0;6
40200;BOT_MAKER;BOT_TAKER;VELVETFRUIT_EXTRACT;XIRECS;5264.0;8
40200;BOT_TAKER;BOT_MAKER;VEV_6000;XIRECS;1.0;2
40300;BOT_MAKER;BOT_TAKER;VELVETFRUIT_EXTRACT;XIRECS;5265.0;13
40300;BOT_TAKER;BOT_MAKER;VELVETFRUIT_EXTRACT;XIRECS;5270.0;8
40300;BOT_TAKER;BOT_MAKER;VEV_5300;XIRECS;53.0;2
40300;BOT_TAKER;BOT_MAKER;VEV_5400;XIRECS;23.0;2
40400;BOT_TAKER;BOT_MAKER;VELVETFRUIT_EXTRACT;XIRECS;5270.0;6
40400;BOT_TAKER;BOT_MAKER;VELVETFRUIT_EXTRACT;XIRECS;5270.0;7
40500;BOT_MAKER;BOT_TAKER;HYDROGEL_PACK;XIRECS;9987.0;4
40500;BOT_MAKER;BOT_TAKER;VELVETFRUIT_EXTRACT;XIRECS;5265.0;3
40500;BOT_TAKER;BOT_MAKER;VEV_5500;XIRECS;9.0;2
40600;BOT_MAKER;BOT_TAKER;VELVETFRUIT_EXTRACT;XIRECS;5267.0;8
40600;BOT_TAKER;BOT_MAKER;VEV_5500;XIRECS;9.0;2
40700;BOT_TAKER;BOT_MAKER;VEV_4000;XIRECS;1305.0;3
40700;BOT_MAKER;BOT_TAKER;VEV_5500;XIRECS;8.0;2
40800;SUBMISSION;BOT_TAKER;VELVETFRUIT_EXTRACT;XIRECS;5268.0;4
40900;BOT_TAKER;BOT_MAKER;HYDROGEL_PACK;XIRECS;10001.0;5
40900;BOT_MAKER;BOT_TAKER;VEV_4000;XIRECS;1281.0;2
41100;BOT_TAKER;BOT_MAKER;HYDROGEL_PACK;XIRECS;9999.0;5
41200;BOT_TAKER;BOT_MAKER;HYDROGEL_PACK;XIRECS;9998.0;4
41300;BOT_TAKER;BOT_MAKER;HYDROGEL_PACK;XIRECS;9998.0;3
41300;BOT_MAKER;BOT_TAKER;VEV_4000;XIRECS;1282.0;2
41400;BOT_TAKER;BOT_MAKER;HYDROGEL_PACK;XIRECS;9999.0;6
41600;BOT_TAKER;SUBMISSION;VELVETFRUIT_EXTRACT;XIRECS;5278.0;5
41600;BOT_TAKER;BOT_MAKER;VELVETFRUIT_EXTRACT;XIRECS;5279.0;2
41800;BOT_TAKER;BOT_MAKER;HYDROGEL_PACK;XIRECS;10001.0;3
41900;BOT_MAKER;BOT_TAKER;HYDROGEL_PACK;XIRECS;9984.0;2
41900;BOT_TAKER;BOT_MAKER;VEV_6500;XIRECS;1.0;5
42000;BOT_MAKER;BOT_TAKER;VELVETFRUIT_EXTRACT;XIRECS;5272.0;5
42000;BOT_TAKER;BOT_MAKER;VEV_4000;XIRECS;1304.0;2
42100;BOT_MAKER;BOT_TAKER;HYDROGEL_PACK;XIRECS;9982.0;6
42100;BOT_TAKER;BOT_MAKER;VELVETFRUIT_EXTRACT;XIRECS;5275.0;6
42100;SUBMISSION;BOT_TAKER;VELVETFRUIT_EXTRACT;XIRECS;5271.0;5
42100;BOT_MAKER;BOT_TAKER;VELVETFRUIT_EXTRACT;XIRECS;5270.0;3
42200;BOT_TAKER;BOT_MAKER;HYDROGEL_PACK;XIRECS;9994.0;5
42200;BOT_MAKER;BOT_TAKER;VEV_5300;XIRECS;52.0;4
42200;SUBMISSION;BOT_TAKER;VELVETFRUIT_EXTRACT;XIRECS;5270.0;5
42200;BOT_MAKER;BOT_TAKER;VELVETFRUIT_EXTRACT;XIRECS;5269.0;1
42300;BOT_MAKER;BOT_TAKER;VEV_5400;XIRECS;20.0;5
42400;BOT_TAKER;BOT_MAKER;VELVETFRUIT_EXTRACT;XIRECS;5276.0;8
42500;BOT_TAKER;BOT_MAKER;VELVETFRUIT_EXTRACT;XIRECS;5278.0;4
42500;BOT_MAKER;BOT_TAKER;VEV_6500;XIRECS;0.0;5
42500;BOT_MAKER;BOT_TAKER;VEV_6500;XIRECS;0.0;5
42600;BOT_TAKER;BOT_MAKER;HYDROGEL_PACK;XIRECS;9991.0;2
42600;BOT_MAKER;BOT_TAKER;VELVETFRUIT_EXTRACT;XIRECS;5272.0;5
42600;SUBMISSION;BOT_TAKER;HYDROGEL_PACK;XIRECS;9976.0;5
42600;BOT_MAKER;BOT_TAKER;HYDROGEL_PACK;XIRECS;9975.0;1
42600;BOT_TAKER;SUBMISSION;VEV_4000;XIRECS;1300.0;1
42700;BOT_MAKER;BOT_TAKER;VELVETFRUIT_EXTRACT;XIRECS;5273.0;5
42700;BOT_TAKER;BOT_MAKER;VEV_4000;XIRECS;1302.0;2
42700;BOT_MAKER;BOT_TAKER;VEV_5500;XIRECS;7.0;3
42700;BOT_MAKER;BOT_TAKER;VEV_6500;XIRECS;0.0;3
42800;BOT_MAKER;BOT_TAKER;HYDROGEL_PACK;XIRECS;9975.0;3
42800;BOT_MAKER;BOT_TAKER;VELVETFRUIT_EXTRACT;XIRECS;5271.0;8
42800;BOT_TAKER;BOT_MAKER;VEV_6500;XIRECS;1.0;4
42900;BOT_MAKER;BOT_TAKER;VELVETFRUIT_EXTRACT;XIRECS;5270.0;5
42900;BOT_TAKER;BOT_MAKER;VEV_6000;XIRECS;1.0;4
43000;BOT_MAKER;BOT_TAKER;VELVETFRUIT_EXTRACT;XIRECS;5271.0;8
43200;BOT_TAKER;BOT_MAKER;VELVETFRUIT_EXTRACT;XIRECS;5277.0;5
43400;BOT_MAKER;BOT_TAKER;VELVETFRUIT_EXTRACT;XIRECS;5272.0;8
43500;BOT_TAKER;BOT_MAKER;VELVETFRUIT_EXTRACT;XIRECS;5275.0;4
43600;BOT_TAKER;BOT_MAKER;HYDROGEL_PACK;XIRECS;9993.0;6
43600;BOT_MAKER;BOT_TAKER;VELVETFRUIT_EXTRACT;XIRECS;5270.0;8
43600;BOT_TAKER;BOT_MAKER;VEV_4000;XIRECS;1303.0;1
43600;BOT_TAKER;BOT_MAKER;VEV_5500;XIRECS;9.0;2
43600;BOT_MAKER;BOT_TAKER;VEV_6000;XIRECS;0.0;3
43700;BOT_TAKER;BOT_MAKER;VELVETFRUIT_EXTRACT;XIRECS;5276.0;7
43700;BOT_MAKER;BOT_TAKER;VEV_4000;XIRECS;1282.0;3
43900;BOT_TAKER;BOT_MAKER;HYDROGEL_PACK;XIRECS;9992.0;2
43900;BOT_MAKER;BOT_TAKER;VEV_5500;XIRECS;7.0;2
44100;BOT_MAKER;BOT_TAKER;HYDROGEL_PACK;XIRECS;9974.0;3
44100;BOT_MAKER;BOT_TAKER;VELVETFRUIT_EXTRACT;XIRECS;5270.0;6
44100;BOT_TAKER;SUBMISSION;VELVETFRUIT_EXTRACT;XIRECS;5275.0;4
44300;BOT_MAKER;BOT_TAKER;VELVETFRUIT_EXTRACT;XIRECS;5271.0;3
44400;BOT_TAKER;BOT_MAKER;VELVETFRUIT_EXTRACT;XIRECS;5277.0;6
44400;BOT_TAKER;BOT_MAKER;VEV_4000;XIRECS;1304.0;1
44400;BOT_TAKER;BOT_MAKER;VEV_5500;XIRECS;9.0;3
44500;BOT_TAKER;BOT_MAKER;HYDROGEL_PACK;XIRECS;9987.0;5
44600;BOT_MAKER;BOT_TAKER;VEV_4000;XIRECS;1283.0;3
44600;BOT_TAKER;BOT_MAKER;VEV_5400;XIRECS;20.0;5
44600;BOT_MAKER;BOT_TAKER;VEV_5500;XIRECS;8.0;2
44600;BOT_MAKER;BOT_TAKER;VEV_6000;XIRECS;0.0;4
44700;BOT_TAKER;BOT_MAKER;VEV_5300;XIRECS;53.0;3
44700;SUBMISSION;BOT_TAKER;HYDROGEL_PACK;XIRECS;9970.0;2
44800;BOT_TAKER;BOT_MAKER;VEV_5500;XIRECS;9.0;5
44900;BOT_TAKER;BOT_MAKER;VELVETFRUIT_EXTRACT;XIRECS;5274.0;3
45100;BOT_MAKER;BOT_TAKER;VEV_6000;XIRECS;0.0;4
45200;BOT_MAKER;BOT_TAKER;HYDROGEL_PACK;XIRECS;9963.0;2
45300;BOT_TAKER;BOT_MAKER;VEV_4000;XIRECS;1301.0;1
45400;BOT_MAKER;BOT_TAKER;VELVETFRUIT_EXTRACT;XIRECS;5268.0;8
45400;BOT_MAKER;BOT_TAKER;VELVETFRUIT_EXTRACT;XIRECS;5268.0;5
45500;BOT_MAKER;BOT_TAKER;HYDROGEL_PACK;XIRECS;9961.0;6
45500;BOT_MAKER;BOT_TAKER;VELVETFRUIT_EXTRACT;XIRECS;5270.0;15
45500;BOT_TAKER;BOT_MAKER;VEV_6500;XIRECS;1.0;3
45600;BOT_MAKER;BOT_TAKER;VELVETFRUIT_EXTRACT;XIRECS;5270.0;4
45600;BOT_TAKER;BOT_MAKER;VEV_5400;XIRECS;19.0;2
45800;BOT_TAKER;BOT_MAKER;HYDROGEL_PACK;XIRECS;9975.0;2
45900;BOT_MAKER;BOT_TAKER;HYDROGEL_PACK;XIRECS;9958.0;5
45900;BOT_MAKER;BOT_TAKER;VELVETFRUIT_EXTRACT;XIRECS;5269.0;3
45900;BOT_MAKER;BOT_TAKER;VEV_5400;XIRECS;19.0;3
46000;BOT_TAKER;BOT_MAKER;VELVETFRUIT_EXTRACT;XIRECS;5273.0;5
46000;BOT_TAKER;BOT_MAKER;VEV_6500;XIRECS;1.0;2
46100;BOT_TAKER;BOT_MAKER;VELVETFRUIT_EXTRACT;XIRECS;5273.0;4
46200;BOT_TAKER;BOT_MAKER;HYDROGEL_PACK;XIRECS;9970.0;5
46200;BOT_MAKER;BOT_TAKER;VELVETFRUIT_EXTRACT;XIRECS;5267.0;8
46300;BOT_TAKER;BOT_MAKER;VELVETFRUIT_EXTRACT;XIRECS;5271.0;7
46300;BOT_TAKER;BOT_MAKER;VEV_4000;XIRECS;1294.0;3
46400;BOT_MAKER;BOT_TAKER;VEV_4000;XIRECS;1273.0;2
46500;BOT_MAKER;BOT_TAKER;HYDROGEL_PACK;XIRECS;9955.0;5
46600;BOT_TAKER;BOT_MAKER;HYDROGEL_PACK;XIRECS;9969.0;6
46600;BOT_MAKER;BOT_TAKER;VEV_5400;XIRECS;18.0;5
46700;BOT_MAKER;BOT_TAKER;HYDROGEL_PACK;XIRECS;9952.0;4
46800;BOT_TAKER;BOT_MAKER;VELVETFRUIT_EXTRACT;XIRECS;5276.0;4
46800;BOT_TAKER;BOT_MAKER;VEV_5500;XIRECS;9.0;3
46800;BOT_TAKER;BOT_MAKER;VEV_6000;XIRECS;1.0;2
47100;BOT_TAKER;BOT_MAKER;VELVETFRUIT_EXTRACT;XIRECS;5274.0;5
47100;BOT_TAKER;BOT_MAKER;VEV_4000;XIRECS;1290.0;2
47200;SUBMISSION;BOT_TAKER;VELVETFRUIT_EXTRACT;XIRECS;5269.0;5
47300;BOT_MAKER;BOT_TAKER;VEV_6500;XIRECS;0.0;3
47400;BOT_MAKER;BOT_TAKER;VELVETFRUIT_EXTRACT;XIRECS;5268.0;13
47400;BOT_MAKER;BOT_TAKER;VELVETFRUIT_EXTRACT;XIRECS;5268.0;8
47500;BOT_MAKER;BOT_TAKER;VEV_5400;XIRECS;18.0;5
47700;BOT_MAKER;BOT_TAKER;VELVETFRUIT_EXTRACT;XIRECS;5267.0;3
47800;BOT_MAKER;BOT_TAKER;VELVETFRUIT_EXTRACT;XIRECS;5267.0;3
47800;BOT_TAKER;SUBMISSION;HYDROGEL_PACK;XIRECS;9962.0;5
47900;BOT_TAKER;BOT_MAKER;VEV_6000;XIRECS;1.0;3
47900;SUBMISSION;BOT_TAKER;HYDROGEL_PACK;XIRECS;9945.0;4
48000;BOT_TAKER;BOT_MAKER;VELVETFRUIT_EXTRACT;XIRECS;5272.0;6
48100;BOT_MAKER;BOT_TAKER;VELVETFRUIT_EXTRACT;XIRECS;5268.0;4
48200;BOT_TAKER;BOT_MAKER;VEV_5500;XIRECS;9.0;2
48400;BOT_TAKER;BOT_MAKER;VEV_5500;XIRECS;9.0;4
48400;SUBMISSION;BOT_TAKER;VELVETFRUIT_EXTRACT;XIRECS;5270.0;5
48400;BOT_MAKER;BOT_TAKER;VELVETFRUIT_EXTRACT;XIRECS;5269.0;3
48500;BOT_MAKER;BOT_TAKER;HYDROGEL_PACK;XIRECS;9948.0;5
48500;BOT_TAKER;BOT_MAKER;VEV_5500;XIRECS;8.0;2
48500;BOT_TAKER;SUBMISSION;HYDROGEL_PACK;XIRECS;9965.0;4
48600;BOT_TAKER;BOT_MAKER;VELVETFRUIT_EXTRACT;XIRECS;5271.0;4
48600;BOT_MAKER;BOT_TAKER;VEV_6000;XIRECS;0.0;3
48600;BOT_TAKER;SUBMISSION;HYDROGEL_PACK;XIRECS;9964.0;4
48800;BOT_TAKER;BOT_MAKER;HYDROGEL_PACK;XIRECS;9967.0;5
48900;BOT_MAKER;BOT_TAKER;HYDROGEL_PACK;XIRECS;9948.0;5
48900;BOT_TAKER;BOT_MAKER;VELVETFRUIT_EXTRACT;XIRECS;5274.0;6
48900;BOT_MAKER;BOT_TAKER;VEV_6000;XIRECS;0.0;3
49000;BOT_MAKER;BOT_TAKER;VEV_4000;XIRECS;1271.0;1
49000;BOT_TAKER;BOT_MAKER;VEV_6500;XIRECS;1.0;2
49100;BOT_MAKER;BOT_TAKER;VEV_4000;XIRECS;1271.0;1
49200;BOT_MAKER;BOT_TAKER;VELVETFRUIT_EXTRACT;XIRECS;5267.0;5
49300;BOT_TAKER;BOT_MAKER;HYDROGEL_PACK;XIRECS;9968.0;5
49400;BOT_TAKER;BOT_MAKER;VELVETFRUIT_EXTRACT;XIRECS;5272.0;8
49400;BOT_TAKER;BOT_MAKER;VEV_6000;XIRECS;1.0;2
49400;SUBMISSION;BOT_TAKER;VELVETFRUIT_EXTRACT;XIRECS;5268.0;5
49400;BOT_MAKER;BOT_TAKER;VELVETFRUIT_EXTRACT;XIRECS;5267.0;1
49600;BOT_TAKER;BOT_MAKER;HYDROGEL_PACK;XIRECS;9965.0;3
49600;BOT_TAKER;BOT_MAKER;VELVETFRUIT_EXTRACT;XIRECS;5275.0;7
49700;BOT_MAKER;BOT_TAKER;HYDROGEL_PACK;XIRECS;9949.0;2
49700;BOT_TAKER;BOT_MAKER;VEV_4000;XIRECS;1291.0;2
49700;BOT_MAKER;BOT_TAKER;VEV_6500;XIRECS;0.0;2
49800;BOT_MAKER;BOT_TAKER;VELVETFRUIT_EXTRACT;XIRECS;5266.0;7
49800;BOT_TAKER;BOT_MAKER;VEV_6500;XIRECS;1.0;3
50000;BOT_TAKER;BOT_MAKER;VEV_4000;XIRECS;1292.0;1
50200;BOT_MAKER;BOT_TAKER;HYDROGEL_PACK;XIRECS;9951.0;6
50300;BOT_TAKER;BOT_MAKER;VELVETFRUIT_EXTRACT;XIRECS;5274.0;3
50400;BOT_TAKER;BOT_MAKER;VEV_5500;XIRECS;8.0;4
50500;BOT_TAKER;BOT_MAKER;HYDROGEL_PACK;XIRECS;9965.0;3
50500;BOT_MAKER;BOT_TAKER;VEV_4000;XIRECS;1269.0;1
50600;BOT_MAKER;BOT_TAKER;HYDROGEL_PACK;XIRECS;9950.0;4
50600;SUBMISSION;BOT_TAKER;VEV_5300;XIRECS;49.0;5
50800;BOT_TAKER;BOT_MAKER;VEV_5400;XIRECS;17.0;5
50800;BOT_TAKER;BOT_MAKER;VEV_5500;XIRECS;8.0;2
50900;BOT_MAKER;BOT_TAKER;VELVETFRUIT_EXTRACT;XIRECS;5269.0;5
51000;BOT_TAKER;BOT_MAKER;HYDROGEL_PACK;XIRECS;9966.0;4
51000;BOT_MAKER;BOT_TAKER;VEV_5400;XIRECS;16.0;4
51000;BOT_MAKER;BOT_TAKER;VEV_6500;XIRECS;0.0;4
51100;BOT_TAKER;SUBMISSION;VELVETFRUIT_EXTRACT;XIRECS;5269.0;5
51100;BOT_TAKER;BOT_MAKER;VELVETFRUIT_EXTRACT;XIRECS;5270.0;9
51200;BOT_TAKER;BOT_MAKER;VELVETFRUIT_EXTRACT;XIRECS;5271.0;3
51200;BOT_MAKER;BOT_TAKER;VEV_5400;XIRECS;15.0;5
51200;BOT_MAKER;BOT_TAKER;VEV_5400;XIRECS;15.0;3
51300;BOT_MAKER;BOT_TAKER;VEV_4000;XIRECS;1271.0;3
51400;BOT_TAKER;BOT_MAKER;VELVETFRUIT_EXTRACT;XIRECS;5269.0;6
51600;BOT_TAKER;BOT_MAKER;HYDROGEL_PACK;XIRECS;9971.0;3
51700;BOT_MAKER;BOT_TAKER;HYDROGEL_PACK;XIRECS;9952.0;5
51700;BOT_TAKER;BOT_MAKER;VELVETFRUIT_EXTRACT;XIRECS;5267.0;6
51800;BOT_MAKER;BOT_TAKER;VELVETFRUIT_EXTRACT;XIRECS;5260.0;7
51800;BOT_MAKER;BOT_TAKER;VELVETFRUIT_EXTRACT;XIRECS;5260.0;3
51800;BOT_TAKER;BOT_MAKER;VEV_6500;XIRECS;1.0;5
51900;BOT_TAKER;BOT_MAKER;HYDROGEL_PACK;XIRECS;9968.0;2
51900;BOT_MAKER;BOT_TAKER;VELVETFRUIT_EXTRACT;XIRECS;5261.0;6
51900;BOT_MAKER;BOT_TAKER;VEV_4000;XIRECS;1272.0;3
52000;BOT_TAKER;BOT_MAKER;HYDROGEL_PACK;XIRECS;9970.0;2
52000;BOT_TAKER;SUBMISSION;VELVETFRUIT_EXTRACT;XIRECS;5266.0;5
52100;BOT_TAKER;BOT_MAKER;VELVETFRUIT_EXTRACT;XIRECS;5268.0;4
52100;BOT_TAKER;BOT_MAKER;VEV_4000;XIRECS;1292.0;2
52200;BOT_TAKER;BOT_MAKER;VEV_6000;XIRECS;1.0;4
52300;SUBMISSION;BOT_TAKER;VEV_4000;XIRECS;1271.0;3
52600;BOT_TAKER;BOT_MAKER;VELVETFRUIT_EXTRACT;XIRECS;5270.0;5
52700;BOT_MAKER;BOT_TAKER;HYDROGEL_PACK;XIRECS;9949.0;5
52700;BOT_TAKER;BOT_MAKER;VELVETFRUIT_EXTRACT;XIRECS;5268.0;4
52700;SUBMISSION;BOT_TAKER;VELVETFRUIT_EXTRACT;XIRECS;5265.0;5
52700;BOT_MAKER;BOT_TAKER;VELVETFRUIT_EXTRACT;XIRECS;5264.0;2
52800;BOT_MAKER;BOT_TAKER;HYDROGEL_PACK;XIRECS;9948.0;3
52800;BOT_TAKER;BOT_MAKER;VELVETFRUIT_EXTRACT;XIRECS;5269.0;7
52900;BOT_TAKER;BOT_MAKER;VELVETFRUIT_EXTRACT;XIRECS;5270.0;5
53000;BOT_TAKER;SUBMISSION;VELVETFRUIT_EXTRACT;XIRECS;5267.0;5
53000;BOT_TAKER;BOT_MAKER;VELVETFRUIT_EXTRACT;XIRECS;5268.0;1
53100;BOT_MAKER;BOT_TAKER;VELVETFRUIT_EXTRACT;XIRECS;5264.0;4
53100;BOT_TAKER;BOT_MAKER;VEV_6000;XIRECS;1.0;4
53200;BOT_TAKER;BOT_MAKER;VELVETFRUIT_EXTRACT;XIRECS;5269.0;5
53300;BOT_MAKER;BOT_TAKER;HYDROGEL_PACK;XIRECS;9950.0;3
53300;BOT_MAKER;BOT_TAKER;VEV_5400;XIRECS;15.0;5
53300;SUBMISSION;BOT_TAKER;VELVETFRUIT_EXTRACT;XIRECS;5265.0;5
53300;BOT_MAKER;BOT_TAKER;VELVETFRUIT_EXTRACT;XIRECS;5264.0;1
53400;BOT_TAKER;BOT_MAKER;VELVETFRUIT_EXTRACT;XIRECS;5268.0;4
53500;BOT_TAKER;BOT_MAKER;VEV_4000;XIRECS;1296.0;2
53600;BOT_TAKER;BOT_MAKER;VEV_4000;XIRECS;1295.0;1
53600;SUBMISSION;BOT_TAKER;VELVETFRUIT_EXTRACT;XIRECS;5266.0;4
53700;BOT_MAKER;BOT_TAKER;VEV_4000;XIRECS;1276.0;3
53800;BOT_MAKER;BOT_TAKER;HYDROGEL_PACK;XIRECS;9955.0;2
53900;BOT_MAKER;BOT_TAKER;VELVETFRUIT_EXTRACT;XIRECS;5261.0;4
53900;BOT_TAKER;BOT_MAKER;VEV_4000;XIRECS;1296.0;3
53900;BOT_MAKER;BOT_TAKER;VEV_5300;XIRECS;49.0;5
53900;BOT_TAKER;SUBMISSION;VELVETFRUIT_EXTRACT;XIRECS;5266.0;5
54000;BOT_TAKER;BOT_MAKER;VELVETFRUIT_EXTRACT;XIRECS;5265.0;6
54100;BOT_MAKER;BOT_TAKER;VELVETFRUIT_EXTRACT;XIRECS;5264.0;3
54100;BOT_TAKER;SUBMISSION;VELVETFRUIT_EXTRACT;XIRECS;5268.0;5
54200;BOT_MAKER;BOT_TAKER;VELVETFRUIT_EXTRACT;XIRECS;5264.0;4
54300;BOT_MAKER;BOT_TAKER;VEV_5300;XIRECS;49.0;4
54400;BOT_TAKER;BOT_MAKER;HYDROGEL_PACK;XIRECS;9968.0;6
54400;BOT_MAKER;BOT_TAKER;VELVETFRUIT_EXTRACT;XIRECS;5266.0;6
54500;BOT_MAKER;BOT_TAKER;VELVETFRUIT_EXTRACT;XIRECS;5265.0;8
54600;BOT_MAKER;BOT_TAKER;HYDROGEL_PACK;XIRECS;9955.0;3
54700;BOT_MAKER;BOT_TAKER;HYDROGEL_PACK;XIRECS;9953.0;5
54700;BOT_TAKER;BOT_MAKER;VEV_5500;XIRECS;8.0;2
54900;BOT_MAKER;BOT_TAKER;HYDROGEL_PACK;XIRECS;9954.0;5
54900;BOT_TAKER;BOT_MAKER;VEV_5500;XIRECS;8.0;5
55100;BOT_MAKER;BOT_TAKER;HYDROGEL_PACK;XIRECS;9956.0;2
55300;BOT_TAKER;BOT_MAKER;VEV_4000;XIRECS;1299.0;2
55400;BOT_MAKER;BOT_TAKER;HYDROGEL_PACK;XIRECS;9957.0;4
55500;BOT_MAKER;BOT_TAKER;HYDROGEL_PACK;XIRECS;9953.0;2
55500;BOT_MAKER;BOT_TAKER;VELVETFRUIT_EXTRACT;XIRECS;5266.0;10
55600;BOT_TAKER;BOT_MAKER;VELVETFRUIT_EXTRACT;XIRECS;5271.0;8
55700;BOT_MAKER;BOT_TAKER;VEV_5500;XIRECS;7.0;3
55800;BOT_MAKER;BOT_TAKER;VELVETFRUIT_EXTRACT;XIRECS;5266.0;6
55800;BOT_TAKER;BOT_MAKER;VEV_5400;XIRECS;16.0;3
55800;BOT_TAKER;SUBMISSION;HYDROGEL_PACK;XIRECS;9970.0;5
55900;BOT_TAKER;BOT_MAKER;VELVETFRUIT_EXTRACT;XIRECS;5271.0;10
56000;BOT_MAKER;BOT_TAKER;VEV_5500;XIRECS;7.0;2
56100;BOT_TAKER;BOT_MAKER;VELVETFRUIT_EXTRACT;XIRECS;5271.0;7
56200;BOT_MAKER;BOT_TAKER;HYDROGEL_PACK;XIRECS;9957.0;2
56200;BOT_MAKER;BOT_TAKER;VELVETFRUIT_EXTRACT;XIRECS;5267.0;7
56300;BOT_TAKER;SUBMISSION;VELVETFRUIT_EXTRACT;XIRECS;5270.0;3
56400;BOT_MAKER;BOT_TAKER;HYDROGEL_PACK;XIRECS;9955.0;3
56400;BOT_TAKER;BOT_MAKER;VELVETFRUIT_EXTRACT;XIRECS;5271.0;3
56400;BOT_MAKER;BOT_TAKER;VEV_4000;XIRECS;1275.0;3
56400;BOT_TAKER;SUBMISSION;VELVETFRUIT_EXTRACT;XIRECS;5270.0;5
56400;BOT_TAKER;BOT_MAKER;VELVETFRUIT_EXTRACT;XIRECS;5271.0;3
56500;BOT_MAKER;BOT_TAKER;VELVETFRUIT_EXTRACT;XIRECS;5267.0;7
56500;BOT_TAKER;BOT_MAKER;VELVETFRUIT_EXTRACT;XIRECS;5272.0;7
56600;BOT_TAKER;BOT_MAKER;VELVETFRUIT_EXTRACT;XIRECS;5271.0;3
56600;BOT_TAKER;BOT_MAKER;VEV_4000;XIRECS;1298.0;3
56600;BOT_TAKER;BOT_MAKER;VEV_5500;XIRECS;9.0;2
56600;SUBMISSION;BOT_TAKER;VELVETFRUIT_EXTRACT;XIRECS;5267.0;5
56600;BOT_MAKER;BOT_TAKER;VELVETFRUIT_EXTRACT;XIRECS;5266.0;2
56700;BOT_MAKER;BOT_TAKER;VEV_6500;XIRECS;0.0;4
56800;BOT_MAKER;BOT_TAKER;VELVETFRUIT_EXTRACT;XIRECS;5266.0;8
56900;BOT_MAKER;BOT_TAKER;VELVETFRUIT_EXTRACT;XIRECS;5266.0;7
56900;SUBMISSION;BOT_TAKER;VEV_4000;XIRECS;1277.0;1
57000;BOT_MAKER;BOT_TAKER;HYDROGEL_PACK;XIRECS;9953.0;5
57200;BOT_MAKER;BOT_TAKER;VEV_4000;XIRECS;1278.0;1
57300;BOT_MAKER;BOT_TAKER;HYDROGEL_PACK;XIRECS;9955.0;5
57400;BOT_TAKER;BOT_MAKER;HYDROGEL_PACK;XIRECS;9974.0;3
57400;BOT_TAKER;SUBMISSION;VELVETFRUIT_EXTRACT;XIRECS;5267.0;5
57400;BOT_TAKER;BOT_MAKER;VELVETFRUIT_EXTRACT;XIRECS;5268.0;2
57600;BOT_MAKER;BOT_TAKER;VELVETFRUIT_EXTRACT;XIRECS;5266.0;6
57600;BOT_TAKER;SUBMISSION;VEV_5500;XIRECS;8.0;2
57700;BOT_MAKER;BOT_TAKER;VEV_4000;XIRECS;1282.0;3
57700;BOT_TAKER;SUBMISSION;HYDROGEL_PACK;XIRECS;9972.0;4
57800;BOT_TAKER;BOT_MAKER;VELVETFRUIT_EXTRACT;XIRECS;5269.0;3
57900;BOT_TAKER;BOT_MAKER;HYDROGEL_PACK;XIRECS;9968.0;3
58000;BOT_MAKER;BOT_TAKER;VELVETFRUIT_EXTRACT;XIRECS;5264.0;5
58100;BOT_TAKER;BOT_MAKER;HYDROGEL_PACK;XIRECS;9967.0;5
58100;BOT_MAKER;BOT_TAKER;VELVETFRUIT_EXTRACT;XIRECS;5263.0;3
58200;BOT_MAKER;BOT_TAKER;VELVETFRUIT_EXTRACT;XIRECS;5263.0;10
58300;BOT_MAKER;BOT_TAKER;HYDROGEL_PACK;XIRECS;9958.0;6
58300;BOT_TAKER;BOT_MAKER;VELVETFRUIT_EXTRACT;XIRECS;5268.0;9
58400;BOT_MAKER;BOT_TAKER;VEV_4000;XIRECS;1286.0;2
58400;BOT_TAKER;BOT_MAKER;VEV_6000;XIRECS;1.0;3
58500;BOT_MAKER;BOT_TAKER;VELVETFRUIT_EXTRACT;XIRECS;5263.0;6
58500;BOT_TAKER;SUBMISSION;HYDROGEL_PACK;XIRECS;9967.0;2
58700;BOT_TAKER;BOT_MAKER;VELVETFRUIT_EXTRACT;XIRECS;5267.0;6
58900;BOT_TAKER;BOT_MAKER;HYDROGEL_PACK;XIRECS;9974.0;5
58900;BOT_MAKER;BOT_TAKER;VEV_4000;XIRECS;1289.0;1
58900;SUBMISSION;BOT_TAKER;VEV_4000;XIRECS;1290.0;3
59000;BOT_MAKER;BOT_TAKER;HYDROGEL_PACK;XIRECS;9955.0;6
59100;BOT_TAKER;BOT_MAKER;HYDROGEL_PACK;XIRECS;9969.0;4
59100;BOT_MAKER;BOT_TAKER;VELVETFRUIT_EXTRACT;XIRECS;5264.0;3
59100;BOT_TAKER;BOT_MAKER;VELVETFRUIT_EXTRACT;XIRECS;5270.0;9
59200;BOT_TAKER;BOT_MAKER;VEV_6000;XIRECS;1.0;5
59400;BOT_MAKER;BOT_TAKER;VELVETFRUIT_EXTRACT;XIRECS;5261.0;5
59500;BOT_MAKER;BOT_TAKER;VELVETFRUIT_EXTRACT;XIRECS;5261.0;8
59600;BOT_TAKER;BOT_MAKER;VELVETFRUIT_EXTRACT;XIRECS;5267.0;4
59600;BOT_MAKER;BOT_TAKER;VEV_5300;XIRECS;45.0;5
59600;BOT_TAKER;BOT_MAKER;VEV_5400;XIRECS;15.0;3
59600;SUBMISSION;BOT_TAKER;VEV_4000;XIRECS;1290.0;2
59700;BOT_TAKER;BOT_MAKER;VELVETFRUIT_EXTRACT;XIRECS;5266.0;5
59800;BOT_MAKER;BOT_TAKER;VELVETFRUIT_EXTRACT;XIRECS;5262.0;7
59800;SUBMISSION;BOT_TAKER;VEV_4000;XIRECS;1289.0;2
59900;BOT_MAKER;BOT_TAKER;VEV_5300;XIRECS;45.0;2
60000;BOT_MAKER;BOT_TAKER;VEV_4000;XIRECS;1288.0;3
60000;BOT_MAKER;BOT_TAKER;VEV_6500;XIRECS;0.0;5
60100;BOT_TAKER;BOT_MAKER;VELVETFRUIT_EXTRACT;XIRECS;5266.0;9
60100;BOT_TAKER;SUBMISSION;VEV_4000;XIRECS;1307.0;3
60200;BOT_TAKER;BOT_MAKER;VEV_6000;XIRECS;1.0;4
60200;BOT_TAKER;BOT_MAKER;VEV_6000;XIRECS;1.0;2
60200;SUBMISSION;BOT_TAKER;VELVETFRUIT_EXTRACT;XIRECS;5263.0;5
60300;BOT_MAKER;BOT_TAKER;HYDROGEL_PACK;XIRECS;9967.0;3
60300;BOT_TAKER;BOT_MAKER;VEV_6500;XIRECS;1.0;4
60400;BOT_MAKER;BOT_TAKER;VELVETFRUIT_EXTRACT;XIRECS;5261.0;5
60500;BOT_TAKER;BOT_MAKER;HYDROGEL_PACK;XIRECS;9982.0;5
60500;BOT_TAKER;BOT_MAKER;HYDROGEL_PACK;XIRECS;9982.0;6
60500;BOT_MAKER;BOT_TAKER;VELVETFRUIT_EXTRACT;XIRECS;5259.0;12
60500;SUBMISSION;BOT_TAKER;HYDROGEL_PACK;XIRECS;9967.0;5
60600;BOT_MAKER;BOT_TAKER;HYDROGEL_PACK;XIRECS;9966.0;2
60600;BOT_MAKER;BOT_TAKER;VEV_6000;XIRECS;0.0;4
60700;BOT_MAKER;BOT_TAKER;VEV_5400;XIRECS;13.0;3
60700;SUBMISSION;BOT_TAKER;HYDROGEL_PACK;XIRECS;9963.0;5
60700;BOT_MAKER;BOT_TAKER;HYDROGEL_PACK;XIRECS;9962.0;1
60900;BOT_TAKER;BOT_MAKER;VELVETFRUIT_EXTRACT;XIRECS;5265.0;3
61000;SUBMISSION;BOT_TAKER;VELVETFRUIT_EXTRACT;XIRECS;5261.0;4
61100;BOT_MAKER;BOT_TAKER;HYDROGEL_PACK;XIRECS;9964.0;6
61100;BOT_MAKER;BOT_TAKER;VELVETFRUIT_EXTRACT;XIRECS;5259.0;8
61200;BOT_MAKER;BOT_TAKER;VELVETFRUIT_EXTRACT;XIRECS;5259.0;4
61200;BOT_TAKER;BOT_MAKER;VEV_5500;XIRECS;9.0;3
61200;BOT_MAKER;BOT_TAKER;VEV_6500;XIRECS;0.0;4
61300;BOT_MAKER;BOT_TAKER;VELVETFRUIT_EXTRACT;XIRECS;5261.0;4
61300;BOT_MAKER;BOT_TAKER;VEV_4000;XIRECS;1282.0;1
61400;BOT_MAKER;BOT_TAKER;VELVETFRUIT_EXTRACT;XIRECS;5260.0;4
61500;BOT_TAKER;BOT_MAKER;VELVETFRUIT_EXTRACT;XIRECS;5265.0;3
61500;BOT_TAKER;BOT_MAKER;VEV_5400;XIRECS;14.0;3
61600;BOT_MAKER;BOT_TAKER;HYDROGEL_PACK;XIRECS;9966.0;5
61600;BOT_MAKER;BOT_TAKER;VELVETFRUIT_EXTRACT;XIRECS;5259.0;5
61600;BOT_MAKER;BOT_TAKER;VEV_4000;XIRECS;1282.0;1
61700;BOT_TAKER;BOT_MAKER;HYDROGEL_PACK;XIRECS;9982.0;4
61700;BOT_MAKER;BOT_TAKER;VELVETFRUIT_EXTRACT;XIRECS;5260.0;4
61700;BOT_TAKER;SUBMISSION;HYDROGEL_PACK;XIRECS;9981.0;5
61700;SUBMISSION;BOT_TAKER;VELVETFRUIT_EXTRACT;XIRECS;5261.0;4
61800;BOT_MAKER;BOT_TAKER;VELVETFRUIT_EXTRACT;XIRECS;5260.0;6
61800;SUBMISSION;BOT_TAKER;HYDROGEL_PACK;XIRECS;9967.0;2
61900;BOT_TAKER;BOT_MAKER;HYDROGEL_PACK;XIRECS;9984.0;5
61900;BOT_TAKER;BOT_MAKER;VEV_6500;XIRECS;1.0;5
61900;BOT_TAKER;SUBMISSION;VEV_4000;XIRECS;1301.0;3
62000;BOT_MAKER;BOT_TAKER;VELVETFRUIT_EXTRACT;XIRECS;5260.0;8
62100;BOT_MAKER;BOT_TAKER;HYDROGEL_PACK;XIRECS;9968.0;5
62100;BOT_MAKER;BOT_TAKER;VEV_5300;XIRECS;46.0;5
62100;BOT_MAKER;BOT_TAKER;VEV_5500;XIRECS;8.0;2
62200;BOT_TAKER;BOT_MAKER;HYDROGEL_PACK;XIRECS;9983.0;2
62200;BOT_TAKER;BOT_MAKER;VELVETFRUIT_EXTRACT;XIRECS;5265.0;5
62300;BOT_TAKER;BOT_MAKER;VELVETFRUIT_EXTRACT;XIRECS;5265.0;3
62400;BOT_MAKER;BOT_TAKER;VELVETFRUIT_EXTRACT;XIRECS;5257.0;3
62600;BOT_TAKER;BOT_MAKER;HYDROGEL_PACK;XIRECS;9985.0;6
62600;BOT_TAKER;BOT_MAKER;VELVETFRUIT_EXTRACT;XIRECS;5261.0;3
62800;BOT_MAKER;BOT_TAKER;HYDROGEL_PACK;XIRECS;9970.0;3
62800;BOT_TAKER;BOT_MAKER;VEV_5400;XIRECS;15.0;3
62900;BOT_TAKER;BOT_MAKER;VEV_5300;XIRECS;48.0;4
62900;BOT_TAKER;SUBMISSION;VELVETFRUIT_EXTRACT;XIRECS;5260.0;5
62900;BOT_TAKER;BOT_MAKER;VELVETFRUIT_EXTRACT;XIRECS;5261.0;1
63000;BOT_MAKER;BOT_TAKER;VEV_4000;XIRECS;1283.0;3
63100;BOT_TAKER;SUBMISSION;VEV_4000;XIRECS;1303.0;2
63200;BOT_TAKER;BOT_MAKER;HYDROGEL_PACK;XIRECS;9989.0;4
63400;BOT_TAKER;BOT_MAKER;VELVETFRUIT_EXTRACT;XIRECS;5258.0;8
63400;BOT_MAKER;BOT_TAKER;VEV_5500;XIRECS;8.0;4
63500;BOT_TAKER;BOT_MAKER;VELVETFRUIT_EXTRACT;XIRECS;5258.0;5
63500;BOT_TAKER;BOT_MAKER;VEV_5500;XIRECS;9.0;2
63600;BOT_TAKER;BOT_MAKER;VEV_5500;XIRECS;9.0;4
63700;BOT_MAKER;BOT_TAKER;VEV_4000;XIRECS;1283.0;1
63700;BOT_TAKER;BOT_MAKER;VEV_6000;XIRECS;1.0;3
63900;BOT_MAKER;BOT_TAKER;VELVETFRUIT_EXTRACT;XIRECS;5256.0;8
63900;BOT_MAKER;BOT_TAKER;VEV_4000;XIRECS;1284.0;2
63900;BOT_MAKER;BOT_TAKER;VEV_5400;XIRECS;13.0;2
63900;BOT_TAKER;BOT_MAKER;VEV_5500;XIRECS;9.0;2
64000;BOT_TAKER;BOT_MAKER;VEV_6500;XIRECS;1.0;5
64100;BOT_MAKER;BOT_TAKER;HYDROGEL_PACK;XIRECS;9966.0;2
64200;BOT_MAKER;BOT_TAKER;VELVETFRUIT_EXTRACT;XIRECS;5258.0;5
64300;BOT_MAKER;BOT_TAKER;VELVETFRUIT_EXTRACT;XIRECS;5258.0;5
64400;BOT_MAKER;BOT_TAKER;HYDROGEL_PACK;XIRECS;9969.0;2
64400;BOT_MAKER;BOT_TAKER;VEV_6500;XIRECS;0.0;3
64500;BOT_TAKER;BOT_MAKER;VEV_4000;XIRECS;1303.0;3
64500;SUBMISSION;BOT_TAKER;HYDROGEL_PACK;XIRECS;9973.0;4
64700;BOT_TAKER;BOT_MAKER;VEV_4000;XIRECS;1303.0;2
64800;BOT_MAKER;BOT_TAKER;VEV_5500;XIRECS;8.0;5
64900;BOT_MAKER;BOT_TAKER;VELVETFRUIT_EXTRACT;XIRECS;5259.0;8
64900;BOT_TAKER;BOT_MAKER;VELVETFRUIT_EXTRACT;XIRECS;5265.0;7
64900;BOT_TAKER;BOT_MAKER;VEV_6000;XIRECS;1.0;5
64900;BOT_MAKER;BOT_TAKER;VEV_6500;XIRECS;0.0;2
65100;BOT_TAKER;BOT_MAKER;HYDROGEL_PACK;XIRECS;9988.0;4
65100;BOT_TAKER;BOT_MAKER;VEV_6000;XIRECS;1.0;5
65200;BOT_TAKER;BOT_MAKER;HYDROGEL_PACK;XIRECS;9989.0;3
65200;BOT_MAKER;BOT_TAKER;VELVETFRUIT_EXTRACT;XIRECS;5257.0;5
65300;BOT_MAKER;BOT_TAKER;HYDROGEL_PACK;XIRECS;9972.0;3
65300;BOT_MAKER;BOT_TAKER;VEV_5300;XIRECS;43.0;2
65400;BOT_TAKER;BOT_MAKER;VEV_4000;XIRECS;1297.0;2
65500;BOT_TAKER;BOT_MAKER;VELVETFRUIT_EXTRACT;XIRECS;5261.0;5
65600;BOT_MAKER;BOT_TAKER;HYDROGEL_PACK;XIRECS;9973.0;3
65600;BOT_TAKER;BOT_MAKER;VELVETFRUIT_EXTRACT;XIRECS;5261.0;4
65600;BOT_TAKER;BOT_MAKER;VEV_5400;XIRECS;15.0;5
65600;BOT_TAKER;BOT_MAKER;VEV_6500;XIRECS;1.0;3
65700;BOT_TAKER;BOT_MAKER;VEV_4000;XIRECS;1298.0;3
65800;BOT_TAKER;BOT_MAKER;HYDROGEL_PACK;XIRECS;9987.0;6
66000;BOT_MAKER;BOT_TAKER;VELVETFRUIT_EXTRACT;XIRECS;5254.0;5
66000;BOT_TAKER;BOT_MAKER;VEV_4000;XIRECS;1299.0;2
66100;BOT_TAKER;BOT_MAKER;VELVETFRUIT_EXTRACT;XIRECS;5262.0;7
66100;BOT_TAKER;BOT_MAKER;VEV_4000;XIRECS;1298.0;1
66200;BOT_TAKER;BOT_MAKER;HYDROGEL_PACK;XIRECS;9982.0;6
66200;BOT_TAKER;BOT_MAKER;VEV_4000;XIRECS;1299.0;2
66200;SUBMISSION;BOT_TAKER;VELVETFRUIT_EXTRACT;XIRECS;5257.0;5
66300;BOT_TAKER;BOT_MAKER;VEV_5400;XIRECS;15.0;4
66300;BOT_TAKER;BOT_MAKER;VEV_6000;XIRECS;1.0;2
66500;BOT_MAKER;BOT_TAKER;HYDROGEL_PACK;XIRECS;9968.0;2
66500;BOT_MAKER;BOT_TAKER;VELVETFRUIT_EXTRACT;XIRECS;5254.0;5
66500;BOT_MAKER;BOT_TAKER;VEV_5300;XIRECS;43.0;4
66600;BOT_TAKER;BOT_MAKER;HYDROGEL_PACK;XIRECS;9983.0;6
66600;BOT_TAKER;BOT_MAKER;VELVETFRUIT_EXTRACT;XIRECS;5261.0;3
66600;BOT_MAKER;BOT_TAKER;VEV_5300;XIRECS;43.0;2
66700;BOT_MAKER;BOT_TAKER;HYDROGEL_PACK;XIRECS;9968.0;2
66700;BOT_MAKER;BOT_TAKER;VELVETFRUIT_EXTRACT;XIRECS;5254.0;10
66800;BOT_TAKER;BOT_MAKER;VEV_5300;XIRECS;45.0;5
66800;BOT_TAKER;SUBMISSION;VELVETFRUIT_EXTRACT;XIRECS;5259.0;5
66800;BOT_TAKER;BOT_MAKER;VELVETFRUIT_EXTRACT;XIRECS;5260.0;1
67000;BOT_TAKER;BOT_MAKER;VELVETFRUIT_EXTRACT;XIRECS;5260.0;6
67100;SUBMISSION;BOT_TAKER;HYDROGEL_PACK;XIRECS;9971.0;5
67100;BOT_MAKER;BOT_TAKER;HYDROGEL_PACK;XIRECS;9970.0;1
67200;BOT_TAKER;BOT_MAKER;VELVETFRUIT_EXTRACT;XIRECS;5261.0;8
67200;BOT_MAKER;BOT_TAKER;VEV_5300;XIRECS;44.0;4
67300;BOT_TAKER;BOT_MAKER;VEV_5400;XIRECS;15.0;5
67300;BOT_TAKER;BOT_MAKER;VEV_6000;XIRECS;1.0;3
67400;BOT_TAKER;SUBMISSION;HYDROGEL_PACK;XIRECS;9983.0;5
67400;BOT_TAKER;BOT_MAKER;HYDROGEL_PACK;XIRECS;9984.0;1
67500;BOT_TAKER;BOT_MAKER;HYDROGEL_PACK;XIRECS;9981.0;5
67500;BOT_MAKER;BOT_TAKER;VELVETFRUIT_EXTRACT;XIRECS;5258.0;4
67600;SUBMISSION;BOT_TAKER;VEV_5500;XIRECS;9.0;4
67700;BOT_MAKER;BOT_TAKER;VEV_6000;XIRECS;0.0;2
67900;BOT_MAKER;BOT_TAKER;VELVETFRUIT_EXTRACT;XIRECS;5259.0;4
67900;BOT_TAKER;BOT_MAKER;VEV_6500;XIRECS;1.0;4
68000;BOT_TAKER;BOT_MAKER;VEV_6500;XIRECS;1.0;5
68100;BOT_TAKER;BOT_MAKER;VELVETFRUIT_EXTRACT;XIRECS;5264.0;7
68100;BOT_MAKER;BOT_TAKER;VEV_6500;XIRECS;0.0;5
68200;SUBMISSION;BOT_TAKER;VEV_4000;XIRECS;1280.0;3
68300;BOT_MAKER;BOT_TAKER;VEV_5400;XIRECS;13.0;2
68400;BOT_MAKER;BOT_TAKER;HYDROGEL_PACK;XIRECS;9969.0;3
68400;BOT_MAKER;BOT_TAKER;VEV_6000;XIRECS;0.0;3
68500;BOT_TAKER;BOT_MAKER;VELVETFRUIT_EXTRACT;XIRECS;5262.0;8
68500;BOT_TAKER;BOT_MAKER;VELVETFRUIT_EXTRACT;XIRECS;5262.0;10
68600;BOT_TAKER;BOT_MAKER;HYDROGEL_PACK;XIRECS;9987.0;5
68600;BOT_TAKER;BOT_MAKER;VELVETFRUIT_EXTRACT;XIRECS;5262.0;4
68600;BOT_TAKER;BOT_MAKER;VEV_4000;XIRECS;1300.0;1
68700;BOT_MAKER;BOT_TAKER;VEV_4000;XIRECS;1279.0;2
68900;BOT_TAKER;BOT_MAKER;HYDROGEL_PACK;XIRECS;9986.0;2
68900;BOT_TAKER;BOT_MAKER;VELVETFRUIT_EXTRACT;XIRECS;5264.0;5
69000;BOT_MAKER;BOT_TAKER;VELVETFRUIT_EXTRACT;XIRECS;5258.0;3
69000;BOT_MAKER;BOT_TAKER;VEV_6000;XIRECS;0.0;4
69000;BOT_MAKER;BOT_TAKER;VEV_6500;XIRECS;0.0;3
69000;BOT_TAKER;BOT_MAKER;VEV_6500;XIRECS;1.0;2
69100;BOT_TAKER;BOT_MAKER;HYDROGEL_PACK;XIRECS;9987.0;5
69200;BOT_MAKER;BOT_TAKER;HYDROGEL_PACK;XIRECS;9974.0;3
69200;BOT_TAKER;BOT_MAKER;VEV_6500;XIRECS;1.0;5
69300;BOT_MAKER;BOT_TAKER;HYDROGEL_PACK;XIRECS;9975.0;6
69300;BOT_TAKER;BOT_MAKER;VELVETFRUIT_EXTRACT;XIRECS;5262.0;6
69300;BOT_MAKER;BOT_TAKER;VEV_5500;XIRECS;8.0;2
69300;BOT_TAKER;BOT_MAKER;VEV_5500;XIRECS;9.0;5
69400;BOT_MAKER;BOT_TAKER;VEV_5500;XIRECS;8.0;3
69400;BOT_TAKER;SUBMISSION;HYDROGEL_PACK;XIRECS;9991.0;4
69600;BOT_TAKER;BOT_MAKER;HYDROGEL_PACK;XIRECS;9993.0;4
69700;BOT_TAKER;BOT_MAKER;HYDROGEL_PACK;XIRECS;9994.0;4
69700;BOT_MAKER;BOT_TAKER;VELVETFRUIT_EXTRACT;XIRECS;5257.0;5
69800;BOT_MAKER;BOT_TAKER;VEV_4000;XIRECS;1284.0;2
69800;BOT_TAKER;BOT_MAKER;VEV_6500;XIRECS;1.0;4
69900;BOT_TAKER;BOT_MAKER;VELVETFRUIT_EXTRACT;XIRECS;5264.0;6
70000;SUBMISSION;BOT_TAKER;VEV_4000;XIRECS;1284.0;2
70200;BOT_MAKER;BOT_TAKER;VELVETFRUIT_EXTRACT;XIRECS;5259.0;5
70200;BOT_MAKER;BOT_TAKER;VEV_4000;XIRECS;1282.0;3
70300;BOT_TAKER;BOT_MAKER;HYDROGEL_PACK;XIRECS;9995.0;5
70300;BOT_TAKER;BOT_MAKER;VELVETFRUIT_EXTRACT;XIRECS;5265.0;5
70300;BOT_MAKER;BOT_TAKER;VEV_4000;XIRECS;1281.0;2
70400;BOT_MAKER;BOT_TAKER;HYDROGEL_PACK;XIRECS;9975.0;5
70500;BOT_TAKER;BOT_MAKER;VEV_5500;XIRECS;9.0;2
70500;BOT_TAKER;SUBMISSION;VELVETFRUIT_EXTRACT;XIRECS;5263.0;5
70500;BOT_TAKER;BOT_MAKER;VELVETFRUIT_EXTRACT;XIRECS;5264.0;1
70600;BOT_TAKER;BOT_MAKER;HYDROGEL_PACK;XIRECS;9991.0;5
70600;SUBMISSION;BOT_TAKER;HYDROGEL_PACK;XIRECS;9976.0;3
70700;BOT_MAKER;BOT_TAKER;HYDROGEL_PACK;XIRECS;9974.0;3
70700;SUBMISSION;BOT_TAKER;VELVETFRUIT_EXTRACT;XIRECS;5258.0;5
70700;BOT_MAKER;BOT_TAKER;VELVETFRUIT_EXTRACT;XIRECS;5257.0;1
70900;BOT_MAKER;BOT_TAKER;HYDROGEL_PACK;XIRECS;9979.0;5
71000;BOT_TAKER;BOT_MAKER;VEV_6500;XIRECS;1.0;2
71100;BOT_MAKER;BOT_TAKER;VELVETFRUIT_EXTRACT;XIRECS;5258.0;8
71100;BOT_TAKER;BOT_MAKER;VEV_5300;XIRECS;43.0;2
71200;BOT_TAKER;BOT_MAKER;HYDROGEL_PACK;XIRECS;9993.0;6
71200;BOT_MAKER;BOT_TAKER;VEV_5400;XIRECS;13.0;2
71300;BOT_MAKER;BOT_TAKER;VELVETFRUIT_EXTRACT;XIRECS;5256.0;5
71300;BOT_TAKER;BOT_MAKER;VEV_5500;XIRECS;9.0;2
71300;BOT_TAKER;BOT_MAKER;VEV_6000;XIRECS;1.0;4
71300;SUBMISSION;BOT_TAKER;VELVETFRUIT_EXTRACT;XIRECS;5257.0;5
71400;BOT_TAKER;BOT_MAKER;HYDROGEL_PACK;XIRECS;10000.0;6
71400;BOT_MAKER;BOT_TAKER;VEV_6000;XIRECS;0.0;5
71500;BOT_MAKER;BOT_TAKER;HYDROGEL_PACK;XIRECS;9983.0;6
71500;BOT_MAKER;BOT_TAKER;VEV_6000;XIRECS;0.0;2
71500;BOT_TAKER;SUBMISSION;VELVETFRUIT_EXTRACT;XIRECS;5259.0;5
71500;BOT_TAKER;BOT_MAKER;VELVETFRUIT_EXTRACT;XIRECS;5260.0;1
71600;BOT_TAKER;BOT_MAKER;VEV_5500;XIRECS;9.0;5
71700;BOT_TAKER;BOT_MAKER;HYDROGEL_PACK;XIRECS;10001.0;2
71700;BOT_MAKER;BOT_TAKER;VELVETFRUIT_EXTRACT;XIRECS;5255.0;8
71800;BOT_TAKER;BOT_MAKER;HYDROGEL_PACK;XIRECS;10005.0;4
71800;BOT_MAKER;BOT_TAKER;VELVETFRUIT_EXTRACT;XIRECS;5252.0;4
71800;SUBMISSION;BOT_TAKER;HYDROGEL_PACK;XIRECS;9990.0;4
71900;BOT_MAKER;BOT_TAKER;VELVETFRUIT_EXTRACT;XIRECS;5252.0;4
71900;SUBMISSION;BOT_TAKER;VELVETFRUIT_EXTRACT;XIRECS;5253.0;5
71900;BOT_MAKER;BOT_TAKER;VELVETFRUIT_EXTRACT;XIRECS;5252.0;5
72000;BOT_TAKER;BOT_MAKER;VEV_5500;XIRECS;9.0;2
72200;BOT_TAKER;BOT_MAKER;HYDROGEL_PACK;XIRECS;10001.0;6
72400;BOT_TAKER;BOT_MAKER;VELVETFRUIT_EXTRACT;XIRECS;5256.0;15
72400;SUBMISSION;BOT_TAKER;HYDROGEL_PACK;XIRECS;9985.0;3
72600;BOT_MAKER;BOT_TAKER;VELVETFRUIT_EXTRACT;XIRECS;5251.0;3
72700;BOT_TAKER;BOT_MAKER;HYDROGEL_PACK;XIRECS;10003.0;2
72900;BOT_MAKER;BOT_TAKER;VEV_5400;XIRECS;14.0;2
72900;BOT_MAKER;BOT_TAKER;VEV_6000;XIRECS;0.0;4
73000;BOT_MAKER;BOT_TAKER;VELVETFRUIT_EXTRACT;XIRECS;5253.0;7
73000;BOT_TAKER;BOT_MAKER;VEV_4000;XIRECS;1303.0;1
73100;BOT_MAKER;BOT_TAKER;VELVETFRUIT_EXTRACT;XIRECS;5254.0;8
73100;BOT_MAKER;BOT_TAKER;VEV_5500;XIRECS;8.0;4
73100;BOT_TAKER;BOT_MAKER;VEV_6500;XIRECS;1.0;2
73200;BOT_MAKER;BOT_TAKER;HYDROGEL_PACK;XIRECS;9989.0;2
73200;BOT_TAKER;BOT_MAKER;VELVETFRUIT_EXTRACT;XIRECS;5258.0;4
73200;BOT_MAKER;BOT_TAKER;VEV_4000;XIRECS;1282.0;3
73200;BOT_MAKER;BOT_TAKER;VEV_6500;XIRECS;0.0;5
73300;BOT_TAKER;BOT_MAKER;HYDROGEL_PACK;XIRECS;10006.0;5
73300;BOT_TAKER;BOT_MAKER;HYDROGEL_PACK;XIRECS;10006.0;3
73300;BOT_TAKER;BOT_MAKER;VEV_6500;XIRECS;1.0;4
73500;BOT_MAKER;BOT_TAKER;VELVETFRUIT_EXTRACT;XIRECS;5251.0;8
73500;BOT_TAKER;BOT_MAKER;VELVETFRUIT_EXTRACT;XIRECS;5256.0;5
73500;BOT_TAKER;BOT_MAKER;VEV_4000;XIRECS;1307.0;2
73600;BOT_TAKER;BOT_MAKER;VELVETFRUIT_EXTRACT;XIRECS;5257.0;3
73700;BOT_MAKER;BOT_TAKER;HYDROGEL_PACK;XIRECS;9992.0;6
73700;BOT_MAKER;BOT_TAKER;VELVETFRUIT_EXTRACT;XIRECS;5252.0;8
73800;BOT_TAKER;BOT_MAKER;HYDROGEL_PACK;XIRECS;10008.0;2
73800;BOT_MAKER;BOT_TAKER;VEV_5500;XIRECS;8.0;4
73800;BOT_TAKER;BOT_MAKER;VEV_6000;XIRECS;1.0;4
73900;BOT_TAKER;BOT_MAKER;VEV_6000;XIRECS;1.0;3
73900;BOT_MAKER;BOT_TAKER;VEV_6500;XIRECS;0.0;4
74100;BOT_MAKER;BOT_TAKER;HYDROGEL_PACK;XIRECS;9995.0;6
74100;SUBMISSION;BOT_TAKER;HYDROGEL_PACK;XIRECS;9996.0;5
74100;BOT_MAKER;BOT_TAKER;HYDROGEL_PACK;XIRECS;9995.0;1
74300;BOT_MAKER;BOT_TAKER;VELVETFRUIT_EXTRACT;XIRECS;5260.0;8
74400;BOT_TAKER;BOT_MAKER;VELVETFRUIT_EXTRACT;XIRECS;5265.0;7
74400;BOT_TAKER;BOT_MAKER;VEV_5500;XIRECS;9.0;5
74400;BOT_MAKER;BOT_TAKER;VEV_6000;XIRECS;0.0;3
74400;BOT_TAKER;SUBMISSION;VELVETFRUIT_EXTRACT;XIRECS;5264.0;5
74500;BOT_TAKER;BOT_MAKER;VELVETFRUIT_EXTRACT;XIRECS;5265.0;7
74500;BOT_TAKER;BOT_MAKER;VEV_5500;XIRECS;9.0;2
74600;BOT_TAKER;BOT_MAKER;HYDROGEL_PACK;XIRECS;10010.0;3
74600;BOT_MAKER;BOT_TAKER;VEV_6000;XIRECS;0.0;4
74600;BOT_TAKER;SUBMISSION;VEV_5500;XIRECS;8.0;2
74700;BOT_MAKER;BOT_TAKER;VELVETFRUIT_EXTRACT;XIRECS;5259.0;8
74700;BOT_TAKER;BOT_MAKER;VEV_4000;XIRECS;1305.0;2
74700;BOT_TAKER;BOT_MAKER;VEV_6500;XIRECS;1.0;4
74800;BOT_MAKER;BOT_TAKER;VELVETFRUIT_EXTRACT;XIRECS;5259.0;5
74900;BOT_MAKER;BOT_TAKER;HYDROGEL_PACK;XIRECS;9991.0;5
74900;BOT_TAKER;BOT_MAKER;VEV_6000;XIRECS;1.0;2
74900;SUBMISSION;BOT_TAKER;VELVETFRUIT_EXTRACT;XIRECS;5260.0;5
74900;BOT_MAKER;BOT_TAKER;VELVETFRUIT_EXTRACT;XIRECS;5259.0;3
75100;BOT_MAKER;BOT_TAKER;VEV_6000;XIRECS;0.0;5
75100;BOT_TAKER;BOT_MAKER;VEV_6500;XIRECS;1.0;2
75300;BOT_TAKER;BOT_MAKER;VELVETFRUIT_EXTRACT;XIRECS;5268.0;8
75300;BOT_MAKER;BOT_TAKER;VELVETFRUIT_EXTRACT;XIRECS;5262.0;8
75300;BOT_TAKER;BOT_MAKER;VEV_4000;XIRECS;1305.0;3
75500;BOT_TAKER;BOT_MAKER;VEV_4000;XIRECS;1303.0;2
75500;BOT_MAKER;BOT_TAKER;VEV_6500;XIRECS;0.0;3
75500;SUBMISSION;BOT_TAKER;HYDROGEL_PACK;XIRECS;9991.0;5
75500;BOT_MAKER;BOT_TAKER;HYDROGEL_PACK;XIRECS;9990.0;1
75600;BOT_MAKER;BOT_TAKER;HYDROGEL_PACK;XIRECS;9989.0;3
75600;SUBMISSION;BOT_TAKER;VEV_4000;XIRECS;1282.0;3
75700;BOT_TAKER;BOT_MAKER;HYDROGEL_PACK;XIRECS;10005.0;2
75700;BOT_TAKER;BOT_MAKER;HYDROGEL_PACK;XIRECS;10005.0;2
75700;BOT_TAKER;BOT_MAKER;VELVETFRUIT_EXTRACT;XIRECS;5267.0;7
75800;BOT_TAKER;BOT_MAKER;VELVETFRUIT_EXTRACT;XIRECS;5266.0;5
75800;BOT_TAKER;BOT_MAKER;VEV_4000;XIRECS;1302.0;2
75900;BOT_TAKER;SUBMISSION;VEV_4000;XIRECS;1301.0;3
76000;BOT_TAKER;BOT_MAKER;HYDROGEL_PACK;XIRECS;10006.0;6
76000;BOT_MAKER;BOT_TAKER;VEV_5500;XIRECS;7.0;4
76100;BOT_MAKER;BOT_TAKER;VEV_6000;XIRECS;0.0;5
76100;BOT_MAKER;BOT_TAKER;VEV_6500;XIRECS;0.0;2
76300;BOT_MAKER;BOT_TAKER;HYDROGEL_PACK;XIRECS;9988.0;2
76300;BOT_TAKER;BOT_MAKER;VELVETFRUIT_EXTRACT;XIRECS;5263.0;7
76400;BOT_TAKER;BOT_MAKER;HYDROGEL_PACK;XIRECS;10004.0;6
76400;BOT_TAKER;BOT_MAKER;VEV_4000;XIRECS;1303.0;3
76500;BOT_TAKER;BOT_MAKER;HYDROGEL_PACK;XIRECS;10002.0;5
76500;BOT_MAKER;BOT_TAKER;VELVETFRUIT_EXTRACT;XIRECS;5257.0;8
76600;BOT_TAKER;BOT_MAKER;VELVETFRUIT_EXTRACT;XIRECS;5262.0;13
76600;BOT_TAKER;BOT_MAKER;VEV_6000;XIRECS;1.0;2
76700;BOT_MAKER;BOT_TAKER;VELVETFRUIT_EXTRACT;XIRECS;5257.0;10
76700;BOT_TAKER;SUBMISSION;VEV_5400;XIRECS;16.0;3
76900;BOT_MAKER;BOT_TAKER;VEV_5500;XIRECS;7.0;2
77000;BOT_TAKER;SUBMISSION;VEV_4000;XIRECS;1303.0;1
77100;BOT_TAKER;BOT_MAKER;VEV_5400;XIRECS;16.0;3
77200;BOT_MAKER;BOT_TAKER;HYDROGEL_PACK;XIRECS;9982.0;3
77200;BOT_MAKER;BOT_TAKER;VELVETFRUIT_EXTRACT;XIRECS;5256.0;3
77200;BOT_MAKER;BOT_TAKER;VEV_4000;XIRECS;1285.0;3
77400;BOT_TAKER;BOT_MAKER;HYDROGEL_PACK;XIRECS;10001.0;6
77400;SUBMISSION;BOT_TAKER;HYDROGEL_PACK;XIRECS;9986.0;3
77500;BOT_TAKER;BOT_MAKER;HYDROGEL_PACK;XIRECS;10002.0;5
77500;BOT_TAKER;BOT_MAKER;VELVETFRUIT_EXTRACT;XIRECS;5261.0;8
77500;BOT_MAKER;BOT_TAKER;VELVETFRUIT_EXTRACT;XIRECS;5255.0;7
77600;BOT_MAKER;BOT_TAKER;HYDROGEL_PACK;XIRECS;9989.0;4
77600;BOT_MAKER;BOT_TAKER;VEV_4000;XIRECS;1286.0;3
77700;BOT_TAKER;BOT_MAKER;HYDROGEL_PACK;XIRECS;10007.0;2
77700;BOT_TAKER;BOT_MAKER;VELVETFRUIT_EXTRACT;XIRECS;5264.0;6
77700;BOT_MAKER;BOT_TAKER;VEV_5500;XIRECS;6.0;3
77700;BOT_TAKER;SUBMISSION;HYDROGEL_PACK;XIRECS;10006.0;3
77900;BOT_TAKER;BOT_MAKER;VELVETFRUIT_EXTRACT;XIRECS;5265.0;8
77900;BOT_TAKER;BOT_MAKER;VEV_6000;XIRECS;1.0;3
78000;BOT_TAKER;BOT_MAKER;VEV_5500;XIRECS;8.0;2
78100;BOT_TAKER;SUBMISSION;VEV_4000;XIRECS;1306.0;3
78200;BOT_TAKER;BOT_MAKER;HYDROGEL_PACK;XIRECS;10010.0;3
78200;BOT_TAKER;SUBMISSION;VEV_5400;XIRECS;16.0;2
78300;BOT_MAKER;BOT_TAKER;VELVETFRUIT_EXTRACT;XIRECS;5259.0;5
78400;SUBMISSION;BOT_TAKER;VELVETFRUIT_EXTRACT;XIRECS;5260.0;4
78500;BOT_MAKER;BOT_TAKER;HYDROGEL_PACK;XIRECS;9992.0;5
78600;BOT_TAKER;BOT_MAKER;VELVETFRUIT_EXTRACT;XIRECS;5266.0;7
78700;BOT_MAKER;BOT_TAKER;VELVETFRUIT_EXTRACT;XIRECS;5261.0;6
78900;BOT_TAKER;BOT_MAKER;VELVETFRUIT_EXTRACT;XIRECS;5266.0;8
79000;BOT_TAKER;BOT_MAKER;VEV_4000;XIRECS;1310.0;1
79000;BOT_TAKER;BOT_MAKER;VEV_5400;XIRECS;17.0;5
79000;BOT_MAKER;BOT_TAKER;VEV_6000;XIRECS;0.0;4
79100;BOT_MAKER;BOT_TAKER;VELVETFRUIT_EXTRACT;XIRECS;5261.0;6
79400;BOT_TAKER;BOT_MAKER;VEV_5500;XIRECS;8.0;2
79400;BOT_MAKER;BOT_TAKER;VEV_6500;XIRECS;0.0;4
79500;BOT_TAKER;BOT_MAKER;HYDROGEL_PACK;XIRECS;10010.0;6
79500;SUBMISSION;BOT_TAKER;VELVETFRUIT_EXTRACT;XIRECS;5264.0;3
79700;BOT_TAKER;BOT_MAKER;VELVETFRUIT_EXTRACT;XIRECS;5269.0;6
79800;BOT_TAKER;BOT_MAKER;VELVETFRUIT_EXTRACT;XIRECS;5267.0;3
79800;BOT_MAKER;BOT_TAKER;VEV_6500;XIRECS;0.0;2
80000;BOT_TAKER;SUBMISSION;VEV_5400;XIRECS;16.0;2
80100;BOT_MAKER;BOT_TAKER;HYDROGEL_PACK;XIRECS;9996.0;6
80100;BOT_TAKER;BOT_MAKER;VEV_5400;XIRECS;16.0;2
80200;BOT_TAKER;BOT_MAKER;VELVETFRUIT_EXTRACT;XIRECS;5270.0;3
80200;BOT_TAKER;BOT_MAKER;VEV_4000;XIRECS;1307.0;1
80300;BOT_TAKER;BOT_MAKER;VEV_5300;XIRECS;40.0;5
80400;BOT_TAKER;BOT_MAKER;VELVETFRUIT_EXTRACT;XIRECS;5272.0;6
80400;BOT_TAKER;BOT_MAKER;VEV_6500;XIRECS;1.0;2
80400;BOT_TAKER;SUBMISSION;VEV_4000;XIRECS;1305.0;3
80500;BOT_MAKER;BOT_TAKER;HYDROGEL_PACK;XIRECS;10001.0;3
80600;BOT_MAKER;BOT_TAKER;VELVETFRUIT_EXTRACT;XIRECS;5267.0;7
80700;BOT_TAKER;BOT_MAKER;VEV_4000;XIRECS;1307.0;2
80700;BOT_TAKER;BOT_MAKER;VEV_5400;XIRECS;16.0;5
80800;BOT_MAKER;BOT_TAKER;VELVETFRUIT_EXTRACT;XIRECS;5267.0;10
80900;BOT_MAKER;BOT_TAKER;HYDROGEL_PACK;XIRECS;10001.0;3
81000;BOT_MAKER;BOT_TAKER;HYDROGEL_PACK;XIRECS;10002.0;6
81000;BOT_MAKER;BOT_TAKER;VELVETFRUIT_EXTRACT;XIRECS;5268.0;11
81000;BOT_TAKER;BOT_MAKER;VEV_5500;XIRECS;8.0;5
81000;BOT_MAKER;BOT_TAKER;VEV_6500;XIRECS;0.0;3
81100;BOT_MAKER;BOT_TAKER;HYDROGEL_PACK;XIRECS;10001.0;3
81100;BOT_TAKER;BOT_MAKER;VEV_5300;XIRECS;37.0;5
81100;BOT_TAKER;BOT_MAKER;VEV_5500;XIRECS;8.0;3
81200;BOT_TAKER;BOT_MAKER;VELVETFRUIT_EXTRACT;XIRECS;5272.0;5
81300;BOT_MAKER;BOT_TAKER;VELVETFRUIT_EXTRACT;XIRECS;5267.0;8
81300;BOT_MAKER;BOT_TAKER;VEV_4000;XIRECS;1285.0;2
81300;SUBMISSION;BOT_TAKER;VEV_4000;XIRECS;1286.0;3
81400;BOT_MAKER;BOT_TAKER;VELVETFRUIT_EXTRACT;XIRECS;5269.0;7
81500;BOT_MAKER;BOT_TAKER;HYDROGEL_PACK;XIRECS;10005.0;4
81500;BOT_MAKER;BOT_TAKER;VELVETFRUIT_EXTRACT;XIRECS;5271.0;3
81700;BOT_MAKER;BOT_TAKER;HYDROGEL_PACK;XIRECS;10004.0;4
81700;BOT_MAKER;BOT_TAKER;VEV_5500;XIRECS;7.0;3
81700;BOT_TAKER;BOT_MAKER;VEV_6500;XIRECS;1.0;5
81800;BOT_MAKER;BOT_TAKER;VELVETFRUIT_EXTRACT;XIRECS;5270.0;5
81800;BOT_TAKER;BOT_MAKER;VEV_4000;XIRECS;1306.0;2
81800;BOT_MAKER;BOT_TAKER;VEV_5300;XIRECS;34.0;4
81800;BOT_TAKER;BOT_MAKER;VEV_6500;XIRECS;1.0;2
82000;BOT_TAKER;BOT_MAKER;HYDROGEL_PACK;XIRECS;10025.0;6
82000;BOT_MAKER;BOT_TAKER;VELVETFRUIT_EXTRACT;XIRECS;5270.0;6
82100;BOT_TAKER;BOT_MAKER;HYDROGEL_PACK;XIRECS;10022.0;4
82100;BOT_TAKER;BOT_MAKER;VEV_6500;XIRECS;1.0;3
82200;BOT_MAKER;BOT_TAKER;VELVETFRUIT_EXTRACT;XIRECS;5270.0;5
82200;BOT_MAKER;BOT_TAKER;VEV_4000;XIRECS;1288.0;3
82200;BOT_TAKER;BOT_MAKER;VEV_6500;XIRECS;1.0;4
82300;BOT_MAKER;BOT_TAKER;HYDROGEL_PACK;XIRECS;10006.0;5
82300;BOT_TAKER;BOT_MAKER;VEV_4000;XIRECS;1310.0;2
82300;BOT_MAKER;BOT_TAKER;VEV_5500;XIRECS;7.0;5
82400;SUBMISSION;BOT_TAKER;VELVETFRUIT_EXTRACT;XIRECS;5271.0;5
82400;BOT_MAKER;BOT_TAKER;VELVETFRUIT_EXTRACT;XIRECS;5270.0;1
82500;BOT_TAKER;BOT_MAKER;VELVETFRUIT_EXTRACT;XIRECS;5275.0;6
82500;BOT_MAKER;BOT_TAKER;VEV_6000;XIRECS;0.0;5
82500;BOT_TAKER;SUBMISSION;VELVETFRUIT_EXTRACT;XIRECS;5274.0;5
82600;BOT_TAKER;BOT_MAKER;VELVETFRUIT_EXTRACT;XIRECS;5275.0;6
82700;BOT_MAKER;BOT_TAKER;HYDROGEL_PACK;XIRECS;10006.0;2
82800;BOT_TAKER;BOT_MAKER;VELVETFRUIT_EXTRACT;XIRECS;5276.0;7
82800;BOT_TAKER;BOT_MAKER;VEV_6000;XIRECS;1.0;4
83100;BOT_TAKER;BOT_MAKER;HYDROGEL_PACK;XIRECS;10018.0;5
83100;BOT_TAKER;BOT_MAKER;VELVETFRUIT_EXTRACT;XIRECS;5276.0;5
83100;BOT_MAKER;BOT_TAKER;VEV_4000;XIRECS;1289.0;2
83200;BOT_TAKER;BOT_MAKER;HYDROGEL_PACK;XIRECS;10018.0;4
83200;BOT_TAKER;BOT_MAKER;VELVETFRUIT_EXTRACT;XIRECS;5275.0;8
83200;BOT_TAKER;BOT_MAKER;VEV_6000;XIRECS;1.0;2
83300;BOT_MAKER;BOT_TAKER;HYDROGEL_PACK;XIRECS;9999.0;2
83300;BOT_TAKER;BOT_MAKER;VEV_4000;XIRECS;1309.0;3
83300;BOT_TAKER;BOT_MAKER;VEV_4000;XIRECS;1309.0;3
83500;BOT_TAKER;BOT_MAKER;VELVETFRUIT_EXTRACT;XIRECS;5279.0;12
83600;BOT_MAKER;BOT_TAKER;VELVETFRUIT_EXTRACT;XIRECS;5272.0;4
83600;BOT_TAKER;BOT_MAKER;VEV_5400;XIRECS;16.0;4
83700;BOT_TAKER;BOT_MAKER;VEV_4000;XIRECS;1308.0;3
83700;BOT_TAKER;SUBMISSION;VELVETFRUIT_EXTRACT;XIRECS;5278.0;5
83700;BOT_TAKER;BOT_MAKER;VELVETFRUIT_EXTRACT;XIRECS;5279.0;2
83800;BOT_TAKER;BOT_MAKER;VEV_4000;XIRECS;1309.0;3
83800;BOT_TAKER;SUBMISSION;VELVETFRUIT_EXTRACT;XIRECS;5278.0;4
84000;BOT_MAKER;BOT_TAKER;VELVETFRUIT_EXTRACT;XIRECS;5272.0;4
84000;BOT_TAKER;BOT_MAKER;VEV_6500;XIRECS;1.0;3
84200;BOT_TAKER;BOT_MAKER;HYDROGEL_PACK;XIRECS;10016.0;6
84300;BOT_MAKER;BOT_TAKER;VELVETFRUIT_EXTRACT;XIRECS;5271.0;7
84400;BOT_MAKER;BOT_TAKER;HYDROGEL_PACK;XIRECS;10001.0;3
84400;BOT_MAKER;BOT_TAKER;VELVETFRUIT_EXTRACT;XIRECS;5274.0;6
84600;BOT_MAKER;BOT_TAKER;VELVETFRUIT_EXTRACT;XIRECS;5274.0;5
84600;BOT_TAKER;SUBMISSION;HYDROGEL_PACK;XIRECS;10014.0;3
84700;BOT_MAKER;BOT_TAKER;VELVETFRUIT_EXTRACT;XIRECS;5275.0;7
84800;BOT_TAKER;BOT_MAKER;VELVETFRUIT_EXTRACT;XIRECS;5282.0;6
84800;BOT_TAKER;BOT_MAKER;VELVETFRUIT_EXTRACT;XIRECS;5282.0;6
85000;BOT_TAKER;BOT_MAKER;VELVETFRUIT_EXTRACT;XIRECS;5282.0;7
85100;BOT_MAKER;BOT_TAKER;HYDROGEL_PACK;XIRECS;10000.0;5
85100;BOT_MAKER;BOT_TAKER;VELVETFRUIT_EXTRACT;XIRECS;5277.0;7
85100;BOT_MAKER;BOT_TAKER;VEV_4000;XIRECS;1285.0;2
85300;BOT_TAKER;BOT_MAKER;HYDROGEL_PACK;XIRECS;10019.0;6
85300;BOT_TAKER;BOT_MAKER;VELVETFRUIT_EXTRACT;XIRECS;5281.0;5
85400;BOT_MAKER;BOT_TAKER;VEV_6500;XIRECS;0.0;4
85500;BOT_TAKER;BOT_MAKER;VELVETFRUIT_EXTRACT;XIRECS;5283.0;3
85500;BOT_TAKER;SUBMISSION;VEV_4000;XIRECS;1308.0;2
85600;BOT_TAKER;BOT_MAKER;VEV_5500;XIRECS;8.0;4
85700;BOT_MAKER;BOT_TAKER;HYDROGEL_PACK;XIRECS;10005.0;6
85800;BOT_MAKER;BOT_TAKER;HYDROGEL_PACK;XIRECS;10007.0;5
85900;BOT_MAKER;BOT_TAKER;VELVETFRUIT_EXTRACT;XIRECS;5280.0;13
85900;BOT_MAKER;BOT_TAKER;VEV_6500;XIRECS;0.0;4
86000;BOT_TAKER;BOT_MAKER;VELVETFRUIT_EXTRACT;XIRECS;5283.0;7
86100;BOT_TAKER;BOT_MAKER;VEV_5400;XIRECS;17.0;2
86100;SUBMISSION;BOT_TAKER;VELVETFRUIT_EXTRACT;XIRECS;5278.0;3
86200;BOT_MAKER;BOT_TAKER;VELVETFRUIT_EXTRACT;XIRECS;5276.0;8
86300;BOT_TAKER;BOT_MAKER;VEV_5300;XIRECS;33.0;5
86300;BOT_TAKER;BOT_MAKER;VEV_5400;XIRECS;18.0;4
86500;BOT_MAKER;BOT_TAKER;VEV_5500;XIRECS;7.0;3
86500;SUBMISSION;BOT_TAKER;HYDROGEL_PACK;XIRECS;10012.0;4
86600;BOT_TAKER;BOT_MAKER;VELVETFRUIT_EXTRACT;XIRECS;5284.0;6
86600;BOT_TAKER;BOT_MAKER;VEV_4000;XIRECS;1307.0;1
86600;BOT_TAKER;BOT_MAKER;VEV_6000;XIRECS;1.0;5
86700;BOT_TAKER;BOT_MAKER;VELVETFRUIT_EXTRACT;XIRECS;5283.0;5
86700;BOT_TAKER;BOT_MAKER;VEV_6500;XIRECS;1.0;2
86800;BOT_TAKER;BOT_MAKER;HYDROGEL_PACK;XIRECS;10024.0;3
86800;BOT_MAKER;BOT_TAKER;VELVETFRUIT_EXTRACT;XIRECS;5278.0;10
86800;BOT_MAKER;BOT_TAKER;VEV_5300;XIRECS;31.0;5
86900;BOT_MAKER;BOT_TAKER;VEV_6000;XIRECS;0.0;5
87000;BOT_TAKER;BOT_MAKER;HYDROGEL_PACK;XIRECS;10026.0;2
87000;BOT_TAKER;BOT_MAKER;VELVETFRUIT_EXTRACT;XIRECS;5282.0;4
87200;BOT_MAKER;BOT_TAKER;VEV_5300;XIRECS;32.0;3
87500;BOT_TAKER;BOT_MAKER;HYDROGEL_PACK;XIRECS;10023.0;4
87600;BOT_MAKER;BOT_TAKER;VEV_5500;XIRECS;7.0;3
87700;BOT_TAKER;BOT_MAKER;HYDROGEL_PACK;XIRECS;10021.0;4
87700;BOT_MAKER;BOT_TAKER;VEV_6500;XIRECS;0.0;4
87700;BOT_TAKER;SUBMISSION;VEV_5300;XIRECS;34.0;2
87800;BOT_TAKER;SUBMISSION;VELVETFRUIT_EXTRACT;XIRECS;5282.0;5
87900;BOT_TAKER;BOT_MAKER;VELVETFRUIT_EXTRACT;XIRECS;5281.0;3
88000;BOT_TAKER;BOT_MAKER;VELVETFRUIT_EXTRACT;XIRECS;5279.0;8
88000;BOT_TAKER;BOT_MAKER;VEV_4000;XIRECS;1311.0;2
88000;SUBMISSION;BOT_TAKER;HYDROGEL_PACK;XIRECS;10005.0;5
88000;BOT_MAKER;BOT_TAKER;HYDROGEL_PACK;XIRECS;10004.0;1
88100;BOT_TAKER;BOT_MAKER;HYDROGEL_PACK;XIRECS;10024.0;3
88300;BOT_TAKER;BOT_MAKER;HYDROGEL_PACK;XIRECS;10028.0;6
88300;SUBMISSION;BOT_TAKER;HYDROGEL_PACK;XIRECS;10013.0;2
88400;BOT_MAKER;BOT_TAKER;HYDROGEL_PACK;XIRECS;10011.0;3
88400;BOT_TAKER;BOT_MAKER;HYDROGEL_PACK;XIRECS;10027.0;5
88600;BOT_TAKER;BOT_MAKER;HYDROGEL_PACK;XIRECS;10029.0;6
88600;BOT_TAKER;BOT_MAKER;VEV_6000;XIRECS;1.0;2
88700;BOT_TAKER;BOT_MAKER;HYDROGEL_PACK;XIRECS;10027.0;2
88700;BOT_MAKER;BOT_TAKER;VEV_4000;XIRECS;1288.0;1
88800;BOT_MAKER;BOT_TAKER;HYDROGEL_PACK;XIRECS;10010.0;2
88800;BOT_TAKER;BOT_MAKER;VEV_6500;XIRECS;1.0;5
88800;SUBMISSION;BOT_TAKER;VELVETFRUIT_EXTRACT;XIRECS;5274.0;4
88900;BOT_TAKER;BOT_MAKER;VELVETFRUIT_EXTRACT;XIRECS;5278.0;10
88900;BOT_MAKER;BOT_TAKER;VEV_5500;XIRECS;7.0;5
88900;BOT_TAKER;BOT_MAKER;VEV_6500;XIRECS;1.0;5
88900;BOT_TAKER;SUBMISSION;VELVETFRUIT_EXTRACT;XIRECS;5277.0;4
89000;BOT_MAKER;BOT_TAKER;HYDROGEL_PACK;XIRECS;10008.0;2
89000;BOT_TAKER;BOT_MAKER;HYDROGEL_PACK;XIRECS;10024.0;5
89000;BOT_TAKER;BOT_MAKER;VELVETFRUIT_EXTRACT;XIRECS;5277.0;6
89200;BOT_MAKER;BOT_TAKER;HYDROGEL_PACK;XIRECS;10007.0;6
89300;BOT_TAKER;BOT_MAKER;HYDROGEL_PACK;XIRECS;10023.0;6
89300;BOT_TAKER;BOT_MAKER;VELVETFRUIT_EXTRACT;XIRECS;5278.0;11
89300;BOT_TAKER;BOT_MAKER;VELVETFRUIT_EXTRACT;XIRECS;5278.0;4
89400;BOT_MAKER;BOT_TAKER;HYDROGEL_PACK;XIRECS;10006.0;6
89400;BOT_TAKER;BOT_MAKER;VEV_6000;XIRECS;1.0;3
89500;BOT_TAKER;BOT_MAKER;HYDROGEL_PACK;XIRECS;10022.0;5
89700;BOT_MAKER;BOT_TAKER;HYDROGEL_PACK;XIRECS;10009.0;6
89700;BOT_TAKER;SUBMISSION;VEV_5300;XIRECS;35.0;3
89900;BOT_TAKER;BOT_MAKER;HYDROGEL_PACK;XIRECS;10028.0;4
89900;BOT_MAKER;BOT_TAKER;VEV_6000;XIRECS;0.0;5
90000;BOT_MAKER;BOT_TAKER;HYDROGEL_PACK;XIRECS;10014.0;2
90100;BOT_MAKER;BOT_TAKER;VEV_6500;XIRECS;0.0;2
90100;BOT_TAKER;SUBMISSION;HYDROGEL_PACK;XIRECS;10026.0;5
90300;BOT_MAKER;BOT_TAKER;HYDROGEL_PACK;XIRECS;10012.0;5
90500;BOT_MAKER;BOT_TAKER;VELVETFRUIT_EXTRACT;XIRECS;5271.0;7
90600;BOT_MAKER;BOT_TAKER;VELVETFRUIT_EXTRACT;XIRECS;5270.0;6
90700;BOT_MAKER;BOT_TAKER;HYDROGEL_PACK;XIRECS;10013.0;3
90900;BOT_TAKER;BOT_MAKER;HYDROGEL_PACK;XIRECS;10030.0;2
90900;BOT_TAKER;BOT_MAKER;VELVETFRUIT_EXTRACT;XIRECS;5277.0;8
90900;BOT_TAKER;SUBMISSION;HYDROGEL_PACK;XIRECS;10029.0;2
90900;SUBMISSION;BOT_TAKER;VEV_4000;XIRECS;1286.0;2
91000;BOT_MAKER;BOT_TAKER;HYDROGEL_PACK;XIRECS;10013.0;6
91000;BOT_MAKER;BOT_TAKER;VELVETFRUIT_EXTRACT;XIRECS;5270.0;8
91000;BOT_TAKER;BOT_MAKER;VEV_4000;XIRECS;1307.0;1
91000;SUBMISSION;BOT_TAKER;HYDROGEL_PACK;XIRECS;10014.0;2
91100;BOT_MAKER;BOT_TAKER;VEV_5500;XIRECS;7.0;2
91100;BOT_TAKER;BOT_MAKER;VEV_5500;XIRECS;9.0;4
91100;BOT_MAKER;BOT_TAKER;VEV_6000;XIRECS;0.0;4
91300;BOT_TAKER;BOT_MAKER;VELVETFRUIT_EXTRACT;XIRECS;5273.0;3
91400;BOT_TAKER;BOT_MAKER;VELVETFRUIT_EXTRACT;XIRECS;5274.0;8
91500;BOT_TAKER;BOT_MAKER;HYDROGEL_PACK;XIRECS;10022.0;5
91600;BOT_TAKER;BOT_MAKER;HYDROGEL_PACK;XIRECS;10023.0;3
91600;BOT_TAKER;BOT_MAKER;VELVETFRUIT_EXTRACT;XIRECS;5275.0;3
91600;BOT_TAKER;BOT_MAKER;VEV_4000;XIRECS;1303.0;3
91600;BOT_MAKER;BOT_TAKER;VEV_6000;XIRECS;0.0;4
91700;BOT_TAKER;BOT_MAKER;VEV_4000;XIRECS;1303.0;1
91700;BOT_TAKER;BOT_MAKER;VEV_5500;XIRECS;9.0;5
91800;BOT_MAKER;BOT_TAKER;VELVETFRUIT_EXTRACT;XIRECS;5270.0;4
91800;BOT_TAKER;BOT_MAKER;VELVETFRUIT_EXTRACT;XIRECS;5275.0;3
91800;BOT_TAKER;BOT_MAKER;VEV_4000;XIRECS;1304.0;1
91800;BOT_MAKER;BOT_TAKER;VEV_4000;XIRECS;1283.0;2
91900;BOT_MAKER;BOT_TAKER;VEV_4000;XIRECS;1281.0;1
92000;BOT_TAKER;BOT_MAKER;VELVETFRUIT_EXTRACT;XIRECS;5274.0;9
92000;BOT_TAKER;BOT_MAKER;VEV_4000;XIRECS;1303.0;2
92000;BOT_MAKER;BOT_TAKER;VEV_6500;XIRECS;0.0;3
92300;BOT_MAKER;BOT_TAKER;VELVETFRUIT_EXTRACT;XIRECS;5268.0;10
92400;BOT_TAKER;BOT_MAKER;HYDROGEL_PACK;XIRECS;10023.0;4
92400;BOT_TAKER;BOT_MAKER;VELVETFRUIT_EXTRACT;XIRECS;5272.0;6
92400;BOT_TAKER;BOT_MAKER;VELVETFRUIT_EXTRACT;XIRECS;5272.0;6
92500;BOT_MAKER;BOT_TAKER;HYDROGEL_PACK;XIRECS;10005.0;4
92500;BOT_MAKER;BOT_TAKER;VELVETFRUIT_EXTRACT;XIRECS;5267.0;5
92600;BOT_MAKER;BOT_TAKER;VELVETFRUIT_EXTRACT;XIRECS;5267.0;4
92600;BOT_TAKER;BOT_MAKER;VELVETFRUIT_EXTRACT;XIRECS;5272.0;6
92700;BOT_MAKER;BOT_TAKER;VELVETFRUIT_EXTRACT;XIRECS;5267.0;3
92800;BOT_MAKER;BOT_TAKER;VEV_6000;XIRECS;0.0;3
92800;BOT_MAKER;BOT_TAKER;VEV_6500;XIRECS;0.0;2
92900;BOT_TAKER;BOT_MAKER;VEV_5500;XIRECS;9.0;3
93200;BOT_TAKER;BOT_MAKER;VELVETFRUIT_EXTRACT;XIRECS;5272.0;7
93200;BOT_TAKER;BOT_MAKER;VEV_5400;XIRECS;18.0;3
93300;BOT_TAKER;BOT_MAKER;VELVETFRUIT_EXTRACT;XIRECS;5273.0;7
93400;BOT_TAKER;BOT_MAKER;HYDROGEL_PACK;XIRECS;10023.0;4
93400;BOT_MAKER;BOT_TAKER;VELVETFRUIT_EXTRACT;XIRECS;5266.0;3
93500;BOT_TAKER;BOT_MAKER;HYDROGEL_PACK;XIRECS;10020.0;6
93500;BOT_MAKER;BOT_TAKER;VEV_6500;XIRECS;0.0;4
93600;BOT_TAKER;BOT_MAKER;VEV_5500;XIRECS;9.0;2
93700;BOT_MAKER;BOT_TAKER;HYDROGEL_PACK;XIRECS;10010.0;5
93700;BOT_MAKER;BOT_TAKER;VELVETFRUIT_EXTRACT;XIRECS;5266.0;4
93700;BOT_MAKER;BOT_TAKER;VELVETFRUIT_EXTRACT;XIRECS;5266.0;8
93800;BOT_MAKER;BOT_TAKER;HYDROGEL_PACK;XIRECS;10011.0;5
93900;BOT_MAKER;BOT_TAKER;VELVETFRUIT_EXTRACT;XIRECS;5269.0;8
94000;BOT_MAKER;BOT_TAKER;HYDROGEL_PACK;XIRECS;10006.0;2
94000;BOT_MAKER;BOT_TAKER;VEV_4000;XIRECS;1281.0;1
94000;BOT_TAKER;SUBMISSION;HYDROGEL_PACK;XIRECS;10021.0;4
94100;BOT_MAKER;BOT_TAKER;VELVETFRUIT_EXTRACT;XIRECS;5264.0;7
94200;BOT_TAKER;BOT_MAKER;HYDROGEL_PACK;XIRECS;10023.0;6
94200;BOT_TAKER;BOT_MAKER;VELVETFRUIT_EXTRACT;XIRECS;5271.0;4
94200;SUBMISSION;BOT_TAKER;HYDROGEL_PACK;XIRECS;10008.0;5
94200;BOT_MAKER;BOT_TAKER;HYDROGEL_PACK;XIRECS;10007.0;1
94400;BOT_TAKER;BOT_MAKER;VELVETFRUIT_EXTRACT;XIRECS;5270.0;3
94500;BOT_TAKER;BOT_MAKER;HYDROGEL_PACK;XIRECS;10023.0;5
94500;BOT_MAKER;BOT_TAKER;VELVETFRUIT_EXTRACT;XIRECS;5263.0;5
94500;BOT_TAKER;BOT_MAKER;VEV_4000;XIRECS;1301.0;2
94600;BOT_TAKER;BOT_MAKER;VELVETFRUIT_EXTRACT;XIRECS;5268.0;6
94800;BOT_MAKER;BOT_TAKER;HYDROGEL_PACK;XIRECS;10008.0;3
94800;BOT_MAKER;BOT_TAKER;VELVETFRUIT_EXTRACT;XIRECS;5262.0;8
94900;BOT_MAKER;BOT_TAKER;VELVETFRUIT_EXTRACT;XIRECS;5260.0;6
94900;SUBMISSION;BOT_TAKER;HYDROGEL_PACK;XIRECS;10006.0;2
95000;BOT_TAKER;SUBMISSION;HYDROGEL_PACK;XIRECS;10019.0;2
95100;BOT_TAKER;BOT_MAKER;VELVETFRUIT_EXTRACT;XIRECS;5264.0;9
95400;BOT_TAKER;BOT_MAKER;HYDROGEL_PACK;XIRECS;10015.0;5
95400;BOT_TAKER;BOT_MAKER;VEV_4000;XIRECS;1298.0;3
95400;BOT_TAKER;BOT_MAKER;VEV_6500;XIRECS;1.0;4
95500;BOT_TAKER;BOT_MAKER;HYDROGEL_PACK;XIRECS;10015.0;3
95500;BOT_TAKER;BOT_MAKER;VEV_5500;XIRECS;8.0;3
95600;BOT_TAKER;BOT_MAKER;HYDROGEL_PACK;XIRECS;10013.0;4
95600;BOT_TAKER;BOT_MAKER;VELVETFRUIT_EXTRACT;XIRECS;5265.0;8
95600;BOT_TAKER;SUBMISSION;HYDROGEL_PACK;XIRECS;10012.0;5
95600;BOT_TAKER;SUBMISSION;VELVETFRUIT_EXTRACT;XIRECS;5264.0;5
95600;BOT_TAKER;BOT_MAKER;VELVETFRUIT_EXTRACT;XIRECS;5265.0;1
95700;BOT_TAKER;BOT_MAKER;HYDROGEL_PACK;XIRECS;10016.0;3
95700;BOT_MAKER;BOT_TAKER;VELVETFRUIT_EXTRACT;XIRECS;5260.0;4
95700;BOT_MAKER;BOT_TAKER;VEV_5300;XIRECS;34.0;2
95800;BOT_TAKER;BOT_MAKER;VEV_5300;XIRECS;35.0;5
95900;BOT_MAKER;BOT_TAKER;VELVETFRUIT_EXTRACT;XIRECS;5259.0;7
95900;BOT_TAKER;BOT_MAKER;VEV_4000;XIRECS;1297.0;1
95900;BOT_TAKER;BOT_MAKER;VEV_5400;XIRECS;18.0;3
96000;BOT_TAKER;BOT_MAKER;VEV_6000;XIRECS;1.0;5
96000;SUBMISSION;BOT_TAKER;VELVETFRUIT_EXTRACT;XIRECS;5261.0;5
96000;BOT_MAKER;BOT_TAKER;VELVETFRUIT_EXTRACT;XIRECS;5260.0;1
96200;BOT_TAKER;BOT_MAKER;HYDROGEL_PACK;XIRECS;10019.0;4
96200;BOT_MAKER;BOT_TAKER;VELVETFRUIT_EXTRACT;XIRECS;5258.0;7
96400;BOT_TAKER;BOT_MAKER;HYDROGEL_PACK;XIRECS;10021.0;6
96400;BOT_TAKER;BOT_MAKER;VELVETFRUIT_EXTRACT;XIRECS;5264.0;6
96400;BOT_MAKER;BOT_TAKER;VEV_4000;XIRECS;1273.0;2
96500;BOT_MAKER;BOT_TAKER;VELVETFRUIT_EXTRACT;XIRECS;5260.0;6
96700;BOT_TAKER;BOT_MAKER;VEV_5300;XIRECS;37.0;2
96900;BOT_MAKER;BOT_TAKER;VELVETFRUIT_EXTRACT;XIRECS;5261.0;4
97000;SUBMISSION;BOT_TAKER;VELVETFRUIT_EXTRACT;XIRECS;5263.0;3
97100;BOT_TAKER;SUBMISSION;HYDROGEL_PACK;XIRECS;10015.0;5
97200;BOT_TAKER;BOT_MAKER;HYDROGEL_PACK;XIRECS;10015.0;6
97200;BOT_MAKER;BOT_TAKER;VEV_5200;XIRECS;127.0;3
97200;BOT_TAKER;BOT_MAKER;VEV_6500;XIRECS;1.0;4
97300;BOT_TAKER;BOT_MAKER;VELVETFRUIT_EXTRACT;XIRECS;5265.0;5
97300;BOT_MAKER;BOT_TAKER;VEV_6000;XIRECS;0.0;2
97500;BOT_MAKER;BOT_TAKER;HYDROGEL_PACK;XIRECS;9999.0;6
97500;BOT_TAKER;BOT_MAKER;VELVETFRUIT_EXTRACT;XIRECS;5264.0;6
97500;BOT_MAKER;BOT_TAKER;VEV_5500;XIRECS;8.0;3
97700;BOT_TAKER;BOT_MAKER;VEV_4000;XIRECS;1297.0;3
97800;BOT_MAKER;BOT_TAKER;VELVETFRUIT_EXTRACT;XIRECS;5259.0;6
97800;BOT_TAKER;SUBMISSION;VELVETFRUIT_EXTRACT;XIRECS;5264.0;5
97800;BOT_TAKER;BOT_MAKER;VELVETFRUIT_EXTRACT;XIRECS;5265.0;2
97900;BOT_TAKER;BOT_MAKER;VEV_4000;XIRECS;1299.0;1
98000;BOT_TAKER;BOT_MAKER;HYDROGEL_PACK;XIRECS;10007.0;2
98000;BOT_TAKER;BOT_MAKER;VELVETFRUIT_EXTRACT;XIRECS;5264.0;5
98100;BOT_TAKER;BOT_MAKER;VEV_5400;XIRECS;18.0;3
98200;BOT_MAKER;BOT_TAKER;VEV_5300;XIRECS;33.0;2
98200;BOT_TAKER;BOT_MAKER;VEV_5400;XIRECS;18.0;4
98300;BOT_MAKER;BOT_TAKER;VELVETFRUIT_EXTRACT;XIRECS;5258.0;7
98300;BOT_TAKER;SUBMISSION;VELVETFRUIT_EXTRACT;XIRECS;5263.0;5
98300;BOT_TAKER;BOT_MAKER;VELVETFRUIT_EXTRACT;XIRECS;5264.0;1
98400;BOT_TAKER;BOT_MAKER;HYDROGEL_PACK;XIRECS;10006.0;5
98400;BOT_TAKER;BOT_MAKER;VEV_4000;XIRECS;1299.0;3
98500;BOT_TAKER;BOT_MAKER;HYDROGEL_PACK;XIRECS;10005.0;4
98600;BOT_MAKER;BOT_TAKER;HYDROGEL_PACK;XIRECS;9987.0;3
98600;BOT_MAKER;BOT_TAKER;VELVETFRUIT_EXTRACT;XIRECS;5259.0;6
98600;SUBMISSION;BOT_TAKER;VELVETFRUIT_EXTRACT;XIRECS;5260.0;3
98800;BOT_TAKER;BOT_MAKER;VEV_6500;XIRECS;1.0;2
98900;BOT_TAKER;BOT_MAKER;HYDROGEL_PACK;XIRECS;10005.0;4
98900;BOT_TAKER;BOT_MAKER;VEV_5400;XIRECS;18.0;4
99000;BOT_MAKER;BOT_TAKER;HYDROGEL_PACK;XIRECS;9993.0;5
99000;BOT_MAKER;BOT_TAKER;VELVETFRUIT_EXTRACT;XIRECS;5258.0;8
99000;BOT_MAKER;BOT_TAKER;VEV_6000;XIRECS;0.0;2
99100;BOT_TAKER;BOT_MAKER;VELVETFRUIT_EXTRACT;XIRECS;5265.0;7
99100;BOT_MAKER;BOT_TAKER;VELVETFRUIT_EXTRACT;XIRECS;5260.0;7
99200;BOT_TAKER;BOT_MAKER;HYDROGEL_PACK;XIRECS;10008.0;4
99200;BOT_MAKER;BOT_TAKER;VELVETFRUIT_EXTRACT;XIRECS;5261.0;4
99300;BOT_TAKER;BOT_MAKER;HYDROGEL_PACK;XIRECS;10010.0;2
99300;BOT_TAKER;BOT_MAKER;VELVETFRUIT_EXTRACT;XIRECS;5267.0;3
99300;BOT_MAKER;BOT_TAKER;VELVETFRUIT_EXTRACT;XIRECS;5261.0;4
99400;BOT_TAKER;BOT_MAKER;VEV_5500;XIRECS;9.0;4
99500;BOT_TAKER;BOT_MAKER;HYDROGEL_PACK;XIRECS;10014.0;2
99500;BOT_TAKER;BOT_MAKER;VELVETFRUIT_EXTRACT;XIRECS;5266.0;3
99600;BOT_MAKER;BOT_TAKER;VELVETFRUIT_EXTRACT;XIRECS;5260.0;4
99800;BOT_MAKER;BOT_TAKER;VELVETFRUIT_EXTRACT;XIRECS;5259.0;9
99800;BOT_TAKER;BOT_MAKER;VEV_5500;XIRECS;10.0;3
99800;BOT_TAKER;SUBMISSION;VELVETFRUIT_EXTRACT;XIRECS;5263.0;5
99900;BOT_MAKER;BOT_TAKER;VELVETFRUIT_EXTRACT;XIRECS;5260.0;3
100000;SUBMISSION;BOT_TAKER;VEV_4000;XIRECS;1279.0;2
100100;BOT_MAKER;BOT_TAKER;VEV_4000;XIRECS;1278.0;2
100100;SUBMISSION;BOT_TAKER;HYDROGEL_PACK;XIRECS;10003.0;3
100100;BOT_TAKER;SUBMISSION;VEV_4000;XIRECS;1299.0;1
100200;BOT_TAKER;BOT_MAKER;VEV_4000;XIRECS;1299.0;3
100200;BOT_TAKER;BOT_MAKER;VEV_5500;XIRECS;10.0;2
100400;BOT_MAKER;BOT_TAKER;VELVETFRUIT_EXTRACT;XIRECS;5260.0;7
100400;BOT_MAKER;BOT_TAKER;VELVETFRUIT_EXTRACT;XIRECS;5260.0;3
100400;BOT_MAKER;BOT_TAKER;VEV_4000;XIRECS;1276.0;2
100400;BOT_MAKER;BOT_TAKER;VEV_5500;XIRECS;9.0;5
100500;BOT_TAKER;BOT_MAKER;HYDROGEL_PACK;XIRECS;10018.0;4
100500;BOT_TAKER;BOT_MAKER;VELVETFRUIT_EXTRACT;XIRECS;5266.0;5
100500;BOT_TAKER;BOT_MAKER;VELVETFRUIT_EXTRACT;XIRECS;5266.0;8
100600;BOT_MAKER;BOT_TAKER;VEV_4000;XIRECS;1276.0;2
100700;BOT_TAKER;BOT_MAKER;HYDROGEL_PACK;XIRECS;10022.0;4
100800;BOT_TAKER;BOT_MAKER;VELVETFRUIT_EXTRACT;XIRECS;5265.0;6
100800;SUBMISSION;BOT_TAKER;HYDROGEL_PACK;XIRECS;10010.0;5
100800;BOT_MAKER;BOT_TAKER;HYDROGEL_PACK;XIRECS;10009.0;1
100900;BOT_MAKER;BOT_TAKER;HYDROGEL_PACK;XIRECS;10012.0;4
101000;BOT_TAKER;BOT_MAKER;VELVETFRUIT_EXTRACT;XIRECS;5266.0;7
101000;BOT_TAKER;BOT_MAKER;VEV_4000;XIRECS;1299.0;2
101100;BOT_TAKER;BOT_MAKER;HYDROGEL_PACK;XIRECS;10025.0;5
101100;BOT_TAKER;BOT_MAKER;VELVETFRUIT_EXTRACT;XIRECS;5265.0;3
101100;BOT_TAKER;BOT_MAKER;VEV_6000;XIRECS;1.0;3
101300;BOT_TAKER;BOT_MAKER;VELVETFRUIT_EXTRACT;XIRECS;5265.0;6
101300;BOT_TAKER;BOT_MAKER;VEV_5400;XIRECS;17.0;5
101400;BOT_MAKER;BOT_TAKER;HYDROGEL_PACK;XIRECS;10011.0;3
101400;BOT_MAKER;BOT_TAKER;VELVETFRUIT_EXTRACT;XIRECS;5259.0;4
101400;BOT_MAKER;BOT_TAKER;VEV_6000;XIRECS;0.0;5
101500;BOT_MAKER;BOT_TAKER;VELVETFRUIT_EXTRACT;XIRECS;5259.0;7
101600;BOT_MAKER;BOT_TAKER;VEV_4000;XIRECS;1281.0;2
101700;BOT_TAKER;BOT_MAKER;HYDROGEL_PACK;XIRECS;10022.0;4
101700;BOT_MAKER;BOT_TAKER;VEV_5400;XIRECS;15.0;2
101700;BOT_TAKER;BOT_MAKER;VEV_6000;XIRECS;1.0;3
101900;BOT_TAKER;BOT_MAKER;VEV_6500;XIRECS;1.0;2
102100;BOT_MAKER;BOT_TAKER;HYDROGEL_PACK;XIRECS;10002.0;5
102100;BOT_MAKER;BOT_TAKER;VELVETFRUIT_EXTRACT;XIRECS;5259.0;3
102100;BOT_TAKER;BOT_MAKER;VEV_6500;XIRECS;1.0;3
102200;BOT_MAKER;BOT_TAKER;VEV_5500;XIRECS;9.0;2
102200;BOT_TAKER;BOT_MAKER;VEV_6500;XIRECS;1.0;2
102500;BOT_MAKER;BOT_TAKER;HYDROGEL_PACK;XIRECS;10003.0;3
102800;BOT_TAKER;BOT_MAKER;HYDROGEL_PACK;XIRECS;10019.0;5
102800;BOT_TAKER;BOT_MAKER;VEV_5500;XIRECS;10.0;3
102900;BOT_MAKER;BOT_TAKER;HYDROGEL_PACK;XIRECS;10002.0;6
102900;BOT_MAKER;BOT_TAKER;VEV_4000;XIRECS;1280.0;2
102900;SUBMISSION;BOT_TAKER;VELVETFRUIT_EXTRACT;XIRECS;5259.0;4
103000;BOT_MAKER;BOT_TAKER;HYDROGEL_PACK;XIRECS;10004.0;5
103100;BOT_MAKER;BOT_TAKER;HYDROGEL_PACK;XIRECS;10003.0;2
103100;BOT_MAKER;BOT_TAKER;VELVETFRUIT_EXTRACT;XIRECS;5261.0;4
103200;BOT_TAKER;BOT_MAKER;VELVETFRUIT_EXTRACT;XIRECS;5266.0;3
103400;BOT_MAKER;BOT_TAKER;VELVETFRUIT_EXTRACT;XIRECS;5260.0;3
103600;BOT_TAKER;SUBMISSION;HYDROGEL_PACK;XIRECS;10025.0;2
103800;BOT_TAKER;BOT_MAKER;VELVETFRUIT_EXTRACT;XIRECS;5266.0;7
103800;BOT_MAKER;BOT_TAKER;VEV_4000;XIRECS;1278.0;3
103800;BOT_MAKER;BOT_TAKER;VEV_5300;XIRECS;38.0;1
103800;BOT_MAKER;BOT_TAKER;VEV_6000;XIRECS;0.0;4
104000;BOT_MAKER;BOT_TAKER;VELVETFRUIT_EXTRACT;XIRECS;5261.0;4
104000;BOT_TAKER;BOT_MAKER;VELVETFRUIT_EXTRACT;XIRECS;5267.0;4
104300;BOT_MAKER;BOT_TAKER;HYDROGEL_PACK;XIRECS;10006.0;4
104300;BOT_MAKER;BOT_TAKER;VELVETFRUIT_EXTRACT;XIRECS;5259.0;8
104400;BOT_TAKER;BOT_MAKER;VEV_4000;XIRECS;1300.0;1
104500;BOT_TAKER;BOT_MAKER;HYDROGEL_PACK;XIRECS;10030.0;4
104500;BOT_MAKER;BOT_TAKER;VELVETFRUIT_EXTRACT;XIRECS;5258.0;4
104600;BOT_MAKER;BOT_TAKER;HYDROGEL_PACK;XIRECS;10012.0;6
104600;BOT_TAKER;BOT_MAKER;HYDROGEL_PACK;XIRECS;10028.0;3
104700;BOT_MAKER;BOT_TAKER;VELVETFRUIT_EXTRACT;XIRECS;5259.0;3
104700;BOT_TAKER;BOT_MAKER;VEV_5500;XIRECS;10.0;4
104700;SUBMISSION;BOT_TAKER;VELVETFRUIT_EXTRACT;XIRECS;5260.0;5
104900;BOT_MAKER;BOT_TAKER;VELVETFRUIT_EXTRACT;XIRECS;5264.0;3
104900;BOT_TAKER;BOT_MAKER;VEV_6500;XIRECS;1.0;4
104900;BOT_TAKER;SUBMISSION;VELVETFRUIT_EXTRACT;XIRECS;5269.0;3
105000;BOT_TAKER;BOT_MAKER;VELVETFRUIT_EXTRACT;XIRECS;5268.0;7
105100;BOT_MAKER;BOT_TAKER;VEV_6500;XIRECS;0.0;4
105200;BOT_TAKER;BOT_MAKER;HYDROGEL_PACK;XIRECS;10025.0;6
105200;BOT_MAKER;BOT_TAKER;VELVETFRUIT_EXTRACT;XIRECS;5260.0;6
105300;BOT_MAKER;BOT_TAKER;VEV_6500;XIRECS;0.0;2
105500;BOT_MAKER;BOT_TAKER;HYDROGEL_PACK;XIRECS;10008.0;5
105600;BOT_MAKER;BOT_TAKER;HYDROGEL_PACK;XIRECS;10009.0;3
105700;BOT_TAKER;BOT_MAKER;VEV_4000;XIRECS;1299.0;3
105700;BOT_TAKER;BOT_MAKER;VEV_6500;XIRECS;1.0;4
105800;BOT_MAKER;BOT_TAKER;HYDROGEL_PACK;XIRECS;10006.0;2
105800;BOT_TAKER;BOT_MAKER;VEV_4000;XIRECS;1299.0;1
106000;BOT_MAKER;BOT_TAKER;VEV_4000;XIRECS;1277.0;2
106000;SUBMISSION;BOT_TAKER;VELVETFRUIT_EXTRACT;XIRECS;5258.0;3
106100;BOT_MAKER;BOT_TAKER;VEV_4000;XIRECS;1278.0;2
106100;BOT_MAKER;BOT_TAKER;VEV_5300;XIRECS;37.0;4
106200;SUBMISSION;BOT_TAKER;VELVETFRUIT_EXTRACT;XIRECS;5259.0;5
106200;BOT_MAKER;BOT_TAKER;VELVETFRUIT_EXTRACT;XIRECS;5258.0;3
106300;BOT_TAKER;BOT_MAKER;HYDROGEL_PACK;XIRECS;10020.0;4
106300;BOT_MAKER;BOT_TAKER;VELVETFRUIT_EXTRACT;XIRECS;5257.0;7
106300;BOT_MAKER;BOT_TAKER;VEV_6500;XIRECS;0.0;5
106300;BOT_TAKER;SUBMISSION;HYDROGEL_PACK;XIRECS;10019.0;3
106400;BOT_TAKER;BOT_MAKER;VELVETFRUIT_EXTRACT;XIRECS;5263.0;8
106400;BOT_MAKER;BOT_TAKER;VEV_6500;XIRECS;0.0;5
106400;BOT_TAKER;SUBMISSION;HYDROGEL_PACK;XIRECS;10020.0;4
106500;BOT_TAKER;BOT_MAKER;HYDROGEL_PACK;XIRECS;10025.0;4
106500;BOT_TAKER;BOT_MAKER;VELVETFRUIT_EXTRACT;XIRECS;5263.0;8
106500;BOT_TAKER;SUBMISSION;VELVETFRUIT_EXTRACT;XIRECS;5262.0;5
106600;BOT_TAKER;BOT_MAKER;VELVETFRUIT_EXTRACT;XIRECS;5264.0;4
106600;BOT_MAKER;BOT_TAKER;VEV_5500;XIRECS;9.0;2
106700;BOT_TAKER;BOT_MAKER;HYDROGEL_PACK;XIRECS;10026.0;5
106700;BOT_MAKER;BOT_TAKER;VEV_5400;XIRECS;15.0;2
106700;SUBMISSION;BOT_TAKER;HYDROGEL_PACK;XIRECS;10011.0;4
106900;BOT_MAKER;BOT_TAKER;HYDROGEL_PACK;XIRECS;10012.0;5
106900;BOT_MAKER;BOT_TAKER;VEV_6500;XIRECS;0.0;5
107000;BOT_TAKER;BOT_MAKER;VEV_5300;XIRECS;39.0;3
107000;BOT_TAKER;BOT_MAKER;VEV_5400;XIRECS;17.0;3
107100;BOT_TAKER;BOT_MAKER;VEV_4000;XIRECS;1299.0;2
107200;BOT_TAKER;BOT_MAKER;HYDROGEL_PACK;XIRECS;10030.0;2
107300;BOT_MAKER;BOT_TAKER;VEV_4000;XIRECS;1279.0;1
107400;BOT_TAKER;BOT_MAKER;HYDROGEL_PACK;XIRECS;10035.0;5
107400;BOT_TAKER;BOT_MAKER;VELVETFRUIT_EXTRACT;XIRECS;5267.0;6
107400;BOT_MAKER;BOT_TAKER;VEV_4000;XIRECS;1278.0;2
107500;BOT_MAKER;BOT_TAKER;VEV_6000;XIRECS;0.0;3
107500;SUBMISSION;BOT_TAKER;VELVETFRUIT_EXTRACT;XIRECS;5264.0;5
107500;BOT_MAKER;BOT_TAKER;VELVETFRUIT_EXTRACT;XIRECS;5263.0;1
107600;BOT_TAKER;BOT_MAKER;HYDROGEL_PACK;XIRECS;10037.0;2
107800;BOT_TAKER;SUBMISSION;HYDROGEL_PACK;XIRECS;10040.0;3
107900;BOT_MAKER;BOT_TAKER;VELVETFRUIT_EXTRACT;XIRECS;5260.0;6
107900;BOT_TAKER;BOT_MAKER;VEV_5500;XIRECS;10.0;5
107900;BOT_MAKER;BOT_TAKER;VEV_6500;XIRECS;0.0;4
108100;BOT_MAKER;BOT_TAKER;VEV_5500;XIRECS;9.0;4
108300;BOT_TAKER;BOT_MAKER;HYDROGEL_PACK;XIRECS;10048.0;6
108300;BOT_MAKER;BOT_TAKER;VELVETFRUIT_EXTRACT;XIRECS;5260.0;3
108300;BOT_MAKER;BOT_TAKER;VEV_6000;XIRECS;0.0;3
108600;BOT_TAKER;BOT_MAKER;VELVETFRUIT_EXTRACT;XIRECS;5264.0;7
108700;BOT_TAKER;BOT_MAKER;VEV_4000;XIRECS;1302.0;1
108700;SUBMISSION;BOT_TAKER;VEV_4000;XIRECS;1282.0;1
108800;BOT_TAKER;BOT_MAKER;VELVETFRUIT_EXTRACT;XIRECS;5265.0;8
108900;BOT_TAKER;BOT_MAKER;VEV_5300;XIRECS;40.0;2
108900;SUBMISSION;BOT_TAKER;HYDROGEL_PACK;XIRECS;10040.0;2
109000;BOT_MAKER;BOT_TAKER;HYDROGEL_PACK;XIRECS;10039.0;2
109000;BOT_TAKER;BOT_MAKER;VELVETFRUIT_EXTRACT;XIRECS;5262.0;4
109100;BOT_MAKER;BOT_TAKER;HYDROGEL_PACK;XIRECS;10038.0;4
109100;BOT_TAKER;BOT_MAKER;VELVETFRUIT_EXTRACT;XIRECS;5261.0;7
109100;BOT_MAKER;BOT_TAKER;VEV_5500;XIRECS;10.0;3
109100;BOT_TAKER;BOT_MAKER;VEV_6500;XIRECS;1.0;5
109200;BOT_TAKER;BOT_MAKER;VEV_5400;XIRECS;18.0;3
109200;BOT_TAKER;BOT_MAKER;VEV_6500;XIRECS;1.0;2
109300;BOT_MAKER;BOT_TAKER;VELVETFRUIT_EXTRACT;XIRECS;5255.0;4
109300;BOT_TAKER;BOT_MAKER;VEV_5500;XIRECS;11.0;5
109400;BOT_MAKER;BOT_TAKER;HYDROGEL_PACK;XIRECS;10040.0;2
109400;BOT_MAKER;BOT_TAKER;VEV_4000;XIRECS;1282.0;1
109600;BOT_MAKER;BOT_TAKER;HYDROGEL_PACK;XIRECS;10036.0;5
109600;BOT_MAKER;BOT_TAKER;VELVETFRUIT_EXTRACT;XIRECS;5253.0;6
109600;BOT_TAKER;BOT_MAKER;VEV_6500;XIRECS;1.0;4
109700;BOT_MAKER;BOT_TAKER;HYDROGEL_PACK;XIRECS;10038.0;6
109700;BOT_MAKER;BOT_TAKER;VEV_5200;XIRECS;120.0;4
109700;SUBMISSION;BOT_TAKER;VELVETFRUIT_EXTRACT;XIRECS;5252.0;4
109800;BOT_MAKER;BOT_TAKER;VELVETFRUIT_EXTRACT;XIRECS;5252.0;6
109800;BOT_TAKER;BOT_MAKER;VEV_4000;XIRECS;1302.0;2
109800;SUBMISSION;BOT_TAKER;VELVETFRUIT_EXTRACT;XIRECS;5253.0;5
109800;BOT_MAKER;BOT_TAKER;VELVETFRUIT_EXTRACT;XIRECS;5252.0;1
109900;BOT_MAKER;BOT_TAKER;HYDROGEL_PACK;XIRECS;10036.0;4
110000;BOT_TAKER;BOT_MAKER;VELVETFRUIT_EXTRACT;XIRECS;5258.0;7
110000;SUBMISSION;BOT_TAKER;HYDROGEL_PACK;XIRECS;10034.0;2
110100;BOT_MAKER;BOT_TAKER;VELVETFRUIT_EXTRACT;XIRECS;5254.0;10
110200;BOT_TAKER;BOT_MAKER;HYDROGEL_PACK;XIRECS;10042.0;4
110200;BOT_TAKER;BOT_MAKER;VELVETFRUIT_EXTRACT;XIRECS;5256.0;8
110500;BOT_TAKER;BOT_MAKER;HYDROGEL_PACK;XIRECS;10047.0;2
110500;BOT_MAKER;BOT_TAKER;VELVETFRUIT_EXTRACT;XIRECS;5251.0;4
110500;BOT_MAKER;BOT_TAKER;VEV_4000;XIRECS;1280.0;2
110600;BOT_MAKER;BOT_TAKER;VEV_4000;XIRECS;1278.0;2
110600;BOT_TAKER;BOT_MAKER;VEV_5300;XIRECS;40.0;3
110700;BOT_MAKER;BOT_TAKER;HYDROGEL_PACK;XIRECS;10028.0;2
110900;BOT_TAKER;BOT_MAKER;VELVETFRUIT_EXTRACT;XIRECS;5258.0;5
