timestamp;buyer;seller;symbol;currency;price;quantity
0;BOT_TAKER;BOT_MAKER;HYDROGEL_PACK;XIRECS;9987.0;4
0;BOT_MAKER;BOT_TAKER;VELVETFRUIT_EXTRACT;XIRECS;5260.0;7
0;BOT_TAKER;BOT_MAKER;VEV_5400;XIRECS;17.0;2
200;BOT_TAKER;BOT_MAKER;HYDROGEL_PACK;XIRECS;9988.0;5
200;BOT_MAKER;BOT_TAKER;VEV_6000;XIRECS;0.0;5
200;BOT_MAKER;BOT_TAKER;VEV_6000;XIRECS;0.0;4
300;BOT_MAKER;BOT_TAKER;HYDROGEL_PACK;XIRECS;9974.0;4
300;BOT_TAKER;BOT_MAKER;VELVETFRUIT_EXTRACT;XIRECS;5265.0;6
300;BOT_TAKER;BOT_MAKER;VEV_6500;XIRECS;1.0;2
400;BOT_MAKER;BOT_TAKER;HYDROGEL_PACK;XIRECS;9978.0;5
400;BOT_MAKER;BOT_TAKER;VEV_4000;XIRECS;1254.0;2
400;BOT_TAKER;BOT_MAKER;VEV_6500;XIRECS;1.0;5
400;BOT_TAKER;SUBMISSION;VEV_5400;XIRECS;17.0;3
500;BOT_MAKER;BOT_TAKER;HYDROGEL_PACK;XIRECS;9973.0;2
600;BOT_MAKER;BOT_TAKER;HYDROGEL_PACK;XIRECS;9971.0;2
600;BOT_TAKER;BOT_MAKER;VEV_4000;XIRECS;1275.0;3
600;BOT_TAKER;SUBMISSION;VELVETFRUIT_EXTRACT;XIRECS;5259.0;5
600;BOT_TAKER;BOT_MAKER;VELVETFRUIT_EXTRACT;XIRECS;5260.0;1
800;BOT_MAKER;BOT_TAKER;VELVETFRUIT_EXTRACT;XIRECS;5255.0;6
800;BOT_TAKER;BOT_MAKER;VELVETFRUIT_EXTRACT;XIRECS;5260.0;8
900;BOT_TAKER;BOT_MAKER;VEV_6000;XIRECS;1.0;5
900;SUBMISSION;BOT_TAKER;HYDROGEL_PACK;XIRECS;9976.0;2
1000;BOT_TAKER;BOT_MAKER;HYDROGEL_PACK;XIRECS;9992.0;4
1100;BOT_MAKER;BOT_TAKER;HYDROGEL_PACK;XIRECS;9975.0;5
1200;BOT_TAKER;BOT_MAKER;VELVETFRUIT_EXTRACT;XIRECS;5261.0;6
1300;BOT_MAKER;BOT_TAKER;VELVETFRUIT_EXTRACT;XIRECS;5255.0;7
1400;BOT_TAKER;BOT_MAKER;HYDROGEL_PACK;XIRECS;9994.0;5
1500;BOT_TAKER;BOT_MAKER;HYDROGEL_PACK;XIRECS;9990.0;4
1600;BOT_TAKER;BOT_MAKER;HYDROGEL_PACK;XIRECS;9993.0;2
1700;BOT_MAKER;BOT_TAKER;VELVETFRUIT_EXTRACT;XIRECS;5255.0;7
1800;BOT_MAKER;BOT_TAKER;VEV_4000;XIRECS;1253.0;3
1900;BOT_MAKER;BOT_TAKER;HYDROGEL_PACK;XIRECS;9975.0;3
1900;BOT_MAKER;BOT_TAKER;VELVETFRUIT_EXTRACT;XIRECS;5255.0;3
1900;BOT_TAKER;BOT_MAKER;VEV_4000;XIRECS;1272.0;2
1900;BOT_TAKER;BOT_MAKER;VEV_6500;XIRECS;1.0;3
2100;BOT_MAKER;BOT_TAKER;VELVETFRUIT_EXTRACT;XIRECS;5257.0;8
2100;SUBMISSION;BOT_TAKER;HYDROGEL_PACK;XIRECS;9975.0;2
2200;BOT_MAKER;BOT_TAKER;VELVETFRUIT_EXTRACT;XIRECS;5257.0;8
2200;BOT_MAKER;BOT_TAKER;VEV_6500;XIRECS;0.0;2
2300;BOT_TAKER;BOT_MAKER;HYDROGEL_PACK;XIRECS;9990.0;3
2300;BOT_MAKER;BOT_TAKER;VEV_4000;XIRECS;1250.0;2
2300;BOT_TAKER;BOT_MAKER;VEV_4000;XIRECS;1271.0;1
2400;BOT_MAKER;BOT_TAKER;HYDROGEL_PACK;XIRECS;9972.0;6
2500;BOT_TAKER;BOT_MAKER;VELVETFRUIT_EXTRACT;XIRECS;5264.0;8
2600;BOT_TAKER;BOT_MAKER;VEV_5400;XIRECS;18.0;3
2600;BOT_TAKER;BOT_MAKER;VEV_6000;XIRECS;1.0;2
2900;BOT_TAKER;BOT_MAKER;VELVETFRUIT_EXTRACT;XIRECS;5265.0;6
2900;BOT_MAKER;BOT_TAKER;VEV_5400;XIRECS;17.0;2
3000;BOT_MAKER;BOT_TAKER;VELVETFRUIT_EXTRACT;XIRECS;5259.0;7
3000;BOT_TAKER;BOT_MAKER;VEV_4000;XIRECS;1274.0;3
3000;BOT_TAKER;BOT_MAKER;VEV_4000;XIRECS;1274.0;2
3100;BOT_TAKER;BOT_MAKER;VELVETFRUIT_EXTRACT;XIRECS;5266.0;8
3200;BOT_MAKER;BOT_TAKER;VELVETFRUIT_EXTRACT;XIRECS;5259.0;8
3200;BOT_MAKER;BOT_TAKER;VEV_5500;XIRECS;6.0;3
3300;BOT_MAKER;BOT_TAKER;VELVETFRUIT_EXTRACT;XIRECS;5261.0;8
3300;BOT_MAKER;BOT_TAKER;VEV_5500;XIRECS;6.0;2
3300;BOT_MAKER;BOT_TAKER;VEV_6000;XIRECS;0.0;4
3400;BOT_TAKER;BOT_MAKER;VELVETFRUIT_EXTRACT;XIRECS;5265.0;6
3400;BOT_TAKER;BOT_MAKER;VEV_5300;XIRECS;51.0;2
3400;BOT_TAKER;BOT_MAKER;VEV_6500;XIRECS;1.0;4
3500;BOT_MAKER;BOT_TAKER;HYDROGEL_PACK;XIRECS;9975.0;5
3500;BOT_TAKER;SUBMISSION;VELVETFRUIT_EXTRACT;XIRECS;5261.0;5
3600;BOT_MAKER;BOT_TAKER;HYDROGEL_PACK;XIRECS;9978.0;3
3600;BOT_TAKER;BOT_MAKER;VELVETFRUIT_EXTRACT;XIRECS;5262.0;7
3800;BOT_MAKER;BOT_TAKER;VEV_4000;XIRECS;1250.0;2
3900;BOT_MAKER;BOT_TAKER;VELVETFRUIT_EXTRACT;XIRECS;5255.0;6
4000;BOT_TAKER;BOT_MAKER;VELVETFRUIT_EXTRACT;XIRECS;5261.0;3
4100;BOT_MAKER;BOT_TAKER;VEV_6500;XIRECS;0.0;4
4300;BOT_TAKER;BOT_MAKER;HYDROGEL_PACK;XIRECS;9996.0;6
4300;SUBMISSION;BOT_TAKER;HYDROGEL_PACK;XIRECS;9981.0;5
4400;BOT_TAKER;BOT_MAKER;HYDROGEL_PACK;XIRECS;9995.0;2
4400;BOT_TAKER;BOT_MAKER;VELVETFRUIT_EXTRACT;XIRECS;5259.0;7
4400;SUBMISSION;BOT_TAKER;VELVETFRUIT_EXTRACT;XIRECS;5255.0;4
4500;BOT_MAKER;BOT_TAKER;HYDROGEL_PACK;XIRECS;9980.0;2
4600;BOT_MAKER;BOT_TAKER;HYDROGEL_PACK;XIRECS;9980.0;5
4600;BOT_MAKER;BOT_TAKER;VELVETFRUIT_EXTRACT;XIRECS;5256.0;8
4600;BOT_MAKER;BOT_TAKER;VEV_6000;XIRECS;0.0;3
4700;BOT_TAKER;BOT_MAKER;HYDROGEL_PACK;XIRECS;9994.0;5
4700;BOT_TAKER;BOT_MAKER;VEV_5500;XIRECS;7.0;5
4800;BOT_TAKER;BOT_MAKER;VELVETFRUIT_EXTRACT;XIRECS;5262.0;5
4900;BOT_MAKER;BOT_TAKER;HYDROGEL_PACK;XIRECS;9976.0;4
4900;BOT_MAKER;BOT_TAKER;VELVETFRUIT_EXTRACT;XIRECS;5257.0;6
4900;BOT_TAKER;BOT_MAKER;VEV_6500;XIRECS;1.0;2
5100;BOT_MAKER;BOT_TAKER;VELVETFRUIT_EXTRACT;XIRECS;5259.0;7
5300;BOT_MAKER;BOT_TAKER;VELVETFRUIT_EXTRACT;XIRECS;5257.0;6
5400;BOT_MAKER;BOT_TAKER;VELVETFRUIT_EXTRACT;XIRECS;5257.0;4
5600;BOT_MAKER;BOT_TAKER;HYDROGEL_PACK;XIRECS;9965.0;5
5700;BOT_TAKER;BOT_MAKER;HYDROGEL_PACK;XIRECS;9981.0;5
5700;BOT_MAKER;BOT_TAKER;VELVETFRUIT_EXTRACT;XIRECS;5260.0;6
5700;BOT_MAKER;BOT_TAKER;VEV_6500;XIRECS;0.0;2
5800;BOT_MAKER;BOT_TAKER;HYDROGEL_PACK;XIRECS;9969.0;6
5900;BOT_MAKER;BOT_TAKER;VEV_5400;XIRECS;15.0;3
6000;BOT_MAKER;BOT_TAKER;VELVETFRUIT_EXTRACT;XIRECS;5261.0;3
6100;BOT_TAKER;BOT_MAKER;HYDROGEL_PACK;XIRECS;9990.0;4
6100;BOT_MAKER;BOT_TAKER;VELVETFRUIT_EXTRACT;XIRECS;5262.0;13
6200;BOT_TAKER;BOT_MAKER;HYDROGEL_PACK;XIRECS;9987.0;6
6200;BOT_TAKER;BOT_MAKER;VELVETFRUIT_EXTRACT;XIRECS;5268.0;3
6400;BOT_MAKER;BOT_TAKER;HYDROGEL_PACK;XIRECS;9971.0;5
6400;BOT_TAKER;BOT_MAKER;HYDROGEL_PACK;XIRECS;9987.0;2
6400;BOT_MAKER;BOT_TAKER;VEV_4000;XIRECS;1245.0;2
6500;BOT_TAKER;BOT_MAKER;VEV_6500;XIRECS;1.0;4
6500;SUBMISSION;BOT_TAKER;HYDROGEL_PACK;XIRECS;9972.0;5
6500;BOT_MAKER;BOT_TAKER;HYDROGEL_PACK;XIRECS;9971.0;1
6500;BOT_TAKER;SUBMISSION;VELVETFRUIT_EXTRACT;XIRECS;5267.0;3
6600;BOT_TAKER;BOT_MAKER;VEV_4000;XIRECS;1266.0;3
6600;SUBMISSION;BOT_TAKER;HYDROGEL_PACK;XIRECS;9971.0;4
6700;BOT_MAKER;BOT_TAKER;VEV_4000;XIRECS;1244.0;2
6700;BOT_TAKER;SUBMISSION;HYDROGEL_PACK;XIRECS;9985.0;3
6800;BOT_MAKER;BOT_TAKER;HYDROGEL_PACK;XIRECS;9969.0;4
6800;BOT_MAKER;BOT_TAKER;VEV_6000;XIRECS;0.0;4
6800;BOT_TAKER;BOT_MAKER;VEV_6500;XIRECS;1.0;3
6900;BOT_TAKER;BOT_MAKER;HYDROGEL_PACK;XIRECS;9985.0;3
7200;BOT_TAKER;BOT_MAKER;VEV_6000;XIRECS;1.0;5
7300;BOT_TAKER;BOT_MAKER;VELVETFRUIT_EXTRACT;XIRECS;5275.0;4
7300;BOT_TAKER;BOT_MAKER;VEV_4000;XIRECS;1267.0;1
7400;BOT_TAKER;BOT_MAKER;HYDROGEL_PACK;XIRECS;9983.0;6
7400;BOT_TAKER;BOT_MAKER;HYDROGEL_PACK;XIRECS;9983.0;6
7500;BOT_MAKER;BOT_TAKER;HYDROGEL_PACK;XIRECS;9969.0;2
7500;BOT_TAKER;BOT_MAKER;VEV_5500;XIRECS;7.0;5
7500;BOT_MAKER;BOT_TAKER;VEV_5500;XIRECS;6.0;4
7600;BOT_TAKER;BOT_MAKER;VELVETFRUIT_EXTRACT;XIRECS;5277.0;5
7700;BOT_MAKER;BOT_TAKER;VELVETFRUIT_EXTRACT;XIRECS;5274.0;6
7900;BOT_TAKER;BOT_MAKER;VEV_6000;XIRECS;1.0;4
8200;BOT_TAKER;BOT_MAKER;HYDROGEL_PACK;XIRECS;9973.0;3
8200;BOT_TAKER;BOT_MAKER;VELVETFRUIT_EXTRACT;XIRECS;5278.0;6
8300;BOT_TAKER;BOT_MAKER;HYDROGEL_PACK;XIRECS;9973.0;3
8300;BOT_MAKER;BOT_TAKER;VEV_5500;XIRECS;6.0;5
8500;BOT_MAKER;BOT_TAKER;VEV_6500;XIRECS;0.0;3
8800;BOT_MAKER;BOT_TAKER;HYDROGEL_PACK;XIRECS;9950.0;3
8800;BOT_TAKER;BOT_MAKER;VELVETFRUIT_EXTRACT;XIRECS;5276.0;6
8800;BOT_TAKER;BOT_MAKER;VEV_5300;XIRECS;52.0;3
8900;BOT_TAKER;BOT_MAKER;HYDROGEL_PACK;XIRECS;9966.0;5
8900;BOT_MAKER;BOT_TAKER;VELVETFRUIT_EXTRACT;XIRECS;5271.0;7
9000;BOT_TAKER;BOT_MAKER;VEV_5500;XIRECS;7.0;5
9000;BOT_MAKER;BOT_TAKER;VEV_6500;XIRECS;0.0;4
9000;BOT_TAKER;SUBMISSION;HYDROGEL_PACK;XIRECS;9965.0;5
9000;BOT_TAKER;SUBMISSION;VELVETFRUIT_EXTRACT;XIRECS;5275.0;5
9000;BOT_TAKER;BOT_MAKER;VELVETFRUIT_EXTRACT;XIRECS;5276.0;3
9100;BOT_MAKER;BOT_TAKER;HYDROGEL_PACK;XIRECS;9949.0;2
9200;BOT_MAKER;BOT_TAKER;VEV_5500;XIRECS;6.0;2
9300;BOT_MAKER;BOT_TAKER;VELVETFRUIT_EXTRACT;XIRECS;5270.0;5
9500;BOT_MAKER;BOT_TAKER;HYDROGEL_PACK;XIRECS;9945.0;5
9500;BOT_MAKER;BOT_TAKER;VELVETFRUIT_EXTRACT;XIRECS;5271.0;7
9600;BOT_TAKER;BOT_MAKER;HYDROGEL_PACK;XIRECS;9961.0;4
9600;BOT_TAKER;BOT_MAKER;VELVETFRUIT_EXTRACT;XIRECS;5274.0;6
9600;BOT_MAKER;BOT_TAKER;VELVETFRUIT_EXTRACT;XIRECS;5268.0;4
9600;BOT_MAKER;BOT_TAKER;VEV_6500;XIRECS;0.0;5
9700;BOT_TAKER;BOT_MAKER;VELVETFRUIT_EXTRACT;XIRECS;5274.0;5
9800;BOT_MAKER;BOT_TAKER;HYDROGEL_PACK;XIRECS;9950.0;2
9900;BOT_MAKER;BOT_TAKER;VEV_5200;XIRECS;90.0;2
10000;BOT_TAKER;BOT_MAKER;HYDROGEL_PACK;XIRECS;9963.0;6
10000;BOT_TAKER;BOT_MAKER;VELVETFRUIT_EXTRACT;XIRECS;5273.0;5
10100;BOT_MAKER;BOT_TAKER;HYDROGEL_PACK;XIRECS;9948.0;3
10100;BOT_MAKER;BOT_TAKER;VELVETFRUIT_EXTRACT;XIRECS;5268.0;9
10100;SUBMISSION;BOT_TAKER;VEV_5400;XIRECS;16.0;4
10200;BOT_MAKER;BOT_TAKER;HYDROGEL_PACK;XIRECS;9948.0;3
10300;BOT_MAKER;BOT_TAKER;HYDROGEL_PACK;XIRECS;9948.0;3
10300;BOT_MAKER;BOT_TAKER;VEV_5500;XIRECS;6.0;2
10300;BOT_MAKER;BOT_TAKER;VEV_6000;XIRECS;0.0;3
10400;BOT_MAKER;BOT_TAKER;HYDROGEL_PACK;XIRECS;9948.0;3
10400;BOT_TAKER;BOT_MAKER;VELVETFRUIT_EXTRACT;XIRECS;5275.0;6
10500;BOT_TAKER;BOT_MAKER;HYDROGEL_PACK;XIRECS;9963.0;6
10600;SUBMISSION;BOT_TAKER;HYDROGEL_PACK;XIRECS;9951.0;3
10700;BOT_TAKER;BOT_MAKER;VEV_5300;XIRECS;51.0;5
10700;BOT_MAKER;BOT_TAKER;VEV_6000;XIRECS;0.0;4
10800;BOT_MAKER;BOT_TAKER;VELVETFRUIT_EXTRACT;XIRECS;5272.0;6
10800;BOT_MAKER;BOT_TAKER;VEV_5500;XIRECS;6.0;3
10800;BOT_TAKER;BOT_MAKER;VEV_6000;XIRECS;1.0;5
10800;SUBMISSION;BOT_TAKER;HYDROGEL_PACK;XIRECS;9948.0;3
11000;BOT_TAKER;BOT_MAKER;HYDROGEL_PACK;XIRECS;9962.0;2
11000;BOT_TAKER;BOT_MAKER;VEV_5300;XIRECS;50.0;2
11000;SUBMISSION;BOT_TAKER;VEV_5300;XIRECS;49.0;2
11100;BOT_TAKER;BOT_MAKER;VELVETFRUIT_EXTRACT;XIRECS;5277.0;8
11200;BOT_TAKER;BOT_MAKER;VELVETFRUIT_EXTRACT;XIRECS;5275.0;6
11300;BOT_TAKER;BOT_MAKER;VEV_4000;XIRECS;1265.0;3
11300;BOT_TAKER;SUBMISSION;HYDROGEL_PACK;XIRECS;9960.0;4
11400;BOT_MAKER;BOT_TAKER;VEV_4000;XIRECS;1246.0;2
11400;BOT_MAKER;BOT_TAKER;VEV_5500;XIRECS;6.0;2
11400;SUBMISSION;BOT_TAKER;VEV_4000;XIRECS;1247.0;1
11500;BOT_MAKER;BOT_TAKER;VEV_4000;XIRECS;1246.0;2
11700;BOT_TAKER;BOT_MAKER;VEV_5500;XIRECS;7.0;2
11700;SUBMISSION;BOT_TAKER;HYDROGEL_PACK;XIRECS;9939.0;5
11700;BOT_MAKER;BOT_TAKER;HYDROGEL_PACK;XIRECS;9938.0;1
11800;BOT_MAKER;BOT_TAKER;VELVETFRUIT_EXTRACT;XIRECS;5272.0;6
11900;BOT_TAKER;BOT_MAKER;HYDROGEL_PACK;XIRECS;9955.0;5
11900;BOT_TAKER;BOT_MAKER;VELVETFRUIT_EXTRACT;XIRECS;5277.0;8
11900;BOT_MAKER;BOT_TAKER;VEV_4000;XIRECS;1247.0;3
12000;BOT_TAKER;BOT_MAKER;VEV_5300;XIRECS;50.0;4
12100;BOT_TAKER;BOT_MAKER;HYDROGEL_PACK;XIRECS;9958.0;2
12100;BOT_TAKER;BOT_MAKER;VELVETFRUIT_EXTRACT;XIRECS;5277.0;6
12100;BOT_MAKER;BOT_TAKER;VEV_5400;XIRECS;16.0;4
12200;BOT_TAKER;BOT_MAKER;HYDROGEL_PACK;XIRECS;9961.0;4
12200;BOT_MAKER;BOT_TAKER;VEV_5500;XIRECS;6.0;5
12300;BOT_MAKER;BOT_TAKER;VELVETFRUIT_EXTRACT;XIRECS;5273.0;4
12400;BOT_TAKER;BOT_MAKER;VELVETFRUIT_EXTRACT;XIRECS;5280.0;7
12400;BOT_MAKER;BOT_TAKER;VEV_5300;XIRECS;47.0;4
12400;BOT_TAKER;BOT_MAKER;VEV_5500;XIRECS;7.0;5
12400;BOT_TAKER;SUBMISSION;VELVETFRUIT_EXTRACT;XIRECS;5279.0;5
12400;BOT_TAKER;BOT_MAKER;VELVETFRUIT_EXTRACT;XIRECS;5280.0;2
12500;BOT_TAKER;BOT_MAKER;HYDROGEL_PACK;XIRECS;9961.0;3
12500;BOT_MAKER;BOT_TAKER;VELVETFRUIT_EXTRACT;XIRECS;5276.0;8
12500;BOT_MAKER;BOT_TAKER;VELVETFRUIT_EXTRACT;XIRECS;5276.0;8
12700;BOT_TAKER;BOT_MAKER;VEV_4000;XIRECS;1269.0;3
12800;BOT_MAKER;BOT_TAKER;VELVETFRUIT_EXTRACT;XIRECS;5277.0;7
13000;BOT_MAKER;BOT_TAKER;HYDROGEL_PACK;XIRECS;9952.0;6
13000;BOT_TAKER;BOT_MAKER;VELVETFRUIT_EXTRACT;XIRECS;5281.0;3
13100;BOT_MAKER;BOT_TAKER;HYDROGEL_PACK;XIRECS;9949.0;6
13100;BOT_MAKER;BOT_TAKER;VELVETFRUIT_EXTRACT;XIRECS;5276.0;8
13100;BOT_TAKER;BOT_MAKER;VELVETFRUIT_EXTRACT;XIRECS;5281.0;6
13200;BOT_MAKER;BOT_TAKER;VEV_4000;XIRECS;1247.0;3
13200;BOT_TAKER;BOT_MAKER;VEV_5300;XIRECS;48.0;3
13200;BOT_TAKER;BOT_MAKER;VEV_6000;XIRECS;1.0;4
13300;BOT_TAKER;BOT_MAKER;VELVETFRUIT_EXTRACT;XIRECS;5283.0;5
13400;BOT_MAKER;BOT_TAKER;HYDROGEL_PACK;XIRECS;9943.0;3
13500;BOT_MAKER;BOT_TAKER;VELVETFRUIT_EXTRACT;XIRECS;5278.0;8
13500;BOT_TAKER;BOT_MAKER;VEV_4000;XIRECS;1268.0;1
13500;BOT_MAKER;BOT_TAKER;VEV_6000;XIRECS;0.0;5
13600;BOT_MAKER;BOT_TAKER;VEV_4000;XIRECS;1247.0;2
13600;BOT_TAKER;SUBMISSION;VEV_5300;XIRECS;47.0;2
13700;BOT_MAKER;BOT_TAKER;VEV_5400;XIRECS;17.0;3
13800;BOT_MAKER;BOT_TAKER;HYDROGEL_PACK;XIRECS;9940.0;6
13900;BOT_MAKER;BOT_TAKER;VELVETFRUIT_EXTRACT;XIRECS;5280.0;15
13900;BOT_TAKER;BOT_MAKER;VEV_4000;XIRECS;1266.0;3
13900;BOT_TAKER;SUBMISSION;VELVETFRUIT_EXTRACT;XIRECS;5285.0;5
13900;BOT_TAKER;BOT_MAKER;VELVETFRUIT_EXTRACT;XIRECS;5286.0;1
14000;BOT_MAKER;BOT_TAKER;VELVETFRUIT_EXTRACT;XIRECS;5279.0;3
14100;BOT_TAKER;BOT_MAKER;VELVETFRUIT_EXTRACT;XIRECS;5285.0;8
14100;BOT_TAKER;BOT_MAKER;VEV_6500;XIRECS;1.0;2
14200;BOT_TAKER;BOT_MAKER;HYDROGEL_PACK;XIRECS;9963.0;4
14200;BOT_MAKER;BOT_TAKER;VEV_5400;XIRECS;17.0;2
14200;SUBMISSION;BOT_TAKER;VEV_5400;XIRECS;18.0;3
14300;BOT_TAKER;BOT_MAKER;HYDROGEL_PACK;XIRECS;9961.0;6
14300;BOT_MAKER;BOT_TAKER;VELVETFRUIT_EXTRACT;XIRECS;5280.0;6
14300;BOT_TAKER;BOT_MAKER;VEV_6500;XIRECS;1.0;2
14400;BOT_MAKER;BOT_TAKER;VELVETFRUIT_EXTRACT;XIRECS;5281.0;6
14400;BOT_TAKER;SUBMISSION;HYDROGEL_PACK;XIRECS;9960.0;5
14400;BOT_TAKER;BOT_MAKER;HYDROGEL_PACK;XIRECS;9961.0;1
14600;BOT_TAKER;BOT_MAKER;VEV_4000;XIRECS;1264.0;2
14600;BOT_MAKER;BOT_TAKER;VEV_6500;XIRECS;0.0;3
14700;BOT_MAKER;BOT_TAKER;VELVETFRUIT_EXTRACT;XIRECS;5280.0;4
14700;BOT_TAKER;BOT_MAKER;VEV_4000;XIRECS;1264.0;1
14700;BOT_MAKER;BOT_TAKER;VEV_5500;XIRECS;6.0;2
14800;BOT_MAKER;BOT_TAKER;VELVETFRUIT_EXTRACT;XIRECS;5278.0;7
15100;BOT_TAKER;SUBMISSION;VELVETFRUIT_EXTRACT;XIRECS;5283.0;5
15100;BOT_TAKER;BOT_MAKER;VELVETFRUIT_EXTRACT;XIRECS;5284.0;1
15300;BOT_TAKER;BOT_MAKER;HYDROGEL_PACK;XIRECS;9965.0;6
15400;BOT_MAKER;BOT_TAKER;VELVETFRUIT_EXTRACT;XIRECS;5280.0;5
15500;BOT_TAKER;BOT_MAKER;VELVETFRUIT_EXTRACT;XIRECS;5284.0;7
15500;BOT_TAKER;BOT_MAKER;VEV_6500;XIRECS;1.0;5
15700;BOT_TAKER;BOT_MAKER;HYDROGEL_PACK;XIRECS;9969.0;3
15700;BOT_TAKER;BOT_MAKER;VELVETFRUIT_EXTRACT;XIRECS;5283.0;6
15700;BOT_TAKER;BOT_MAKER;VELVETFRUIT_EXTRACT;XIRECS;5283.0;7
15700;BOT_TAKER;BOT_MAKER;VEV_4000;XIRECS;1262.0;2
15800;BOT_TAKER;BOT_MAKER;VELVETFRUIT_EXTRACT;XIRECS;5284.0;3
15900;BOT_MAKER;BOT_TAKER;VELVETFRUIT_EXTRACT;XIRECS;5279.0;6
16000;BOT_TAKER;BOT_MAKER;VEV_4000;XIRECS;1261.0;2
16100;BOT_MAKER;BOT_TAKER;VELVETFRUIT_EXTRACT;XIRECS;5278.0;3
16200;SUBMISSION;BOT_TAKER;VELVETFRUIT_EXTRACT;XIRECS;5279.0;5
16200;BOT_MAKER;BOT_TAKER;VELVETFRUIT_EXTRACT;XIRECS;5278.0;1
16300;BOT_TAKER;BOT_MAKER;HYDROGEL_PACK;XIRECS;9972.0;3
16300;BOT_TAKER;BOT_MAKER;VEV_4000;XIRECS;1262.0;2
16300;BOT_TAKER;SUBMISSION;VEV_5300;XIRECS;46.0;2
16500;BOT_MAKER;BOT_TAKER;VEV_6500;XIRECS;0.0;2
16600;BOT_MAKER;BOT_TAKER;HYDROGEL_PACK;XIRECS;9955.0;2
16600;BOT_TAKER;BOT_MAKER;VEV_6000;XIRECS;1.0;3
16600;BOT_MAKER;BOT_TAKER;VEV_6500;XIRECS;0.0;2
16600;BOT_MAKER;BOT_TAKER;VEV_6500;XIRECS;0.0;5
16600;SUBMISSION;BOT_TAKER;HYDROGEL_PACK;XIRECS;9956.0;5
16600;BOT_MAKER;BOT_TAKER;HYDROGEL_PACK;XIRECS;9955.0;1
16700;SUBMISSION;BOT_TAKER;HYDROGEL_PACK;XIRECS;9957.0;3
16700;BOT_TAKER;SUBMISSION;VEV_5400;XIRECS;17.0;2
16800;BOT_TAKER;BOT_MAKER;VEV_4000;XIRECS;1265.0;3
16800;BOT_TAKER;SUBMISSION;VELVETFRUIT_EXTRACT;XIRECS;5283.0;5
16900;BOT_MAKER;BOT_TAKER;VELVETFRUIT_EXTRACT;XIRECS;5279.0;8
16900;BOT_TAKER;BOT_MAKER;VEV_4000;XIRECS;1266.0;2
17100;BOT_MAKER;BOT_TAKER;VELVETFRUIT_EXTRACT;XIRECS;5279.0;5
17200;BOT_MAKER;BOT_TAKER;VEV_5400;XIRECS;16.0;3
17200;SUBMISSION;BOT_TAKER;VEV_5000;XIRECS;271.0;1
17300;BOT_TAKER;BOT_MAKER;VEV_6500;XIRECS;1.0;4
17400;BOT_TAKER;BOT_MAKER;HYDROGEL_PACK;XIRECS;9965.0;6
17400;BOT_TAKER;BOT_MAKER;VELVETFRUIT_EXTRACT;XIRECS;5284.0;4
17500;BOT_TAKER;BOT_MAKER;VELVETFRUIT_EXTRACT;XIRECS;5285.0;8
17600;BOT_MAKER;BOT_TAKER;HYDROGEL_PACK;XIRECS;9944.0;3
17600;BOT_TAKER;BOT_MAKER;VELVETFRUIT_EXTRACT;XIRECS;5284.0;13
17600;BOT_TAKER;BOT_MAKER;VEV_6000;XIRECS;1.0;3
17600;SUBMISSION;BOT_TAKER;VEV_5300;XIRECS;45.0;4
17700;BOT_TAKER;BOT_MAKER;VELVETFRUIT_EXTRACT;XIRECS;5285.0;3
17700;BOT_MAKER;BOT_TAKER;VEV_4000;XIRECS;1247.0;3
17700;BOT_MAKER;BOT_TAKER;VEV_5500;XIRECS;6.0;4
17800;BOT_TAKER;BOT_MAKER;VELVETFRUIT_EXTRACT;XIRECS;5285.0;3
17800;BOT_MAKER;BOT_TAKER;VEV_6500;XIRECS;0.0;2
17800;SUBMISSION;BOT_TAKER;VELVETFRUIT_EXTRACT;XIRECS;5281.0;5
17800;BOT_MAKER;BOT_TAKER;VELVETFRUIT_EXTRACT;XIRECS;5280.0;8
18100;BOT_MAKER;BOT_TAKER;VEV_6500;XIRECS;0.0;3
18200;BOT_TAKER;BOT_MAKER;VELVETFRUIT_EXTRACT;XIRECS;5283.0;5
18200;BOT_MAKER;BOT_TAKER;VELVETFRUIT_EXTRACT;XIRECS;5277.0;3
18200;BOT_MAKER;BOT_TAKER;VEV_6000;XIRECS;0.0;2
18200;BOT_TAKER;SUBMISSION;HYDROGEL_PACK;XIRECS;9963.0;5
18200;BOT_TAKER;SUBMISSION;VELVETFRUIT_EXTRACT;XIRECS;5282.0;5
18200;BOT_TAKER;BOT_MAKER;VELVETFRUIT_EXTRACT;XIRECS;5283.0;3
18300;BOT_MAKER;BOT_TAKER;HYDROGEL_PACK;XIRECS;9950.0;6
18500;BOT_MAKER;BOT_TAKER;HYDROGEL_PACK;XIRECS;9954.0;5
18700;BOT_TAKER;BOT_MAKER;HYDROGEL_PACK;XIRECS;9967.0;2
18700;BOT_TAKER;SUBMISSION;VELVETFRUIT_EXTRACT;XIRECS;5280.0;5
18700;BOT_TAKER;BOT_MAKER;VELVETFRUIT_EXTRACT;XIRECS;5281.0;2
18800;SUBMISSION;BOT_TAKER;HYDROGEL_PACK;XIRECS;9949.0;5
18900;BOT_MAKER;BOT_TAKER;HYDROGEL_PACK;XIRECS;9948.0;6
18900;BOT_TAKER;BOT_MAKER;VELVETFRUIT_EXTRACT;XIRECS;5280.0;5
18900;BOT_TAKER;BOT_MAKER;VEV_6000;XIRECS;1.0;5
19000;BOT_MAKER;BOT_TAKER;HYDROGEL_PACK;XIRECS;9947.0;2
19000;BOT_MAKER;BOT_TAKER;VELVETFRUIT_EXTRACT;XIRECS;5275.0;7
19000;BOT_TAKER;BOT_MAKER;VEV_5400;XIRECS;18.0;5
19100;BOT_MAKER;BOT_TAKER;HYDROGEL_PACK;XIRECS;9946.0;5
19100;BOT_TAKER;BOT_MAKER;VELVETFRUIT_EXTRACT;XIRECS;5281.0;8
19100;BOT_TAKER;SUBMISSION;VELVETFRUIT_EXTRACT;XIRECS;5280.0;5
19100;BOT_TAKER;BOT_MAKER;VELVETFRUIT_EXTRACT;XIRECS;5281.0;2
19100;BOT_TAKER;SUBMISSION;VEV_4000;XIRECS;1272.0;2
19200;BOT_MAKER;BOT_TAKER;HYDROGEL_PACK;XIRECS;9946.0;4
19200;BOT_MAKER;BOT_TAKER;VELVETFRUIT_EXTRACT;XIRECS;5277.0;6
19200;SUBMISSION;BOT_TAKER;VEV_4000;XIRECS;1253.0;3
19300;BOT_TAKER;BOT_MAKER;HYDROGEL_PACK;XIRECS;9964.0;4
19300;BOT_MAKER;BOT_TAKER;VELVETFRUIT_EXTRACT;XIRECS;5277.0;6
19300;BOT_TAKER;BOT_MAKER;VEV_5400;XIRECS;17.0;4
19300;BOT_TAKER;BOT_MAKER;VEV_6500;XIRECS;1.0;4
19400;BOT_TAKER;BOT_MAKER;HYDROGEL_PACK;XIRECS;9967.0;4
19500;BOT_TAKER;BOT_MAKER;VELVETFRUIT_EXTRACT;XIRECS;5282.0;4
19500;BOT_TAKER;BOT_MAKER;VEV_4000;XIRECS;1273.0;2
19600;BOT_MAKER;BOT_TAKER;VELVETFRUIT_EXTRACT;XIRECS;5277.0;3
19700;BOT_MAKER;BOT_TAKER;HYDROGEL_PACK;XIRECS;9950.0;6
19700;BOT_MAKER;BOT_TAKER;HYDROGEL_PACK;XIRECS;9950.0;3
19700;BOT_TAKER;SUBMISSION;HYDROGEL_PACK;XIRECS;9965.0;2
19800;BOT_TAKER;BOT_MAKER;VEV_6500;XIRECS;1.0;4
20000;BOT_TAKER;BOT_MAKER;VELVETFRUIT_EXTRACT;XIRECS;5285.0;7
20000;BOT_TAKER;BOT_MAKER;VEV_6000;XIRECS;1.0;3
20100;BOT_MAKER;BOT_TAKER;VELVETFRUIT_EXTRACT;XIRECS;5283.0;5
20100;BOT_TAKER;BOT_MAKER;VEV_6500;XIRECS;1.0;3
20200;BOT_MAKER;BOT_TAKER;VEV_4000;XIRECS;1244.0;3
20300;BOT_TAKER;BOT_MAKER;HYDROGEL_PACK;XIRECS;9973.0;4
20400;BOT_MAKER;BOT_TAKER;VELVETFRUIT_EXTRACT;XIRECS;5281.0;5
20400;BOT_TAKER;BOT_MAKER;VEV_5400;XIRECS;18.0;3
20400;BOT_MAKER;BOT_TAKER;VEV_6000;XIRECS;0.0;4
20500;BOT_MAKER;BOT_TAKER;HYDROGEL_PACK;XIRECS;9952.0;3
20500;BOT_TAKER;BOT_MAKER;VEV_6500;XIRECS;1.0;2
20600;BOT_TAKER;BOT_MAKER;VELVETFRUIT_EXTRACT;XIRECS;5287.0;3
20600;BOT_MAKER;BOT_TAKER;VELVETFRUIT_EXTRACT;XIRECS;5282.0;3
20600;BOT_TAKER;BOT_MAKER;VEV_6000;XIRECS;1.0;4
20700;BOT_TAKER;BOT_MAKER;HYDROGEL_PACK;XIRECS;9969.0;5
20700;BOT_TAKER;BOT_MAKER;VELVETFRUIT_EXTRACT;XIRECS;5287.0;5
20800;BOT_TAKER;BOT_MAKER;VELVETFRUIT_EXTRACT;XIRECS;5286.0;7
20800;BOT_TAKER;BOT_MAKER;VEV_4000;XIRECS;1265.0;3
20800;SUBMISSION;BOT_TAKER;VEV_5400;XIRECS;17.0;3
20900;BOT_TAKER;BOT_MAKER;VEV_4000;XIRECS;1265.0;3
21100;BOT_TAKER;BOT_MAKER;HYDROGEL_PACK;XIRECS;9969.0;5
21100;BOT_MAKER;BOT_TAKER;VEV_4000;XIRECS;1245.0;2
21200;BOT_MAKER;BOT_TAKER;HYDROGEL_PACK;XIRECS;9952.0;2
21200;BOT_MAKER;BOT_TAKER;HYDROGEL_PACK;XIRECS;9952.0;6
21300;BOT_MAKER;BOT_TAKER;VELVETFRUIT_EXTRACT;XIRECS;5284.0;3
21300;BOT_TAKER;BOT_MAKER;VEV_5400;XIRECS;19.0;2
21400;BOT_MAKER;BOT_TAKER;HYDROGEL_PACK;XIRECS;9951.0;3
21500;BOT_TAKER;BOT_MAKER;HYDROGEL_PACK;XIRECS;9967.0;5
21500;SUBMISSION;BOT_TAKER;VELVETFRUIT_EXTRACT;XIRECS;5283.0;5
21500;BOT_MAKER;BOT_TAKER;VELVETFRUIT_EXTRACT;XIRECS;5282.0;2
21600;BOT_TAKER;BOT_MAKER;VEV_4000;XIRECS;1263.0;3
21700;BOT_TAKER;BOT_MAKER;VEV_6500;XIRECS;1.0;4
21800;BOT_MAKER;BOT_TAKER;VELVETFRUIT_EXTRACT;XIRECS;5286.0;7
21900;BOT_MAKER;BOT_TAKER;HYDROGEL_PACK;XIRECS;9953.0;5
21900;BOT_MAKER;BOT_TAKER;VEV_5500;XIRECS;7.0;2
21900;BOT_MAKER;BOT_TAKER;VEV_5500;XIRECS;7.0;2
21900;SUBMISSION;BOT_TAKER;HYDROGEL_PACK;XIRECS;9954.0;5
21900;BOT_MAKER;BOT_TAKER;HYDROGEL_PACK;XIRECS;9953.0;1
22000;BOT_TAKER;BOT_MAKER;VEV_4000;XIRECS;1262.0;3
22000;BOT_TAKER;BOT_MAKER;VEV_6500;XIRECS;1.0;5
22100;BOT_MAKER;BOT_TAKER;HYDROGEL_PACK;XIRECS;9950.0;3
22100;BOT_MAKER;BOT_TAKER;VELVETFRUIT_EXTRACT;XIRECS;5285.0;3
22200;BOT_TAKER;BOT_MAKER;VEV_6500;XIRECS;1.0;2
22200;BOT_TAKER;SUBMISSION;VELVETFRUIT_EXTRACT;XIRECS;5288.0;5
22300;BOT_MAKER;BOT_TAKER;VEV_5500;XIRECS;7.0;4
22400;BOT_MAKER;BOT_TAKER;HYDROGEL_PACK;XIRECS;9948.0;3
22400;BOT_TAKER;BOT_MAKER;VELVETFRUIT_EXTRACT;XIRECS;5287.0;5
22500;BOT_MAKER;BOT_TAKER;HYDROGEL_PACK;XIRECS;9948.0;6
22600;BOT_TAKER;BOT_MAKER;VEV_6000;XIRECS;1.0;3
22600;BOT_TAKER;SUBMISSION;VELVETFRUIT_EXTRACT;XIRECS;5284.0;5
22600;BOT_TAKER;BOT_MAKER;VELVETFRUIT_EXTRACT;XIRECS;5285.0;1
22700;BOT_MAKER;BOT_TAKER;VELVETFRUIT_EXTRACT;XIRECS;5281.0;7
22800;BOT_TAKER;BOT_MAKER;VEV_5200;XIRECS;85.0;3
22900;BOT_MAKER;BOT_TAKER;VELVETFRUIT_EXTRACT;XIRECS;5280.0;6
22900;BOT_MAKER;BOT_TAKER;VEV_4000;XIRECS;1240.0;3
23000;BOT_MAKER;BOT_TAKER;VELVETFRUIT_EXTRACT;XIRECS;5282.0;6
23100;BOT_MAKER;BOT_TAKER;VELVETFRUIT_EXTRACT;XIRECS;5282.0;5
23100;BOT_TAKER;SUBMISSION;VELVETFRUIT_EXTRACT;XIRECS;5287.0;4
23200;BOT_TAKER;BOT_MAKER;VELVETFRUIT_EXTRACT;XIRECS;5286.0;11
23200;BOT_MAKER;BOT_TAKER;VEV_4000;XIRECS;1236.0;2
23200;BOT_MAKER;BOT_TAKER;VEV_6500;XIRECS;0.0;5
23300;BOT_TAKER;SUBMISSION;VELVETFRUIT_EXTRACT;XIRECS;5284.0;5
23300;BOT_TAKER;BOT_MAKER;VELVETFRUIT_EXTRACT;XIRECS;5285.0;3
23400;BOT_TAKER;BOT_MAKER;VEV_6500;XIRECS;1.0;2
23500;BOT_MAKER;BOT_TAKER;VELVETFRUIT_EXTRACT;XIRECS;5280.0;6
23500;SUBMISSION;BOT_TAKER;VEV_5400;XIRECS;18.0;4
23600;BOT_TAKER;BOT_MAKER;VEV_4000;XIRECS;1260.0;2
23600;BOT_MAKER;BOT_TAKER;VEV_6500;XIRECS;0.0;2
23700;BOT_MAKER;BOT_TAKER;VELVETFRUIT_EXTRACT;XIRECS;5279.0;4
23700;BOT_TAKER;BOT_MAKER;VEV_5500;XIRECS;8.0;3
23700;BOT_MAKER;BOT_TAKER;VEV_6500;XIRECS;0.0;2
23800;BOT_MAKER;BOT_TAKER;HYDROGEL_PACK;XIRECS;9952.0;6
23800;BOT_TAKER;SUBMISSION;VEV_4000;XIRECS;1260.0;3
23900;BOT_MAKER;BOT_TAKER;HYDROGEL_PACK;XIRECS;9957.0;2
23900;BOT_TAKER;BOT_MAKER;VELVETFRUIT_EXTRACT;XIRECS;5286.0;6
24000;BOT_MAKER;BOT_TAKER;VELVETFRUIT_EXTRACT;XIRECS;5280.0;15
24000;BOT_MAKER;BOT_TAKER;VEV_5500;XIRECS;6.0;3
24100;BOT_TAKER;BOT_MAKER;HYDROGEL_PACK;XIRECS;9967.0;3
24200;BOT_TAKER;BOT_MAKER;VELVETFRUIT_EXTRACT;XIRECS;5284.0;5
24200;BOT_TAKER;BOT_MAKER;VEV_5500;XIRECS;8.0;3
24300;BOT_MAKER;BOT_TAKER;VELVETFRUIT_EXTRACT;XIRECS;5280.0;6
24400;BOT_MAKER;BOT_TAKER;VEV_6000;XIRECS;0.0;5
24500;BOT_MAKER;BOT_TAKER;VEV_4000;XIRECS;1240.0;2
24600;BOT_MAKER;BOT_TAKER;HYDROGEL_PACK;XIRECS;9955.0;4
24700;BOT_MAKER;BOT_TAKER;HYDROGEL_PACK;XIRECS;9952.0;4
24700;BOT_TAKER;BOT_MAKER;VELVETFRUIT_EXTRACT;XIRECS;5282.0;4
24800;BOT_MAKER;BOT_TAKER;VEV_5400;XIRECS;17.0;4
24900;BOT_TAKER;BOT_MAKER;HYDROGEL_PACK;XIRECS;9966.0;5
24900;BOT_TAKER;BOT_MAKER;VELVETFRUIT_EXTRACT;XIRECS;5285.0;3
24900;BOT_TAKER;SUBMISSION;VEV_4000;XIRECS;1262.0;2
25000;BOT_TAKER;BOT_MAKER;VELVETFRUIT_EXTRACT;XIRECS;5285.0;7
25100;BOT_TAKER;BOT_MAKER;VEV_6000;XIRECS;1.0;5
25200;BOT_MAKER;BOT_TAKER;VELVETFRUIT_EXTRACT;XIRECS;5283.0;13
25200;BOT_TAKER;BOT_MAKER;VEV_6000;XIRECS;1.0;3
25200;SUBMISSION;BOT_TAKER;VEV_5300;XIRECS;45.0;4
25300;BOT_TAKER;BOT_MAKER;HYDROGEL_PACK;XIRECS;9969.0;2
25300;BOT_MAKER;BOT_TAKER;VELVETFRUIT_EXTRACT;XIRECS;5283.0;8
25300;BOT_TAKER;BOT_MAKER;VEV_6000;XIRECS;1.0;2
25400;BOT_TAKER;BOT_MAKER;HYDROGEL_PACK;XIRECS;9970.0;3
25400;BOT_TAKER;BOT_MAKER;VELVETFRUIT_EXTRACT;XIRECS;5288.0;8
25500;BOT_MAKER;BOT_TAKER;HYDROGEL_PACK;XIRECS;9958.0;5
25600;BOT_MAKER;BOT_TAKER;VELVETFRUIT_EXTRACT;XIRECS;5282.0;8
25700;BOT_MAKER;BOT_TAKER;VELVETFRUIT_EXTRACT;XIRECS;5282.0;7
25700;BOT_MAKER;BOT_TAKER;VEV_6500;XIRECS;0.0;5
25700;SUBMISSION;BOT_TAKER;HYDROGEL_PACK;XIRECS;9963.0;3
25900;BOT_MAKER;BOT_TAKER;HYDROGEL_PACK;XIRECS;9965.0;4
25900;BOT_TAKER;BOT_MAKER;VELVETFRUIT_EXTRACT;XIRECS;5287.0;5
26000;BOT_TAKER;BOT_MAKER;VEV_6500;XIRECS;1.0;4
26100;BOT_MAKER;BOT_TAKER;VEV_4000;XIRECS;1248.0;3
26100;BOT_TAKER;SUBMISSION;VEV_4000;XIRECS;1268.0;2
26200;BOT_MAKER;BOT_TAKER;HYDROGEL_PACK;XIRECS;9960.0;5
26200;BOT_TAKER;BOT_MAKER;VELVETFRUIT_EXTRACT;XIRECS;5290.0;6
26300;BOT_MAKER;BOT_TAKER;HYDROGEL_PACK;XIRECS;9962.0;5
26400;BOT_TAKER;BOT_MAKER;VEV_4000;XIRECS;1272.0;3
26500;BOT_TAKER;BOT_MAKER;HYDROGEL_PACK;XIRECS;9981.0;5
26500;BOT_TAKER;BOT_MAKER;VEV_6000;XIRECS;1.0;3
26600;BOT_MAKER;BOT_TAKER;HYDROGEL_PACK;XIRECS;9965.0;6
26600;BOT_TAKER;BOT_MAKER;VELVETFRUIT_EXTRACT;XIRECS;5287.0;8
26600;BOT_TAKER;BOT_MAKER;VELVETFRUIT_EXTRACT;XIRECS;5287.0;7
26600;BOT_TAKER;BOT_MAKER;VEV_5500;XIRECS;7.0;2
26700;SUBMISSION;BOT_TAKER;VEV_4000;XIRECS;1252.0;1
26800;BOT_TAKER;BOT_MAKER;HYDROGEL_PACK;XIRECS;9980.0;4
26900;BOT_TAKER;BOT_MAKER;HYDROGEL_PACK;XIRECS;9979.0;5
26900;BOT_TAKER;BOT_MAKER;VELVETFRUIT_EXTRACT;XIRECS;5290.0;8
26900;BOT_TAKER;SUBMISSION;VEV_4000;XIRECS;1269.0;3
27000;BOT_TAKER;BOT_MAKER;VELVETFRUIT_EXTRACT;XIRECS;5291.0;3
27000;BOT_MAKER;BOT_TAKER;VEV_5500;XIRECS;6.0;5
27100;BOT_TAKER;BOT_MAKER;VELVETFRUIT_EXTRACT;XIRECS;5290.0;8
27100;BOT_TAKER;SUBMISSION;VEV_5500;XIRECS;7.0;5
27200;BOT_TAKER;BOT_MAKER;VELVETFRUIT_EXTRACT;XIRECS;5291.0;3
27300;BOT_TAKER;BOT_MAKER;VEV_5300;XIRECS;47.0;3
27400;BOT_MAKER;BOT_TAKER;HYDROGEL_PACK;XIRECS;9964.0;5
27400;BOT_TAKER;BOT_MAKER;VELVETFRUIT_EXTRACT;XIRECS;5292.0;9
27500;BOT_MAKER;BOT_TAKER;VEV_5400;XIRECS;16.0;3
27600;BOT_MAKER;BOT_TAKER;VELVETFRUIT_EXTRACT;XIRECS;5286.0;7
27600;BOT_MAKER;BOT_TAKER;VEV_4000;XIRECS;1251.0;1
27700;BOT_MAKER;BOT_TAKER;HYDROGEL_PACK;XIRECS;9961.0;4
27700;BOT_TAKER;BOT_MAKER;VELVETFRUIT_EXTRACT;XIRECS;5291.0;4
27800;BOT_MAKER;BOT_TAKER;HYDROGEL_PACK;XIRECS;9962.0;3
28000;SUBMISSION;BOT_TAKER;VELVETFRUIT_EXTRACT;XIRECS;5286.0;5
28000;BOT_MAKER;BOT_TAKER;VELVETFRUIT_EXTRACT;XIRECS;5285.0;1
28200;SUBMISSION;BOT_TAKER;HYDROGEL_PACK;XIRECS;9963.0;4
28300;BOT_TAKER;BOT_MAKER;HYDROGEL_PACK;XIRECS;9978.0;4
28300;BOT_TAKER;BOT_MAKER;VEV_4000;XIRECS;1272.0;3
28300;BOT_MAKER;BOT_TAKER;VEV_5400;XIRECS;16.0;2
28300;BOT_MAKER;BOT_TAKER;VEV_5400;XIRECS;16.0;2
28400;BOT_MAKER;BOT_TAKER;VELVETFRUIT_EXTRACT;XIRECS;5282.0;8
28400;BOT_TAKER;BOT_MAKER;VEV_5500;XIRECS;8.0;3
28500;BOT_TAKER;BOT_MAKER;VELVETFRUIT_EXTRACT;XIRECS;5288.0;3
28600;BOT_TAKER;BOT_MAKER;VELVETFRUIT_EXTRACT;XIRECS;5289.0;4
28600;BOT_MAKER;BOT_TAKER;VEV_6000;XIRECS;0.0;4
28600;SUBMISSION;BOT_TAKER;HYDROGEL_PACK;XIRECS;9965.0;3
28700;BOT_MAKER;BOT_TAKER;HYDROGEL_PACK;XIRECS;9962.0;6
28700;BOT_TAKER;BOT_MAKER;VELVETFRUIT_EXTRACT;XIRECS;5289.0;5
28700;BOT_MAKER;BOT_TAKER;VEV_5500;XIRECS;7.0;5
28700;BOT_TAKER;BOT_MAKER;VEV_6500;XIRECS;1.0;3
28800;BOT_MAKER;BOT_TAKER;VEV_6500;XIRECS;0.0;5
28900;BOT_MAKER;BOT_TAKER;VELVETFRUIT_EXTRACT;XIRECS;5285.0;8
29000;BOT_MAKER;BOT_TAKER;VEV_6000;XIRECS;0.0;5
29200;BOT_MAKER;BOT_TAKER;HYDROGEL_PACK;XIRECS;9962.0;3
29200;BOT_TAKER;BOT_MAKER;VELVETFRUIT_EXTRACT;XIRECS;5286.0;4
29200;BOT_MAKER;BOT_TAKER;VELVETFRUIT_EXTRACT;XIRECS;5280.0;3
29200;BOT_MAKER;BOT_TAKER;VEV_6500;XIRECS;0.0;5
29200;SUBMISSION;BOT_TAKER;VELVETFRUIT_EXTRACT;XIRECS;5281.0;5
29300;BOT_MAKER;BOT_TAKER;VEV_5300;XIRECS;46.0;4
29400;BOT_MAKER;BOT_TAKER;HYDROGEL_PACK;XIRECS;9962.0;2
29500;BOT_TAKER;BOT_MAKER;HYDROGEL_PACK;XIRECS;9979.0;6
29600;BOT_MAKER;BOT_TAKER;VELVETFRUIT_EXTRACT;XIRECS;5279.0;12
29600;BOT_TAKER;BOT_MAKER;VEV_5500;XIRECS;8.0;3
29700;BOT_TAKER;BOT_MAKER;VELVETFRUIT_EXTRACT;XIRECS;5284.0;12
29800;BOT_TAKER;BOT_MAKER;VELVETFRUIT_EXTRACT;XIRECS;5283.0;8
29900;BOT_TAKER;BOT_MAKER;HYDROGEL_PACK;XIRECS;9984.0;4
29900;BOT_MAKER;BOT_TAKER;VELVETFRUIT_EXTRACT;XIRECS;5276.0;5
29900;BOT_MAKER;BOT_TAKER;VEV_4000;XIRECS;1247.0;1
29900;BOT_TAKER;SUBMISSION;VELVETFRUIT_EXTRACT;XIRECS;5280.0;5
29900;BOT_TAKER;BOT_MAKER;VELVETFRUIT_EXTRACT;XIRECS;5281.0;3
30100;BOT_MAKER;BOT_TAKER;VEV_5500;XIRECS;7.0;2
30300;BOT_TAKER;BOT_MAKER;HYDROGEL_PACK;XIRECS;9984.0;4
30400;BOT_MAKER;BOT_TAKER;VELVETFRUIT_EXTRACT;XIRECS;5279.0;3
30400;BOT_TAKER;BOT_MAKER;VEV_4000;XIRECS;1270.0;1
30400;SUBMISSION;BOT_TAKER;VELVETFRUIT_EXTRACT;XIRECS;5280.0;4
30500;BOT_TAKER;BOT_MAKER;VEV_4000;XIRECS;1271.0;1
30600;BOT_TAKER;BOT_MAKER;VELVETFRUIT_EXTRACT;XIRECS;5284.0;5
30800;BOT_TAKER;BOT_MAKER;HYDROGEL_PACK;XIRECS;9987.0;2
30900;BOT_MAKER;BOT_TAKER;VELVETFRUIT_EXTRACT;XIRECS;5277.0;7
31100;BOT_TAKER;BOT_MAKER;VEV_4000;XIRECS;1270.0;3
31200;BOT_MAKER;BOT_TAKER;HYDROGEL_PACK;XIRECS;9974.0;6
31200;BOT_TAKER;BOT_MAKER;VEV_4000;XIRECS;1269.0;1
31200;SUBMISSION;BOT_TAKER;VELVETFRUIT_EXTRACT;XIRECS;5277.0;5
31200;BOT_MAKER;BOT_TAKER;VELVETFRUIT_EXTRACT;XIRECS;5276.0;2
31300;BOT_MAKER;BOT_TAKER;HYDROGEL_PACK;XIRECS;9975.0;3
31300;BOT_TAKER;BOT_MAKER;VEV_6500;XIRECS;1.0;3
31400;BOT_TAKER;SUBMISSION;VEV_5300;XIRECS;45.0;5
31500;BOT_TAKER;BOT_MAKER;VELVETFRUIT_EXTRACT;XIRECS;5283.0;5
31500;SUBMISSION;BOT_TAKER;VELVETFRUIT_EXTRACT;XIRECS;5278.0;5
31600;BOT_MAKER;BOT_TAKER;HYDROGEL_PACK;XIRECS;9970.0;2
31600;BOT_MAKER;BOT_TAKER;VEV_4000;XIRECS;1247.0;3
31600;BOT_TAKER;SUBMISSION;HYDROGEL_PACK;XIRECS;9985.0;3
31700;BOT_MAKER;BOT_TAKER;HYDROGEL_PACK;XIRECS;9972.0;3
31700;BOT_TAKER;BOT_MAKER;VEV_5500;XIRECS;8.0;5
31800;BOT_MAKER;BOT_TAKER;VEV_6000;XIRECS;0.0;2
31800;BOT_TAKER;BOT_MAKER;VEV_6500;XIRECS;1.0;3
31800;SUBMISSION;BOT_TAKER;VELVETFRUIT_EXTRACT;XIRECS;5281.0;5
31900;BOT_TAKER;BOT_MAKER;HYDROGEL_PACK;XIRECS;9982.0;2
31900;BOT_TAKER;BOT_MAKER;VELVETFRUIT_EXTRACT;XIRECS;5285.0;10
32000;SUBMISSION;BOT_TAKER;HYDROGEL_PACK;XIRECS;9969.0;4
32100;BOT_MAKER;BOT_TAKER;VELVETFRUIT_EXTRACT;XIRECS;5280.0;7
32100;BOT_TAKER;BOT_MAKER;VEV_6500;XIRECS;1.0;4
32100;BOT_TAKER;SUBMISSION;VELVETFRUIT_EXTRACT;XIRECS;5284.0;5
32100;BOT_TAKER;BOT_MAKER;VELVETFRUIT_EXTRACT;XIRECS;5285.0;7
32100;SUBMISSION;BOT_TAKER;VEV_4000;XIRECS;1250.0;3
32400;BOT_TAKER;BOT_MAKER;HYDROGEL_PACK;XIRECS;9991.0;5
32400;BOT_TAKER;BOT_MAKER;VELVETFRUIT_EXTRACT;XIRECS;5283.0;6
32600;BOT_MAKER;BOT_TAKER;VEV_6000;XIRECS;0.0;5
32700;BOT_TAKER;BOT_MAKER;VEV_6500;XIRECS;1.0;4
32900;BOT_TAKER;BOT_MAKER;VEV_4000;XIRECS;1270.0;2
33000;BOT_MAKER;BOT_TAKER;HYDROGEL_PACK;XIRECS;9977.0;5
33000;BOT_MAKER;BOT_TAKER;VEV_6500;XIRECS;0.0;3
33100;BOT_TAKER;BOT_MAKER;VELVETFRUIT_EXTRACT;XIRECS;5285.0;7
33100;BOT_MAKER;BOT_TAKER;VEV_4000;XIRECS;1247.0;1
33300;BOT_MAKER;BOT_TAKER;HYDROGEL_PACK;XIRECS;9977.0;6
33400;BOT_TAKER;BOT_MAKER;VELVETFRUIT_EXTRACT;XIRECS;5287.0;6
33500;BOT_TAKER;BOT_MAKER;VELVETFRUIT_EXTRACT;XIRECS;5287.0;13
33500;BOT_MAKER;BOT_TAKER;VEV_4000;XIRECS;1247.0;1
33900;BOT_TAKER;BOT_MAKER;HYDROGEL_PACK;XIRECS;9998.0;5
33900;BOT_TAKER;BOT_MAKER;VELVETFRUIT_EXTRACT;XIRECS;5286.0;5
33900;BOT_MAKER;BOT_TAKER;VEV_4000;XIRECS;1249.0;2
34100;BOT_MAKER;BOT_TAKER;HYDROGEL_PACK;XIRECS;9985.0;3
34200;BOT_TAKER;BOT_MAKER;VELVETFRUIT_EXTRACT;XIRECS;5286.0;5
34300;BOT_TAKER;BOT_MAKER;VELVETFRUIT_EXTRACT;XIRECS;5288.0;4
34300;BOT_TAKER;BOT_MAKER;VELVETFRUIT_EXTRACT;XIRECS;5288.0;6
34400;BOT_TAKER;BOT_MAKER;VELVETFRUIT_EXTRACT;XIRECS;5287.0;7
34500;BOT_TAKER;BOT_MAKER;HYDROGEL_PACK;XIRECS;10001.0;5
34500;BOT_MAKER;BOT_TAKER;VELVETFRUIT_EXTRACT;XIRECS;5283.0;8
34600;BOT_MAKER;BOT_TAKER;VEV_4000;XIRECS;1253.0;1
34700;BOT_MAKER;BOT_TAKER;VELVETFRUIT_EXTRACT;XIRECS;5281.0;5
34800;BOT_TAKER;BOT_MAKER;VEV_4000;XIRECS;1274.0;2
34800;BOT_MAKER;BOT_TAKER;VEV_6500;XIRECS;0.0;5
34800;SUBMISSION;BOT_TAKER;VELVETFRUIT_EXTRACT;XIRECS;5283.0;5
34900;BOT_MAKER;BOT_TAKER;VELVETFRUIT_EXTRACT;XIRECS;5281.0;6
34900;BOT_TAKER;SUBMISSION;HYDROGEL_PACK;XIRECS;10004.0;2
34900;BOT_TAKER;SUBMISSION;VEV_5200;XIRECS;81.0;4
35000;SUBMISSION;BOT_TAKER;VELVETFRUIT_EXTRACT;XIRECS;5282.0;4
35100;BOT_MAKER;BOT_TAKER;VELVETFRUIT_EXTRACT;XIRECS;5281.0;6
35100;BOT_MAKER;BOT_TAKER;VEV_6000;XIRECS;0.0;4
35300;BOT_MAKER;BOT_TAKER;VELVETFRUIT_EXTRACT;XIRECS;5282.0;3
35300;BOT_TAKER;BOT_MAKER;VEV_4000;XIRECS;1273.0;3
35300;BOT_MAKER;BOT_TAKER;VEV_6500;XIRECS;0.0;5
35400;BOT_TAKER;BOT_MAKER;HYDROGEL_PACK;XIRECS;10008.0;4
35500;BOT_MAKER;BOT_TAKER;HYDROGEL_PACK;XIRECS;9993.0;3
35500;BOT_TAKER;BOT_MAKER;VEV_4000;XIRECS;1272.0;2
35500;BOT_MAKER;BOT_TAKER;VEV_5500;XIRECS;7.0;4
35600;BOT_MAKER;BOT_TAKER;VELVETFRUIT_EXTRACT;XIRECS;5281.0;8
35600;BOT_TAKER;BOT_MAKER;VEV_4000;XIRECS;1272.0;1
35600;BOT_MAKER;BOT_TAKER;VEV_5500;XIRECS;7.0;5
35600;BOT_TAKER;BOT_MAKER;VEV_6500;XIRECS;1.0;2
35700;BOT_MAKER;BOT_TAKER;VELVETFRUIT_EXTRACT;XIRECS;5281.0;7
35800;BOT_TAKER;BOT_MAKER;VELVETFRUIT_EXTRACT;XIRECS;5286.0;5
35800;BOT_MAKER;BOT_TAKER;VEV_4000;XIRECS;1249.0;3
35800;BOT_MAKER;BOT_TAKER;VEV_5500;XIRECS;7.0;5
35800;SUBMISSION;BOT_TAKER;HYDROGEL_PACK;XIRECS;10000.0;5
35800;BOT_MAKER;BOT_TAKER;HYDROGEL_PACK;XIRECS;9999.0;1
35900;BOT_TAKER;BOT_MAKER;HYDROGEL_PACK;XIRECS;10012.0;6
35900;BOT_MAKER;BOT_TAKER;VELVETFRUIT_EXTRACT;XIRECS;5281.0;8
36000;BOT_TAKER;BOT_MAKER;VELVETFRUIT_EXTRACT;XIRECS;5285.0;6
36100;SUBMISSION;BOT_TAKER;VEV_4000;XIRECS;1250.0;2
36200;BOT_MAKER;BOT_TAKER;VELVETFRUIT_EXTRACT;XIRECS;5281.0;8
36200;BOT_MAKER;BOT_TAKER;VEV_6000;XIRECS;0.0;4
36300;BOT_MAKER;BOT_TAKER;VELVETFRUIT_EXTRACT;XIRECS;5282.0;3
36300;SUBMISSION;BOT_TAKER;VELVETFRUIT_EXTRACT;XIRECS;5283.0;5
36500;BOT_MAKER;BOT_TAKER;HYDROGEL_PACK;XIRECS;9996.0;6
36500;SUBMISSION;BOT_TAKER;VELVETFRUIT_EXTRACT;XIRECS;5283.0;3
36600;BOT_MAKER;BOT_TAKER;VELVETFRUIT_EXTRACT;XIRECS;5280.0;3
36600;BOT_TAKER;BOT_MAKER;VEV_4000;XIRECS;1270.0;1
36700;BOT_MAKER;BOT_TAKER;VELVETFRUIT_EXTRACT;XIRECS;5279.0;3
36700;BOT_TAKER;BOT_MAKER;VEV_4000;XIRECS;1271.0;1
36700;BOT_MAKER;BOT_TAKER;VEV_6000;XIRECS;0.0;4
36900;BOT_TAKER;BOT_MAKER;VEV_5400;XIRECS;16.0;4
36900;BOT_MAKER;BOT_TAKER;VEV_5500;XIRECS;7.0;2
36900;BOT_TAKER;SUBMISSION;VELVETFRUIT_EXTRACT;XIRECS;5283.0;3
37200;BOT_TAKER;BOT_MAKER;VEV_5500;XIRECS;8.0;3
37300;SUBMISSION;BOT_TAKER;HYDROGEL_PACK;XIRECS;9992.0;5
37300;BOT_MAKER;BOT_TAKER;HYDROGEL_PACK;XIRECS;9991.0;1
37600;BOT_TAKER;BOT_MAKER;HYDROGEL_PACK;XIRECS;10009.0;3
37600;BOT_TAKER;BOT_MAKER;VEV_4000;XIRECS;1269.0;1
37700;BOT_MAKER;BOT_TAKER;HYDROGEL_PACK;XIRECS;9995.0;6
37700;BOT_TAKER;BOT_MAKER;VELVETFRUIT_EXTRACT;XIRECS;5285.0;3
37700;BOT_TAKER;BOT_MAKER;VEV_4000;XIRECS;1270.0;2
37700;BOT_TAKER;BOT_MAKER;VEV_5500;XIRECS;8.0;5
37800;BOT_MAKER;BOT_TAKER;HYDROGEL_PACK;XIRECS;9994.0;2
37800;BOT_MAKER;BOT_TAKER;VELVETFRUIT_EXTRACT;XIRECS;5278.0;7
37800;BOT_MAKER;BOT_TAKER;VEV_6500;XIRECS;0.0;5
37900;BOT_MAKER;BOT_TAKER;VELVETFRUIT_EXTRACT;XIRECS;5280.0;5
37900;BOT_TAKER;BOT_MAKER;VEV_5500;XIRECS;8.0;3
37900;BOT_MAKER;BOT_TAKER;VEV_6500;XIRECS;0.0;5
38000;BOT_TAKER;BOT_MAKER;VELVETFRUIT_EXTRACT;XIRECS;5284.0;6
38000;BOT_MAKER;BOT_TAKER;VELVETFRUIT_EXTRACT;XIRECS;5278.0;4
38000;BOT_TAKER;BOT_MAKER;VEV_4000;XIRECS;1267.0;3
38000;BOT_MAKER;BOT_TAKER;VEV_5500;XIRECS;7.0;4
38100;BOT_TAKER;BOT_MAKER;VELVETFRUIT_EXTRACT;XIRECS;5286.0;6
38300;BOT_TAKER;BOT_MAKER;VEV_6500;XIRECS;1.0;5
38300;BOT_TAKER;SUBMISSION;VELVETFRUIT_EXTRACT;XIRECS;5286.0;5
38400;BOT_TAKER;BOT_MAKER;HYDROGEL_PACK;XIRECS;10010.0;5
38500;BOT_TAKER;BOT_MAKER;VELVETFRUIT_EXTRACT;XIRECS;5286.0;6
38600;BOT_MAKER;BOT_TAKER;HYDROGEL_PACK;XIRECS;9994.0;3
38600;BOT_MAKER;BOT_TAKER;VELVETFRUIT_EXTRACT;XIRECS;5281.0;8
38700;BOT_MAKER;BOT_TAKER;VEV_5500;XIRECS;7.0;3
38700;SUBMISSION;BOT_TAKER;VELVETFRUIT_EXTRACT;XIRECS;5282.0;5
38800;BOT_TAKER;BOT_MAKER;VELVETFRUIT_EXTRACT;XIRECS;5287.0;6
38900;BOT_TAKER;BOT_MAKER;HYDROGEL_PACK;XIRECS;10011.0;2
38900;BOT_TAKER;BOT_MAKER;VEV_4000;XIRECS;1269.0;3
39000;BOT_MAKER;BOT_TAKER;VELVETFRUIT_EXTRACT;XIRECS;5282.0;3
39100;BOT_MAKER;BOT_TAKER;VELVETFRUIT_EXTRACT;XIRECS;5281.0;6
39100;BOT_TAKER;SUBMISSION;VEV_4000;XIRECS;1269.0;2
39200;BOT_MAKER;BOT_TAKER;HYDROGEL_PACK;XIRECS;9998.0;4
39200;BOT_MAKER;BOT_TAKER;VEV_4000;XIRECS;1248.0;1
39300;BOT_MAKER;BOT_TAKER;VELVETFRUIT_EXTRACT;XIRECS;5284.0;7
39300;SUBMISSION;BOT_TAKER;VEV_4000;XIRECS;1248.0;1
39400;BOT_MAKER;BOT_TAKER;VELVETFRUIT_EXTRACT;XIRECS;5286.0;7
39400;BOT_MAKER;BOT_TAKER;VEV_5500;XIRECS;7.0;4
39600;BOT_TAKER;BOT_MAKER;VEV_4000;XIRECS;1269.0;2
39700;BOT_TAKER;BOT_MAKER;HYDROGEL_PACK;XIRECS;10021.0;6
39800;BOT_MAKER;BOT_TAKER;HYDROGEL_PACK;XIRECS;10009.0;5
39900;BOT_TAKER;BOT_MAKER;HYDROGEL_PACK;XIRECS;10023.0;5
39900;BOT_TAKER;BOT_MAKER;VELVETFRUIT_EXTRACT;XIRECS;5291.0;5
40100;BOT_TAKER;BOT_MAKER;VELVETFRUIT_EXTRACT;XIRECS;5290.0;7
40200;BOT_TAKER;BOT_MAKER;HYDROGEL_PACK;XIRECS;10024.0;2
40300;BOT_TAKER;BOT_MAKER;VELVETFRUIT_EXTRACT;XIRECS;5291.0;6
40300;BOT_TAKER;BOT_MAKER;VEV_6000;XIRECS;1.0;3
40400;BOT_MAKER;BOT_TAKER;HYDROGEL_PACK;XIRECS;10008.0;2
40500;BOT_TAKER;BOT_MAKER;HYDROGEL_PACK;XIRECS;10025.0;2
40500;BOT_TAKER;BOT_MAKER;VELVETFRUIT_EXTRACT;XIRECS;5291.0;10
40500;BOT_MAKER;BOT_TAKER;VEV_6500;XIRECS;0.0;4
40600;BOT_MAKER;BOT_TAKER;VELVETFRUIT_EXTRACT;XIRECS;5285.0;8
40800;BOT_MAKER;BOT_TAKER;HYDROGEL_PACK;XIRECS;10010.0;6
40900;BOT_MAKER;BOT_TAKER;HYDROGEL_PACK;XIRECS;10009.0;3
40900;BOT_MAKER;BOT_TAKER;VELVETFRUIT_EXTRACT;XIRECS;5285.0;5
41000;BOT_TAKER;BOT_MAKER;HYDROGEL_PACK;XIRECS;10024.0;2
41000;BOT_TAKER;BOT_MAKER;VELVETFRUIT_EXTRACT;XIRECS;5291.0;8
41000;BOT_MAKER;BOT_TAKER;VEV_6000;XIRECS;0.0;2
41100;BOT_MAKER;BOT_TAKER;VELVETFRUIT_EXTRACT;XIRECS;5284.0;5
41200;BOT_TAKER;BOT_MAKER;VEV_5400;XIRECS;15.0;5
41300;BOT_TAKER;BOT_MAKER;VELVETFRUIT_EXTRACT;XIRECS;5290.0;9
41400;BOT_TAKER;BOT_MAKER;VEV_6500;XIRECS;1.0;5
41600;BOT_MAKER;BOT_TAKER;VELVETFRUIT_EXTRACT;XIRECS;5284.0;4
41800;BOT_MAKER;BOT_TAKER;HYDROGEL_PACK;XIRECS;9998.0;6
41900;BOT_TAKER;BOT_MAKER;VEV_6500;XIRECS;1.0;2
42000;BOT_TAKER;BOT_MAKER;HYDROGEL_PACK;XIRECS;10012.0;3
42000;BOT_MAKER;BOT_TAKER;VELVETFRUIT_EXTRACT;XIRECS;5283.0;3
42100;BOT_TAKER;BOT_MAKER;VELVETFRUIT_EXTRACT;XIRECS;5288.0;4
42100;BOT_TAKER;BOT_MAKER;VEV_6500;XIRECS;1.0;5
42100;BOT_MAKER;BOT_TAKER;VEV_6500;XIRECS;0.0;4
42200;BOT_MAKER;BOT_TAKER;VELVETFRUIT_EXTRACT;XIRECS;5283.0;4
42200;BOT_MAKER;BOT_TAKER;VEV_4000;XIRECS;1250.0;1
42200;BOT_MAKER;BOT_TAKER;VEV_5300;XIRECS;36.0;5
42300;BOT_MAKER;BOT_TAKER;VEV_5500;XIRECS;7.0;5
42300;BOT_TAKER;SUBMISSION;HYDROGEL_PACK;XIRECS;10007.0;5
42300;BOT_TAKER;BOT_MAKER;HYDROGEL_PACK;XIRECS;10008.0;1
42400;SUBMISSION;BOT_TAKER;VELVETFRUIT_EXTRACT;XIRECS;5283.0;3
42500;BOT_TAKER;BOT_MAKER;HYDROGEL_PACK;XIRECS;10010.0;5
42600;BOT_TAKER;BOT_MAKER;HYDROGEL_PACK;XIRECS;10013.0;6
42600;BOT_MAKER;BOT_TAKER;VELVETFRUIT_EXTRACT;XIRECS;5282.0;8
42700;BOT_MAKER;BOT_TAKER;VEV_4000;XIRECS;1247.0;2
42700;BOT_TAKER;BOT_MAKER;VEV_5400;XIRECS;15.0;3
42700;BOT_MAKER;BOT_TAKER;VEV_6000;XIRECS;0.0;2
42700;BOT_MAKER;BOT_TAKER;VEV_6500;XIRECS;0.0;3
42800;BOT_TAKER;BOT_MAKER;VEV_4000;XIRECS;1267.0;2
42900;BOT_TAKER;BOT_MAKER;HYDROGEL_PACK;XIRECS;10016.0;4
42900;BOT_TAKER;BOT_MAKER;VELVETFRUIT_EXTRACT;XIRECS;5292.0;10
43000;SUBMISSION;BOT_TAKER;VEV_4000;XIRECS;1246.0;3
43200;BOT_MAKER;BOT_TAKER;VELVETFRUIT_EXTRACT;XIRECS;5285.0;3
43300;BOT_TAKER;BOT_MAKER;HYDROGEL_PACK;XIRECS;10013.0;6
43300;BOT_MAKER;BOT_TAKER;VELVETFRUIT_EXTRACT;XIRECS;5285.0;7
43300;BOT_MAKER;BOT_TAKER;VEV_5400;XIRECS;14.0;5
43300;BOT_TAKER;BOT_MAKER;VEV_6000;XIRECS;1.0;4
43400;BOT_TAKER;BOT_MAKER;VELVETFRUIT_EXTRACT;XIRECS;5291.0;8
43500;BOT_MAKER;BOT_TAKER;VELVETFRUIT_EXTRACT;XIRECS;5287.0;5
43500;BOT_TAKER;SUBMISSION;HYDROGEL_PACK;XIRECS;10012.0;3
43600;BOT_TAKER;BOT_MAKER;VELVETFRUIT_EXTRACT;XIRECS;5293.0;6
43700;BOT_TAKER;BOT_MAKER;HYDROGEL_PACK;XIRECS;10015.0;5
43700;BOT_TAKER;BOT_MAKER;VEV_6500;XIRECS;1.0;5
43700;SUBMISSION;BOT_TAKER;HYDROGEL_PACK;XIRECS;10000.0;4
43800;BOT_TAKER;BOT_MAKER;VELVETFRUIT_EXTRACT;XIRECS;5292.0;7
43800;BOT_MAKER;BOT_TAKER;VEV_5500;XIRECS;7.0;4
44100;BOT_MAKER;BOT_TAKER;HYDROGEL_PACK;XIRECS;9998.0;6
44100;BOT_TAKER;BOT_MAKER;VELVETFRUIT_EXTRACT;XIRECS;5290.0;6
44200;BOT_MAKER;BOT_TAKER;VELVETFRUIT_EXTRACT;XIRECS;5285.0;7
44200;BOT_TAKER;BOT_MAKER;VEV_6000;XIRECS;1.0;5
44200;SUBMISSION;BOT_TAKER;VELVETFRUIT_EXTRACT;XIRECS;5286.0;5
44200;BOT_MAKER;BOT_TAKER;VELVETFRUIT_EXTRACT;XIRECS;5285.0;3
44300;BOT_MAKER;BOT_TAKER;HYDROGEL_PACK;XIRECS;9995.0;5
44300;BOT_MAKER;BOT_TAKER;HYDROGEL_PACK;XIRECS;9995.0;4
44300;BOT_MAKER;BOT_TAKER;VEV_4500;XIRECS;731.0;1
44400;BOT_TAKER;BOT_MAKER;VELVETFRUIT_EXTRACT;XIRECS;5291.0;5
44400;BOT_TAKER;BOT_MAKER;VEV_4000;XIRECS;1266.0;3
44400;BOT_TAKER;BOT_MAKER;VEV_5400;XIRECS;14.0;2
44500;BOT_TAKER;BOT_MAKER;VELVETFRUIT_EXTRACT;XIRECS;5290.0;6
44500;BOT_TAKER;BOT_MAKER;VEV_5500;XIRECS;9.0;2
44600;BOT_TAKER;BOT_MAKER;HYDROGEL_PACK;XIRECS;10013.0;4
44800;BOT_MAKER;BOT_TAKER;VEV_4000;XIRECS;1244.0;2
44800;BOT_TAKER;BOT_MAKER;VEV_5500;XIRECS;9.0;4
44800;BOT_TAKER;BOT_MAKER;VEV_6000;XIRECS;1.0;2
44900;SUBMISSION;BOT_TAKER;VELVETFRUIT_EXTRACT;XIRECS;5286.0;5
44900;BOT_MAKER;BOT_TAKER;VELVETFRUIT_EXTRACT;XIRECS;5285.0;2
45000;BOT_MAKER;BOT_TAKER;VEV_4000;XIRECS;1244.0;2
45100;BOT_MAKER;BOT_TAKER;VELVETFRUIT_EXTRACT;XIRECS;5286.0;7
45100;BOT_TAKER;SUBMISSION;VEV_5400;XIRECS;14.0;2
45200;BOT_MAKER;BOT_TAKER;HYDROGEL_PACK;XIRECS;10004.0;2
45200;BOT_TAKER;BOT_MAKER;VELVETFRUIT_EXTRACT;XIRECS;5290.0;7
45300;BOT_TAKER;BOT_MAKER;VELVETFRUIT_EXTRACT;XIRECS;5290.0;3
45400;BOT_TAKER;BOT_MAKER;VELVETFRUIT_EXTRACT;XIRECS;5289.0;5
45400;BOT_MAKER;BOT_TAKER;VEV_6000;XIRECS;0.0;3
45500;BOT_MAKER;BOT_TAKER;HYDROGEL_PACK;XIRECS;10002.0;5
45600;BOT_TAKER;BOT_MAKER;HYDROGEL_PACK;XIRECS;10017.0;6
45600;BOT_TAKER;BOT_MAKER;VELVETFRUIT_EXTRACT;XIRECS;5288.0;6
45600;BOT_MAKER;BOT_TAKER;VELVETFRUIT_EXTRACT;XIRECS;5283.0;5
45600;BOT_TAKER;BOT_MAKER;VEV_4000;XIRECS;1262.0;1
45700;BOT_TAKER;BOT_MAKER;HYDROGEL_PACK;XIRECS;10018.0;6
45800;BOT_MAKER;BOT_TAKER;VELVETFRUIT_EXTRACT;XIRECS;5281.0;6
45800;BOT_TAKER;BOT_MAKER;VEV_6500;XIRECS;1.0;3
45900;BOT_MAKER;BOT_TAKER;VEV_4000;XIRECS;1239.0;2
46000;BOT_TAKER;BOT_MAKER;HYDROGEL_PACK;XIRECS;10020.0;6
46000;BOT_MAKER;BOT_TAKER;VEV_4000;XIRECS;1240.0;3
46200;BOT_TAKER;BOT_MAKER;HYDROGEL_PACK;XIRECS;10022.0;5
46200;BOT_MAKER;BOT_TAKER;VELVETFRUIT_EXTRACT;XIRECS;5281.0;7
46300;BOT_TAKER;BOT_MAKER;VEV_4000;XIRECS;1262.0;2
46400;BOT_MAKER;BOT_TAKER;VELVETFRUIT_EXTRACT;XIRECS;5281.0;3
46500;BOT_TAKER;BOT_MAKER;HYDROGEL_PACK;XIRECS;10024.0;2
46600;BOT_TAKER;BOT_MAKER;VELVETFRUIT_EXTRACT;XIRECS;5286.0;6
46600;BOT_TAKER;BOT_MAKER;VEV_6000;XIRECS;1.0;3
46700;BOT_MAKER;BOT_TAKER;VELVETFRUIT_EXTRACT;XIRECS;5281.0;9
46700;BOT_TAKER;BOT_MAKER;VEV_4000;XIRECS;1261.0;2
46800;BOT_TAKER;BOT_MAKER;VELVETFRUIT_EXTRACT;XIRECS;5285.0;4
46800;BOT_MAKER;BOT_TAKER;VEV_6000;XIRECS;0.0;4
46800;BOT_TAKER;SUBMISSION;HYDROGEL_PACK;XIRECS;10017.0;5
46900;BOT_TAKER;BOT_MAKER;VELVETFRUIT_EXTRACT;XIRECS;5285.0;7
47000;BOT_MAKER;BOT_TAKER;VEV_4000;XIRECS;1239.0;1
47000;BOT_TAKER;SUBMISSION;VELVETFRUIT_EXTRACT;XIRECS;5285.0;5
47000;BOT_TAKER;BOT_MAKER;VELVETFRUIT_EXTRACT;XIRECS;5286.0;3
47100;BOT_MAKER;BOT_TAKER;HYDROGEL_PACK;XIRECS;10007.0;6
47100;SUBMISSION;BOT_TAKER;VELVETFRUIT_EXTRACT;XIRECS;5281.0;3
47200;BOT_MAKER;BOT_TAKER;VELVETFRUIT_EXTRACT;XIRECS;5277.0;5
47200;BOT_TAKER;BOT_MAKER;VEV_6500;XIRECS;1.0;4
47300;BOT_TAKER;BOT_MAKER;HYDROGEL_PACK;XIRECS;10023.0;4
47300;BOT_TAKER;BOT_MAKER;VELVETFRUIT_EXTRACT;XIRECS;5284.0;8
47300;SUBMISSION;BOT_TAKER;VELVETFRUIT_EXTRACT;XIRECS;5281.0;5
47300;BOT_MAKER;BOT_TAKER;VELVETFRUIT_EXTRACT;XIRECS;5280.0;2
47600;BOT_TAKER;BOT_MAKER;HYDROGEL_PACK;XIRECS;10030.0;3
47600;BOT_TAKER;BOT_MAKER;VEV_6500;XIRECS;1.0;2
47700;BOT_TAKER;BOT_MAKER;HYDROGEL_PACK;XIRECS;10029.0;5
47700;BOT_TAKER;BOT_MAKER;VEV_5500;XIRECS;9.0;3
47700;BOT_TAKER;BOT_MAKER;VEV_6500;XIRECS;1.0;4
47700;SUBMISSION;BOT_TAKER;VEV_4000;XIRECS;1241.0;2
47800;BOT_TAKER;BOT_MAKER;HYDROGEL_PACK;XIRECS;10027.0;3
47800;BOT_MAKER;BOT_TAKER;VELVETFRUIT_EXTRACT;XIRECS;5278.0;7
47800;BOT_MAKER;BOT_TAKER;VEV_5300;XIRECS;40.0;4
47900;BOT_MAKER;BOT_TAKER;HYDROGEL_PACK;XIRECS;10012.0;4
47900;BOT_MAKER;BOT_TAKER;VELVETFRUIT_EXTRACT;XIRECS;5277.0;3
47900;BOT_TAKER;BOT_MAKER;VEV_4000;XIRECS;1262.0;2
47900;BOT_TAKER;BOT_MAKER;VEV_5400;XIRECS;16.0;5
47900;BOT_TAKER;BOT_MAKER;VEV_6500;XIRECS;1.0;5
48000;BOT_MAKER;BOT_TAKER;VELVETFRUIT_EXTRACT;XIRECS;5276.0;3
48000;SUBMISSION;BOT_TAKER;VELVETFRUIT_EXTRACT;XIRECS;5277.0;5
48000;BOT_MAKER;BOT_TAKER;VELVETFRUIT_EXTRACT;XIRECS;5276.0;1
48100;BOT_TAKER;BOT_MAKER;VEV_4000;XIRECS;1262.0;1
48400;BOT_MAKER;BOT_TAKER;VELVETFRUIT_EXTRACT;XIRECS;5274.0;6
48400;BOT_MAKER;BOT_TAKER;VEV_5300;XIRECS;39.0;4
48500;BOT_MAKER;BOT_TAKER;HYDROGEL_PACK;XIRECS;10015.0;4
48500;BOT_TAKER;BOT_MAKER;VELVETFRUIT_EXTRACT;XIRECS;5280.0;3
48600;BOT_TAKER;BOT_MAKER;VELVETFRUIT_EXTRACT;XIRECS;5280.0;3
48600;BOT_MAKER;BOT_TAKER;VEV_4000;XIRECS;1242.0;3
48600;BOT_TAKER;BOT_MAKER;VEV_5500;XIRECS;9.0;4
48600;BOT_MAKER;BOT_TAKER;VEV_6500;XIRECS;0.0;2
48600;BOT_TAKER;BOT_MAKER;VEV_6500;XIRECS;1.0;2
48700;BOT_TAKER;BOT_MAKER;HYDROGEL_PACK;XIRECS;10033.0;4
48700;BOT_TAKER;BOT_MAKER;VELVETFRUIT_EXTRACT;XIRECS;5279.0;8
48700;BOT_MAKER;BOT_TAKER;VEV_4000;XIRECS;1242.0;3
48800;BOT_MAKER;BOT_TAKER;HYDROGEL_PACK;XIRECS;10014.0;5
48800;BOT_MAKER;BOT_TAKER;VEV_4000;XIRECS;1243.0;1
48800;BOT_TAKER;BOT_MAKER;VEV_5300;XIRECS;42.0;3
48800;BOT_TAKER;BOT_MAKER;VEV_6000;XIRECS;1.0;3
48900;BOT_TAKER;BOT_MAKER;HYDROGEL_PACK;XIRECS;10034.0;5
48900;BOT_TAKER;BOT_MAKER;VELVETFRUIT_EXTRACT;XIRECS;5282.0;6
49000;BOT_TAKER;BOT_MAKER;VEV_5400;XIRECS;17.0;2
49100;BOT_TAKER;BOT_MAKER;HYDROGEL_PACK;XIRECS;10032.0;5
49100;BOT_TAKER;BOT_MAKER;VELVETFRUIT_EXTRACT;XIRECS;5281.0;3
49200;BOT_TAKER;BOT_MAKER;HYDROGEL_PACK;XIRECS;10029.0;4
49200;BOT_TAKER;BOT_MAKER;VELVETFRUIT_EXTRACT;XIRECS;5281.0;5
49200;BOT_MAKER;BOT_TAKER;VEV_5500;XIRECS;8.0;4
49300;BOT_TAKER;BOT_MAKER;HYDROGEL_PACK;XIRECS;10029.0;6
49500;BOT_TAKER;BOT_MAKER;HYDROGEL_PACK;XIRECS;10029.0;2
49500;BOT_TAKER;BOT_MAKER;VELVETFRUIT_EXTRACT;XIRECS;5281.0;3
49600;BOT_MAKER;BOT_TAKER;VELVETFRUIT_EXTRACT;XIRECS;5275.0;4
49700;BOT_MAKER;BOT_TAKER;VELVETFRUIT_EXTRACT;XIRECS;5276.0;8
49900;BOT_TAKER;BOT_MAKER;VELVETFRUIT_EXTRACT;XIRECS;5282.0;7
49900;BOT_MAKER;BOT_TAKER;VEV_4000;XIRECS;1245.0;3
50000;BOT_MAKER;BOT_TAKER;HYDROGEL_PACK;XIRECS;10011.0;2
50000;BOT_TAKER;BOT_MAKER;VELVETFRUIT_EXTRACT;XIRECS;5283.0;5
50000;BOT_TAKER;BOT_MAKER;VELVETFRUIT_EXTRACT;XIRECS;5283.0;7
50000;BOT_TAKER;BOT_MAKER;VEV_5500;XIRECS;9.0;4
50000;BOT_MAKER;BOT_TAKER;VEV_6000;XIRECS;0.0;2
50100;BOT_TAKER;BOT_MAKER;VELVETFRUIT_EXTRACT;XIRECS;5283.0;8
50100;BOT_MAKER;BOT_TAKER;VEV_5300;XIRECS;40.0;4
50100;BOT_MAKER;BOT_TAKER;VEV_6000;XIRECS;0.0;5
50200;BOT_TAKER;BOT_MAKER;VELVETFRUIT_EXTRACT;XIRECS;5282.0;6
50200;BOT_TAKER;SUBMISSION;VELVETFRUIT_EXTRACT;XIRECS;5281.0;5
50200;BOT_TAKER;BOT_MAKER;VELVETFRUIT_EXTRACT;XIRECS;5282.0;1
50300;BOT_TAKER;BOT_MAKER;VELVETFRUIT_EXTRACT;XIRECS;5282.0;6
50300;BOT_TAKER;BOT_MAKER;VEV_5500;XIRECS;9.0;4
50300;BOT_TAKER;SUBMISSION;VELVETFRUIT_EXTRACT;XIRECS;5281.0;5
50300;BOT_TAKER;BOT_MAKER;VELVETFRUIT_EXTRACT;XIRECS;5282.0;2
50500;BOT_TAKER;BOT_MAKER;HYDROGEL_PACK;XIRECS;10021.0;5
50500;BOT_MAKER;BOT_TAKER;VELVETFRUIT_EXTRACT;XIRECS;5278.0;8
50500;BOT_TAKER;BOT_MAKER;VEV_6500;XIRECS;1.0;5
50600;BOT_MAKER;BOT_TAKER;HYDROGEL_PACK;XIRECS;10005.0;4
50600;BOT_MAKER;BOT_TAKER;VEV_5400;XIRECS;15.0;4
50700;SUBMISSION;BOT_TAKER;VEV_5500;XIRECS;9.0;2
50800;BOT_TAKER;BOT_MAKER;VEV_6500;XIRECS;1.0;2
50900;BOT_TAKER;BOT_MAKER;HYDROGEL_PACK;XIRECS;10016.0;3
50900;BOT_TAKER;SUBMISSION;VEV_4000;XIRECS;1273.0;1
51000;BOT_TAKER;BOT_MAKER;VELVETFRUIT_EXTRACT;XIRECS;5280.0;8
51200;BOT_MAKER;BOT_TAKER;VEV_5500;XIRECS;8.0;2
51400;BOT_MAKER;BOT_TAKER;HYDROGEL_PACK;XIRECS;9996.0;5
51400;BOT_TAKER;BOT_MAKER;VEV_6000;XIRECS;1.0;5
51500;BOT_TAKER;BOT_MAKER;VELVETFRUIT_EXTRACT;XIRECS;5279.0;5
51600;BOT_TAKER;BOT_MAKER;VELVETFRUIT_EXTRACT;XIRECS;5281.0;6
51600;BOT_MAKER;BOT_TAKER;VEV_4000;XIRECS;1253.0;2
51700;BOT_TAKER;BOT_MAKER;HYDROGEL_PACK;XIRECS;10013.0;4
51700;BOT_TAKER;BOT_MAKER;VELVETFRUIT_EXTRACT;XIRECS;5280.0;7
51700;BOT_MAKER;BOT_TAKER;VEV_6000;XIRECS;0.0;2
52100;BOT_MAKER;BOT_TAKER;HYDROGEL_PACK;XIRECS;9997.0;3
52100;BOT_TAKER;BOT_MAKER;VELVETFRUIT_EXTRACT;XIRECS;5279.0;3
52100;BOT_TAKER;BOT_MAKER;VEV_6000;XIRECS;1.0;3
52200;BOT_TAKER;BOT_MAKER;VEV_6500;XIRECS;1.0;5
52400;BOT_TAKER;BOT_MAKER;VEV_5300;XIRECS;43.0;2
52400;SUBMISSION;BOT_TAKER;VELVETFRUIT_EXTRACT;XIRECS;5274.0;3
52500;BOT_MAKER;BOT_TAKER;HYDROGEL_PACK;XIRECS;10002.0;5
52500;BOT_MAKER;BOT_TAKER;VEV_6500;XIRECS;0.0;3
52700;BOT_MAKER;BOT_TAKER;HYDROGEL_PACK;XIRECS;10005.0;3
52700;SUBMISSION;BOT_TAKER;VELVETFRUIT_EXTRACT;XIRECS;5275.0;4
52800;BOT_TAKER;BOT_MAKER;HYDROGEL_PACK;XIRECS;10022.0;4
52800;BOT_MAKER;BOT_TAKER;VEV_4000;XIRECS;1261.0;3
52800;BOT_TAKER;BOT_MAKER;VEV_5500;XIRECS;9.0;4
52900;BOT_TAKER;SUBMISSION;HYDROGEL_PACK;XIRECS;10020.0;5
53100;SUBMISSION;BOT_TAKER;HYDROGEL_PACK;XIRECS;10010.0;4
53200;BOT_TAKER;BOT_MAKER;VELVETFRUIT_EXTRACT;XIRECS;5273.0;7
53300;BOT_TAKER;BOT_MAKER;VEV_4000;XIRECS;1279.0;3
53300;BOT_TAKER;BOT_MAKER;VEV_5500;XIRECS;9.0;5
53400;BOT_TAKER;BOT_MAKER;VEV_4000;XIRECS;1279.0;1
53500;BOT_TAKER;BOT_MAKER;VELVETFRUIT_EXTRACT;XIRECS;5272.0;7
53500;BOT_MAKER;BOT_TAKER;VEV_4000;XIRECS;1257.0;2
53500;BOT_MAKER;BOT_TAKER;VEV_6000;XIRECS;0.0;5
53500;BOT_TAKER;SUBMISSION;VELVETFRUIT_EXTRACT;XIRECS;5271.0;5
53500;BOT_TAKER;BOT_MAKER;VELVETFRUIT_EXTRACT;XIRECS;5272.0;3
53700;BOT_TAKER;BOT_MAKER;VELVETFRUIT_EXTRACT;XIRECS;5273.0;8
53900;BOT_TAKER;BOT_MAKER;VELVETFRUIT_EXTRACT;XIRECS;5271.0;6
53900;BOT_MAKER;BOT_TAKER;VELVETFRUIT_EXTRACT;XIRECS;5266.0;4
53900;BOT_MAKER;BOT_TAKER;VEV_6000;XIRECS;0.0;5
54100;BOT_TAKER;BOT_MAKER;VELVETFRUIT_EXTRACT;XIRECS;5271.0;6
54100;BOT_MAKER;BOT_TAKER;VEV_5500;XIRECS;8.0;2
54200;BOT_MAKER;BOT_TAKER;VEV_4000;XIRECS;1259.0;1
54300;BOT_MAKER;BOT_TAKER;HYDROGEL_PACK;XIRECS;10009.0;5
54300;BOT_MAKER;BOT_TAKER;VELVETFRUIT_EXTRACT;XIRECS;5265.0;6
54600;BOT_TAKER;BOT_MAKER;VELVETFRUIT_EXTRACT;XIRECS;5272.0;4
54600;BOT_TAKER;BOT_MAKER;VEV_4000;XIRECS;1281.0;3
54700;BOT_TAKER;BOT_MAKER;HYDROGEL_PACK;XIRECS;10023.0;3
54700;BOT_MAKER;BOT_TAKER;VELVETFRUIT_EXTRACT;XIRECS;5265.0;6
54800;BOT_MAKER;BOT_TAKER;HYDROGEL_PACK;XIRECS;10007.0;4
54800;BOT_MAKER;BOT_TAKER;VEV_5300;XIRECS;39.0;5
54800;BOT_TAKER;BOT_MAKER;VEV_6500;XIRECS;1.0;5
54900;BOT_MAKER;BOT_TAKER;HYDROGEL_PACK;XIRECS;10010.0;6
54900;BOT_TAKER;BOT_MAKER;VELVETFRUIT_EXTRACT;XIRECS;5268.0;8
55000;BOT_TAKER;BOT_MAKER;VELVETFRUIT_EXTRACT;XIRECS;5269.0;6
55300;BOT_MAKER;BOT_TAKER;VEV_4000;XIRECS;1259.0;2
55400;BOT_TAKER;SUBMISSION;VEV_5400;XIRECS;15.0;2
55500;BOT_MAKER;BOT_TAKER;HYDROGEL_PACK;XIRECS;10007.0;6
55500;BOT_MAKER;BOT_TAKER;VEV_4000;XIRECS;1258.0;1
55700;BOT_MAKER;BOT_TAKER;VEV_6500;XIRECS;0.0;2
55900;BOT_MAKER;BOT_TAKER;HYDROGEL_PACK;XIRECS;10004.0;6
56200;BOT_MAKER;BOT_TAKER;VELVETFRUIT_EXTRACT;XIRECS;5262.0;8
56300;BOT_MAKER;BOT_TAKER;VELVETFRUIT_EXTRACT;XIRECS;5262.0;4
56400;SUBMISSION;BOT_TAKER;VELVETFRUIT_EXTRACT;XIRECS;5263.0;5
56400;BOT_MAKER;BOT_TAKER;VELVETFRUIT_EXTRACT;XIRECS;5262.0;5
56500;BOT_MAKER;BOT_TAKER;VELVETFRUIT_EXTRACT;XIRECS;5259.0;8
56500;BOT_MAKER;BOT_TAKER;VEV_6000;XIRECS;0.0;4
56700;BOT_MAKER;BOT_TAKER;VELVETFRUIT_EXTRACT;XIRECS;5261.0;15
56800;BOT_TAKER;BOT_MAKER;VELVETFRUIT_EXTRACT;XIRECS;5267.0;9
56800;SUBMISSION;BOT_TAKER;VEV_5200;XIRECS;81.0;5
57000;BOT_MAKER;BOT_TAKER;HYDROGEL_PACK;XIRECS;10003.0;5
57000;BOT_MAKER;BOT_TAKER;VEV_4000;XIRECS;1264.0;2
57000;BOT_MAKER;BOT_TAKER;VEV_6500;XIRECS;0.0;2
57200;BOT_TAKER;BOT_MAKER;HYDROGEL_PACK;XIRECS;10020.0;2
57300;BOT_MAKER;BOT_TAKER;VELVETFRUIT_EXTRACT;XIRECS;5262.0;7
57600;BOT_TAKER;BOT_MAKER;HYDROGEL_PACK;XIRECS;10019.0;6
57600;BOT_MAKER;BOT_TAKER;VELVETFRUIT_EXTRACT;XIRECS;5264.0;10
57600;BOT_MAKER;BOT_TAKER;VEV_4000;XIRECS;1265.0;2
57600;BOT_TAKER;BOT_MAKER;VEV_5500;XIRECS;9.0;4
57700;BOT_MAKER;BOT_TAKER;VELVETFRUIT_EXTRACT;XIRECS;5263.0;8
57800;BOT_TAKER;BOT_MAKER;HYDROGEL_PACK;XIRECS;10018.0;2
57800;BOT_MAKER;BOT_TAKER;VELVETFRUIT_EXTRACT;XIRECS;5260.0;11
58000;BOT_MAKER;BOT_TAKER;HYDROGEL_PACK;XIRECS;10001.0;3
58000;BOT_TAKER;SUBMISSION;HYDROGEL_PACK;XIRECS;10016.0;2
58200;BOT_TAKER;BOT_MAKER;VEV_4000;XIRECS;1291.0;1
58300;BOT_TAKER;BOT_MAKER;HYDROGEL_PACK;XIRECS;10015.0;4
58400;BOT_TAKER;BOT_MAKER;VELVETFRUIT_EXTRACT;XIRECS;5270.0;7
58500;BOT_MAKER;BOT_TAKER;HYDROGEL_PACK;XIRECS;9997.0;2
58500;BOT_TAKER;BOT_MAKER;VELVETFRUIT_EXTRACT;XIRECS;5270.0;3
58700;BOT_TAKER;BOT_MAKER;HYDROGEL_PACK;XIRECS;10009.0;4
58700;BOT_MAKER;BOT_TAKER;VELVETFRUIT_EXTRACT;XIRECS;5266.0;3
58700;BOT_MAKER;BOT_TAKER;VEV_4000;XIRECS;1268.0;3
58800;BOT_MAKER;BOT_TAKER;VELVETFRUIT_EXTRACT;XIRECS;5265.0;11
58800;BOT_MAKER;BOT_TAKER;VEV_6000;XIRECS;0.0;5
58800;BOT_TAKER;BOT_MAKER;VEV_6000;XIRECS;1.0;4
58900;BOT_MAKER;BOT_TAKER;HYDROGEL_PACK;XIRECS;9991.0;4
58900;BOT_MAKER;BOT_TAKER;VELVETFRUIT_EXTRACT;XIRECS;5264.0;4
58900;BOT_TAKER;BOT_MAKER;VEV_6500;XIRECS;1.0;5
59000;BOT_MAKER;BOT_TAKER;HYDROGEL_PACK;XIRECS;9993.0;5
59100;BOT_MAKER;BOT_TAKER;HYDROGEL_PACK;XIRECS;9992.0;6
59200;BOT_TAKER;BOT_MAKER;VELVETFRUIT_EXTRACT;XIRECS;5269.0;4
59200;BOT_TAKER;SUBMISSION;VELVETFRUIT_EXTRACT;XIRECS;5268.0;5
59200;BOT_TAKER;BOT_MAKER;VELVETFRUIT_EXTRACT;XIRECS;5269.0;1
59300;BOT_MAKER;BOT_TAKER;HYDROGEL_PACK;XIRECS;9992.0;5
59300;BOT_MAKER;BOT_TAKER;VEV_6500;XIRECS;0.0;5
59500;BOT_MAKER;BOT_TAKER;HYDROGEL_PACK;XIRECS;9992.0;5
59500;BOT_MAKER;BOT_TAKER;VEV_4000;XIRECS;1261.0;2
59500;BOT_MAKER;BOT_TAKER;VEV_5300;XIRECS;37.0;5
59600;BOT_MAKER;BOT_TAKER;HYDROGEL_PACK;XIRECS;9994.0;5
59600;BOT_TAKER;BOT_MAKER;VEV_6000;XIRECS;1.0;4
59700;BOT_TAKER;BOT_MAKER;VELVETFRUIT_EXTRACT;XIRECS;5268.0;3
59800;BOT_TAKER;BOT_MAKER;HYDROGEL_PACK;XIRECS;10011.0;2
59900;BOT_MAKER;BOT_TAKER;VELVETFRUIT_EXTRACT;XIRECS;5263.0;6
59900;BOT_TAKER;BOT_MAKER;VELVETFRUIT_EXTRACT;XIRECS;5269.0;8
60100;BOT_MAKER;BOT_TAKER;VELVETFRUIT_EXTRACT;XIRECS;5262.0;6
60100;BOT_MAKER;BOT_TAKER;VEV_4000;XIRECS;1263.0;1
60200;BOT_TAKER;BOT_MAKER;HYDROGEL_PACK;XIRECS;10010.0;6
60200;BOT_TAKER;BOT_MAKER;VELVETFRUIT_EXTRACT;XIRECS;5268.0;8
60300;BOT_MAKER;BOT_TAKER;VEV_5400;XIRECS;14.0;4
60300;BOT_TAKER;BOT_MAKER;VEV_6000;XIRECS;1.0;4
60400;BOT_MAKER;BOT_TAKER;VELVETFRUIT_EXTRACT;XIRECS;5264.0;6
60400;BOT_MAKER;BOT_TAKER;VELVETFRUIT_EXTRACT;XIRECS;5264.0;7
60500;BOT_MAKER;BOT_TAKER;HYDROGEL_PACK;XIRECS;9988.0;6
60600;BOT_MAKER;BOT_TAKER;VELVETFRUIT_EXTRACT;XIRECS;5263.0;4
60700;BOT_MAKER;BOT_TAKER;HYDROGEL_PACK;XIRECS;9984.0;3
60700;BOT_MAKER;BOT_TAKER;VEV_4000;XIRECS;1263.0;2
60800;BOT_TAKER;BOT_MAKER;VEV_5400;XIRECS;15.0;5
60900;BOT_TAKER;BOT_MAKER;VELVETFRUIT_EXTRACT;XIRECS;5265.0;3
61000;BOT_MAKER;BOT_TAKER;VELVETFRUIT_EXTRACT;XIRECS;5261.0;7
61100;BOT_MAKER;BOT_TAKER;VELVETFRUIT_EXTRACT;XIRECS;5263.0;8
61100;BOT_TAKER;BOT_MAKER;VELVETFRUIT_EXTRACT;XIRECS;5268.0;9
61100;BOT_TAKER;BOT_MAKER;VEV_6000;XIRECS;1.0;2
61200;BOT_TAKER;BOT_MAKER;VEV_6000;XIRECS;1.0;5
61300;BOT_TAKER;BOT_MAKER;VELVETFRUIT_EXTRACT;XIRECS;5266.0;4
61300;BOT_TAKER;BOT_MAKER;VEV_5300;XIRECS;41.0;3
61400;BOT_TAKER;BOT_MAKER;HYDROGEL_PACK;XIRECS;9999.0;2
61500;BOT_MAKER;BOT_TAKER;VELVETFRUIT_EXTRACT;XIRECS;5261.0;11
61600;BOT_MAKER;BOT_TAKER;HYDROGEL_PACK;XIRECS;9987.0;5
61600;BOT_MAKER;BOT_TAKER;VEV_5400;XIRECS;13.0;2
61700;BOT_TAKER;BOT_MAKER;VEV_5300;XIRECS;41.0;3
61800;BOT_TAKER;BOT_MAKER;HYDROGEL_PACK;XIRECS;10005.0;2
61800;BOT_TAKER;BOT_MAKER;VELVETFRUIT_EXTRACT;XIRECS;5267.0;7
61900;BOT_TAKER;BOT_MAKER;VELVETFRUIT_EXTRACT;XIRECS;5266.0;5
61900;BOT_TAKER;BOT_MAKER;VEV_5400;XIRECS;16.0;5
61900;BOT_TAKER;SUBMISSION;VELVETFRUIT_EXTRACT;XIRECS;5265.0;5
61900;BOT_TAKER;BOT_MAKER;VELVETFRUIT_EXTRACT;XIRECS;5266.0;2
62000;BOT_MAKER;BOT_TAKER;VELVETFRUIT_EXTRACT;XIRECS;5260.0;5
62000;BOT_MAKER;BOT_TAKER;VEV_6500;XIRECS;0.0;3
62000;BOT_TAKER;SUBMISSION;HYDROGEL_PACK;XIRECS;10004.0;5
62200;BOT_TAKER;BOT_MAKER;VEV_6500;XIRECS;1.0;4
62300;BOT_TAKER;BOT_MAKER;VELVETFRUIT_EXTRACT;XIRECS;5266.0;4
62300;BOT_MAKER;BOT_TAKER;VEV_4000;XIRECS;1265.0;2
62300;BOT_TAKER;SUBMISSION;HYDROGEL_PACK;XIRECS;10007.0;4
62500;BOT_MAKER;BOT_TAKER;VEV_6000;XIRECS;0.0;2
62600;BOT_MAKER;BOT_TAKER;HYDROGEL_PACK;XIRECS;9995.0;5
62600;BOT_MAKER;BOT_TAKER;VEV_5400;XIRECS;14.0;5
62700;BOT_MAKER;BOT_TAKER;VEV_4000;XIRECS;1268.0;1
62700;BOT_MAKER;BOT_TAKER;VEV_5500;XIRECS;9.0;5
62900;BOT_TAKER;BOT_MAKER;VEV_4000;XIRECS;1290.0;3
62900;BOT_MAKER;BOT_TAKER;VEV_6500;XIRECS;0.0;4
63000;BOT_MAKER;BOT_TAKER;VEV_4000;XIRECS;1267.0;1
63000;BOT_TAKER;BOT_MAKER;VEV_6000;XIRECS;1.0;3
63000;BOT_TAKER;SUBMISSION;HYDROGEL_PACK;XIRECS;10007.0;5
63000;BOT_TAKER;BOT_MAKER;HYDROGEL_PACK;XIRECS;10008.0;1
63100;BOT_MAKER;BOT_TAKER;HYDROGEL_PACK;XIRECS;9993.0;2
63100;BOT_MAKER;BOT_TAKER;VELVETFRUIT_EXTRACT;XIRECS;5257.0;5
63100;BOT_MAKER;BOT_TAKER;VELVETFRUIT_EXTRACT;XIRECS;5257.0;6
63100;BOT_TAKER;BOT_MAKER;VEV_5500;XIRECS;10.0;5
63200;BOT_TAKER;BOT_MAKER;HYDROGEL_PACK;XIRECS;10010.0;3
63400;BOT_TAKER;BOT_MAKER;VELVETFRUIT_EXTRACT;XIRECS;5262.0;7
63500;SUBMISSION;BOT_TAKER;VELVETFRUIT_EXTRACT;XIRECS;5257.0;5
63500;BOT_MAKER;BOT_TAKER;VELVETFRUIT_EXTRACT;XIRECS;5256.0;1
63600;BOT_TAKER;SUBMISSION;VELVETFRUIT_EXTRACT;XIRECS;5261.0;4
63800;BOT_TAKER;BOT_MAKER;HYDROGEL_PACK;XIRECS;10001.0;5
63800;BOT_MAKER;BOT_TAKER;VEV_5500;XIRECS;9.0;3
63800;SUBMISSION;BOT_TAKER;VELVETFRUIT_EXTRACT;XIRECS;5257.0;5
63800;BOT_MAKER;BOT_TAKER;VELVETFRUIT_EXTRACT;XIRECS;5256.0;3
63900;BOT_MAKER;BOT_TAKER;HYDROGEL_PACK;XIRECS;9981.0;4
63900;BOT_MAKER;BOT_TAKER;VELVETFRUIT_EXTRACT;XIRECS;5255.0;4
63900;BOT_TAKER;BOT_MAKER;VEV_5500;XIRECS;10.0;2
63900;BOT_TAKER;BOT_MAKER;VEV_6000;XIRECS;1.0;5
63900;BOT_MAKER;BOT_TAKER;VEV_6500;XIRECS;0.0;3
64000;SUBMISSION;BOT_TAKER;HYDROGEL_PACK;XIRECS;9984.0;5
64100;BOT_MAKER;BOT_TAKER;HYDROGEL_PACK;XIRECS;9982.0;4
64100;BOT_TAKER;BOT_MAKER;VELVETFRUIT_EXTRACT;XIRECS;5260.0;8
64200;BOT_TAKER;BOT_MAKER;VEV_4000;XIRECS;1288.0;2
64200;BOT_TAKER;BOT_MAKER;VEV_6000;XIRECS;1.0;5
64300;BOT_MAKER;BOT_TAKER;VELVETFRUIT_EXTRACT;XIRECS;5256.0;5
64400;BOT_TAKER;BOT_MAKER;HYDROGEL_PACK;XIRECS;10003.0;4
64400;BOT_TAKER;SUBMISSION;VELVETFRUIT_EXTRACT;XIRECS;5260.0;5
64400;BOT_TAKER;BOT_MAKER;VELVETFRUIT_EXTRACT;XIRECS;5261.0;2
64500;BOT_TAKER;BOT_MAKER;VELVETFRUIT_EXTRACT;XIRECS;5263.0;7
64600;SUBMISSION;BOT_TAKER;VEV_4000;XIRECS;1268.0;1
64700;BOT_TAKER;BOT_MAKER;VELVETFRUIT_EXTRACT;XIRECS;5264.0;5
64700;BOT_TAKER;BOT_MAKER;VEV_5500;XIRECS;10.0;4
64800;BOT_TAKER;BOT_MAKER;HYDROGEL_PACK;XIRECS;10003.0;6
64900;BOT_TAKER;BOT_MAKER;HYDROGEL_PACK;XIRECS;10004.0;2
65000;BOT_MAKER;BOT_TAKER;VELVETFRUIT_EXTRACT;XIRECS;5259.0;3
65000;BOT_TAKER;BOT_MAKER;VEV_5400;XIRECS;15.0;5
65000;BOT_TAKER;SUBMISSION;HYDROGEL_PACK;XIRECS;10005.0;4
65200;BOT_MAKER;BOT_TAKER;HYDROGEL_PACK;XIRECS;9986.0;4
65200;BOT_TAKER;BOT_MAKER;VEV_5300;XIRECS;39.0;2
65300;BOT_MAKER;BOT_TAKER;HYDROGEL_PACK;XIRECS;9988.0;3
65300;BOT_TAKER;BOT_MAKER;VEV_5400;XIRECS;14.0;3
65300;BOT_TAKER;BOT_MAKER;VEV_5500;XIRECS;10.0;4
65500;BOT_TAKER;BOT_MAKER;VEV_4000;XIRECS;1290.0;2
65600;BOT_MAKER;BOT_TAKER;VEV_4000;XIRECS;1268.0;2
65700;BOT_MAKER;BOT_TAKER;VEV_5500;XIRECS;9.0;2
65700;SUBMISSION;BOT_TAKER;HYDROGEL_PACK;XIRECS;9990.0;3
65800;BOT_TAKER;BOT_MAKER;VEV_5500;XIRECS;10.0;4
65900;BOT_MAKER;BOT_TAKER;VELVETFRUIT_EXTRACT;XIRECS;5259.0;7
65900;BOT_TAKER;BOT_MAKER;VELVETFRUIT_EXTRACT;XIRECS;5265.0;9
65900;BOT_MAKER;BOT_TAKER;VEV_6000;XIRECS;0.0;4
66000;BOT_TAKER;BOT_MAKER;HYDROGEL_PACK;XIRECS;10001.0;5
66100;BOT_TAKER;BOT_MAKER;HYDROGEL_PACK;XIRECS;10002.0;4
66100;BOT_MAKER;BOT_TAKER;VELVETFRUIT_EXTRACT;XIRECS;5261.0;6
66200;BOT_MAKER;BOT_TAKER;VELVETFRUIT_EXTRACT;XIRECS;5260.0;3
66300;BOT_TAKER;BOT_MAKER;HYDROGEL_PACK;XIRECS;10002.0;4
66300;SUBMISSION;BOT_TAKER;HYDROGEL_PACK;XIRECS;9987.0;2
66400;BOT_TAKER;BOT_MAKER;VELVETFRUIT_EXTRACT;XIRECS;5265.0;6
66400;BOT_MAKER;BOT_TAKER;VEV_5400;XIRECS;13.0;5
66500;BOT_TAKER;BOT_MAKER;VELVETFRUIT_EXTRACT;XIRECS;5264.0;6
66500;BOT_TAKER;BOT_MAKER;VEV_5400;XIRECS;15.0;2
66600;BOT_MAKER;BOT_TAKER;VELVETFRUIT_EXTRACT;XIRECS;5258.0;3
66600;BOT_MAKER;BOT_TAKER;VEV_4000;XIRECS;1261.0;1
66700;BOT_TAKER;BOT_MAKER;HYDROGEL_PACK;XIRECS;10002.0;4
66900;BOT_MAKER;BOT_TAKER;HYDROGEL_PACK;XIRECS;9988.0;6
66900;BOT_TAKER;BOT_MAKER;VELVETFRUIT_EXTRACT;XIRECS;5265.0;4
66900;SUBMISSION;BOT_TAKER;VELVETFRUIT_EXTRACT;XIRECS;5260.0;3
67000;BOT_TAKER;BOT_MAKER;HYDROGEL_PACK;XIRECS;10006.0;3
67000;BOT_TAKER;BOT_MAKER;VELVETFRUIT_EXTRACT;XIRECS;5265.0;7
67100;BOT_MAKER;BOT_TAKER;VELVETFRUIT_EXTRACT;XIRECS;5259.0;5
67100;BOT_MAKER;BOT_TAKER;VEV_5400;XIRECS;13.0;5
67100;BOT_MAKER;BOT_TAKER;VEV_6500;XIRECS;0.0;2
67200;BOT_TAKER;BOT_MAKER;VELVETFRUIT_EXTRACT;XIRECS;5263.0;5
67200;BOT_TAKER;BOT_MAKER;VELVETFRUIT_EXTRACT;XIRECS;5263.0;6
67300;BOT_MAKER;BOT_TAKER;HYDROGEL_PACK;XIRECS;9992.0;6
67400;BOT_MAKER;BOT_TAKER;HYDROGEL_PACK;XIRECS;9995.0;5
67400;BOT_MAKER;BOT_TAKER;VELVETFRUIT_EXTRACT;XIRECS;5259.0;8
67400;BOT_MAKER;BOT_TAKER;VEV_4000;XIRECS;1264.0;2
67400;BOT_TAKER;BOT_MAKER;VEV_5400;XIRECS;15.0;2
67500;BOT_MAKER;BOT_TAKER;HYDROGEL_PACK;XIRECS;9996.0;4
67500;BOT_MAKER;BOT_TAKER;VELVETFRUIT_EXTRACT;XIRECS;5260.0;5
67600;BOT_TAKER;BOT_MAKER;VELVETFRUIT_EXTRACT;XIRECS;5263.0;6
67700;BOT_MAKER;BOT_TAKER;VEV_4000;XIRECS;1268.0;1
67700;BOT_MAKER;BOT_TAKER;VEV_5300;XIRECS;38.0;5
67800;BOT_MAKER;BOT_TAKER;VELVETFRUIT_EXTRACT;XIRECS;5257.0;15
67900;BOT_MAKER;BOT_TAKER;VELVETFRUIT_EXTRACT;XIRECS;5256.0;5
68000;BOT_TAKER;BOT_MAKER;VEV_4000;XIRECS;1286.0;1
68000;BOT_TAKER;BOT_MAKER;VEV_5500;XIRECS;10.0;3
68100;BOT_MAKER;BOT_TAKER;HYDROGEL_PACK;XIRECS;9998.0;2
68100;BOT_TAKER;BOT_MAKER;VEV_5300;XIRECS;41.0;3
68200;BOT_TAKER;BOT_MAKER;HYDROGEL_PACK;XIRECS;10010.0;2
68300;BOT_TAKER;BOT_MAKER;HYDROGEL_PACK;XIRECS;10010.0;2
68400;BOT_MAKER;BOT_TAKER;VEV_5500;XIRECS;9.0;2
68500;BOT_MAKER;BOT_TAKER;HYDROGEL_PACK;XIRECS;9996.0;6
68500;BOT_TAKER;BOT_MAKER;VELVETFRUIT_EXTRACT;XIRECS;5261.0;7
68500;BOT_MAKER;BOT_TAKER;VEV_5400;XIRECS;12.0;2
68600;BOT_MAKER;BOT_TAKER;HYDROGEL_PACK;XIRECS;9995.0;2
68600;BOT_MAKER;BOT_TAKER;VEV_6000;XIRECS;0.0;2
68700;BOT_TAKER;BOT_MAKER;VELVETFRUIT_EXTRACT;XIRECS;5261.0;4
68700;BOT_MAKER;BOT_TAKER;VEV_5300;XIRECS;41.0;2
68700;BOT_MAKER;BOT_TAKER;VEV_6000;XIRECS;0.0;4
68800;BOT_MAKER;BOT_TAKER;VELVETFRUIT_EXTRACT;XIRECS;5256.0;8
68800;BOT_MAKER;BOT_TAKER;VEV_4000;XIRECS;1265.0;3
68900;BOT_MAKER;BOT_TAKER;VEV_6500;XIRECS;0.0;3
69000;BOT_TAKER;BOT_MAKER;HYDROGEL_PACK;XIRECS;10010.0;3
69000;BOT_MAKER;BOT_TAKER;VEV_5500;XIRECS;9.0;4
69000;BOT_TAKER;BOT_MAKER;VEV_6000;XIRECS;1.0;3
69100;BOT_MAKER;BOT_TAKER;HYDROGEL_PACK;XIRECS;9995.0;3
69100;BOT_TAKER;BOT_MAKER;VELVETFRUIT_EXTRACT;XIRECS;5262.0;10
69300;BOT_MAKER;BOT_TAKER;HYDROGEL_PACK;XIRECS;9991.0;5
69300;BOT_MAKER;BOT_TAKER;VELVETFRUIT_EXTRACT;XIRECS;5255.0;3
69300;BOT_TAKER;BOT_MAKER;VEV_4000;XIRECS;1286.0;2
69400;BOT_TAKER;BOT_MAKER;VELVETFRUIT_EXTRACT;XIRECS;5262.0;10
69400;BOT_MAKER;BOT_TAKER;VEV_5500;XIRECS;9.0;3
69500;BOT_MAKER;BOT_TAKER;VELVETFRUIT_EXTRACT;XIRECS;5257.0;5
69500;BOT_MAKER;BOT_TAKER;VEV_4000;XIRECS;1268.0;3
69600;BOT_TAKER;BOT_MAKER;VELVETFRUIT_EXTRACT;XIRECS;5261.0;7
69600;BOT_MAKER;BOT_TAKER;VEV_6000;XIRECS;0.0;2
69600;BOT_MAKER;BOT_TAKER;VEV_6500;XIRECS;0.0;3
69700;BOT_TAKER;BOT_MAKER;VEV_5500;XIRECS;11.0;2
69800;BOT_TAKER;BOT_MAKER;HYDROGEL_PACK;XIRECS;10002.0;3
69800;BOT_MAKER;BOT_TAKER;VEV_6000;XIRECS;0.0;4
69800;BOT_TAKER;SUBMISSION;VELVETFRUIT_EXTRACT;XIRECS;5262.0;5
69800;BOT_TAKER;BOT_MAKER;VELVETFRUIT_EXTRACT;XIRECS;5263.0;3
69900;BOT_TAKER;BOT_MAKER;VELVETFRUIT_EXTRACT;XIRECS;5263.0;6
69900;SUBMISSION;BOT_TAKER;VELVETFRUIT_EXTRACT;XIRECS;5259.0;5
69900;BOT_MAKER;BOT_TAKER;VELVETFRUIT_EXTRACT;XIRECS;5258.0;3
70000;BOT_MAKER;BOT_TAKER;VELVETFRUIT_EXTRACT;XIRECS;5259.0;5
70100;BOT_TAKER;BOT_MAKER;HYDROGEL_PACK;XIRECS;9999.0;2
70100;BOT_MAKER;BOT_TAKER;VELVETFRUIT_EXTRACT;XIRECS;5258.0;6
70100;BOT_TAKER;BOT_MAKER;VEV_4000;XIRECS;1290.0;1
70100;BOT_MAKER;BOT_TAKER;VEV_5500;XIRECS;9.0;4
70200;BOT_TAKER;SUBMISSION;VEV_4000;XIRECS;1290.0;1
70300;BOT_MAKER;BOT_TAKER;VEV_6500;XIRECS;0.0;5
70400;BOT_MAKER;BOT_TAKER;VEV_6000;XIRECS;0.0;4
70500;BOT_MAKER;BOT_TAKER;HYDROGEL_PACK;XIRECS;9985.0;3
70600;BOT_TAKER;BOT_MAKER;HYDROGEL_PACK;XIRECS;10003.0;2
70600;SUBMISSION;BOT_TAKER;VELVETFRUIT_EXTRACT;XIRECS;5257.0;5
70600;BOT_MAKER;BOT_TAKER;VELVETFRUIT_EXTRACT;XIRECS;5256.0;3
70700;BOT_TAKER;BOT_MAKER;VELVETFRUIT_EXTRACT;XIRECS;5263.0;6
70700;BOT_TAKER;BOT_MAKER;VEV_5400;XIRECS;13.0;5
70800;BOT_MAKER;BOT_TAKER;VELVETFRUIT_EXTRACT;XIRECS;5256.0;7
70800;BOT_MAKER;BOT_TAKER;VEV_4000;XIRECS;1269.0;1
70800;BOT_TAKER;SUBMISSION;VELVETFRUIT_EXTRACT;XIRECS;5260.0;4
70900;BOT_MAKER;BOT_TAKER;VELVETFRUIT_EXTRACT;XIRECS;5258.0;5
70900;BOT_TAKER;BOT_MAKER;VEV_4000;XIRECS;1291.0;1
70900;BOT_TAKER;SUBMISSION;VELVETFRUIT_EXTRACT;XIRECS;5262.0;3
71000;BOT_TAKER;BOT_MAKER;VELVETFRUIT_EXTRACT;XIRECS;5264.0;4
71000;BOT_TAKER;BOT_MAKER;VEV_4000;XIRECS;1292.0;3
71100;BOT_TAKER;BOT_MAKER;HYDROGEL_PACK;XIRECS;10005.0;4
71100;BOT_TAKER;BOT_MAKER;VELVETFRUIT_EXTRACT;XIRECS;5263.0;5
71100;BOT_MAKER;BOT_TAKER;VEV_5400;XIRECS;12.0;5
71100;BOT_MAKER;BOT_TAKER;VEV_6500;XIRECS;0.0;5
71200;BOT_MAKER;BOT_TAKER;HYDROGEL_PACK;XIRECS;9992.0;5
71200;BOT_TAKER;BOT_MAKER;VEV_4000;XIRECS;1295.0;2
71200;BOT_MAKER;BOT_TAKER;VEV_5400;XIRECS;13.0;4
71200;BOT_MAKER;BOT_TAKER;VEV_5500;XIRECS;9.0;2
71300;BOT_TAKER;BOT_MAKER;VELVETFRUIT_EXTRACT;XIRECS;5263.0;3
71300;BOT_TAKER;BOT_MAKER;VEV_6500;XIRECS;1.0;5
71500;BOT_TAKER;BOT_MAKER;VEV_5400;XIRECS;14.0;2
71600;BOT_TAKER;BOT_MAKER;VEV_5500;XIRECS;10.0;2
71600;BOT_TAKER;SUBMISSION;VELVETFRUIT_EXTRACT;XIRECS;5261.0;5
71600;BOT_TAKER;BOT_MAKER;VELVETFRUIT_EXTRACT;XIRECS;5262.0;3
71700;BOT_TAKER;BOT_MAKER;VELVETFRUIT_EXTRACT;XIRECS;5262.0;6
71900;BOT_TAKER;BOT_MAKER;VELVETFRUIT_EXTRACT;XIRECS;5262.0;4
72100;BOT_TAKER;BOT_MAKER;VEV_5500;XIRECS;11.0;2
72200;BOT_MAKER;BOT_TAKER;VEV_5500;XIRECS;9.0;2
72300;BOT_MAKER;BOT_TAKER;HYDROGEL_PACK;XIRECS;9996.0;2
72300;BOT_TAKER;BOT_MAKER;VELVETFRUIT_EXTRACT;XIRECS;5263.0;7
72400;BOT_MAKER;BOT_TAKER;VELVETFRUIT_EXTRACT;XIRECS;5258.0;8
72600;BOT_MAKER;BOT_TAKER;HYDROGEL_PACK;XIRECS;9992.0;4
72600;BOT_TAKER;BOT_MAKER;VELVETFRUIT_EXTRACT;XIRECS;5263.0;8
72600;SUBMISSION;BOT_TAKER;VEV_5400;XIRECS;13.0;5
72700;BOT_MAKER;BOT_TAKER;VEV_6500;XIRECS;0.0;4
72800;BOT_MAKER;BOT_TAKER;HYDROGEL_PACK;XIRECS;9990.0;6
72800;BOT_TAKER;BOT_MAKER;VELVETFRUIT_EXTRACT;XIRECS;5263.0;5
73100;BOT_MAKER;BOT_TAKER;HYDROGEL_PACK;XIRECS;9989.0;5
73100;BOT_MAKER;BOT_TAKER;VELVETFRUIT_EXTRACT;XIRECS;5259.0;3
73200;BOT_TAKER;BOT_MAKER;VEV_5400;XIRECS;14.0;5
73300;BOT_MAKER;BOT_TAKER;HYDROGEL_PACK;XIRECS;9991.0;2
73300;BOT_MAKER;BOT_TAKER;VELVETFRUIT_EXTRACT;XIRECS;5259.0;8
73300;SUBMISSION;BOT_TAKER;HYDROGEL_PACK;XIRECS;9992.0;3
73500;BOT_MAKER;BOT_TAKER;VELVETFRUIT_EXTRACT;XIRECS;5259.0;6
73500;BOT_TAKER;BOT_MAKER;VELVETFRUIT_EXTRACT;XIRECS;5264.0;5
73600;BOT_TAKER;BOT_MAKER;VELVETFRUIT_EXTRACT;XIRECS;5264.0;8
73700;BOT_MAKER;BOT_TAKER;VELVETFRUIT_EXTRACT;XIRECS;5257.0;6
73700;SUBMISSION;BOT_TAKER;VEV_4000;XIRECS;1271.0;2
73800;BOT_MAKER;BOT_TAKER;VELVETFRUIT_EXTRACT;XIRECS;5259.0;6
73800;BOT_TAKER;BOT_MAKER;VELVETFRUIT_EXTRACT;XIRECS;5264.0;7
73800;BOT_TAKER;BOT_MAKER;VEV_5400;XIRECS;13.0;2
73800;BOT_TAKER;BOT_MAKER;VEV_6500;XIRECS;1.0;3
74100;BOT_TAKER;BOT_MAKER;HYDROGEL_PACK;XIRECS;10006.0;4
74200;BOT_TAKER;BOT_MAKER;VELVETFRUIT_EXTRACT;XIRECS;5262.0;6
74300;BOT_MAKER;BOT_TAKER;HYDROGEL_PACK;XIRECS;9989.0;4
74300;BOT_TAKER;BOT_MAKER;VELVETFRUIT_EXTRACT;XIRECS;5264.0;12
74300;BOT_MAKER;BOT_TAKER;VEV_4000;XIRECS;1273.0;3
74400;BOT_TAKER;BOT_MAKER;VELVETFRUIT_EXTRACT;XIRECS;5261.0;3
74500;BOT_TAKER;BOT_MAKER;HYDROGEL_PACK;XIRECS;10006.0;4
74500;BOT_MAKER;BOT_TAKER;VEV_4000;XIRECS;1271.0;2
74500;SUBMISSION;BOT_TAKER;VEV_4000;XIRECS;1272.0;3
74600;BOT_MAKER;BOT_TAKER;VEV_5500;XIRECS;10.0;4
74700;BOT_TAKER;BOT_MAKER;VELVETFRUIT_EXTRACT;XIRECS;5266.0;6
74700;BOT_TAKER;BOT_MAKER;VEV_6500;XIRECS;1.0;2
74800;BOT_TAKER;BOT_MAKER;VELVETFRUIT_EXTRACT;XIRECS;5264.0;7
74800;SUBMISSION;BOT_TAKER;HYDROGEL_PACK;XIRECS;9990.0;5
74900;BOT_TAKER;BOT_MAKER;HYDROGEL_PACK;XIRECS;10007.0;5
74900;BOT_MAKER;BOT_TAKER;VELVETFRUIT_EXTRACT;XIRECS;5259.0;8
74900;BOT_TAKER;BOT_MAKER;VELVETFRUIT_EXTRACT;XIRECS;5263.0;3
75000;BOT_TAKER;BOT_MAKER;HYDROGEL_PACK;XIRECS;10005.0;6
75100;BOT_MAKER;BOT_TAKER;VELVETFRUIT_EXTRACT;XIRECS;5256.0;9
75200;BOT_TAKER;BOT_MAKER;VELVETFRUIT_EXTRACT;XIRECS;5260.0;3
75200;BOT_MAKER;BOT_TAKER;VEV_5400;XIRECS;12.0;3
75300;BOT_MAKER;BOT_TAKER;HYDROGEL_PACK;XIRECS;9995.0;6
75300;BOT_MAKER;BOT_TAKER;VEV_4000;XIRECS;1271.0;2
75300;BOT_TAKER;BOT_MAKER;VEV_6500;XIRECS;1.0;3
75400;BOT_TAKER;BOT_MAKER;VELVETFRUIT_EXTRACT;XIRECS;5259.0;5
75400;BOT_MAKER;BOT_TAKER;VEV_5500;XIRECS;10.0;4
75500;BOT_TAKER;BOT_MAKER;HYDROGEL_PACK;XIRECS;10009.0;5
75500;BOT_MAKER;BOT_TAKER;VELVETFRUIT_EXTRACT;XIRECS;5255.0;7
75500;BOT_MAKER;BOT_TAKER;VEV_5300;XIRECS;36.0;3
75600;BOT_TAKER;BOT_MAKER;VEV_6500;XIRECS;1.0;3
75700;BOT_TAKER;BOT_MAKER;VELVETFRUIT_EXTRACT;XIRECS;5260.0;4
75700;BOT_MAKER;BOT_TAKER;VEV_6000;XIRECS;0.0;4
76000;BOT_MAKER;BOT_TAKER;HYDROGEL_PACK;XIRECS;9990.0;5
76000;BOT_TAKER;BOT_MAKER;VEV_4000;XIRECS;1292.0;3
76000;BOT_TAKER;BOT_MAKER;VEV_4000;XIRECS;1292.0;1
76000;BOT_MAKER;BOT_TAKER;VEV_5300;XIRECS;36.0;4
76100;BOT_TAKER;BOT_MAKER;VEV_4000;XIRECS;1293.0;1
76200;BOT_TAKER;BOT_MAKER;VELVETFRUIT_EXTRACT;XIRECS;5264.0;6
76400;BOT_MAKER;BOT_TAKER;HYDROGEL_PACK;XIRECS;9991.0;4
76500;BOT_MAKER;BOT_TAKER;VEV_4000;XIRECS;1272.0;2
76600;BOT_TAKER;SUBMISSION;VELVETFRUIT_EXTRACT;XIRECS;5266.0;5
76600;BOT_TAKER;BOT_MAKER;VELVETFRUIT_EXTRACT;XIRECS;5267.0;1
76700;BOT_TAKER;BOT_MAKER;VELVETFRUIT_EXTRACT;XIRECS;5266.0;5
76800;BOT_MAKER;BOT_TAKER;VELVETFRUIT_EXTRACT;XIRECS;5262.0;7
76800;SUBMISSION;BOT_TAKER;VELVETFRUIT_EXTRACT;XIRECS;5263.0;3
76800;SUBMISSION;BOT_TAKER;VEV_4000;XIRECS;1272.0;3
76900;BOT_MAKER;BOT_TAKER;VEV_5500;XIRECS;10.0;2
76900;SUBMISSION;BOT_TAKER;VELVETFRUIT_EXTRACT;XIRECS;5262.0;5
77100;BOT_TAKER;BOT_MAKER;VELVETFRUIT_EXTRACT;XIRECS;5269.0;3
77100;BOT_MAKER;BOT_TAKER;VEV_5300;XIRECS;38.0;3
77200;BOT_TAKER;BOT_MAKER;VELVETFRUIT_EXTRACT;XIRECS;5267.0;6
77300;BOT_TAKER;BOT_MAKER;HYDROGEL_PACK;XIRECS;10005.0;2
77400;BOT_TAKER;BOT_MAKER;VELVETFRUIT_EXTRACT;XIRECS;5267.0;13
77500;BOT_TAKER;BOT_MAKER;VEV_4000;XIRECS;1292.0;3
77500;BOT_TAKER;BOT_MAKER;VEV_6000;XIRECS;1.0;2
77600;BOT_MAKER;BOT_TAKER;HYDROGEL_PACK;XIRECS;9985.0;4
77800;BOT_TAKER;BOT_MAKER;HYDROGEL_PACK;XIRECS;9999.0;3
77800;BOT_MAKER;BOT_TAKER;VEV_6500;XIRECS;0.0;4
77900;BOT_MAKER;BOT_TAKER;HYDROGEL_PACK;XIRECS;9981.0;6
77900;BOT_TAKER;BOT_MAKER;VEV_6500;XIRECS;1.0;4
78000;BOT_TAKER;BOT_MAKER;HYDROGEL_PACK;XIRECS;9999.0;4
78000;BOT_MAKER;BOT_TAKER;VEV_4000;XIRECS;1269.0;2
78100;BOT_TAKER;BOT_MAKER;VELVETFRUIT_EXTRACT;XIRECS;5265.0;7
78200;BOT_MAKER;BOT_TAKER;VELVETFRUIT_EXTRACT;XIRECS;5262.0;4
78300;BOT_MAKER;BOT_TAKER;HYDROGEL_PACK;XIRECS;9976.0;5
78300;BOT_TAKER;BOT_MAKER;VELVETFRUIT_EXTRACT;XIRECS;5266.0;6
78500;BOT_TAKER;BOT_MAKER;VELVETFRUIT_EXTRACT;XIRECS;5266.0;5
78600;BOT_MAKER;BOT_TAKER;VELVETFRUIT_EXTRACT;XIRECS;5260.0;5
78600;BOT_MAKER;BOT_TAKER;VEV_6000;XIRECS;0.0;3
78600;BOT_TAKER;BOT_MAKER;VEV_6500;XIRECS;1.0;2
78800;BOT_TAKER;BOT_MAKER;HYDROGEL_PACK;XIRECS;9990.0;3
78800;BOT_MAKER;BOT_TAKER;VELVETFRUIT_EXTRACT;XIRECS;5259.0;3
78800;BOT_MAKER;BOT_TAKER;VELVETFRUIT_EXTRACT;XIRECS;5259.0;6
78800;SUBMISSION;BOT_TAKER;VELVETFRUIT_EXTRACT;XIRECS;5260.0;5
78800;BOT_MAKER;BOT_TAKER;VELVETFRUIT_EXTRACT;XIRECS;5259.0;2
79000;BOT_MAKER;BOT_TAKER;HYDROGEL_PACK;XIRECS;9974.0;4
79000;BOT_MAKER;BOT_TAKER;VEV_5500;XIRECS;9.0;5
79100;BOT_MAKER;BOT_TAKER;VELVETFRUIT_EXTRACT;XIRECS;5258.0;7
79100;BOT_MAKER;BOT_TAKER;VEV_6500;XIRECS;0.0;2
79200;BOT_TAKER;BOT_MAKER;VELVETFRUIT_EXTRACT;XIRECS;5264.0;6
79200;BOT_TAKER;BOT_MAKER;VELVETFRUIT_EXTRACT;XIRECS;5264.0;7
79300;BOT_TAKER;BOT_MAKER;VEV_5400;XIRECS;12.0;3
79400;BOT_TAKER;BOT_MAKER;VELVETFRUIT_EXTRACT;XIRECS;5266.0;9
79400;BOT_TAKER;BOT_MAKER;VEV_5500;XIRECS;11.0;2
79500;BOT_MAKER;BOT_TAKER;VEV_6000;XIRECS;0.0;5
79600;SUBMISSION;BOT_TAKER;VELVETFRUIT_EXTRACT;XIRECS;5261.0;5
79600;BOT_MAKER;BOT_TAKER;VELVETFRUIT_EXTRACT;XIRECS;5260.0;2
79700;BOT_TAKER;BOT_MAKER;VELVETFRUIT_EXTRACT;XIRECS;5266.0;6
79800;BOT_MAKER;BOT_TAKER;HYDROGEL_PACK;XIRECS;9970.0;3
79800;BOT_TAKER;BOT_MAKER;VELVETFRUIT_EXTRACT;XIRECS;5264.0;8
80000;BOT_MAKER;BOT_TAKER;VEV_6000;XIRECS;0.0;5
80100;BOT_TAKER;BOT_MAKER;VELVETFRUIT_EXTRACT;XIRECS;5266.0;6
80100;BOT_MAKER;BOT_TAKER;VEV_4000;XIRECS;1269.0;3
80200;BOT_MAKER;BOT_TAKER;HYDROGEL_PACK;XIRECS;9973.0;5
80200;BOT_TAKER;BOT_MAKER;VEV_4000;XIRECS;1291.0;3
80200;SUBMISSION;BOT_TAKER;VELVETFRUIT_EXTRACT;XIRECS;5262.0;5
80200;BOT_MAKER;BOT_TAKER;VELVETFRUIT_EXTRACT;XIRECS;5261.0;3
80500;BOT_TAKER;BOT_MAKER;HYDROGEL_PACK;XIRECS;9987.0;6
80600;BOT_MAKER;BOT_TAKER;VELVETFRUIT_EXTRACT;XIRECS;5259.0;8
80600;BOT_TAKER;BOT_MAKER;VEV_4000;XIRECS;1291.0;3
80700;BOT_TAKER;BOT_MAKER;HYDROGEL_PACK;XIRECS;9986.0;5
80700;BOT_TAKER;BOT_MAKER;VEV_5200;XIRECS;91.0;3
80700;BOT_MAKER;BOT_TAKER;VEV_5400;XIRECS;11.0;2
80700;BOT_TAKER;BOT_MAKER;VEV_5500;XIRECS;11.0;4
80700;BOT_TAKER;BOT_MAKER;VEV_6000;XIRECS;1.0;2
80700;BOT_MAKER;BOT_TAKER;VEV_6000;XIRECS;0.0;2
80800;BOT_TAKER;BOT_MAKER;VELVETFRUIT_EXTRACT;XIRECS;5264.0;3
80800;BOT_TAKER;BOT_MAKER;VEV_6000;XIRECS;1.0;2
80900;BOT_TAKER;BOT_MAKER;HYDROGEL_PACK;XIRECS;9989.0;2
81000;BOT_TAKER;BOT_MAKER;VEV_6500;XIRECS;1.0;2
81100;BOT_TAKER;BOT_MAKER;HYDROGEL_PACK;XIRECS;9990.0;4
81100;BOT_TAKER;BOT_MAKER;VELVETFRUIT_EXTRACT;XIRECS;5265.0;8
81200;BOT_TAKER;BOT_MAKER;VELVETFRUIT_EXTRACT;XIRECS;5267.0;7
81200;BOT_MAKER;BOT_TAKER;VEV_4000;XIRECS;1270.0;2
81300;BOT_MAKER;BOT_TAKER;HYDROGEL_PACK;XIRECS;9969.0;6
81400;BOT_MAKER;BOT_TAKER;VELVETFRUIT_EXTRACT;XIRECS;5260.0;4
81500;SUBMISSION;BOT_TAKER;VEV_4000;XIRECS;1269.0;3
81600;BOT_TAKER;BOT_MAKER;HYDROGEL_PACK;XIRECS;9983.0;3
81600;BOT_MAKER;BOT_TAKER;VELVETFRUIT_EXTRACT;XIRECS;5259.0;8
81600;BOT_TAKER;BOT_MAKER;VEV_6500;XIRECS;1.0;5
81700;BOT_TAKER;BOT_MAKER;VELVETFRUIT_EXTRACT;XIRECS;5265.0;3
81700;SUBMISSION;BOT_TAKER;VEV_4000;XIRECS;1272.0;2
81800;BOT_TAKER;BOT_MAKER;VELVETFRUIT_EXTRACT;XIRECS;5265.0;5
81900;BOT_TAKER;BOT_MAKER;VEV_5300;XIRECS;43.0;4
82100;BOT_MAKER;BOT_TAKER;HYDROGEL_PACK;XIRECS;9971.0;3
82100;BOT_TAKER;BOT_MAKER;VEV_6000;XIRECS;1.0;3
82200;BOT_MAKER;BOT_TAKER;HYDROGEL_PACK;XIRECS;9970.0;2
82300;BOT_MAKER;BOT_TAKER;HYDROGEL_PACK;XIRECS;9968.0;3
82300;BOT_TAKER;BOT_MAKER;VELVETFRUIT_EXTRACT;XIRECS;5269.0;9
82400;SUBMISSION;BOT_TAKER;VELVETFRUIT_EXTRACT;XIRECS;5265.0;5
82400;BOT_MAKER;BOT_TAKER;VELVETFRUIT_EXTRACT;XIRECS;5264.0;1
82400;SUBMISSION;BOT_TAKER;VEV_4000;XIRECS;1271.0;2
82500;BOT_TAKER;BOT_MAKER;VELVETFRUIT_EXTRACT;XIRECS;5269.0;4
82500;BOT_TAKER;BOT_MAKER;VEV_4000;XIRECS;1290.0;2
82700;BOT_TAKER;BOT_MAKER;HYDROGEL_PACK;XIRECS;9986.0;5
82800;BOT_TAKER;BOT_MAKER;VEV_5500;XIRECS;10.0;3
82900;BOT_TAKER;BOT_MAKER;HYDROGEL_PACK;XIRECS;9988.0;3
82900;BOT_MAKER;BOT_TAKER;VELVETFRUIT_EXTRACT;XIRECS;5262.0;4
82900;SUBMISSION;BOT_TAKER;VELVETFRUIT_EXTRACT;XIRECS;5263.0;3
83000;BOT_TAKER;BOT_MAKER;VELVETFRUIT_EXTRACT;XIRECS;5266.0;7
83100;BOT_MAKER;BOT_TAKER;VEV_6500;XIRECS;0.0;3
83100;SUBMISSION;BOT_TAKER;VELVETFRUIT_EXTRACT;XIRECS;5263.0;5
83100;BOT_MAKER;BOT_TAKER;VELVETFRUIT_EXTRACT;XIRECS;5262.0;3
83200;BOT_MAKER;BOT_TAKER;VEV_5500;XIRECS;9.0;4
83300;BOT_TAKER;BOT_MAKER;HYDROGEL_PACK;XIRECS;9988.0;2
83300;BOT_MAKER;BOT_TAKER;VEV_6500;XIRECS;0.0;5
83400;BOT_TAKER;BOT_MAKER;VEV_6500;XIRECS;1.0;5
83500;BOT_TAKER;BOT_MAKER;HYDROGEL_PACK;XIRECS;9987.0;3
83600;BOT_MAKER;BOT_TAKER;HYDROGEL_PACK;XIRECS;9972.0;6
83600;BOT_MAKER;BOT_TAKER;VELVETFRUIT_EXTRACT;XIRECS;5263.0;4
83700;BOT_MAKER;BOT_TAKER;HYDROGEL_PACK;XIRECS;9969.0;3
83700;BOT_TAKER;SUBMISSION;VELVETFRUIT_EXTRACT;XIRECS;5265.0;3
83800;BOT_MAKER;BOT_TAKER;VELVETFRUIT_EXTRACT;XIRECS;5259.0;7
84000;BOT_TAKER;BOT_MAKER;HYDROGEL_PACK;XIRECS;9984.0;5
84000;BOT_TAKER;BOT_MAKER;VELVETFRUIT_EXTRACT;XIRECS;5264.0;4
84300;BOT_MAKER;BOT_TAKER;VELVETFRUIT_EXTRACT;XIRECS;5258.0;3
84600;BOT_MAKER;BOT_TAKER;HYDROGEL_PACK;XIRECS;9969.0;2
84600;BOT_MAKER;BOT_TAKER;VEV_5400;XIRECS;11.0;2
84700;BOT_TAKER;BOT_MAKER;VEV_5500;XIRECS;10.0;5
84800;BOT_TAKER;BOT_MAKER;HYDROGEL_PACK;XIRECS;9984.0;3
84800;BOT_TAKER;BOT_MAKER;VELVETFRUIT_EXTRACT;XIRECS;5265.0;3
84800;BOT_MAKER;BOT_TAKER;VEV_6000;XIRECS;0.0;3
84900;BOT_MAKER;BOT_TAKER;VEV_5500;XIRECS;9.0;5
85000;BOT_MAKER;BOT_TAKER;VEV_6000;XIRECS;0.0;4
85100;BOT_TAKER;BOT_MAKER;HYDROGEL_PACK;XIRECS;9978.0;4
85100;BOT_MAKER;BOT_TAKER;VELVETFRUIT_EXTRACT;XIRECS;5260.0;6
85100;BOT_MAKER;BOT_TAKER;VEV_4000;XIRECS;1269.0;2
85300;BOT_TAKER;BOT_MAKER;HYDROGEL_PACK;XIRECS;9977.0;4
85300;BOT_TAKER;BOT_MAKER;VELVETFRUIT_EXTRACT;XIRECS;5267.0;4
85500;BOT_TAKER;BOT_MAKER;VELVETFRUIT_EXTRACT;XIRECS;5265.0;5
85500;BOT_TAKER;BOT_MAKER;VEV_4000;XIRECS;1287.0;2
85600;BOT_MAKER;BOT_TAKER;VELVETFRUIT_EXTRACT;XIRECS;5261.0;5
85600;BOT_MAKER;BOT_TAKER;VEV_6500;XIRECS;0.0;5
85700;SUBMISSION;BOT_TAKER;HYDROGEL_PACK;XIRECS;9964.0;2
85800;BOT_TAKER;BOT_MAKER;HYDROGEL_PACK;XIRECS;9977.0;2
85800;BOT_MAKER;BOT_TAKER;VELVETFRUIT_EXTRACT;XIRECS;5258.0;4
85900;BOT_MAKER;BOT_TAKER;HYDROGEL_PACK;XIRECS;9960.0;3
85900;SUBMISSION;BOT_TAKER;HYDROGEL_PACK;XIRECS;9961.0;4
86100;BOT_TAKER;BOT_MAKER;HYDROGEL_PACK;XIRECS;9975.0;4
86200;BOT_TAKER;BOT_MAKER;HYDROGEL_PACK;XIRECS;9975.0;3
86300;BOT_TAKER;BOT_MAKER;HYDROGEL_PACK;XIRECS;9976.0;3
86300;BOT_MAKER;BOT_TAKER;HYDROGEL_PACK;XIRECS;9960.0;5
86300;BOT_MAKER;BOT_TAKER;VEV_5400;XIRECS;11.0;3
86300;BOT_TAKER;SUBMISSION;VELVETFRUIT_EXTRACT;XIRECS;5261.0;4
86400;BOT_TAKER;BOT_MAKER;HYDROGEL_PACK;XIRECS;9972.0;6
86400;BOT_MAKER;BOT_TAKER;VELVETFRUIT_EXTRACT;XIRECS;5256.0;3
86600;BOT_MAKER;BOT_TAKER;VELVETFRUIT_EXTRACT;XIRECS;5257.0;8
86700;BOT_TAKER;BOT_MAKER;VELVETFRUIT_EXTRACT;XIRECS;5264.0;5
87000;BOT_MAKER;BOT_TAKER;VEV_6500;XIRECS;0.0;4
87000;BOT_TAKER;SUBMISSION;HYDROGEL_PACK;XIRECS;9970.0;2
87100;BOT_TAKER;BOT_MAKER;HYDROGEL_PACK;XIRECS;9971.0;5
87100;BOT_MAKER;BOT_TAKER;VELVETFRUIT_EXTRACT;XIRECS;5260.0;4
87200;BOT_TAKER;BOT_MAKER;HYDROGEL_PACK;XIRECS;9972.0;4
87400;BOT_TAKER;BOT_MAKER;HYDROGEL_PACK;XIRECS;9971.0;5
87400;BOT_MAKER;BOT_TAKER;HYDROGEL_PACK;XIRECS;9955.0;2
87400;BOT_MAKER;BOT_TAKER;VELVETFRUIT_EXTRACT;XIRECS;5257.0;9
87400;BOT_TAKER;SUBMISSION;HYDROGEL_PACK;XIRECS;9970.0;4
87500;BOT_MAKER;BOT_TAKER;HYDROGEL_PACK;XIRECS;9951.0;3
87500;BOT_TAKER;BOT_MAKER;VEV_4000;XIRECS;1295.0;2
87500;BOT_TAKER;BOT_MAKER;VEV_5200;XIRECS;98.0;5
87500;BOT_TAKER;BOT_MAKER;VEV_5400;XIRECS;12.0;2
87600;BOT_TAKER;BOT_MAKER;HYDROGEL_PACK;XIRECS;9967.0;6
87600;BOT_MAKER;BOT_TAKER;VEV_5500;XIRECS;9.0;2
87600;BOT_MAKER;BOT_TAKER;VEV_6500;XIRECS;0.0;3
87600;SUBMISSION;BOT_TAKER;HYDROGEL_PACK;XIRECS;9952.0;3
87800;BOT_MAKER;BOT_TAKER;VELVETFRUIT_EXTRACT;XIRECS;5258.0;6
87900;BOT_TAKER;BOT_MAKER;HYDROGEL_PACK;XIRECS;9967.0;4
88100;BOT_MAKER;BOT_TAKER;HYDROGEL_PACK;XIRECS;9952.0;4
88100;BOT_MAKER;BOT_TAKER;VELVETFRUIT_EXTRACT;XIRECS;5262.0;8
88100;SUBMISSION;BOT_TAKER;HYDROGEL_PACK;XIRECS;9953.0;5
88100;BOT_MAKER;BOT_TAKER;HYDROGEL_PACK;XIRECS;9952.0;1
88300;BOT_TAKER;BOT_MAKER;HYDROGEL_PACK;XIRECS;9968.0;2
88300;BOT_TAKER;SUBMISSION;HYDROGEL_PACK;XIRECS;9967.0;2
88400;BOT_MAKER;BOT_TAKER;VEV_6000;XIRECS;0.0;4
88500;BOT_TAKER;BOT_MAKER;VELVETFRUIT_EXTRACT;XIRECS;5267.0;4
88500;BOT_MAKER;BOT_TAKER;VEV_5400;XIRECS;11.0;5
88500;BOT_TAKER;BOT_MAKER;VEV_6000;XIRECS;1.0;2
88500;BOT_MAKER;BOT_TAKER;VEV_6500;XIRECS;0.0;3
88500;SUBMISSION;BOT_TAKER;VEV_4000;XIRECS;1270.0;3
88700;BOT_MAKER;BOT_TAKER;HYDROGEL_PACK;XIRECS;9953.0;2
88800;BOT_TAKER;BOT_MAKER;VEV_6000;XIRECS;1.0;4
88800;SUBMISSION;BOT_TAKER;VELVETFRUIT_EXTRACT;XIRECS;5258.0;5
88800;BOT_MAKER;BOT_TAKER;VELVETFRUIT_EXTRACT;XIRECS;5257.0;3
89000;BOT_MAKER;BOT_TAKER;HYDROGEL_PACK;XIRECS;9955.0;2
89100;BOT_MAKER;BOT_TAKER;VELVETFRUIT_EXTRACT;XIRECS;5262.0;8
89100;BOT_TAKER;BOT_MAKER;VEV_6000;XIRECS;1.0;2
89200;BOT_MAKER;BOT_TAKER;HYDROGEL_PACK;XIRECS;9956.0;2
89300;BOT_MAKER;BOT_TAKER;HYDROGEL_PACK;XIRECS;9956.0;2
89300;BOT_TAKER;BOT_MAKER;VELVETFRUIT_EXTRACT;XIRECS;5267.0;7
89300;BOT_MAKER;BOT_TAKER;VEV_5400;XIRECS;11.0;2
89300;BOT_TAKER;SUBMISSION;VELVETFRUIT_EXTRACT;XIRECS;5266.0;4
89300;BOT_TAKER;SUBMISSION;VEV_5300;XIRECS;42.0;2
89400;BOT_TAKER;BOT_MAKER;VEV_4000;XIRECS;1288.0;1
89400;BOT_TAKER;BOT_MAKER;VEV_5500;XIRECS;9.0;4
89500;BOT_TAKER;BOT_MAKER;VELVETFRUIT_EXTRACT;XIRECS;5266.0;5
89500;BOT_MAKER;BOT_TAKER;VEV_4000;XIRECS;1266.0;1
89500;BOT_MAKER;BOT_TAKER;VEV_6000;XIRECS;0.0;3
89600;BOT_MAKER;BOT_TAKER;VELVETFRUIT_EXTRACT;XIRECS;5261.0;6
89700;BOT_TAKER;BOT_MAKER;VELVETFRUIT_EXTRACT;XIRECS;5266.0;3
89900;BOT_MAKER;BOT_TAKER;VEV_4000;XIRECS;1271.0;2
89900;BOT_TAKER;BOT_MAKER;VEV_5100;XIRECS;156.0;1
89900;BOT_TAKER;SUBMISSION;HYDROGEL_PACK;XIRECS;9966.0;5
89900;BOT_TAKER;BOT_MAKER;HYDROGEL_PACK;XIRECS;9967.0;1
90000;BOT_TAKER;BOT_MAKER;VELVETFRUIT_EXTRACT;XIRECS;5265.0;3
90100;BOT_TAKER;BOT_MAKER;VELVETFRUIT_EXTRACT;XIRECS;5266.0;4
90100;BOT_TAKER;BOT_MAKER;VEV_6500;XIRECS;1.0;2
90200;SUBMISSION;BOT_TAKER;VELVETFRUIT_EXTRACT;XIRECS;5262.0;3
90300;SUBMISSION;BOT_TAKER;VEV_4000;XIRECS;1272.0;2
90400;BOT_TAKER;BOT_MAKER;VEV_6000;XIRECS;1.0;2
90600;SUBMISSION;BOT_TAKER;VELVETFRUIT_EXTRACT;XIRECS;5261.0;5
90600;BOT_MAKER;BOT_TAKER;VELVETFRUIT_EXTRACT;XIRECS;5260.0;3
90700;BOT_MAKER;BOT_TAKER;HYDROGEL_PACK;XIRECS;9948.0;6
90800;BOT_MAKER;BOT_TAKER;VEV_5400;XIRECS;10.0;4
90800;BOT_MAKER;BOT_TAKER;VEV_6000;XIRECS;0.0;3
90900;BOT_MAKER;BOT_TAKER;HYDROGEL_PACK;XIRECS;9947.0;2
91100;BOT_MAKER;BOT_TAKER;HYDROGEL_PACK;XIRECS;9950.0;2
91100;BOT_TAKER;BOT_MAKER;VELVETFRUIT_EXTRACT;XIRECS;5267.0;6
91100;SUBMISSION;BOT_TAKER;VELVETFRUIT_EXTRACT;XIRECS;5262.0;5
91200;BOT_MAKER;BOT_TAKER;VELVETFRUIT_EXTRACT;XIRECS;5262.0;3
91200;BOT_TAKER;BOT_MAKER;VEV_5500;XIRECS;10.0;4
91300;BOT_TAKER;BOT_MAKER;HYDROGEL_PACK;XIRECS;9967.0;5
91300;BOT_TAKER;BOT_MAKER;VEV_5500;XIRECS;10.0;3
91400;BOT_MAKER;BOT_TAKER;VELVETFRUIT_EXTRACT;XIRECS;5262.0;5
91400;BOT_MAKER;BOT_TAKER;VEV_6500;XIRECS;0.0;5
91500;BOT_MAKER;BOT_TAKER;VELVETFRUIT_EXTRACT;XIRECS;5262.0;10
91500;BOT_MAKER;BOT_TAKER;VEV_4000;XIRECS;1265.0;3
91500;BOT_MAKER;BOT_TAKER;VEV_6000;XIRECS;0.0;2
91500;BOT_MAKER;BOT_TAKER;VEV_6500;XIRECS;0.0;2
91600;BOT_TAKER;BOT_MAKER;VELVETFRUIT_EXTRACT;XIRECS;5268.0;4
91700;BOT_MAKER;BOT_TAKER;VEV_5500;XIRECS;9.0;4
91700;BOT_MAKER;BOT_TAKER;VEV_6000;XIRECS;0.0;5
91800;BOT_TAKER;BOT_MAKER;VELVETFRUIT_EXTRACT;XIRECS;5268.0;5
91900;BOT_TAKER;BOT_MAKER;HYDROGEL_PACK;XIRECS;9966.0;5
92000;BOT_MAKER;BOT_TAKER;VELVETFRUIT_EXTRACT;XIRECS;5262.0;6
92000;BOT_MAKER;BOT_TAKER;VEV_4000;XIRECS;1264.0;3
92100;BOT_TAKER;BOT_MAKER;HYDROGEL_PACK;XIRECS;9966.0;4
92200;BOT_TAKER;BOT_MAKER;HYDROGEL_PACK;XIRECS;9963.0;2
92200;BOT_TAKER;BOT_MAKER;VEV_5300;XIRECS;38.0;3
92200;BOT_TAKER;SUBMISSION;HYDROGEL_PACK;XIRECS;9962.0;2
92300;BOT_MAKER;BOT_TAKER;VEV_4000;XIRECS;1266.0;1
92300;BOT_TAKER;BOT_MAKER;VEV_5300;XIRECS;39.0;3
92400;BOT_MAKER;BOT_TAKER;VELVETFRUIT_EXTRACT;XIRECS;5263.0;5
92400;BOT_TAKER;BOT_MAKER;VEV_5400;XIRECS;11.0;2
92500;BOT_TAKER;BOT_MAKER;HYDROGEL_PACK;XIRECS;9964.0;4
92500;BOT_TAKER;BOT_MAKER;VELVETFRUIT_EXTRACT;XIRECS;5270.0;7
92600;BOT_TAKER;BOT_MAKER;VEV_5400;XIRECS;11.0;5
92600;BOT_TAKER;SUBMISSION;VELVETFRUIT_EXTRACT;XIRECS;5270.0;5
92600;BOT_TAKER;BOT_MAKER;VELVETFRUIT_EXTRACT;XIRECS;5271.0;2
92700;BOT_MAKER;BOT_TAKER;HYDROGEL_PACK;XIRECS;9944.0;2
92800;BOT_TAKER;BOT_MAKER;HYDROGEL_PACK;XIRECS;9962.0;5
92800;BOT_MAKER;BOT_TAKER;VELVETFRUIT_EXTRACT;XIRECS;5265.0;8
92800;BOT_MAKER;BOT_TAKER;VEV_5300;XIRECS;37.0;2
92900;BOT_TAKER;BOT_MAKER;HYDROGEL_PACK;XIRECS;9962.0;3
92900;BOT_MAKER;BOT_TAKER;VEV_5500;XIRECS;8.0;5
92900;BOT_MAKER;BOT_TAKER;VEV_5500;XIRECS;8.0;4
93000;BOT_TAKER;BOT_MAKER;VELVETFRUIT_EXTRACT;XIRECS;5270.0;4
93100;BOT_MAKER;BOT_TAKER;VELVETFRUIT_EXTRACT;XIRECS;5265.0;5
93100;BOT_TAKER;BOT_MAKER;VEV_5300;XIRECS;39.0;4
93200;BOT_MAKER;BOT_TAKER;VELVETFRUIT_EXTRACT;XIRECS;5266.0;3
93200;BOT_TAKER;BOT_MAKER;VEV_4000;XIRECS;1286.0;2
93200;BOT_MAKER;BOT_TAKER;VEV_6000;XIRECS;0.0;2
93200;SUBMISSION;BOT_TAKER;VEV_4000;XIRECS;1266.0;2
93300;BOT_MAKER;BOT_TAKER;VEV_4000;XIRECS;1265.0;1
93300;BOT_TAKER;SUBMISSION;HYDROGEL_PACK;XIRECS;9961.0;5
93300;BOT_TAKER;BOT_MAKER;HYDROGEL_PACK;XIRECS;9962.0;1
93400;BOT_TAKER;BOT_MAKER;VEV_5400;XIRECS;13.0;5
93500;BOT_MAKER;BOT_TAKER;HYDROGEL_PACK;XIRECS;9944.0;5
93600;BOT_MAKER;BOT_TAKER;HYDROGEL_PACK;XIRECS;9946.0;5
93600;BOT_MAKER;BOT_TAKER;VELVETFRUIT_EXTRACT;XIRECS;5269.0;11
93700;BOT_MAKER;BOT_TAKER;VELVETFRUIT_EXTRACT;XIRECS;5268.0;3
93800;BOT_MAKER;BOT_TAKER;VELVETFRUIT_EXTRACT;XIRECS;5268.0;6
94000;BOT_MAKER;BOT_TAKER;VELVETFRUIT_EXTRACT;XIRECS;5271.0;3
94100;BOT_TAKER;BOT_MAKER;HYDROGEL_PACK;XIRECS;9971.0;4
94100;BOT_TAKER;BOT_MAKER;VEV_6500;XIRECS;1.0;4
94200;BOT_TAKER;BOT_MAKER;VELVETFRUIT_EXTRACT;XIRECS;5275.0;7
94500;BOT_TAKER;BOT_MAKER;VELVETFRUIT_EXTRACT;XIRECS;5277.0;5
94600;BOT_TAKER;BOT_MAKER;HYDROGEL_PACK;XIRECS;9977.0;5
94600;BOT_TAKER;BOT_MAKER;VEV_4000;XIRECS;1292.0;1
94700;BOT_TAKER;BOT_MAKER;HYDROGEL_PACK;XIRECS;9978.0;3
94700;BOT_MAKER;BOT_TAKER;VEV_4000;XIRECS;1270.0;2
94700;BOT_TAKER;BOT_MAKER;VEV_6000;XIRECS;1.0;4
94800;BOT_MAKER;BOT_TAKER;HYDROGEL_PACK;XIRECS;9961.0;4
94800;BOT_TAKER;BOT_MAKER;VEV_4000;XIRECS;1292.0;1
94800;BOT_MAKER;BOT_TAKER;VEV_5500;XIRECS;9.0;5
95100;BOT_TAKER;BOT_MAKER;VEV_5300;XIRECS;39.0;3
95200;BOT_MAKER;BOT_TAKER;HYDROGEL_PACK;XIRECS;9953.0;5
95200;BOT_MAKER;BOT_TAKER;VEV_4000;XIRECS;1268.0;2
95200;BOT_MAKER;BOT_TAKER;VEV_6500;XIRECS;0.0;2
95300;BOT_TAKER;BOT_MAKER;VELVETFRUIT_EXTRACT;XIRECS;5275.0;8
95500;BOT_MAKER;BOT_TAKER;HYDROGEL_PACK;XIRECS;9952.0;6
95500;BOT_MAKER;BOT_TAKER;VELVETFRUIT_EXTRACT;XIRECS;5271.0;8
95500;BOT_MAKER;BOT_TAKER;VEV_5500;XIRECS;9.0;3
95600;BOT_TAKER;BOT_MAKER;VEV_4000;XIRECS;1289.0;2
95600;BOT_MAKER;BOT_TAKER;VEV_6500;XIRECS;0.0;5
95700;BOT_MAKER;BOT_TAKER;HYDROGEL_PACK;XIRECS;9953.0;5
95700;BOT_TAKER;BOT_MAKER;VELVETFRUIT_EXTRACT;XIRECS;5275.0;3
95800;BOT_MAKER;BOT_TAKER;VEV_6000;XIRECS;0.0;5
96000;BOT_TAKER;BOT_MAKER;HYDROGEL_PACK;XIRECS;9971.0;4
96100;BOT_MAKER;BOT_TAKER;HYDROGEL_PACK;XIRECS;9955.0;2
96100;BOT_TAKER;BOT_MAKER;VELVETFRUIT_EXTRACT;XIRECS;5277.0;3
96100;BOT_TAKER;SUBMISSION;HYDROGEL_PACK;XIRECS;9972.0;4
96200;BOT_TAKER;BOT_MAKER;HYDROGEL_PACK;XIRECS;9972.0;4
96200;BOT_TAKER;BOT_MAKER;VEV_5500;XIRECS;10.0;3
96500;BOT_TAKER;BOT_MAKER;HYDROGEL_PACK;XIRECS;9977.0;6
96500;BOT_TAKER;BOT_MAKER;VELVETFRUIT_EXTRACT;XIRECS;5279.0;4
96600;BOT_TAKER;BOT_MAKER;VEV_6000;XIRECS;1.0;4
96600;SUBMISSION;BOT_TAKER;VEV_4000;XIRECS;1272.0;3
96700;BOT_MAKER;BOT_TAKER;VELVETFRUIT_EXTRACT;XIRECS;5273.0;4
96700;BOT_TAKER;BOT_MAKER;VEV_5300;XIRECS;39.0;5
96800;BOT_MAKER;BOT_TAKER;VELVETFRUIT_EXTRACT;XIRECS;5273.0;13
96800;BOT_TAKER;BOT_MAKER;VEV_4000;XIRECS;1296.0;2
96900;BOT_TAKER;BOT_MAKER;HYDROGEL_PACK;XIRECS;9974.0;3
97100;BOT_MAKER;BOT_TAKER;VEV_5300;XIRECS;38.0;3
97200;BOT_TAKER;BOT_MAKER;VELVETFRUIT_EXTRACT;XIRECS;5277.0;7
97300;BOT_MAKER;BOT_TAKER;VEV_4000;XIRECS;1274.0;2
97500;BOT_MAKER;BOT_TAKER;HYDROGEL_PACK;XIRECS;9961.0;5
97500;BOT_MAKER;BOT_TAKER;VEV_5500;XIRECS;9.0;2
97600;BOT_MAKER;BOT_TAKER;VELVETFRUIT_EXTRACT;XIRECS;5270.0;4
97700;BOT_TAKER;BOT_MAKER;HYDROGEL_PACK;XIRECS;9977.0;3
97700;BOT_TAKER;BOT_MAKER;VELVETFRUIT_EXTRACT;XIRECS;5275.0;5
97700;BOT_TAKER;BOT_MAKER;VELVETFRUIT_EXTRACT;XIRECS;5275.0;5
97800;BOT_MAKER;BOT_TAKER;VEV_5300;XIRECS;38.0;2
97800;BOT_MAKER;BOT_TAKER;VEV_6500;XIRECS;0.0;2
98000;BOT_TAKER;BOT_MAKER;HYDROGEL_PACK;XIRECS;9980.0;2
98000;BOT_MAKER;BOT_TAKER;VELVETFRUIT_EXTRACT;XIRECS;5271.0;12
98100;BOT_TAKER;BOT_MAKER;VELVETFRUIT_EXTRACT;XIRECS;5276.0;7
98100;BOT_MAKER;BOT_TAKER;VEV_5300;XIRECS;38.0;3
98100;BOT_TAKER;BOT_MAKER;VEV_5500;XIRECS;10.0;2
98200;BOT_TAKER;BOT_MAKER;HYDROGEL_PACK;XIRECS;9980.0;3
98200;BOT_TAKER;BOT_MAKER;VELVETFRUIT_EXTRACT;XIRECS;5274.0;7
98200;SUBMISSION;BOT_TAKER;VELVETFRUIT_EXTRACT;XIRECS;5270.0;5
98200;BOT_MAKER;BOT_TAKER;VELVETFRUIT_EXTRACT;XIRECS;5269.0;1
98300;BOT_MAKER;BOT_TAKER;HYDROGEL_PACK;XIRECS;9966.0;5
98300;BOT_TAKER;BOT_MAKER;VELVETFRUIT_EXTRACT;XIRECS;5276.0;6
98400;BOT_TAKER;SUBMISSION;HYDROGEL_PACK;XIRECS;9977.0;5
98500;BOT_MAKER;BOT_TAKER;VELVETFRUIT_EXTRACT;XIRECS;5271.0;7
98500;BOT_MAKER;BOT_TAKER;VEV_5400;XIRECS;9.0;2
98500;BOT_TAKER;BOT_MAKER;VEV_5500;XIRECS;10.0;5
98500;SUBMISSION;BOT_TAKER;VELVETFRUIT_EXTRACT;XIRECS;5272.0;3
98600;BOT_TAKER;BOT_MAKER;VELVETFRUIT_EXTRACT;XIRECS;5277.0;4
98600;BOT_TAKER;BOT_MAKER;VEV_4000;XIRECS;1293.0;3
98700;BOT_MAKER;BOT_TAKER;VELVETFRUIT_EXTRACT;XIRECS;5270.0;4
98700;BOT_TAKER;BOT_MAKER;VEV_6000;XIRECS;1.0;5
98900;BOT_MAKER;BOT_TAKER;VEV_4000;XIRECS;1271.0;2
98900;BOT_TAKER;BOT_MAKER;VEV_6000;XIRECS;1.0;2
98900;BOT_TAKER;SUBMISSION;VELVETFRUIT_EXTRACT;XIRECS;5274.0;3
99100;BOT_MAKER;BOT_TAKER;VELVETFRUIT_EXTRACT;XIRECS;5270.0;3
99100;BOT_TAKER;SUBMISSION;VELVETFRUIT_EXTRACT;XIRECS;5275.0;5
99200;BOT_MAKER;BOT_TAKER;VELVETFRUIT_EXTRACT;XIRECS;5269.0;7
99200;BOT_TAKER;BOT_MAKER;VEV_6000;XIRECS;1.0;2
99200;SUBMISSION;BOT_TAKER;VEV_4000;XIRECS;1269.0;1
99400;BOT_TAKER;BOT_MAKER;VELVETFRUIT_EXTRACT;XIRECS;5276.0;3
99400;SUBMISSION;BOT_TAKER;VEV_4000;XIRECS;1269.0;1
99600;BOT_MAKER;BOT_TAKER;HYDROGEL_PACK;XIRECS;9954.0;4
99700;BOT_TAKER;BOT_MAKER;VELVETFRUIT_EXTRACT;XIRECS;5275.0;9
99700;BOT_MAKER;BOT_TAKER;VEV_4000;XIRECS;1265.0;2
99800;BOT_MAKER;BOT_TAKER;HYDROGEL_PACK;XIRECS;9950.0;3
99800;BOT_TAKER;BOT_MAKER;VEV_4000;XIRECS;1288.0;1
99900;BOT_TAKER;BOT_MAKER;VELVETFRUIT_EXTRACT;XIRECS;5275.0;6
99900;BOT_TAKER;BOT_MAKER;VEV_6500;XIRECS;1.0;5
100000;BOT_MAKER;BOT_TAKER;HYDROGEL_PACK;XIRECS;9951.0;4
100100;BOT_MAKER;BOT_TAKER;HYDROGEL_PACK;XIRECS;9950.0;2
100100;BOT_MAKER;BOT_TAKER;VELVETFRUIT_EXTRACT;XIRECS;5271.0;5
100100;BOT_TAKER;BOT_MAKER;VEV_6000;XIRECS;1.0;3
100200;BOT_MAKER;BOT_TAKER;VELVETFRUIT_EXTRACT;XIRECS;5270.0;6
100200;BOT_MAKER;BOT_TAKER;VEV_6500;XIRECS;0.0;3
100400;BOT_TAKER;BOT_MAKER;VELVETFRUIT_EXTRACT;XIRECS;5275.0;5
100500;BOT_MAKER;BOT_TAKER;HYDROGEL_PACK;XIRECS;9946.0;2
100500;BOT_MAKER;BOT_TAKER;VELVETFRUIT_EXTRACT;XIRECS;5273.0;8
100500;BOT_MAKER;BOT_TAKER;VEV_6500;XIRECS;0.0;2
100600;BOT_TAKER;BOT_MAKER;VEV_4000;XIRECS;1291.0;1
100700;BOT_MAKER;BOT_TAKER;VELVETFRUIT_EXTRACT;XIRECS;5274.0;12
100700;BOT_TAKER;SUBMISSION;HYDROGEL_PACK;XIRECS;9960.0;4
100800;BOT_MAKER;BOT_TAKER;HYDROGEL_PACK;XIRECS;9942.0;2
100800;BOT_MAKER;BOT_TAKER;VELVETFRUIT_EXTRACT;XIRECS;5271.0;13
100900;BOT_MAKER;BOT_TAKER;HYDROGEL_PACK;XIRECS;9940.0;6
101000;SUBMISSION;BOT_TAKER;VELVETFRUIT_EXTRACT;XIRECS;5272.0;5
101100;BOT_MAKER;BOT_TAKER;VEV_4000;XIRECS;1264.0;1
101300;BOT_MAKER;BOT_TAKER;HYDROGEL_PACK;XIRECS;9944.0;2
101400;BOT_TAKER;BOT_MAKER;HYDROGEL_PACK;XIRECS;9959.0;3
101400;BOT_TAKER;BOT_MAKER;VEV_5500;XIRECS;10.0;4
101600;BOT_MAKER;BOT_TAKER;VEV_4000;XIRECS;1268.0;1
101700;BOT_TAKER;BOT_MAKER;VEV_5500;XIRECS;10.0;2
101700;SUBMISSION;BOT_TAKER;VEV_4000;XIRECS;1269.0;1
101800;BOT_MAKER;BOT_TAKER;HYDROGEL_PACK;XIRECS;9946.0;6
102000;BOT_MAKER;BOT_TAKER;HYDROGEL_PACK;XIRECS;9947.0;5
102000;BOT_TAKER;BOT_MAKER;VELVETFRUIT_EXTRACT;XIRECS;5273.0;5
102000;BOT_MAKER;BOT_TAKER;VEV_5400;XIRECS;9.0;4
102000;SUBMISSION;BOT_TAKER;HYDROGEL_PACK;XIRECS;9948.0;5
102100;BOT_TAKER;BOT_MAKER;VEV_4000;XIRECS;1289.0;1
102100;BOT_TAKER;BOT_MAKER;VEV_6500;XIRECS;1.0;5
102200;BOT_TAKER;BOT_MAKER;HYDROGEL_PACK;XIRECS;9962.0;6
102200;BOT_TAKER;BOT_MAKER;VELVETFRUIT_EXTRACT;XIRECS;5271.0;6
102200;BOT_TAKER;BOT_MAKER;VEV_5400;XIRECS;10.0;2
102200;BOT_MAKER;BOT_TAKER;VEV_6000;XIRECS;0.0;3
102400;BOT_TAKER;BOT_MAKER;VEV_5400;XIRECS;11.0;4
102500;BOT_MAKER;BOT_TAKER;VELVETFRUIT_EXTRACT;XIRECS;5264.0;5
102500;SUBMISSION;BOT_TAKER;VELVETFRUIT_EXTRACT;XIRECS;5265.0;5
102500;BOT_MAKER;BOT_TAKER;VELVETFRUIT_EXTRACT;XIRECS;5264.0;2
102700;BOT_TAKER;BOT_MAKER;HYDROGEL_PACK;XIRECS;9963.0;3
102700;BOT_TAKER;BOT_MAKER;VEV_5300;XIRECS;41.0;3
102700;BOT_TAKER;BOT_MAKER;VEV_5400;XIRECS;11.0;2
102700;BOT_TAKER;SUBMISSION;VEV_4000;XIRECS;1288.0;1
102900;BOT_MAKER;BOT_TAKER;HYDROGEL_PACK;XIRECS;9947.0;5
102900;BOT_TAKER;BOT_MAKER;VEV_4000;XIRECS;1289.0;2
103000;BOT_MAKER;BOT_TAKER;HYDROGEL_PACK;XIRECS;9947.0;2
103000;BOT_TAKER;BOT_MAKER;VELVETFRUIT_EXTRACT;XIRECS;5269.0;5
103100;BOT_MAKER;BOT_TAKER;VELVETFRUIT_EXTRACT;XIRECS;5265.0;9
103200;BOT_MAKER;BOT_TAKER;VELVETFRUIT_EXTRACT;XIRECS;5267.0;6
103200;BOT_TAKER;BOT_MAKER;VEV_6500;XIRECS;1.0;2
103300;BOT_TAKER;SUBMISSION;HYDROGEL_PACK;XIRECS;9960.0;4
103400;BOT_MAKER;BOT_TAKER;HYDROGEL_PACK;XIRECS;9946.0;4
103400;BOT_MAKER;BOT_TAKER;VELVETFRUIT_EXTRACT;XIRECS;5268.0;5
103500;BOT_TAKER;BOT_MAKER;VEV_5500;XIRECS;10.0;5
103500;BOT_MAKER;BOT_TAKER;VEV_6000;XIRECS;0.0;5
103500;BOT_TAKER;BOT_MAKER;VEV_6500;XIRECS;1.0;2
103600;BOT_MAKER;BOT_TAKER;HYDROGEL_PACK;XIRECS;9946.0;6
103700;BOT_MAKER;BOT_TAKER;VEV_4000;XIRECS;1268.0;3
103700;SUBMISSION;BOT_TAKER;HYDROGEL_PACK;XIRECS;9946.0;2
103900;BOT_MAKER;BOT_TAKER;HYDROGEL_PACK;XIRECS;9941.0;2
103900;BOT_MAKER;BOT_TAKER;HYDROGEL_PACK;XIRECS;9941.0;6
104000;BOT_TAKER;BOT_MAKER;VEV_5500;XIRECS;10.0;4
104200;BOT_TAKER;BOT_MAKER;HYDROGEL_PACK;XIRECS;9952.0;3
104200;BOT_TAKER;BOT_MAKER;VELVETFRUIT_EXTRACT;XIRECS;5271.0;4
104400;BOT_TAKER;BOT_MAKER;VELVETFRUIT_EXTRACT;XIRECS;5270.0;6
104400;BOT_TAKER;SUBMISSION;VELVETFRUIT_EXTRACT;XIRECS;5269.0;5
104400;BOT_TAKER;BOT_MAKER;VELVETFRUIT_EXTRACT;XIRECS;5270.0;1
104600;BOT_TAKER;BOT_MAKER;VEV_6000;XIRECS;1.0;4
104700;BOT_TAKER;BOT_MAKER;VELVETFRUIT_EXTRACT;XIRECS;5269.0;7
104800;BOT_MAKER;BOT_TAKER;HYDROGEL_PACK;XIRECS;9930.0;2
104800;BOT_MAKER;BOT_TAKER;VELVETFRUIT_EXTRACT;XIRECS;5263.0;4
104900;BOT_MAKER;BOT_TAKER;HYDROGEL_PACK;XIRECS;9929.0;3
105000;BOT_TAKER;BOT_MAKER;VELVETFRUIT_EXTRACT;XIRECS;5267.0;9
105000;SUBMISSION;BOT_TAKER;HYDROGEL_PACK;XIRECS;9931.0;5
105000;BOT_MAKER;BOT_TAKER;HYDROGEL_PACK;XIRECS;9930.0;1
105000;SUBMISSION;BOT_TAKER;VELVETFRUIT_EXTRACT;XIRECS;5263.0;5
105000;BOT_MAKER;BOT_TAKER;VELVETFRUIT_EXTRACT;XIRECS;5262.0;3
105100;BOT_MAKER;BOT_TAKER;VELVETFRUIT_EXTRACT;XIRECS;5263.0;7
105100;BOT_TAKER;BOT_MAKER;VEV_4000;XIRECS;1289.0;1
105100;BOT_TAKER;BOT_MAKER;VEV_6000;XIRECS;1.0;2
105200;BOT_MAKER;BOT_TAKER;VELVETFRUIT_EXTRACT;XIRECS;5263.0;6
105300;BOT_TAKER;BOT_MAKER;VELVETFRUIT_EXTRACT;XIRECS;5268.0;3
105400;BOT_MAKER;BOT_TAKER;HYDROGEL_PACK;XIRECS;9931.0;4
105400;BOT_MAKER;BOT_TAKER;VELVETFRUIT_EXTRACT;XIRECS;5264.0;3
105400;BOT_TAKER;BOT_MAKER;VEV_5500;XIRECS;10.0;4
105500;BOT_MAKER;BOT_TAKER;VEV_6500;XIRECS;0.0;5
105600;BOT_TAKER;BOT_MAKER;VELVETFRUIT_EXTRACT;XIRECS;5267.0;7
105600;BOT_MAKER;BOT_TAKER;VEV_6000;XIRECS;0.0;4
105600;BOT_TAKER;SUBMISSION;VELVETFRUIT_EXTRACT;XIRECS;5266.0;5
105600;BOT_TAKER;BOT_MAKER;VELVETFRUIT_EXTRACT;XIRECS;5267.0;7
105700;BOT_MAKER;BOT_TAKER;VELVETFRUIT_EXTRACT;XIRECS;5262.0;4
105800;BOT_TAKER;BOT_MAKER;VEV_5400;XIRECS;11.0;4
105900;BOT_MAKER;BOT_TAKER;VELVETFRUIT_EXTRACT;XIRECS;5261.0;6
106100;BOT_MAKER;BOT_TAKER;HYDROGEL_PACK;XIRECS;9931.0;4
106100;BOT_MAKER;BOT_TAKER;VEV_4000;XIRECS;1266.0;3
106100;BOT_TAKER;BOT_MAKER;VEV_5400;XIRECS;11.0;3
106200;BOT_TAKER;SUBMISSION;VELVETFRUIT_EXTRACT;XIRECS;5265.0;5
106200;BOT_TAKER;BOT_MAKER;VELVETFRUIT_EXTRACT;XIRECS;5266.0;2
106300;BOT_TAKER;BOT_MAKER;VELVETFRUIT_EXTRACT;XIRECS;5267.0;6
106300;SUBMISSION;BOT_TAKER;HYDROGEL_PACK;XIRECS;9932.0;5
106300;BOT_MAKER;BOT_TAKER;HYDROGEL_PACK;XIRECS;9931.0;1
106400;BOT_TAKER;BOT_MAKER;HYDROGEL_PACK;XIRECS;9947.0;2
106600;BOT_TAKER;BOT_MAKER;HYDROGEL_PACK;XIRECS;9947.0;4
106600;BOT_MAKER;BOT_TAKER;VELVETFRUIT_EXTRACT;XIRECS;5261.0;6
106700;BOT_TAKER;BOT_MAKER;VELVETFRUIT_EXTRACT;XIRECS;5268.0;7
106700;BOT_MAKER;BOT_TAKER;VEV_6000;XIRECS;0.0;2
106700;BOT_TAKER;SUBMISSION;HYDROGEL_PACK;XIRECS;9947.0;3
106700;BOT_TAKER;SUBMISSION;VEV_4000;XIRECS;1286.0;3
106800;BOT_TAKER;BOT_MAKER;VEV_4000;XIRECS;1288.0;2
107100;BOT_MAKER;BOT_TAKER;VELVETFRUIT_EXTRACT;XIRECS;5260.0;5
107100;BOT_TAKER;BOT_MAKER;VEV_5400;XIRECS;10.0;2
107200;BOT_MAKER;BOT_TAKER;HYDROGEL_PACK;XIRECS;9934.0;3
107200;BOT_MAKER;BOT_TAKER;VELVETFRUIT_EXTRACT;XIRECS;5260.0;7
107200;BOT_TAKER;BOT_MAKER;VEV_4000;XIRECS;1287.0;3
107200;BOT_TAKER;SUBMISSION;VEV_4000;XIRECS;1286.0;2
107300;BOT_MAKER;BOT_TAKER;VELVETFRUIT_EXTRACT;XIRECS;5258.0;5
107300;BOT_MAKER;BOT_TAKER;VEV_5400;XIRECS;8.0;4
107400;BOT_MAKER;BOT_TAKER;HYDROGEL_PACK;XIRECS;9936.0;2
107400;BOT_TAKER;BOT_MAKER;VEV_6500;XIRECS;1.0;5
107500;BOT_TAKER;BOT_MAKER;HYDROGEL_PACK;XIRECS;9949.0;5
107500;BOT_TAKER;BOT_MAKER;VELVETFRUIT_EXTRACT;XIRECS;5263.0;4
107500;BOT_MAKER;BOT_TAKER;VEV_6000;XIRECS;0.0;3
107600;BOT_MAKER;BOT_TAKER;VELVETFRUIT_EXTRACT;XIRECS;5257.0;3
107600;BOT_MAKER;BOT_TAKER;VEV_6000;XIRECS;0.0;3
107700;BOT_TAKER;BOT_MAKER;HYDROGEL_PACK;XIRECS;9947.0;5
107800;BOT_TAKER;BOT_MAKER;VELVETFRUIT_EXTRACT;XIRECS;5260.0;6
107800;BOT_TAKER;BOT_MAKER;VEV_5400;XIRECS;10.0;3
107800;BOT_MAKER;BOT_TAKER;VEV_6500;XIRECS;0.0;5
108000;BOT_TAKER;BOT_MAKER;HYDROGEL_PACK;XIRECS;9949.0;4
108000;BOT_TAKER;SUBMISSION;VELVETFRUIT_EXTRACT;XIRECS;5260.0;5
108000;BOT_TAKER;BOT_MAKER;VELVETFRUIT_EXTRACT;XIRECS;5261.0;2
108100;BOT_TAKER;BOT_MAKER;VELVETFRUIT_EXTRACT;XIRECS;5259.0;9
108100;SUBMISSION;BOT_TAKER;VEV_4000;XIRECS;1270.0;1
108200;BOT_TAKER;SUBMISSION;VELVETFRUIT_EXTRACT;XIRECS;5258.0;5
108200;BOT_TAKER;BOT_MAKER;VELVETFRUIT_EXTRACT;XIRECS;5259.0;2
108200;BOT_TAKER;SUBMISSION;VEV_4000;XIRECS;1288.0;2
108300;BOT_MAKER;BOT_TAKER;HYDROGEL_PACK;XIRECS;9934.0;3
108300;BOT_MAKER;BOT_TAKER;VELVETFRUIT_EXTRACT;XIRECS;5253.0;3
108300;BOT_MAKER;BOT_TAKER;VEV_6000;XIRECS;0.0;5
108400;BOT_MAKER;BOT_TAKER;HYDROGEL_PACK;XIRECS;9934.0;2
108500;BOT_MAKER;BOT_TAKER;HYDROGEL_PACK;XIRECS;9934.0;4
108500;BOT_TAKER;BOT_MAKER;VEV_6500;XIRECS;1.0;5
108600;BOT_TAKER;BOT_MAKER;HYDROGEL_PACK;XIRECS;9950.0;6
108700;BOT_MAKER;BOT_TAKER;HYDROGEL_PACK;XIRECS;9937.0;4
108700;BOT_MAKER;BOT_TAKER;VELVETFRUIT_EXTRACT;XIRECS;5254.0;4
108700;BOT_TAKER;BOT_MAKER;VEV_4000;XIRECS;1291.0;1
108700;BOT_TAKER;BOT_MAKER;VEV_6500;XIRECS;1.0;5
108900;BOT_MAKER;BOT_TAKER;VEV_4000;XIRECS;1268.0;3
109000;BOT_TAKER;BOT_MAKER;VELVETFRUIT_EXTRACT;XIRECS;5253.0;14
109000;BOT_MAKER;BOT_TAKER;VEV_5500;XIRECS;10.0;4
109100;BOT_TAKER;BOT_MAKER;VELVETFRUIT_EXTRACT;XIRECS;5253.0;3
109100;BOT_TAKER;BOT_MAKER;VELVETFRUIT_EXTRACT;XIRECS;5253.0;7
109200;BOT_TAKER;BOT_MAKER;HYDROGEL_PACK;XIRECS;9957.0;4
109200;BOT_MAKER;BOT_TAKER;VELVETFRUIT_EXTRACT;XIRECS;5248.0;8
109200;BOT_TAKER;BOT_MAKER;VEV_4000;XIRECS;1290.0;2
109400;BOT_MAKER;BOT_TAKER;VEV_4000;XIRECS;1269.0;1
109400;BOT_TAKER;BOT_MAKER;VEV_6500;XIRECS;1.0;5
109600;BOT_TAKER;BOT_MAKER;HYDROGEL_PACK;XIRECS;9954.0;5
109600;BOT_MAKER;BOT_TAKER;VELVETFRUIT_EXTRACT;XIRECS;5248.0;3
109700;BOT_MAKER;BOT_TAKER;VEV_5400;XIRECS;8.0;3
109700;BOT_MAKER;BOT_TAKER;VEV_5400;XIRECS;8.0;3
109800;BOT_MAKER;BOT_TAKER;VELVETFRUIT_EXTRACT;XIRECS;5250.0;8
109900;BOT_MAKER;BOT_TAKER;VEV_6000;XIRECS;0.0;4
110000;BOT_MAKER;BOT_TAKER;HYDROGEL_PACK;XIRECS;9946.0;3
110000;BOT_MAKER;BOT_TAKER;VEV_4000;XIRECS;1270.0;3
110000;BOT_TAKER;BOT_MAKER;VEV_6000;XIRECS;1.0;3
110100;BOT_TAKER;BOT_MAKER;VELVETFRUIT_EXTRACT;XIRECS;5252.0;5
110200;BOT_MAKER;BOT_TAKER;HYDROGEL_PACK;XIRECS;9949.0;3
110200;BOT_TAKER;BOT_MAKER;VELVETFRUIT_EXTRACT;XIRECS;5254.0;6
110200;BOT_TAKER;BOT_MAKER;VEV_5500;XIRECS;11.0;5
110200;SUBMISSION;BOT_TAKER;VEV_4000;XIRECS;1270.0;1
110400;BOT_MAKER;BOT_TAKER;VELVETFRUIT_EXTRACT;XIRECS;5248.0;9
110400;BOT_TAKER;BOT_MAKER;VEV_5300;XIRECS;45.0;5
110500;BOT_MAKER;BOT_TAKER;VELVETFRUIT_EXTRACT;XIRECS;5247.0;4
110600;BOT_TAKER;BOT_MAKER;VEV_6500;XIRECS;1.0;3
110700;BOT_TAKER;BOT_MAKER;VELVETFRUIT_EXTRACT;XIRECS;5252.0;7
110800;BOT_MAKER;BOT_TAKER;HYDROGEL_PACK;XIRECS;9942.0;4
110800;BOT_MAKER;BOT_TAKER;VEV_5400;XIRECS;9.0;5
110900;BOT_MAKER;BOT_TAKER;VEV_6500;XIRECS;0.0;4
111000;BOT_MAKER;BOT_TAKER;VEV_5500;XIRECS;10.0;5
111000;BOT_MAKER;BOT_TAKER;VEV_6000;XIRECS;0.0;4
111000;SUBMISSION;BOT_TAKER;VELVETFRUIT_EXTRACT;XIRECS;5250.0;5
111000;BOT_MAKER;BOT_TAKER;VELVETFRUIT_EXTRACT;XIRECS;5249.0;2
111100;BOT_MAKER;BOT_TAKER;VELVETFRUIT_EXTRACT;XIRECS;5249.0;4
111200;BOT_TAKER;BOT_MAKER;HYDROGEL_PACK;XIRECS;9951.0;2
111200;BOT_TAKER;BOT_MAKER;VELVETFRUIT_EXTRACT;XIRECS;5256.0;7
111200;BOT_MAKER;BOT_TAKER;VEV_6000;XIRECS;0.0;2
