timestamp;buyer;seller;symbol;currency;price;quantity
0;BOT_TAKER;BOT_MAKER;HYDROGEL_PACK;XIRECS;9987.0;4
0;BOT_MAKER;BOT_TAKER;VELVETFRUIT_EXTRACT;XIRECS;5260.0;7
0;BOT_TAKER;BOT_MAKER;VEV_5400;XIRECS;17.0;2
200;BOT_MAKER;BOT_TAKER;HYDROGEL_PACK;XIRECS;9972.0;6
200;BOT_TAKER;BOT_MAKER;VEV_6000;XIRECS;1.0;2
200;BOT_MAKER;BOT_TAKER;VEV_6000;XIRECS;0.0;2
300;BOT_TAKER;BOT_MAKER;HYDROGEL_PACK;XIRECS;9990.0;6
300;BOT_TAKER;BOT_MAKER;VELVETFRUIT_EXTRACT;XIRECS;5265.0;9
300;BOT_MAKER;BOT_TAKER;VEV_6500;XIRECS;0.0;4
400;BOT_MAKER;BOT_TAKER;HYDROGEL_PACK;XIRECS;9978.0;6
400;BOT_MAKER;BOT_TAKER;VEV_4000;XIRECS;1254.0;2
400;BOT_MAKER;BOT_TAKER;VEV_6500;XIRECS;0.0;2
500;BOT_TAKER;BOT_MAKER;HYDROGEL_PACK;XIRECS;9989.0;6
600;BOT_MAKER;BOT_TAKER;HYDROGEL_PACK;XIRECS;9971.0;6
600;BOT_MAKER;BOT_TAKER;VEV_4000;XIRECS;1254.0;3
800;BOT_MAKER;BOT_TAKER;VELVETFRUIT_EXTRACT;XIRECS;5254.0;6
800;BOT_MAKER;BOT_TAKER;VELVETFRUIT_EXTRACT;XIRECS;5254.0;8
900;BOT_MAKER;BOT_TAKER;VEV_6000;XIRECS;0.0;5
1000;BOT_MAKER;BOT_TAKER;HYDROGEL_PACK;XIRECS;9976.0;3
1100;BOT_MAKER;BOT_TAKER;HYDROGEL_PACK;XIRECS;9975.0;6
1200;BOT_TAKER;BOT_MAKER;VELVETFRUIT_EXTRACT;XIRECS;5261.0;7
1300;BOT_TAKER;BOT_MAKER;VELVETFRUIT_EXTRACT;XIRECS;5259.0;8
1400;BOT_MAKER;BOT_TAKER;HYDROGEL_PACK;XIRECS;9978.0;6
1500;BOT_MAKER;BOT_TAKER;HYDROGEL_PACK;XIRECS;9974.0;3
1600;BOT_TAKER;BOT_MAKER;HYDROGEL_PACK;XIRECS;9993.0;5
1700;BOT_TAKER;BOT_MAKER;VELVETFRUIT_EXTRACT;XIRECS;5261.0;5
1800;BOT_MAKER;BOT_TAKER;VEV_4000;XIRECS;1253.0;1
1900;BOT_MAKER;BOT_TAKER;HYDROGEL_PACK;XIRECS;9975.0;4
1900;BOT_TAKER;BOT_MAKER;VELVETFRUIT_EXTRACT;XIRECS;5260.0;6
1900;BOT_TAKER;BOT_MAKER;VEV_4000;XIRECS;1272.0;1
1900;BOT_MAKER;BOT_TAKER;VEV_6500;XIRECS;0.0;4
2100;BOT_TAKER;BOT_MAKER;VELVETFRUIT_EXTRACT;XIRECS;5263.0;8
2200;BOT_MAKER;BOT_TAKER;VELVETFRUIT_EXTRACT;XIRECS;5257.0;7
2200;BOT_MAKER;BOT_TAKER;VEV_6500;XIRECS;0.0;3
2300;BOT_MAKER;BOT_TAKER;HYDROGEL_PACK;XIRECS;9974.0;4
2300;BOT_MAKER;BOT_TAKER;VEV_4000;XIRECS;1250.0;3
2300;BOT_MAKER;BOT_TAKER;VEV_4000;XIRECS;1250.0;3
2400;BOT_TAKER;BOT_MAKER;HYDROGEL_PACK;XIRECS;9988.0;5
2500;BOT_TAKER;BOT_MAKER;VELVETFRUIT_EXTRACT;XIRECS;5264.0;4
2600;BOT_MAKER;BOT_TAKER;VEV_5400;XIRECS;17.0;4
2600;BOT_TAKER;BOT_MAKER;VEV_6000;XIRECS;1.0;2
2900;BOT_TAKER;BOT_MAKER;VELVETFRUIT_EXTRACT;XIRECS;5265.0;5
2900;BOT_TAKER;BOT_MAKER;VEV_5400;XIRECS;18.0;2
3000;BOT_TAKER;BOT_MAKER;VELVETFRUIT_EXTRACT;XIRECS;5264.0;3
3000;BOT_MAKER;BOT_TAKER;VEV_4000;XIRECS;1252.0;1
3000;BOT_TAKER;BOT_MAKER;VEV_4000;XIRECS;1274.0;2
3100;BOT_TAKER;BOT_MAKER;VELVETFRUIT_EXTRACT;XIRECS;5266.0;4
3200;BOT_TAKER;BOT_MAKER;VELVETFRUIT_EXTRACT;XIRECS;5265.0;6
3200;BOT_MAKER;BOT_TAKER;VEV_5500;XIRECS;6.0;2
3300;BOT_TAKER;BOT_MAKER;VELVETFRUIT_EXTRACT;XIRECS;5266.0;6
3300;BOT_MAKER;BOT_TAKER;VEV_5500;XIRECS;6.0;5
3300;BOT_TAKER;BOT_MAKER;VEV_6000;XIRECS;1.0;3
3400;BOT_MAKER;BOT_TAKER;VELVETFRUIT_EXTRACT;XIRECS;5260.0;7
3400;BOT_TAKER;BOT_MAKER;VEV_5300;XIRECS;51.0;4
3400;BOT_TAKER;BOT_MAKER;VEV_6500;XIRECS;1.0;4
3500;BOT_TAKER;BOT_MAKER;HYDROGEL_PACK;XIRECS;9991.0;6
3600;BOT_MAKER;BOT_TAKER;HYDROGEL_PACK;XIRECS;9978.0;3
3600;BOT_MAKER;BOT_TAKER;VELVETFRUIT_EXTRACT;XIRECS;5257.0;4
3600;BOT_MAKER;BOT_TAKER;VEV_5200;XIRECS;104.0;5
3700;BOT_TAKER;BOT_MAKER;VEV_5400;XIRECS;18.0;2
3800;BOT_MAKER;BOT_TAKER;VEV_4000;XIRECS;1250.0;1
3900;BOT_TAKER;BOT_MAKER;VELVETFRUIT_EXTRACT;XIRECS;5261.0;6
4000;BOT_TAKER;BOT_MAKER;VELVETFRUIT_EXTRACT;XIRECS;5261.0;7
4100;BOT_MAKER;BOT_TAKER;VEV_6500;XIRECS;0.0;3
4300;BOT_TAKER;BOT_MAKER;HYDROGEL_PACK;XIRECS;9996.0;6
4400;BOT_MAKER;BOT_TAKER;HYDROGEL_PACK;XIRECS;9979.0;4
4400;BOT_MAKER;BOT_TAKER;VELVETFRUIT_EXTRACT;XIRECS;5253.0;5
4500;BOT_TAKER;BOT_MAKER;HYDROGEL_PACK;XIRECS;9996.0;4
4600;BOT_MAKER;BOT_TAKER;HYDROGEL_PACK;XIRECS;9980.0;4
4600;BOT_MAKER;BOT_TAKER;VELVETFRUIT_EXTRACT;XIRECS;5256.0;4
4600;BOT_TAKER;BOT_MAKER;VEV_6000;XIRECS;1.0;4
4700;BOT_MAKER;BOT_TAKER;HYDROGEL_PACK;XIRECS;9978.0;2
4700;BOT_MAKER;BOT_TAKER;VEV_5500;XIRECS;6.0;4
4800;BOT_TAKER;BOT_MAKER;VELVETFRUIT_EXTRACT;XIRECS;5262.0;3
4900;BOT_TAKER;BOT_MAKER;HYDROGEL_PACK;XIRECS;9992.0;2
4900;BOT_TAKER;BOT_MAKER;VELVETFRUIT_EXTRACT;XIRECS;5263.0;8
4900;BOT_TAKER;BOT_MAKER;VEV_6500;XIRECS;1.0;5
5100;BOT_MAKER;BOT_TAKER;VELVETFRUIT_EXTRACT;XIRECS;5258.0;7
5300;BOT_TAKER;BOT_MAKER;VELVETFRUIT_EXTRACT;XIRECS;5262.0;5
5400;BOT_MAKER;BOT_TAKER;VELVETFRUIT_EXTRACT;XIRECS;5257.0;6
5600;BOT_TAKER;BOT_MAKER;HYDROGEL_PACK;XIRECS;9981.0;4
5700;BOT_MAKER;BOT_TAKER;HYDROGEL_PACK;XIRECS;9965.0;6
5700;BOT_MAKER;BOT_TAKER;VELVETFRUIT_EXTRACT;XIRECS;5259.0;7
5700;BOT_TAKER;BOT_MAKER;VEV_6500;XIRECS;1.0;5
5800;BOT_MAKER;BOT_TAKER;HYDROGEL_PACK;XIRECS;9969.0;4
5900;BOT_TAKER;BOT_MAKER;VEV_5400;XIRECS;16.0;2
6000;BOT_TAKER;BOT_MAKER;VELVETFRUIT_EXTRACT;XIRECS;5266.0;7
6100;BOT_TAKER;BOT_MAKER;HYDROGEL_PACK;XIRECS;9990.0;4
6100;BOT_TAKER;BOT_MAKER;VELVETFRUIT_EXTRACT;XIRECS;5267.0;11
6200;BOT_TAKER;BOT_MAKER;HYDROGEL_PACK;XIRECS;9987.0;5
6200;BOT_MAKER;BOT_TAKER;VELVETFRUIT_EXTRACT;XIRECS;5262.0;4
6400;BOT_MAKER;BOT_TAKER;HYDROGEL_PACK;XIRECS;9971.0;3
6400;BOT_TAKER;BOT_MAKER;HYDROGEL_PACK;XIRECS;9987.0;3
6400;BOT_TAKER;BOT_MAKER;VEV_4000;XIRECS;1267.0;3
6500;BOT_TAKER;BOT_MAKER;VEV_6500;XIRECS;1.0;4
6600;BOT_MAKER;BOT_TAKER;VEV_4000;XIRECS;1245.0;2
6700;BOT_TAKER;BOT_MAKER;VEV_4000;XIRECS;1265.0;2
6800;BOT_TAKER;BOT_MAKER;HYDROGEL_PACK;XIRECS;9985.0;5
6800;BOT_TAKER;BOT_MAKER;VEV_6000;XIRECS;1.0;4
6800;BOT_MAKER;BOT_TAKER;VEV_6500;XIRECS;0.0;3
6900;BOT_TAKER;BOT_MAKER;HYDROGEL_PACK;XIRECS;9985.0;3
7200;BOT_MAKER;BOT_TAKER;VEV_6000;XIRECS;0.0;3
7300;BOT_MAKER;BOT_TAKER;VELVETFRUIT_EXTRACT;XIRECS;5270.0;8
7300;BOT_MAKER;BOT_TAKER;VEV_4000;XIRECS;1246.0;3
7400;BOT_TAKER;BOT_MAKER;HYDROGEL_PACK;XIRECS;9983.0;2
7400;BOT_TAKER;BOT_MAKER;HYDROGEL_PACK;XIRECS;9983.0;3
7500;BOT_TAKER;BOT_MAKER;HYDROGEL_PACK;XIRECS;9985.0;3
7500;BOT_MAKER;BOT_TAKER;VEV_5500;XIRECS;6.0;3
7500;BOT_TAKER;BOT_MAKER;VEV_5500;XIRECS;7.0;2
7600;BOT_MAKER;BOT_TAKER;VELVETFRUIT_EXTRACT;XIRECS;5272.0;6
7700;BOT_MAKER;BOT_TAKER;VELVETFRUIT_EXTRACT;XIRECS;5274.0;5
7900;BOT_MAKER;BOT_TAKER;VEV_6000;XIRECS;0.0;2
8200;BOT_TAKER;BOT_MAKER;HYDROGEL_PACK;XIRECS;9973.0;4
8200;BOT_MAKER;BOT_TAKER;VELVETFRUIT_EXTRACT;XIRECS;5272.0;13
8300;BOT_TAKER;BOT_MAKER;HYDROGEL_PACK;XIRECS;9973.0;3
8300;BOT_MAKER;BOT_TAKER;VEV_5500;XIRECS;6.0;2
8500;BOT_TAKER;BOT_MAKER;VEV_6500;XIRECS;1.0;3
8800;BOT_MAKER;BOT_TAKER;HYDROGEL_PACK;XIRECS;9950.0;3
8800;BOT_MAKER;BOT_TAKER;VELVETFRUIT_EXTRACT;XIRECS;5270.0;7
8800;BOT_TAKER;BOT_MAKER;VEV_5300;XIRECS;52.0;5
8900;BOT_TAKER;BOT_MAKER;HYDROGEL_PACK;XIRECS;9966.0;4
8900;BOT_MAKER;BOT_TAKER;VELVETFRUIT_EXTRACT;XIRECS;5271.0;6
9000;BOT_MAKER;BOT_TAKER;VEV_5500;XIRECS;6.0;3
9000;BOT_TAKER;BOT_MAKER;VEV_6500;XIRECS;1.0;5
9100;BOT_MAKER;BOT_TAKER;HYDROGEL_PACK;XIRECS;9949.0;4
9200;BOT_TAKER;BOT_MAKER;VEV_5500;XIRECS;7.0;4
9300;BOT_TAKER;BOT_MAKER;VELVETFRUIT_EXTRACT;XIRECS;5276.0;7
9500;BOT_MAKER;BOT_TAKER;HYDROGEL_PACK;XIRECS;9945.0;4
9500;BOT_MAKER;BOT_TAKER;VELVETFRUIT_EXTRACT;XIRECS;5271.0;5
9600;BOT_MAKER;BOT_TAKER;HYDROGEL_PACK;XIRECS;9945.0;3
9600;BOT_MAKER;BOT_TAKER;VELVETFRUIT_EXTRACT;XIRECS;5269.0;8
9600;BOT_MAKER;BOT_TAKER;VELVETFRUIT_EXTRACT;XIRECS;5269.0;5
9600;BOT_TAKER;BOT_MAKER;VEV_6500;XIRECS;1.0;2
9700;BOT_MAKER;BOT_TAKER;VELVETFRUIT_EXTRACT;XIRECS;5269.0;3
9800;BOT_MAKER;BOT_TAKER;HYDROGEL_PACK;XIRECS;9950.0;3
9900;BOT_MAKER;BOT_TAKER;VEV_5200;XIRECS;91.0;4
10000;BOT_MAKER;BOT_TAKER;HYDROGEL_PACK;XIRECS;9947.0;6
10000;BOT_MAKER;BOT_TAKER;VELVETFRUIT_EXTRACT;XIRECS;5269.0;3
10100;BOT_TAKER;BOT_MAKER;HYDROGEL_PACK;XIRECS;9964.0;6
10100;BOT_TAKER;BOT_MAKER;VELVETFRUIT_EXTRACT;XIRECS;5273.0;4
10200;BOT_MAKER;BOT_TAKER;HYDROGEL_PACK;XIRECS;9948.0;6
10300;BOT_TAKER;BOT_MAKER;HYDROGEL_PACK;XIRECS;9964.0;4
10300;BOT_TAKER;BOT_MAKER;VEV_5500;XIRECS;7.0;4
10300;BOT_TAKER;BOT_MAKER;VEV_6000;XIRECS;1.0;2
10400;BOT_MAKER;BOT_TAKER;HYDROGEL_PACK;XIRECS;9948.0;6
10400;BOT_MAKER;BOT_TAKER;VELVETFRUIT_EXTRACT;XIRECS;5269.0;3
10500;BOT_TAKER;BOT_MAKER;HYDROGEL_PACK;XIRECS;9963.0;2
10700;BOT_MAKER;BOT_TAKER;VEV_6000;XIRECS;0.0;2
10800;BOT_MAKER;BOT_TAKER;VELVETFRUIT_EXTRACT;XIRECS;5272.0;3
10800;BOT_TAKER;BOT_MAKER;VEV_5500;XIRECS;7.0;4
10800;BOT_MAKER;BOT_TAKER;VEV_6000;XIRECS;0.0;5
11000;BOT_TAKER;BOT_MAKER;HYDROGEL_PACK;XIRECS;9962.0;3
11000;BOT_TAKER;BOT_MAKER;VEV_5300;XIRECS;50.0;2
11100;BOT_MAKER;BOT_TAKER;VELVETFRUIT_EXTRACT;XIRECS;5272.0;5
11200;BOT_TAKER;BOT_MAKER;VELVETFRUIT_EXTRACT;XIRECS;5275.0;7
11300;BOT_MAKER;BOT_TAKER;VEV_4000;XIRECS;1244.0;1
11400;BOT_MAKER;BOT_TAKER;VEV_4000;XIRECS;1246.0;3
11400;BOT_MAKER;BOT_TAKER;VEV_5500;XIRECS;6.0;4
11500;BOT_MAKER;BOT_TAKER;VEV_4000;XIRECS;1246.0;1
11700;BOT_MAKER;BOT_TAKER;VEV_5500;XIRECS;6.0;2
11800;BOT_MAKER;BOT_TAKER;VELVETFRUIT_EXTRACT;XIRECS;5272.0;5
11900;BOT_MAKER;BOT_TAKER;HYDROGEL_PACK;XIRECS;9939.0;3
11900;BOT_MAKER;BOT_TAKER;VELVETFRUIT_EXTRACT;XIRECS;5272.0;6
11900;BOT_TAKER;BOT_MAKER;VEV_4000;XIRECS;1269.0;1
12000;BOT_MAKER;BOT_TAKER;VEV_5300;XIRECS;48.0;3
12100;BOT_MAKER;BOT_TAKER;HYDROGEL_PACK;XIRECS;9942.0;6
12100;BOT_MAKER;BOT_TAKER;VELVETFRUIT_EXTRACT;XIRECS;5272.0;8
12100;BOT_MAKER;BOT_TAKER;VEV_5400;XIRECS;15.0;4
12200;BOT_TAKER;BOT_MAKER;HYDROGEL_PACK;XIRECS;9961.0;4
12200;BOT_TAKER;BOT_MAKER;VEV_5500;XIRECS;7.0;3
12300;BOT_TAKER;BOT_MAKER;VELVETFRUIT_EXTRACT;XIRECS;5279.0;8
12400;BOT_TAKER;BOT_MAKER;VELVETFRUIT_EXTRACT;XIRECS;5279.0;5
12400;BOT_MAKER;BOT_TAKER;VEV_5300;XIRECS;47.0;3
12400;BOT_MAKER;BOT_TAKER;VEV_5500;XIRECS;6.0;5
12500;BOT_TAKER;BOT_MAKER;HYDROGEL_PACK;XIRECS;9961.0;3
12500;BOT_TAKER;BOT_MAKER;VELVETFRUIT_EXTRACT;XIRECS;5280.0;4
12500;BOT_MAKER;BOT_TAKER;VELVETFRUIT_EXTRACT;XIRECS;5275.0;7
12700;BOT_MAKER;BOT_TAKER;VEV_4000;XIRECS;1248.0;3
12800;BOT_MAKER;BOT_TAKER;VELVETFRUIT_EXTRACT;XIRECS;5277.0;5
13000;BOT_TAKER;BOT_MAKER;HYDROGEL_PACK;XIRECS;9968.0;2
13000;BOT_MAKER;BOT_TAKER;VELVETFRUIT_EXTRACT;XIRECS;5276.0;4
13100;BOT_TAKER;BOT_MAKER;HYDROGEL_PACK;XIRECS;9965.0;5
13100;BOT_TAKER;BOT_MAKER;VELVETFRUIT_EXTRACT;XIRECS;5282.0;4
13100;BOT_TAKER;BOT_MAKER;VELVETFRUIT_EXTRACT;XIRECS;5282.0;7
13200;BOT_TAKER;BOT_MAKER;VEV_4000;XIRECS;1268.0;3
13200;BOT_TAKER;BOT_MAKER;VEV_5300;XIRECS;48.0;3
13200;BOT_MAKER;BOT_TAKER;VEV_6000;XIRECS;0.0;2
13300;BOT_MAKER;BOT_TAKER;VELVETFRUIT_EXTRACT;XIRECS;5277.0;5
13400;BOT_MAKER;BOT_TAKER;HYDROGEL_PACK;XIRECS;9943.0;4
13500;BOT_TAKER;BOT_MAKER;VELVETFRUIT_EXTRACT;XIRECS;5284.0;13
13500;BOT_MAKER;BOT_TAKER;VEV_4000;XIRECS;1247.0;2
13500;BOT_TAKER;BOT_MAKER;VEV_6000;XIRECS;1.0;5
13600;BOT_TAKER;BOT_MAKER;VEV_4000;XIRECS;1268.0;1
13700;BOT_MAKER;BOT_TAKER;VEV_5400;XIRECS;16.0;4
13800;BOT_TAKER;BOT_MAKER;HYDROGEL_PACK;XIRECS;9956.0;5
13900;BOT_MAKER;BOT_TAKER;VELVETFRUIT_EXTRACT;XIRECS;5280.0;5
13900;BOT_MAKER;BOT_TAKER;VEV_4000;XIRECS;1245.0;2
14000;BOT_TAKER;BOT_MAKER;VELVETFRUIT_EXTRACT;XIRECS;5285.0;3
14100;BOT_TAKER;BOT_MAKER;VELVETFRUIT_EXTRACT;XIRECS;5286.0;6
14100;BOT_TAKER;BOT_MAKER;VEV_6500;XIRECS;1.0;2
14200;BOT_TAKER;BOT_MAKER;HYDROGEL_PACK;XIRECS;9963.0;5
14200;BOT_TAKER;BOT_MAKER;VEV_5400;XIRECS;19.0;3
14300;BOT_TAKER;BOT_MAKER;HYDROGEL_PACK;XIRECS;9961.0;6
14300;BOT_TAKER;BOT_MAKER;VELVETFRUIT_EXTRACT;XIRECS;5286.0;4
14300;BOT_TAKER;BOT_MAKER;VEV_6500;XIRECS;1.0;2
14400;BOT_MAKER;BOT_TAKER;VELVETFRUIT_EXTRACT;XIRECS;5281.0;8
14600;BOT_MAKER;BOT_TAKER;VEV_4000;XIRECS;1243.0;2
14600;BOT_MAKER;BOT_TAKER;VEV_6500;XIRECS;0.0;4
14700;BOT_MAKER;BOT_TAKER;VELVETFRUIT_EXTRACT;XIRECS;5279.0;5
14700;BOT_TAKER;BOT_MAKER;VEV_4000;XIRECS;1264.0;1
14700;BOT_MAKER;BOT_TAKER;VEV_5500;XIRECS;6.0;4
14800;BOT_MAKER;BOT_TAKER;VELVETFRUIT_EXTRACT;XIRECS;5278.0;6
15300;BOT_TAKER;BOT_MAKER;HYDROGEL_PACK;XIRECS;9965.0;5
15400;BOT_TAKER;BOT_MAKER;VELVETFRUIT_EXTRACT;XIRECS;5284.0;3
15500;BOT_MAKER;BOT_TAKER;VELVETFRUIT_EXTRACT;XIRECS;5279.0;12
15500;BOT_MAKER;BOT_TAKER;VEV_6500;XIRECS;0.0;3
15700;BOT_TAKER;BOT_MAKER;HYDROGEL_PACK;XIRECS;9969.0;4
15700;BOT_MAKER;BOT_TAKER;VELVETFRUIT_EXTRACT;XIRECS;5278.0;13
15700;BOT_MAKER;BOT_TAKER;VELVETFRUIT_EXTRACT;XIRECS;5278.0;8
15700;BOT_TAKER;BOT_MAKER;VEV_4000;XIRECS;1262.0;2
15800;BOT_MAKER;BOT_TAKER;VELVETFRUIT_EXTRACT;XIRECS;5279.0;3
15900;BOT_TAKER;BOT_MAKER;VELVETFRUIT_EXTRACT;XIRECS;5284.0;6
16000;BOT_TAKER;BOT_MAKER;VEV_4000;XIRECS;1261.0;1
16100;BOT_TAKER;BOT_MAKER;VELVETFRUIT_EXTRACT;XIRECS;5283.0;8
16300;BOT_TAKER;BOT_MAKER;HYDROGEL_PACK;XIRECS;9972.0;6
16300;BOT_MAKER;BOT_TAKER;VEV_4000;XIRECS;1241.0;3
16500;BOT_MAKER;BOT_TAKER;VEV_6500;XIRECS;0.0;2
16600;BOT_TAKER;BOT_MAKER;HYDROGEL_PACK;XIRECS;9971.0;3
16600;BOT_TAKER;BOT_MAKER;VEV_6000;XIRECS;1.0;2
16600;BOT_MAKER;BOT_TAKER;VEV_6500;XIRECS;0.0;5
16600;BOT_TAKER;BOT_MAKER;VEV_6500;XIRECS;1.0;3
16800;BOT_TAKER;BOT_MAKER;VEV_4000;XIRECS;1265.0;3
16900;BOT_TAKER;BOT_MAKER;VELVETFRUIT_EXTRACT;XIRECS;5285.0;7
16900;BOT_TAKER;BOT_MAKER;VEV_4000;XIRECS;1266.0;1
17100;BOT_TAKER;BOT_MAKER;VELVETFRUIT_EXTRACT;XIRECS;5285.0;4
17200;BOT_TAKER;BOT_MAKER;VEV_5400;XIRECS;17.0;3
17300;BOT_MAKER;BOT_TAKER;VEV_6500;XIRECS;0.0;5
17400;BOT_MAKER;BOT_TAKER;HYDROGEL_PACK;XIRECS;9949.0;2
17400;BOT_MAKER;BOT_TAKER;VELVETFRUIT_EXTRACT;XIRECS;5280.0;8
17500;BOT_MAKER;BOT_TAKER;VELVETFRUIT_EXTRACT;XIRECS;5279.0;6
17600;BOT_TAKER;BOT_MAKER;HYDROGEL_PACK;XIRECS;9960.0;3
17600;BOT_TAKER;BOT_MAKER;VELVETFRUIT_EXTRACT;XIRECS;5285.0;5
17600;BOT_TAKER;BOT_MAKER;VEV_6000;XIRECS;1.0;5
17700;BOT_TAKER;BOT_MAKER;VELVETFRUIT_EXTRACT;XIRECS;5285.0;8
17700;BOT_MAKER;BOT_TAKER;VEV_4000;XIRECS;1247.0;2
17700;BOT_MAKER;BOT_TAKER;VEV_5500;XIRECS;6.0;4
17800;BOT_TAKER;BOT_MAKER;VELVETFRUIT_EXTRACT;XIRECS;5284.0;5
17800;BOT_TAKER;BOT_MAKER;VEV_6500;XIRECS;1.0;4
18100;BOT_TAKER;BOT_MAKER;VEV_6500;XIRECS;1.0;4
18200;BOT_TAKER;BOT_MAKER;VELVETFRUIT_EXTRACT;XIRECS;5282.0;6
18200;BOT_TAKER;BOT_MAKER;VELVETFRUIT_EXTRACT;XIRECS;5282.0;8
18200;BOT_MAKER;BOT_TAKER;VEV_6000;XIRECS;0.0;2
18300;BOT_MAKER;BOT_TAKER;HYDROGEL_PACK;XIRECS;9950.0;2
18500;BOT_MAKER;BOT_TAKER;HYDROGEL_PACK;XIRECS;9954.0;3
18700;BOT_MAKER;BOT_TAKER;HYDROGEL_PACK;XIRECS;9951.0;3
18900;BOT_MAKER;BOT_TAKER;HYDROGEL_PACK;XIRECS;9948.0;2
18900;BOT_MAKER;BOT_TAKER;VELVETFRUIT_EXTRACT;XIRECS;5275.0;5
18900;BOT_TAKER;BOT_MAKER;VEV_6000;XIRECS;1.0;4
19000;BOT_TAKER;BOT_MAKER;HYDROGEL_PACK;XIRECS;9963.0;5
19000;BOT_MAKER;BOT_TAKER;VELVETFRUIT_EXTRACT;XIRECS;5275.0;4
19000;BOT_TAKER;BOT_MAKER;VEV_5400;XIRECS;18.0;3
19100;BOT_TAKER;BOT_MAKER;HYDROGEL_PACK;XIRECS;9962.0;4
19100;BOT_MAKER;BOT_TAKER;VELVETFRUIT_EXTRACT;XIRECS;5277.0;5
19200;BOT_MAKER;BOT_TAKER;HYDROGEL_PACK;XIRECS;9946.0;3
19200;BOT_TAKER;BOT_MAKER;VELVETFRUIT_EXTRACT;XIRECS;5282.0;3
19300;BOT_TAKER;BOT_MAKER;HYDROGEL_PACK;XIRECS;9964.0;6
19300;BOT_TAKER;BOT_MAKER;VELVETFRUIT_EXTRACT;XIRECS;5282.0;4
19300;BOT_TAKER;BOT_MAKER;VEV_5400;XIRECS;18.0;4
19300;BOT_TAKER;BOT_MAKER;VEV_6500;XIRECS;1.0;5
19400;BOT_MAKER;BOT_TAKER;HYDROGEL_PACK;XIRECS;9951.0;2
19500;BOT_MAKER;BOT_TAKER;VELVETFRUIT_EXTRACT;XIRECS;5278.0;6
19500;BOT_MAKER;BOT_TAKER;VEV_4000;XIRECS;1252.0;3
19600;BOT_MAKER;BOT_TAKER;VELVETFRUIT_EXTRACT;XIRECS;5276.0;6
19700;BOT_TAKER;BOT_MAKER;HYDROGEL_PACK;XIRECS;9966.0;2
19700;BOT_MAKER;BOT_TAKER;HYDROGEL_PACK;XIRECS;9950.0;5
19800;BOT_TAKER;BOT_MAKER;VEV_6500;XIRECS;1.0;4
20000;BOT_MAKER;BOT_TAKER;VELVETFRUIT_EXTRACT;XIRECS;5281.0;6
20000;BOT_TAKER;BOT_MAKER;VEV_6000;XIRECS;1.0;5
20100;BOT_MAKER;BOT_TAKER;VELVETFRUIT_EXTRACT;XIRECS;5283.0;7
20100;BOT_MAKER;BOT_TAKER;VEV_6500;XIRECS;0.0;2
20200;BOT_TAKER;BOT_MAKER;VEV_4000;XIRECS;1265.0;2
20300;BOT_TAKER;BOT_MAKER;HYDROGEL_PACK;XIRECS;9973.0;5
20400;BOT_MAKER;BOT_TAKER;VELVETFRUIT_EXTRACT;XIRECS;5281.0;8
20400;BOT_MAKER;BOT_TAKER;VEV_5400;XIRECS;16.0;5
20400;BOT_MAKER;BOT_TAKER;VEV_6000;XIRECS;0.0;5
20500;BOT_MAKER;BOT_TAKER;HYDROGEL_PACK;XIRECS;9952.0;2
20500;BOT_TAKER;BOT_MAKER;VEV_6500;XIRECS;1.0;4
20600;BOT_TAKER;BOT_MAKER;VELVETFRUIT_EXTRACT;XIRECS;5286.0;8
20600;BOT_MAKER;BOT_TAKER;VELVETFRUIT_EXTRACT;XIRECS;5281.0;6
20600;BOT_TAKER;BOT_MAKER;VEV_6000;XIRECS;1.0;2
20700;BOT_TAKER;BOT_MAKER;HYDROGEL_PACK;XIRECS;9969.0;6
20700;BOT_MAKER;BOT_TAKER;VELVETFRUIT_EXTRACT;XIRECS;5282.0;7
20800;BOT_MAKER;BOT_TAKER;VELVETFRUIT_EXTRACT;XIRECS;5281.0;3
20800;BOT_TAKER;BOT_MAKER;VEV_4000;XIRECS;1265.0;3
20900;BOT_MAKER;BOT_TAKER;VEV_4000;XIRECS;1244.0;1
21100;BOT_TAKER;BOT_MAKER;HYDROGEL_PACK;XIRECS;9969.0;5
21100;BOT_MAKER;BOT_TAKER;VEV_4000;XIRECS;1245.0;3
21200;BOT_TAKER;BOT_MAKER;HYDROGEL_PACK;XIRECS;9968.0;5
21200;BOT_TAKER;BOT_MAKER;HYDROGEL_PACK;XIRECS;9968.0;6
21300;BOT_TAKER;BOT_MAKER;VELVETFRUIT_EXTRACT;XIRECS;5289.0;3
21300;BOT_MAKER;BOT_TAKER;VEV_5400;XIRECS;17.0;5
21400;BOT_MAKER;BOT_TAKER;HYDROGEL_PACK;XIRECS;9951.0;6
21500;BOT_TAKER;BOT_MAKER;HYDROGEL_PACK;XIRECS;9967.0;4
21600;BOT_TAKER;BOT_MAKER;VEV_4000;XIRECS;1263.0;3
21700;BOT_TAKER;BOT_MAKER;VEV_6500;XIRECS;1.0;3
21800;BOT_MAKER;BOT_TAKER;VELVETFRUIT_EXTRACT;XIRECS;5286.0;5
21900;BOT_TAKER;BOT_MAKER;HYDROGEL_PACK;XIRECS;9969.0;3
21900;BOT_TAKER;BOT_MAKER;VEV_5500;XIRECS;8.0;2
21900;BOT_TAKER;BOT_MAKER;VEV_5500;XIRECS;8.0;2
22000;BOT_TAKER;BOT_MAKER;VEV_4000;XIRECS;1262.0;1
22000;BOT_TAKER;BOT_MAKER;VEV_6500;XIRECS;1.0;2
22100;BOT_TAKER;BOT_MAKER;HYDROGEL_PACK;XIRECS;9966.0;5
22100;BOT_MAKER;BOT_TAKER;VELVETFRUIT_EXTRACT;XIRECS;5285.0;6
22200;BOT_TAKER;BOT_MAKER;VEV_6500;XIRECS;1.0;5
22300;BOT_MAKER;BOT_TAKER;VEV_5500;XIRECS;7.0;4
22400;BOT_MAKER;BOT_TAKER;HYDROGEL_PACK;XIRECS;9948.0;6
22400;BOT_MAKER;BOT_TAKER;VELVETFRUIT_EXTRACT;XIRECS;5281.0;7
22500;BOT_TAKER;BOT_MAKER;HYDROGEL_PACK;XIRECS;9964.0;2
22600;BOT_MAKER;BOT_TAKER;VEV_6000;XIRECS;0.0;4
22700;BOT_MAKER;BOT_TAKER;VELVETFRUIT_EXTRACT;XIRECS;5281.0;3
22800;BOT_TAKER;BOT_MAKER;VEV_5200;XIRECS;85.0;2
22900;BOT_TAKER;BOT_MAKER;VELVETFRUIT_EXTRACT;XIRECS;5285.0;6
22900;BOT_TAKER;BOT_MAKER;VEV_4000;XIRECS;1261.0;2
23000;BOT_MAKER;BOT_TAKER;VELVETFRUIT_EXTRACT;XIRECS;5282.0;6
23100;BOT_MAKER;BOT_TAKER;VELVETFRUIT_EXTRACT;XIRECS;5282.0;6
23200;BOT_TAKER;BOT_MAKER;VELVETFRUIT_EXTRACT;XIRECS;5286.0;3
23200;BOT_TAKER;BOT_MAKER;VEV_4000;XIRECS;1257.0;1
23200;BOT_TAKER;BOT_MAKER;VEV_6500;XIRECS;1.0;3
23400;BOT_TAKER;BOT_MAKER;VEV_6500;XIRECS;1.0;4
23500;BOT_MAKER;BOT_TAKER;VELVETFRUIT_EXTRACT;XIRECS;5279.0;7
23600;BOT_MAKER;BOT_TAKER;VEV_4000;XIRECS;1239.0;3
23600;BOT_TAKER;BOT_MAKER;VEV_6500;XIRECS;1.0;2
23700;BOT_MAKER;BOT_TAKER;VELVETFRUIT_EXTRACT;XIRECS;5279.0;4
23700;BOT_TAKER;BOT_MAKER;VEV_5500;XIRECS;8.0;4
23700;BOT_TAKER;BOT_MAKER;VEV_6500;XIRECS;1.0;3
23800;BOT_MAKER;BOT_TAKER;HYDROGEL_PACK;XIRECS;9952.0;5
23900;BOT_MAKER;BOT_TAKER;HYDROGEL_PACK;XIRECS;9957.0;3
23900;BOT_TAKER;BOT_MAKER;VELVETFRUIT_EXTRACT;XIRECS;5285.0;6
24000;BOT_TAKER;BOT_MAKER;VELVETFRUIT_EXTRACT;XIRECS;5285.0;8
24000;BOT_TAKER;BOT_MAKER;VEV_5500;XIRECS;8.0;5
24100;BOT_TAKER;BOT_MAKER;HYDROGEL_PACK;XIRECS;9967.0;3
24200;BOT_MAKER;BOT_TAKER;VELVETFRUIT_EXTRACT;XIRECS;5279.0;6
24200;BOT_MAKER;BOT_TAKER;VEV_5500;XIRECS;6.0;2
24300;BOT_TAKER;BOT_MAKER;VELVETFRUIT_EXTRACT;XIRECS;5285.0;5
24400;BOT_TAKER;BOT_MAKER;VEV_6000;XIRECS;1.0;5
24500;BOT_TAKER;BOT_MAKER;VEV_4000;XIRECS;1261.0;3
24600;BOT_MAKER;BOT_TAKER;HYDROGEL_PACK;XIRECS;9955.0;6
24700;BOT_TAKER;BOT_MAKER;HYDROGEL_PACK;XIRECS;9968.0;3
24700;BOT_MAKER;BOT_TAKER;VELVETFRUIT_EXTRACT;XIRECS;5277.0;6
24800;BOT_TAKER;BOT_MAKER;VEV_5400;XIRECS;19.0;2
24900;BOT_TAKER;BOT_MAKER;HYDROGEL_PACK;XIRECS;9966.0;4
24900;BOT_TAKER;BOT_MAKER;VELVETFRUIT_EXTRACT;XIRECS;5286.0;7
25000;BOT_TAKER;BOT_MAKER;VELVETFRUIT_EXTRACT;XIRECS;5285.0;8
25100;BOT_MAKER;BOT_TAKER;VEV_6000;XIRECS;0.0;4
25200;BOT_MAKER;BOT_TAKER;VELVETFRUIT_EXTRACT;XIRECS;5282.0;6
25200;BOT_TAKER;BOT_MAKER;VEV_6000;XIRECS;1.0;4
25300;BOT_TAKER;BOT_MAKER;HYDROGEL_PACK;XIRECS;9969.0;5
25300;BOT_MAKER;BOT_TAKER;VELVETFRUIT_EXTRACT;XIRECS;5282.0;7
25300;BOT_MAKER;BOT_TAKER;VEV_6000;XIRECS;0.0;4
25400;BOT_MAKER;BOT_TAKER;HYDROGEL_PACK;XIRECS;9954.0;2
25400;BOT_MAKER;BOT_TAKER;VELVETFRUIT_EXTRACT;XIRECS;5282.0;5
25500;BOT_MAKER;BOT_TAKER;HYDROGEL_PACK;XIRECS;9958.0;6
25600;BOT_MAKER;BOT_TAKER;VELVETFRUIT_EXTRACT;XIRECS;5281.0;5
25700;BOT_TAKER;BOT_MAKER;VELVETFRUIT_EXTRACT;XIRECS;5287.0;5
25700;BOT_TAKER;BOT_MAKER;VEV_6500;XIRECS;1.0;3
25900;BOT_TAKER;BOT_MAKER;HYDROGEL_PACK;XIRECS;9981.0;5
25900;BOT_MAKER;BOT_TAKER;VELVETFRUIT_EXTRACT;XIRECS;5282.0;7
26000;BOT_MAKER;BOT_TAKER;VEV_6500;XIRECS;0.0;2
26100;BOT_TAKER;BOT_MAKER;VEV_4000;XIRECS;1269.0;1
26200;BOT_MAKER;BOT_TAKER;HYDROGEL_PACK;XIRECS;9960.0;5
26200;BOT_TAKER;BOT_MAKER;VELVETFRUIT_EXTRACT;XIRECS;5290.0;7
26300;BOT_TAKER;BOT_MAKER;HYDROGEL_PACK;XIRECS;9978.0;2
26400;BOT_TAKER;BOT_MAKER;VEV_4000;XIRECS;1272.0;2
26500;BOT_TAKER;BOT_MAKER;HYDROGEL_PACK;XIRECS;9981.0;4
26500;BOT_MAKER;BOT_TAKER;VEV_6000;XIRECS;0.0;5
26600;BOT_MAKER;BOT_TAKER;HYDROGEL_PACK;XIRECS;9965.0;6
26600;BOT_TAKER;BOT_MAKER;VELVETFRUIT_EXTRACT;XIRECS;5287.0;5
26600;BOT_MAKER;BOT_TAKER;VELVETFRUIT_EXTRACT;XIRECS;5282.0;6
26600;BOT_TAKER;BOT_MAKER;VEV_5500;XIRECS;7.0;5
26800;BOT_MAKER;BOT_TAKER;HYDROGEL_PACK;XIRECS;9964.0;5
26900;BOT_TAKER;BOT_MAKER;HYDROGEL_PACK;XIRECS;9979.0;2
26900;BOT_MAKER;BOT_TAKER;VELVETFRUIT_EXTRACT;XIRECS;5285.0;6
27000;BOT_MAKER;BOT_TAKER;VELVETFRUIT_EXTRACT;XIRECS;5286.0;6
27000;BOT_TAKER;BOT_MAKER;VEV_5500;XIRECS;8.0;3
27100;BOT_TAKER;BOT_MAKER;VELVETFRUIT_EXTRACT;XIRECS;5291.0;4
27200;BOT_MAKER;BOT_TAKER;VELVETFRUIT_EXTRACT;XIRECS;5286.0;5
27300;BOT_TAKER;BOT_MAKER;VEV_5300;XIRECS;47.0;3
27400;BOT_MAKER;BOT_TAKER;HYDROGEL_PACK;XIRECS;9964.0;6
27400;BOT_MAKER;BOT_TAKER;VELVETFRUIT_EXTRACT;XIRECS;5286.0;8
27500;BOT_TAKER;BOT_MAKER;VEV_5400;XIRECS;17.0;5
27600;BOT_TAKER;BOT_MAKER;VELVETFRUIT_EXTRACT;XIRECS;5291.0;8
27600;BOT_TAKER;BOT_MAKER;VEV_4000;XIRECS;1272.0;2
27700;BOT_TAKER;BOT_MAKER;HYDROGEL_PACK;XIRECS;9977.0;3
27700;BOT_TAKER;BOT_MAKER;VELVETFRUIT_EXTRACT;XIRECS;5290.0;8
27800;BOT_MAKER;BOT_TAKER;HYDROGEL_PACK;XIRECS;9962.0;5
28300;BOT_TAKER;BOT_MAKER;HYDROGEL_PACK;XIRECS;9978.0;5
28300;BOT_MAKER;BOT_TAKER;VEV_4000;XIRECS;1251.0;2
28300;BOT_MAKER;BOT_TAKER;VEV_5400;XIRECS;16.0;2
28300;BOT_MAKER;BOT_TAKER;VEV_5400;XIRECS;16.0;3
28400;BOT_MAKER;BOT_TAKER;VELVETFRUIT_EXTRACT;XIRECS;5282.0;6
28400;BOT_TAKER;BOT_MAKER;VEV_5500;XIRECS;8.0;5
28500;BOT_TAKER;BOT_MAKER;VELVETFRUIT_EXTRACT;XIRECS;5288.0;6
28600;BOT_TAKER;BOT_MAKER;VELVETFRUIT_EXTRACT;XIRECS;5288.0;7
28600;BOT_TAKER;BOT_MAKER;VEV_6000;XIRECS;1.0;5
28700;BOT_TAKER;BOT_MAKER;HYDROGEL_PACK;XIRECS;9978.0;6
28700;BOT_MAKER;BOT_TAKER;VELVETFRUIT_EXTRACT;XIRECS;5284.0;4
28700;BOT_TAKER;BOT_MAKER;VEV_5300;XIRECS;48.0;2
28700;BOT_TAKER;BOT_MAKER;VEV_5500;XIRECS;8.0;2
28700;BOT_MAKER;BOT_TAKER;VEV_6500;XIRECS;0.0;5
28800;BOT_MAKER;BOT_TAKER;VEV_6500;XIRECS;0.0;3
28900;BOT_TAKER;BOT_MAKER;VELVETFRUIT_EXTRACT;XIRECS;5290.0;3
29000;BOT_MAKER;BOT_TAKER;VEV_6000;XIRECS;0.0;2
29200;BOT_TAKER;BOT_MAKER;HYDROGEL_PACK;XIRECS;9978.0;2
29200;BOT_TAKER;BOT_MAKER;VELVETFRUIT_EXTRACT;XIRECS;5286.0;4
29200;BOT_MAKER;BOT_TAKER;VELVETFRUIT_EXTRACT;XIRECS;5280.0;4
29200;BOT_TAKER;BOT_MAKER;VEV_6500;XIRECS;1.0;2
29300;BOT_MAKER;BOT_TAKER;VEV_5300;XIRECS;46.0;5
29400;BOT_MAKER;BOT_TAKER;HYDROGEL_PACK;XIRECS;9962.0;6
29500;BOT_MAKER;BOT_TAKER;HYDROGEL_PACK;XIRECS;9963.0;4
29600;BOT_MAKER;BOT_TAKER;VELVETFRUIT_EXTRACT;XIRECS;5278.0;3
29600;BOT_TAKER;BOT_MAKER;VEV_5500;XIRECS;8.0;5
29700;BOT_MAKER;BOT_TAKER;VELVETFRUIT_EXTRACT;XIRECS;5278.0;3
29800;BOT_MAKER;BOT_TAKER;VELVETFRUIT_EXTRACT;XIRECS;5277.0;7
29900;BOT_TAKER;BOT_MAKER;HYDROGEL_PACK;XIRECS;9984.0;2
29900;BOT_TAKER;BOT_MAKER;VELVETFRUIT_EXTRACT;XIRECS;5280.0;7
29900;BOT_TAKER;BOT_MAKER;VEV_4000;XIRECS;1269.0;3
30100;BOT_MAKER;BOT_TAKER;VEV_5500;XIRECS;7.0;2
30300;BOT_TAKER;BOT_MAKER;HYDROGEL_PACK;XIRECS;9984.0;6
30400;BOT_MAKER;BOT_TAKER;VELVETFRUIT_EXTRACT;XIRECS;5279.0;7
30400;BOT_TAKER;BOT_MAKER;VEV_4000;XIRECS;1270.0;3
30400;BOT_TAKER;BOT_MAKER;VEV_5400;XIRECS;16.0;4
30500;BOT_TAKER;BOT_MAKER;VEV_4000;XIRECS;1271.0;1
30600;BOT_MAKER;BOT_TAKER;VELVETFRUIT_EXTRACT;XIRECS;5278.0;10
30800;BOT_MAKER;BOT_TAKER;HYDROGEL_PACK;XIRECS;9971.0;3
30900;BOT_TAKER;BOT_MAKER;VELVETFRUIT_EXTRACT;XIRECS;5283.0;6
31100;BOT_MAKER;BOT_TAKER;VEV_4000;XIRECS;1249.0;1
31200;BOT_MAKER;BOT_TAKER;HYDROGEL_PACK;XIRECS;9974.0;6
31200;BOT_MAKER;BOT_TAKER;VEV_4000;XIRECS;1248.0;1
31300;BOT_TAKER;BOT_MAKER;HYDROGEL_PACK;XIRECS;9991.0;3
31300;BOT_MAKER;BOT_TAKER;VEV_6500;XIRECS;0.0;5
31500;BOT_MAKER;BOT_TAKER;VELVETFRUIT_EXTRACT;XIRECS;5277.0;6
31600;BOT_TAKER;BOT_MAKER;HYDROGEL_PACK;XIRECS;9986.0;5
31600;BOT_TAKER;BOT_MAKER;VEV_4000;XIRECS;1268.0;2
31700;BOT_MAKER;BOT_TAKER;HYDROGEL_PACK;XIRECS;9972.0;5
31700;BOT_MAKER;BOT_TAKER;VEV_5500;XIRECS;7.0;5
31800;BOT_MAKER;BOT_TAKER;VEV_6000;XIRECS;0.0;2
31800;BOT_MAKER;BOT_TAKER;VEV_6500;XIRECS;0.0;5
31900;BOT_MAKER;BOT_TAKER;HYDROGEL_PACK;XIRECS;9966.0;3
31900;BOT_TAKER;BOT_MAKER;VELVETFRUIT_EXTRACT;XIRECS;5284.0;5
32100;BOT_MAKER;BOT_TAKER;VELVETFRUIT_EXTRACT;XIRECS;5281.0;11
32100;BOT_MAKER;BOT_TAKER;VEV_6500;XIRECS;0.0;2
32400;BOT_TAKER;BOT_MAKER;HYDROGEL_PACK;XIRECS;9991.0;5
32400;BOT_MAKER;BOT_TAKER;VELVETFRUIT_EXTRACT;XIRECS;5278.0;8
32600;BOT_MAKER;BOT_TAKER;VEV_6000;XIRECS;0.0;4
32700;BOT_MAKER;BOT_TAKER;VEV_6500;XIRECS;0.0;2
32900;BOT_TAKER;BOT_MAKER;VEV_4000;XIRECS;1270.0;2
33000;BOT_MAKER;BOT_TAKER;HYDROGEL_PACK;XIRECS;9977.0;5
33000;BOT_MAKER;BOT_TAKER;VEV_6500;XIRECS;0.0;5
33100;BOT_TAKER;BOT_MAKER;VELVETFRUIT_EXTRACT;XIRECS;5284.0;3
33100;BOT_MAKER;BOT_TAKER;VEV_4000;XIRECS;1247.0;1
33300;BOT_MAKER;BOT_TAKER;HYDROGEL_PACK;XIRECS;9977.0;4
33400;BOT_MAKER;BOT_TAKER;VELVETFRUIT_EXTRACT;XIRECS;5281.0;8
33500;BOT_MAKER;BOT_TAKER;VELVETFRUIT_EXTRACT;XIRECS;5282.0;8
33500;BOT_TAKER;BOT_MAKER;VEV_4000;XIRECS;1269.0;1
33900;BOT_MAKER;BOT_TAKER;HYDROGEL_PACK;XIRECS;9982.0;3
33900;BOT_MAKER;BOT_TAKER;VELVETFRUIT_EXTRACT;XIRECS;5281.0;3
33900;BOT_TAKER;BOT_MAKER;VEV_4000;XIRECS;1270.0;2
34100;BOT_MAKER;BOT_TAKER;HYDROGEL_PACK;XIRECS;9985.0;2
34200;BOT_TAKER;BOT_MAKER;VELVETFRUIT_EXTRACT;XIRECS;5285.0;4
34300;BOT_TAKER;BOT_MAKER;VELVETFRUIT_EXTRACT;XIRECS;5288.0;4
34300;BOT_MAKER;BOT_TAKER;VELVETFRUIT_EXTRACT;XIRECS;5282.0;8
34400;BOT_TAKER;BOT_MAKER;VELVETFRUIT_EXTRACT;XIRECS;5287.0;7
34500;BOT_TAKER;BOT_MAKER;HYDROGEL_PACK;XIRECS;10001.0;5
34500;BOT_MAKER;BOT_TAKER;VELVETFRUIT_EXTRACT;XIRECS;5283.0;8
34600;BOT_MAKER;BOT_TAKER;VEV_4000;XIRECS;1253.0;3
34700;BOT_MAKER;BOT_TAKER;VELVETFRUIT_EXTRACT;XIRECS;5281.0;11
34700;BOT_TAKER;BOT_MAKER;VEV_5400;XIRECS;17.0;2
34800;BOT_TAKER;BOT_MAKER;VEV_4000;XIRECS;1274.0;3
34800;BOT_MAKER;BOT_TAKER;VEV_6500;XIRECS;0.0;3
34900;BOT_TAKER;BOT_MAKER;VELVETFRUIT_EXTRACT;XIRECS;5286.0;5
35100;BOT_MAKER;BOT_TAKER;VELVETFRUIT_EXTRACT;XIRECS;5280.0;6
35100;BOT_MAKER;BOT_TAKER;VEV_6000;XIRECS;0.0;5
35300;BOT_TAKER;BOT_MAKER;VELVETFRUIT_EXTRACT;XIRECS;5288.0;7
35300;BOT_MAKER;BOT_TAKER;VEV_4000;XIRECS;1252.0;3
35300;BOT_MAKER;BOT_TAKER;VEV_6500;XIRECS;0.0;5
35400;BOT_TAKER;BOT_MAKER;HYDROGEL_PACK;XIRECS;10008.0;4
35500;BOT_MAKER;BOT_TAKER;HYDROGEL_PACK;XIRECS;9993.0;5
35500;BOT_TAKER;BOT_MAKER;VEV_4000;XIRECS;1272.0;3
35500;BOT_TAKER;BOT_MAKER;VEV_5500;XIRECS;8.0;5
35600;BOT_MAKER;BOT_TAKER;VELVETFRUIT_EXTRACT;XIRECS;5281.0;3
35600;BOT_TAKER;BOT_MAKER;VEV_4000;XIRECS;1272.0;1
35600;BOT_MAKER;BOT_TAKER;VEV_5500;XIRECS;7.0;2
35600;BOT_MAKER;BOT_TAKER;VEV_6500;XIRECS;0.0;5
35700;BOT_TAKER;BOT_MAKER;VELVETFRUIT_EXTRACT;XIRECS;5286.0;5
35800;BOT_TAKER;BOT_MAKER;VELVETFRUIT_EXTRACT;XIRECS;5286.0;6
35800;BOT_MAKER;BOT_TAKER;VEV_4000;XIRECS;1249.0;2
35800;BOT_TAKER;BOT_MAKER;VEV_5500;XIRECS;8.0;3
35900;BOT_TAKER;BOT_MAKER;HYDROGEL_PACK;XIRECS;10012.0;6
35900;BOT_MAKER;BOT_TAKER;VELVETFRUIT_EXTRACT;XIRECS;5280.0;7
36000;BOT_TAKER;BOT_MAKER;VELVETFRUIT_EXTRACT;XIRECS;5285.0;5
36200;BOT_MAKER;BOT_TAKER;VELVETFRUIT_EXTRACT;XIRECS;5281.0;3
36200;BOT_MAKER;BOT_TAKER;VEV_6000;XIRECS;0.0;4
36300;BOT_TAKER;BOT_MAKER;VELVETFRUIT_EXTRACT;XIRECS;5288.0;8
36500;BOT_MAKER;BOT_TAKER;HYDROGEL_PACK;XIRECS;9996.0;4
36600;BOT_TAKER;BOT_MAKER;VELVETFRUIT_EXTRACT;XIRECS;5286.0;3
36600;BOT_MAKER;BOT_TAKER;VEV_4000;XIRECS;1249.0;1
36700;BOT_MAKER;BOT_TAKER;VELVETFRUIT_EXTRACT;XIRECS;5279.0;3
36700;BOT_TAKER;BOT_MAKER;VEV_4000;XIRECS;1271.0;3
36700;BOT_MAKER;BOT_TAKER;VEV_6000;XIRECS;0.0;3
36900;BOT_MAKER;BOT_TAKER;VEV_5400;XIRECS;15.0;4
36900;BOT_TAKER;BOT_MAKER;VEV_5500;XIRECS;8.0;5
37200;BOT_MAKER;BOT_TAKER;VEV_5500;XIRECS;7.0;4
37600;BOT_MAKER;BOT_TAKER;HYDROGEL_PACK;XIRECS;9993.0;6
37600;BOT_MAKER;BOT_TAKER;VEV_4000;XIRECS;1248.0;1
37700;BOT_MAKER;BOT_TAKER;HYDROGEL_PACK;XIRECS;9995.0;4
37700;BOT_TAKER;BOT_MAKER;VELVETFRUIT_EXTRACT;XIRECS;5285.0;6
37700;BOT_TAKER;BOT_MAKER;VEV_4000;XIRECS;1270.0;2
37700;BOT_TAKER;BOT_MAKER;VEV_5500;XIRECS;8.0;2
37800;BOT_TAKER;BOT_MAKER;HYDROGEL_PACK;XIRECS;10010.0;5
37800;BOT_TAKER;BOT_MAKER;VELVETFRUIT_EXTRACT;XIRECS;5284.0;5
37800;BOT_TAKER;BOT_MAKER;VEV_6500;XIRECS;1.0;4
37900;BOT_MAKER;BOT_TAKER;VELVETFRUIT_EXTRACT;XIRECS;5279.0;4
37900;BOT_MAKER;BOT_TAKER;VEV_5500;XIRECS;7.0;2
37900;BOT_TAKER;BOT_MAKER;VEV_6500;XIRECS;1.0;2
38000;BOT_TAKER;BOT_MAKER;VELVETFRUIT_EXTRACT;XIRECS;5284.0;8
38000;BOT_MAKER;BOT_TAKER;VELVETFRUIT_EXTRACT;XIRECS;5278.0;3
38000;BOT_TAKER;BOT_MAKER;VEV_4000;XIRECS;1267.0;2
38000;BOT_MAKER;BOT_TAKER;VEV_5500;XIRECS;7.0;3
38100;BOT_TAKER;BOT_MAKER;VELVETFRUIT_EXTRACT;XIRECS;5286.0;3
38300;BOT_TAKER;BOT_MAKER;VEV_6500;XIRECS;1.0;5
38400;BOT_TAKER;BOT_MAKER;HYDROGEL_PACK;XIRECS;10010.0;2
38500;BOT_MAKER;BOT_TAKER;VELVETFRUIT_EXTRACT;XIRECS;5280.0;8
38600;BOT_MAKER;BOT_TAKER;HYDROGEL_PACK;XIRECS;9994.0;3
38600;BOT_MAKER;BOT_TAKER;VELVETFRUIT_EXTRACT;XIRECS;5280.0;8
38700;BOT_MAKER;BOT_TAKER;VEV_5500;XIRECS;7.0;3
38800;BOT_MAKER;BOT_TAKER;VELVETFRUIT_EXTRACT;XIRECS;5281.0;3
38900;BOT_MAKER;BOT_TAKER;HYDROGEL_PACK;XIRECS;9995.0;3
38900;BOT_MAKER;BOT_TAKER;VEV_4000;XIRECS;1248.0;2
39000;BOT_TAKER;BOT_MAKER;VELVETFRUIT_EXTRACT;XIRECS;5288.0;7
39100;BOT_MAKER;BOT_TAKER;VELVETFRUIT_EXTRACT;XIRECS;5281.0;6
39200;BOT_MAKER;BOT_TAKER;HYDROGEL_PACK;XIRECS;9998.0;5
39200;BOT_MAKER;BOT_TAKER;VEV_4000;XIRECS;1248.0;1
39300;BOT_TAKER;BOT_MAKER;VELVETFRUIT_EXTRACT;XIRECS;5290.0;12
39400;BOT_TAKER;BOT_MAKER;VELVETFRUIT_EXTRACT;XIRECS;5291.0;3
39400;BOT_MAKER;BOT_TAKER;VEV_5500;XIRECS;7.0;4
39600;BOT_TAKER;BOT_MAKER;VEV_4000;XIRECS;1269.0;2
39700;BOT_MAKER;BOT_TAKER;HYDROGEL_PACK;XIRECS;10005.0;5
39800;BOT_MAKER;BOT_TAKER;HYDROGEL_PACK;XIRECS;10009.0;2
39900;BOT_TAKER;BOT_MAKER;HYDROGEL_PACK;XIRECS;10023.0;3
39900;BOT_TAKER;BOT_MAKER;VELVETFRUIT_EXTRACT;XIRECS;5290.0;4
40100;BOT_TAKER;BOT_MAKER;VELVETFRUIT_EXTRACT;XIRECS;5291.0;8
40200;BOT_MAKER;BOT_TAKER;HYDROGEL_PACK;XIRECS;10008.0;2
40300;BOT_TAKER;BOT_MAKER;VELVETFRUIT_EXTRACT;XIRECS;5292.0;10
40300;BOT_TAKER;BOT_MAKER;VEV_6000;XIRECS;1.0;2
40400;BOT_MAKER;BOT_TAKER;HYDROGEL_PACK;XIRECS;10008.0;3
40500;BOT_TAKER;BOT_MAKER;HYDROGEL_PACK;XIRECS;10025.0;6
40500;BOT_TAKER;BOT_MAKER;VELVETFRUIT_EXTRACT;XIRECS;5292.0;4
40500;BOT_TAKER;BOT_MAKER;VEV_6500;XIRECS;1.0;4
40600;BOT_MAKER;BOT_TAKER;VELVETFRUIT_EXTRACT;XIRECS;5285.0;8
40800;BOT_MAKER;BOT_TAKER;HYDROGEL_PACK;XIRECS;10010.0;5
40900;BOT_MAKER;BOT_TAKER;HYDROGEL_PACK;XIRECS;10009.0;5
40900;BOT_MAKER;BOT_TAKER;VELVETFRUIT_EXTRACT;XIRECS;5284.0;6
41000;BOT_MAKER;BOT_TAKER;HYDROGEL_PACK;XIRECS;10008.0;6
41000;BOT_TAKER;BOT_MAKER;VELVETFRUIT_EXTRACT;XIRECS;5290.0;6
41000;BOT_MAKER;BOT_TAKER;VEV_6000;XIRECS;0.0;3
41100;BOT_TAKER;BOT_MAKER;VELVETFRUIT_EXTRACT;XIRECS;5290.0;10
41200;BOT_TAKER;BOT_MAKER;VEV_5400;XIRECS;16.0;2
41300;BOT_TAKER;BOT_MAKER;VELVETFRUIT_EXTRACT;XIRECS;5290.0;7
41400;BOT_MAKER;BOT_TAKER;VEV_6500;XIRECS;0.0;5
41600;BOT_MAKER;BOT_TAKER;VELVETFRUIT_EXTRACT;XIRECS;5284.0;7
41800;BOT_MAKER;BOT_TAKER;HYDROGEL_PACK;XIRECS;9998.0;2
41900;BOT_MAKER;BOT_TAKER;VEV_6500;XIRECS;0.0;2
42000;BOT_TAKER;BOT_MAKER;HYDROGEL_PACK;XIRECS;10012.0;2
42000;BOT_MAKER;BOT_TAKER;VELVETFRUIT_EXTRACT;XIRECS;5283.0;10
42100;BOT_TAKER;BOT_MAKER;VELVETFRUIT_EXTRACT;XIRECS;5288.0;5
42100;BOT_MAKER;BOT_TAKER;VEV_6500;XIRECS;0.0;3
42100;BOT_MAKER;BOT_TAKER;VEV_6500;XIRECS;0.0;3
42200;BOT_TAKER;BOT_MAKER;VELVETFRUIT_EXTRACT;XIRECS;5289.0;4
42200;BOT_MAKER;BOT_TAKER;VEV_4000;XIRECS;1250.0;1
42200;BOT_MAKER;BOT_TAKER;VEV_5300;XIRECS;36.0;5
42300;BOT_TAKER;BOT_MAKER;VEV_5500;XIRECS;9.0;4
42500;BOT_TAKER;BOT_MAKER;HYDROGEL_PACK;XIRECS;10010.0;4
42600;BOT_MAKER;BOT_TAKER;HYDROGEL_PACK;XIRECS;9997.0;6
42600;BOT_MAKER;BOT_TAKER;VELVETFRUIT_EXTRACT;XIRECS;5282.0;8
42700;BOT_TAKER;BOT_MAKER;VEV_4000;XIRECS;1268.0;3
42700;BOT_TAKER;BOT_MAKER;VEV_5400;XIRECS;15.0;3
42700;BOT_MAKER;BOT_TAKER;VEV_6000;XIRECS;0.0;5
42700;BOT_TAKER;BOT_MAKER;VEV_6500;XIRECS;1.0;4
42800;BOT_TAKER;BOT_MAKER;VEV_4000;XIRECS;1267.0;1
42900;BOT_MAKER;BOT_TAKER;HYDROGEL_PACK;XIRECS;10000.0;4
42900;BOT_MAKER;BOT_TAKER;VELVETFRUIT_EXTRACT;XIRECS;5287.0;8
43200;BOT_TAKER;BOT_MAKER;VELVETFRUIT_EXTRACT;XIRECS;5290.0;4
43300;BOT_MAKER;BOT_TAKER;HYDROGEL_PACK;XIRECS;9997.0;3
43300;BOT_MAKER;BOT_TAKER;VELVETFRUIT_EXTRACT;XIRECS;5285.0;4
43300;BOT_TAKER;BOT_MAKER;VEV_5400;XIRECS;15.0;4
43300;BOT_MAKER;BOT_TAKER;VEV_6000;XIRECS;0.0;2
43400;BOT_MAKER;BOT_TAKER;VELVETFRUIT_EXTRACT;XIRECS;5286.0;5
43500;BOT_TAKER;BOT_MAKER;VELVETFRUIT_EXTRACT;XIRECS;5292.0;7
43500;BOT_MAKER;BOT_TAKER;VEV_5400;XIRECS;13.0;5
43600;BOT_TAKER;BOT_MAKER;VELVETFRUIT_EXTRACT;XIRECS;5293.0;6
43700;BOT_TAKER;BOT_MAKER;HYDROGEL_PACK;XIRECS;10017.0;3
43700;BOT_MAKER;BOT_TAKER;VEV_6500;XIRECS;0.0;4
43800;BOT_MAKER;BOT_TAKER;VELVETFRUIT_EXTRACT;XIRECS;5287.0;6
43800;BOT_MAKER;BOT_TAKER;VEV_5500;XIRECS;7.0;4
44100;BOT_MAKER;BOT_TAKER;HYDROGEL_PACK;XIRECS;9998.0;6
44100;BOT_TAKER;BOT_MAKER;VELVETFRUIT_EXTRACT;XIRECS;5291.0;3
44200;BOT_TAKER;BOT_MAKER;VELVETFRUIT_EXTRACT;XIRECS;5291.0;3
44200;BOT_MAKER;BOT_TAKER;VEV_6000;XIRECS;0.0;5
44300;BOT_MAKER;BOT_TAKER;HYDROGEL_PACK;XIRECS;9995.0;4
44300;BOT_TAKER;BOT_MAKER;HYDROGEL_PACK;XIRECS;10011.0;6
44300;BOT_TAKER;BOT_MAKER;VEV_4500;XIRECS;747.0;1
44400;BOT_MAKER;BOT_TAKER;VELVETFRUIT_EXTRACT;XIRECS;5285.0;6
44400;BOT_TAKER;BOT_MAKER;VEV_4000;XIRECS;1266.0;3
44400;BOT_MAKER;BOT_TAKER;VEV_5400;XIRECS;13.0;5
44500;BOT_TAKER;BOT_MAKER;VELVETFRUIT_EXTRACT;XIRECS;5291.0;6
44500;BOT_MAKER;BOT_TAKER;VEV_5500;XIRECS;7.0;2
44600;BOT_TAKER;BOT_MAKER;HYDROGEL_PACK;XIRECS;10013.0;4
44800;BOT_MAKER;BOT_TAKER;VEV_4000;XIRECS;1244.0;3
44800;BOT_MAKER;BOT_TAKER;VEV_5500;XIRECS;8.0;2
44800;BOT_TAKER;BOT_MAKER;VEV_6000;XIRECS;1.0;2
45000;BOT_TAKER;BOT_MAKER;VEV_4000;XIRECS;1265.0;2
45100;BOT_MAKER;BOT_TAKER;VELVETFRUIT_EXTRACT;XIRECS;5285.0;7
45200;BOT_MAKER;BOT_TAKER;HYDROGEL_PACK;XIRECS;10004.0;6
45200;BOT_MAKER;BOT_TAKER;VELVETFRUIT_EXTRACT;XIRECS;5284.0;4
45300;BOT_TAKER;BOT_MAKER;VELVETFRUIT_EXTRACT;XIRECS;5289.0;5
45400;BOT_MAKER;BOT_TAKER;VELVETFRUIT_EXTRACT;XIRECS;5284.0;6
45400;BOT_MAKER;BOT_TAKER;VEV_6000;XIRECS;0.0;4
45500;BOT_MAKER;BOT_TAKER;HYDROGEL_PACK;XIRECS;10002.0;2
45600;BOT_MAKER;BOT_TAKER;HYDROGEL_PACK;XIRECS;10001.0;2
45600;BOT_MAKER;BOT_TAKER;VELVETFRUIT_EXTRACT;XIRECS;5283.0;3
45600;BOT_MAKER;BOT_TAKER;VELVETFRUIT_EXTRACT;XIRECS;5283.0;4
45600;BOT_MAKER;BOT_TAKER;VEV_4000;XIRECS;1241.0;3
45700;BOT_TAKER;BOT_MAKER;HYDROGEL_PACK;XIRECS;10018.0;6
45800;BOT_MAKER;BOT_TAKER;VELVETFRUIT_EXTRACT;XIRECS;5280.0;8
45800;BOT_TAKER;BOT_MAKER;VEV_6500;XIRECS;1.0;2
45900;BOT_MAKER;BOT_TAKER;VEV_4000;XIRECS;1239.0;1
46000;BOT_MAKER;BOT_TAKER;HYDROGEL_PACK;XIRECS;10002.0;5
46000;BOT_TAKER;BOT_MAKER;VEV_4000;XIRECS;1262.0;1
46200;BOT_MAKER;BOT_TAKER;HYDROGEL_PACK;XIRECS;10006.0;6
46200;BOT_TAKER;BOT_MAKER;VELVETFRUIT_EXTRACT;XIRECS;5286.0;8
46300;BOT_TAKER;BOT_MAKER;VEV_4000;XIRECS;1262.0;2
46400;BOT_TAKER;BOT_MAKER;VELVETFRUIT_EXTRACT;XIRECS;5286.0;4
46500;BOT_MAKER;BOT_TAKER;HYDROGEL_PACK;XIRECS;10008.0;2
46600;BOT_MAKER;BOT_TAKER;VELVETFRUIT_EXTRACT;XIRECS;5281.0;7
46600;BOT_MAKER;BOT_TAKER;VEV_6000;XIRECS;0.0;4
46700;BOT_TAKER;BOT_MAKER;VELVETFRUIT_EXTRACT;XIRECS;5285.0;5
46700;BOT_TAKER;BOT_MAKER;VEV_4000;XIRECS;1261.0;2
46800;BOT_TAKER;BOT_MAKER;VELVETFRUIT_EXTRACT;XIRECS;5285.0;3
46800;BOT_TAKER;BOT_MAKER;VEV_6000;XIRECS;1.0;2
46900;BOT_MAKER;BOT_TAKER;VELVETFRUIT_EXTRACT;XIRECS;5280.0;11
47000;BOT_MAKER;BOT_TAKER;VEV_4000;XIRECS;1239.0;1
47100;BOT_TAKER;BOT_MAKER;HYDROGEL_PACK;XIRECS;10023.0;6
47200;BOT_TAKER;BOT_MAKER;VELVETFRUIT_EXTRACT;XIRECS;5283.0;5
47200;BOT_MAKER;BOT_TAKER;VEV_6500;XIRECS;0.0;2
47300;BOT_MAKER;BOT_TAKER;HYDROGEL_PACK;XIRECS;10007.0;6
47300;BOT_TAKER;BOT_MAKER;VELVETFRUIT_EXTRACT;XIRECS;5285.0;4
47600;BOT_MAKER;BOT_TAKER;HYDROGEL_PACK;XIRECS;10014.0;6
47600;BOT_MAKER;BOT_TAKER;VEV_6500;XIRECS;0.0;5
47700;BOT_TAKER;BOT_MAKER;HYDROGEL_PACK;XIRECS;10029.0;4
47700;BOT_TAKER;BOT_MAKER;VEV_5500;XIRECS;9.0;5
47700;BOT_MAKER;BOT_TAKER;VEV_6500;XIRECS;0.0;5
47800;BOT_TAKER;BOT_MAKER;HYDROGEL_PACK;XIRECS;10027.0;4
47800;BOT_MAKER;BOT_TAKER;VELVETFRUIT_EXTRACT;XIRECS;5278.0;3
47800;BOT_TAKER;BOT_MAKER;VEV_5300;XIRECS;42.0;2
47900;BOT_MAKER;BOT_TAKER;HYDROGEL_PACK;XIRECS;10012.0;5
47900;BOT_TAKER;BOT_MAKER;VELVETFRUIT_EXTRACT;XIRECS;5282.0;3
47900;BOT_MAKER;BOT_TAKER;VEV_4000;XIRECS;1241.0;2
47900;BOT_MAKER;BOT_TAKER;VEV_5400;XIRECS;14.0;3
47900;BOT_TAKER;BOT_MAKER;VEV_6500;XIRECS;1.0;5
48000;BOT_TAKER;BOT_MAKER;VELVETFRUIT_EXTRACT;XIRECS;5282.0;6
48100;BOT_TAKER;BOT_MAKER;VEV_4000;XIRECS;1262.0;2
48200;BOT_MAKER;BOT_TAKER;VEV_5400;XIRECS;15.0;5
48400;BOT_TAKER;BOT_MAKER;VELVETFRUIT_EXTRACT;XIRECS;5279.0;6
48400;BOT_MAKER;BOT_TAKER;VEV_5300;XIRECS;39.0;2
48500;BOT_MAKER;BOT_TAKER;HYDROGEL_PACK;XIRECS;10015.0;2
48500;BOT_TAKER;BOT_MAKER;VELVETFRUIT_EXTRACT;XIRECS;5280.0;6
48600;BOT_MAKER;BOT_TAKER;VELVETFRUIT_EXTRACT;XIRECS;5274.0;5
48600;BOT_MAKER;BOT_TAKER;VEV_4000;XIRECS;1242.0;1
48600;BOT_TAKER;BOT_MAKER;VEV_5500;XIRECS;9.0;5
48600;BOT_MAKER;BOT_TAKER;VEV_6500;XIRECS;0.0;2
48600;BOT_MAKER;BOT_TAKER;VEV_6500;XIRECS;0.0;2
48700;BOT_TAKER;BOT_MAKER;HYDROGEL_PACK;XIRECS;10033.0;4
48700;BOT_TAKER;BOT_MAKER;VELVETFRUIT_EXTRACT;XIRECS;5279.0;5
48700;BOT_TAKER;BOT_MAKER;VEV_4000;XIRECS;1263.0;3
48800;BOT_TAKER;BOT_MAKER;HYDROGEL_PACK;XIRECS;10030.0;6
48800;BOT_MAKER;BOT_TAKER;VEV_4000;XIRECS;1243.0;3
48800;BOT_MAKER;BOT_TAKER;VEV_5300;XIRECS;40.0;1
48800;BOT_MAKER;BOT_TAKER;VEV_6000;XIRECS;0.0;2
48900;BOT_MAKER;BOT_TAKER;HYDROGEL_PACK;XIRECS;10015.0;5
48900;BOT_TAKER;BOT_MAKER;VELVETFRUIT_EXTRACT;XIRECS;5281.0;5
49000;BOT_TAKER;BOT_MAKER;VEV_5400;XIRECS;17.0;5
49100;BOT_TAKER;BOT_MAKER;HYDROGEL_PACK;XIRECS;10032.0;3
49100;BOT_TAKER;BOT_MAKER;VELVETFRUIT_EXTRACT;XIRECS;5282.0;5
49200;BOT_MAKER;BOT_TAKER;HYDROGEL_PACK;XIRECS;10011.0;4
49200;BOT_TAKER;BOT_MAKER;VELVETFRUIT_EXTRACT;XIRECS;5281.0;4
49200;BOT_MAKER;BOT_TAKER;VEV_5500;XIRECS;8.0;5
49300;BOT_TAKER;BOT_MAKER;HYDROGEL_PACK;XIRECS;10029.0;3
49500;BOT_MAKER;BOT_TAKER;HYDROGEL_PACK;XIRECS;10013.0;2
49500;BOT_MAKER;BOT_TAKER;VELVETFRUIT_EXTRACT;XIRECS;5276.0;9
49600;BOT_MAKER;BOT_TAKER;VELVETFRUIT_EXTRACT;XIRECS;5275.0;8
49700;BOT_TAKER;BOT_MAKER;VELVETFRUIT_EXTRACT;XIRECS;5281.0;5
49900;BOT_TAKER;BOT_MAKER;VELVETFRUIT_EXTRACT;XIRECS;5283.0;5
49900;BOT_MAKER;BOT_TAKER;VEV_4000;XIRECS;1245.0;2
50000;BOT_MAKER;BOT_TAKER;HYDROGEL_PACK;XIRECS;10011.0;2
50000;BOT_TAKER;BOT_MAKER;VELVETFRUIT_EXTRACT;XIRECS;5282.0;3
50000;BOT_TAKER;BOT_MAKER;VELVETFRUIT_EXTRACT;XIRECS;5282.0;5
50000;BOT_MAKER;BOT_TAKER;VEV_5500;XIRECS;8.0;5
50000;BOT_MAKER;BOT_TAKER;VEV_6000;XIRECS;0.0;2
50100;BOT_MAKER;BOT_TAKER;VELVETFRUIT_EXTRACT;XIRECS;5277.0;7
50100;BOT_MAKER;BOT_TAKER;VEV_5300;XIRECS;40.0;2
50100;BOT_MAKER;BOT_TAKER;VEV_6000;XIRECS;0.0;4
50200;BOT_TAKER;BOT_MAKER;VELVETFRUIT_EXTRACT;XIRECS;5281.0;7
50300;BOT_MAKER;BOT_TAKER;VELVETFRUIT_EXTRACT;XIRECS;5277.0;5
50300;BOT_MAKER;BOT_TAKER;VEV_5500;XIRECS;8.0;2
50500;BOT_TAKER;BOT_MAKER;HYDROGEL_PACK;XIRECS;10021.0;4
50500;BOT_TAKER;BOT_MAKER;VELVETFRUIT_EXTRACT;XIRECS;5283.0;8
50500;BOT_TAKER;BOT_MAKER;VEV_6500;XIRECS;1.0;3
50600;BOT_TAKER;BOT_MAKER;HYDROGEL_PACK;XIRECS;10021.0;6
50600;BOT_TAKER;BOT_MAKER;VEV_5400;XIRECS;16.0;3
50800;BOT_MAKER;BOT_TAKER;VEV_6500;XIRECS;0.0;5
50900;BOT_TAKER;BOT_MAKER;HYDROGEL_PACK;XIRECS;10016.0;6
51000;BOT_TAKER;BOT_MAKER;VELVETFRUIT_EXTRACT;XIRECS;5281.0;6
51200;BOT_TAKER;BOT_MAKER;VEV_5500;XIRECS;9.0;3
51400;BOT_MAKER;BOT_TAKER;HYDROGEL_PACK;XIRECS;9996.0;3
51400;BOT_TAKER;BOT_MAKER;VEV_6000;XIRECS;1.0;4
51500;BOT_TAKER;BOT_MAKER;VELVETFRUIT_EXTRACT;XIRECS;5280.0;8
51600;BOT_TAKER;BOT_MAKER;VELVETFRUIT_EXTRACT;XIRECS;5280.0;8
51600;BOT_MAKER;BOT_TAKER;VEV_4000;XIRECS;1253.0;3
51700;BOT_MAKER;BOT_TAKER;HYDROGEL_PACK;XIRECS;9997.0;2
51700;BOT_MAKER;BOT_TAKER;VELVETFRUIT_EXTRACT;XIRECS;5275.0;6
51700;BOT_TAKER;BOT_MAKER;VEV_6000;XIRECS;1.0;4
52100;BOT_TAKER;BOT_MAKER;HYDROGEL_PACK;XIRECS;10013.0;3
52100;BOT_TAKER;BOT_MAKER;VELVETFRUIT_EXTRACT;XIRECS;5278.0;4
52100;BOT_TAKER;BOT_MAKER;VEV_6000;XIRECS;1.0;5
52200;BOT_MAKER;BOT_TAKER;VEV_6500;XIRECS;0.0;5
52400;BOT_TAKER;BOT_MAKER;VEV_5300;XIRECS;43.0;3
52500;BOT_TAKER;BOT_MAKER;HYDROGEL_PACK;XIRECS;10018.0;5
52500;BOT_TAKER;BOT_MAKER;VEV_6500;XIRECS;1.0;3
52700;BOT_TAKER;BOT_MAKER;HYDROGEL_PACK;XIRECS;10021.0;6
52800;BOT_MAKER;BOT_TAKER;HYDROGEL_PACK;XIRECS;10006.0;6
52800;BOT_MAKER;BOT_TAKER;VEV_4000;XIRECS;1261.0;1
53200;BOT_MAKER;BOT_TAKER;VELVETFRUIT_EXTRACT;XIRECS;5268.0;7
53300;BOT_MAKER;BOT_TAKER;VEV_4000;XIRECS;1257.0;2
53300;BOT_MAKER;BOT_TAKER;VEV_5500;XIRECS;8.0;2
53400;BOT_TAKER;BOT_MAKER;VEV_4000;XIRECS;1279.0;2
53500;BOT_TAKER;BOT_MAKER;VELVETFRUIT_EXTRACT;XIRECS;5273.0;3
53500;BOT_TAKER;BOT_MAKER;VEV_4000;XIRECS;1278.0;3
53500;BOT_MAKER;BOT_TAKER;VEV_6000;XIRECS;0.0;4
53700;BOT_MAKER;BOT_TAKER;VELVETFRUIT_EXTRACT;XIRECS;5267.0;7
53900;BOT_TAKER;BOT_MAKER;VELVETFRUIT_EXTRACT;XIRECS;5271.0;8
53900;BOT_MAKER;BOT_TAKER;VELVETFRUIT_EXTRACT;XIRECS;5265.0;8
53900;BOT_TAKER;BOT_MAKER;VEV_6000;XIRECS;1.0;4
54100;BOT_TAKER;BOT_MAKER;VELVETFRUIT_EXTRACT;XIRECS;5270.0;3
54100;BOT_TAKER;BOT_MAKER;VEV_5500;XIRECS;9.0;5
54200;BOT_TAKER;BOT_MAKER;VEV_4000;XIRECS;1281.0;3
54300;BOT_MAKER;BOT_TAKER;HYDROGEL_PACK;XIRECS;10009.0;4
54300;BOT_TAKER;BOT_MAKER;VELVETFRUIT_EXTRACT;XIRECS;5270.0;8
54600;BOT_MAKER;BOT_TAKER;VELVETFRUIT_EXTRACT;XIRECS;5267.0;4
54600;BOT_TAKER;BOT_MAKER;VEV_4000;XIRECS;1281.0;3
54700;BOT_MAKER;BOT_TAKER;HYDROGEL_PACK;XIRECS;10007.0;5
54700;BOT_MAKER;BOT_TAKER;VELVETFRUIT_EXTRACT;XIRECS;5265.0;9
54800;BOT_TAKER;BOT_MAKER;HYDROGEL_PACK;XIRECS;10023.0;4
54800;BOT_TAKER;BOT_MAKER;VEV_5300;XIRECS;41.0;2
54800;BOT_MAKER;BOT_TAKER;VEV_6500;XIRECS;0.0;5
54900;BOT_MAKER;BOT_TAKER;HYDROGEL_PACK;XIRECS;10010.0;2
54900;BOT_TAKER;BOT_MAKER;VELVETFRUIT_EXTRACT;XIRECS;5268.0;8
55000;BOT_MAKER;BOT_TAKER;VELVETFRUIT_EXTRACT;XIRECS;5263.0;4
55300;BOT_TAKER;BOT_MAKER;VEV_4000;XIRECS;1280.0;1
55500;BOT_MAKER;BOT_TAKER;HYDROGEL_PACK;XIRECS;10007.0;6
55500;BOT_TAKER;BOT_MAKER;VEV_4000;XIRECS;1280.0;1
55700;BOT_MAKER;BOT_TAKER;VEV_6500;XIRECS;0.0;4
55900;BOT_TAKER;BOT_MAKER;HYDROGEL_PACK;XIRECS;10020.0;4
56200;BOT_MAKER;BOT_TAKER;VELVETFRUIT_EXTRACT;XIRECS;5262.0;5
56300;BOT_TAKER;BOT_MAKER;VELVETFRUIT_EXTRACT;XIRECS;5267.0;4
56500;BOT_MAKER;BOT_TAKER;VELVETFRUIT_EXTRACT;XIRECS;5259.0;4
56500;BOT_TAKER;BOT_MAKER;VEV_6000;XIRECS;1.0;2
56600;BOT_MAKER;BOT_TAKER;VEV_5400;XIRECS;14.0;4
56700;BOT_MAKER;BOT_TAKER;VELVETFRUIT_EXTRACT;XIRECS;5261.0;5
56800;BOT_TAKER;BOT_MAKER;VELVETFRUIT_EXTRACT;XIRECS;5267.0;7
57000;BOT_MAKER;BOT_TAKER;HYDROGEL_PACK;XIRECS;10003.0;6
57000;BOT_TAKER;BOT_MAKER;VEV_4000;XIRECS;1285.0;2
57000;BOT_TAKER;BOT_MAKER;VEV_6500;XIRECS;1.0;2
57200;BOT_MAKER;BOT_TAKER;HYDROGEL_PACK;XIRECS;10004.0;4
57300;BOT_TAKER;BOT_MAKER;VELVETFRUIT_EXTRACT;XIRECS;5266.0;5
57600;BOT_MAKER;BOT_TAKER;HYDROGEL_PACK;XIRECS;10003.0;3
57600;BOT_MAKER;BOT_TAKER;VELVETFRUIT_EXTRACT;XIRECS;5264.0;7
57600;BOT_MAKER;BOT_TAKER;VEV_4000;XIRECS;1265.0;2
57600;BOT_MAKER;BOT_TAKER;VEV_5500;XIRECS;8.0;5
57700;BOT_MAKER;BOT_TAKER;VELVETFRUIT_EXTRACT;XIRECS;5262.0;5
57800;BOT_TAKER;BOT_MAKER;HYDROGEL_PACK;XIRECS;10018.0;3
57800;BOT_TAKER;BOT_MAKER;VELVETFRUIT_EXTRACT;XIRECS;5266.0;8
58000;BOT_TAKER;BOT_MAKER;HYDROGEL_PACK;XIRECS;10017.0;6
58200;BOT_MAKER;BOT_TAKER;VEV_4000;XIRECS;1269.0;1
58300;BOT_MAKER;BOT_TAKER;HYDROGEL_PACK;XIRECS;9999.0;4
58400;BOT_MAKER;BOT_TAKER;VELVETFRUIT_EXTRACT;XIRECS;5264.0;6
58500;BOT_MAKER;BOT_TAKER;HYDROGEL_PACK;XIRECS;9997.0;5
58500;BOT_MAKER;BOT_TAKER;VELVETFRUIT_EXTRACT;XIRECS;5264.0;8
58700;BOT_TAKER;BOT_MAKER;HYDROGEL_PACK;XIRECS;10009.0;2
58700;BOT_MAKER;BOT_TAKER;VELVETFRUIT_EXTRACT;XIRECS;5266.0;5
58700;BOT_TAKER;BOT_MAKER;VEV_4000;XIRECS;1290.0;2
58800;BOT_MAKER;BOT_TAKER;VELVETFRUIT_EXTRACT;XIRECS;5265.0;3
58800;BOT_MAKER;BOT_TAKER;VEV_6000;XIRECS;0.0;5
58800;BOT_MAKER;BOT_TAKER;VEV_6000;XIRECS;0.0;2
58900;BOT_MAKER;BOT_TAKER;HYDROGEL_PACK;XIRECS;9991.0;3
58900;BOT_TAKER;BOT_MAKER;VELVETFRUIT_EXTRACT;XIRECS;5270.0;10
58900;BOT_TAKER;BOT_MAKER;VEV_6500;XIRECS;1.0;4
59000;BOT_MAKER;BOT_TAKER;HYDROGEL_PACK;XIRECS;9993.0;2
59100;BOT_TAKER;BOT_MAKER;HYDROGEL_PACK;XIRECS;10008.0;2
59200;BOT_MAKER;BOT_TAKER;VELVETFRUIT_EXTRACT;XIRECS;5264.0;8
59300;BOT_MAKER;BOT_TAKER;HYDROGEL_PACK;XIRECS;9992.0;5
59300;BOT_MAKER;BOT_TAKER;VEV_6500;XIRECS;0.0;3
59500;BOT_TAKER;BOT_MAKER;HYDROGEL_PACK;XIRECS;10008.0;3
59500;BOT_TAKER;BOT_MAKER;VEV_4000;XIRECS;1282.0;3
59500;BOT_MAKER;BOT_TAKER;VEV_5300;XIRECS;36.0;4
59600;BOT_TAKER;BOT_MAKER;HYDROGEL_PACK;XIRECS;10010.0;2
59600;BOT_TAKER;BOT_MAKER;VEV_6000;XIRECS;1.0;2
59700;BOT_TAKER;BOT_MAKER;VELVETFRUIT_EXTRACT;XIRECS;5269.0;7
59800;BOT_MAKER;BOT_TAKER;HYDROGEL_PACK;XIRECS;9995.0;4
59900;BOT_MAKER;BOT_TAKER;VELVETFRUIT_EXTRACT;XIRECS;5263.0;4
59900;BOT_MAKER;BOT_TAKER;VELVETFRUIT_EXTRACT;XIRECS;5263.0;6
60100;BOT_TAKER;BOT_MAKER;VELVETFRUIT_EXTRACT;XIRECS;5267.0;5
60100;BOT_TAKER;BOT_MAKER;VEV_4000;XIRECS;1284.0;3
60200;BOT_TAKER;BOT_MAKER;HYDROGEL_PACK;XIRECS;10010.0;6
60200;BOT_MAKER;BOT_TAKER;VELVETFRUIT_EXTRACT;XIRECS;5262.0;8
60300;BOT_MAKER;BOT_TAKER;VEV_5400;XIRECS;14.0;4
60300;BOT_TAKER;BOT_MAKER;VEV_6000;XIRECS;1.0;2
60400;BOT_MAKER;BOT_TAKER;VELVETFRUIT_EXTRACT;XIRECS;5263.0;3
60400;BOT_TAKER;BOT_MAKER;VELVETFRUIT_EXTRACT;XIRECS;5269.0;3
60500;BOT_TAKER;BOT_MAKER;HYDROGEL_PACK;XIRECS;10004.0;3
60600;BOT_MAKER;BOT_TAKER;VELVETFRUIT_EXTRACT;XIRECS;5262.0;6
60700;BOT_MAKER;BOT_TAKER;HYDROGEL_PACK;XIRECS;9984.0;4
60700;BOT_TAKER;BOT_MAKER;VEV_4000;XIRECS;1284.0;2
60800;BOT_MAKER;BOT_TAKER;VEV_5400;XIRECS;13.0;5
60900;BOT_TAKER;BOT_MAKER;VELVETFRUIT_EXTRACT;XIRECS;5266.0;7
61000;BOT_MAKER;BOT_TAKER;VELVETFRUIT_EXTRACT;XIRECS;5262.0;8
61100;BOT_TAKER;BOT_MAKER;VELVETFRUIT_EXTRACT;XIRECS;5267.0;6
61100;BOT_MAKER;BOT_TAKER;VELVETFRUIT_EXTRACT;XIRECS;5262.0;4
61100;BOT_MAKER;BOT_TAKER;VEV_6000;XIRECS;0.0;3
61200;BOT_MAKER;BOT_TAKER;VEV_6000;XIRECS;0.0;2
61300;BOT_TAKER;BOT_MAKER;VELVETFRUIT_EXTRACT;XIRECS;5265.0;3
61300;BOT_MAKER;BOT_TAKER;VEV_5300;XIRECS;39.0;3
61400;BOT_TAKER;BOT_MAKER;HYDROGEL_PACK;XIRECS;10001.0;2
61500;BOT_MAKER;BOT_TAKER;VELVETFRUIT_EXTRACT;XIRECS;5261.0;5
61600;BOT_TAKER;BOT_MAKER;HYDROGEL_PACK;XIRECS;10003.0;5
61600;BOT_MAKER;BOT_TAKER;VEV_5400;XIRECS;13.0;4
61700;BOT_MAKER;BOT_TAKER;VEV_5300;XIRECS;39.0;1
61800;BOT_TAKER;BOT_MAKER;HYDROGEL_PACK;XIRECS;10005.0;6
61800;BOT_MAKER;BOT_TAKER;VELVETFRUIT_EXTRACT;XIRECS;5261.0;6
61900;BOT_TAKER;BOT_MAKER;VELVETFRUIT_EXTRACT;XIRECS;5266.0;7
62000;BOT_TAKER;BOT_MAKER;VELVETFRUIT_EXTRACT;XIRECS;5266.0;3
62000;BOT_TAKER;BOT_MAKER;VEV_6500;XIRECS;1.0;4
62200;BOT_TAKER;BOT_MAKER;VEV_6500;XIRECS;1.0;4
62300;BOT_MAKER;BOT_TAKER;VELVETFRUIT_EXTRACT;XIRECS;5261.0;8
62300;BOT_TAKER;BOT_MAKER;VEV_4000;XIRECS;1286.0;2
62500;BOT_TAKER;BOT_MAKER;VEV_6000;XIRECS;1.0;2
62600;BOT_TAKER;BOT_MAKER;HYDROGEL_PACK;XIRECS;10011.0;5
62600;BOT_TAKER;BOT_MAKER;VEV_5400;XIRECS;16.0;2
62700;BOT_TAKER;BOT_MAKER;VEV_4000;XIRECS;1290.0;1
62700;BOT_MAKER;BOT_TAKER;VEV_5500;XIRECS;9.0;5
62900;BOT_TAKER;BOT_MAKER;VEV_4000;XIRECS;1290.0;3
62900;BOT_TAKER;BOT_MAKER;VEV_6500;XIRECS;1.0;2
63000;BOT_TAKER;BOT_MAKER;VEV_4000;XIRECS;1289.0;2
63000;BOT_TAKER;BOT_MAKER;VEV_6000;XIRECS;1.0;4
63100;BOT_TAKER;BOT_MAKER;HYDROGEL_PACK;XIRECS;10009.0;3
63100;BOT_MAKER;BOT_TAKER;VELVETFRUIT_EXTRACT;XIRECS;5257.0;3
63100;BOT_TAKER;BOT_MAKER;VELVETFRUIT_EXTRACT;XIRECS;5263.0;8
63100;BOT_TAKER;BOT_MAKER;VEV_5500;XIRECS;10.0;2
63200;BOT_TAKER;BOT_MAKER;HYDROGEL_PACK;XIRECS;10010.0;2
63400;BOT_TAKER;BOT_MAKER;VELVETFRUIT_EXTRACT;XIRECS;5263.0;14
63800;BOT_TAKER;BOT_MAKER;HYDROGEL_PACK;XIRECS;10001.0;5
63800;BOT_TAKER;BOT_MAKER;VEV_5500;XIRECS;10.0;2
63900;BOT_TAKER;BOT_MAKER;HYDROGEL_PACK;XIRECS;9997.0;4
63900;BOT_MAKER;BOT_TAKER;VELVETFRUIT_EXTRACT;XIRECS;5255.0;3
63900;BOT_MAKER;BOT_TAKER;VEV_5500;XIRECS;8.0;4
63900;BOT_MAKER;BOT_TAKER;VEV_6000;XIRECS;0.0;3
63900;BOT_MAKER;BOT_TAKER;VEV_6500;XIRECS;0.0;3
64000;BOT_TAKER;BOT_MAKER;VEV_5400;XIRECS;15.0;5
64100;BOT_TAKER;BOT_MAKER;HYDROGEL_PACK;XIRECS;9998.0;6
64100;BOT_MAKER;BOT_TAKER;VELVETFRUIT_EXTRACT;XIRECS;5255.0;6
64200;BOT_MAKER;BOT_TAKER;VEV_4000;XIRECS;1267.0;1
64200;BOT_TAKER;BOT_MAKER;VEV_6000;XIRECS;1.0;4
64300;BOT_MAKER;BOT_TAKER;VELVETFRUIT_EXTRACT;XIRECS;5256.0;8
64400;BOT_MAKER;BOT_TAKER;HYDROGEL_PACK;XIRECS;9987.0;3
64500;BOT_TAKER;BOT_MAKER;VELVETFRUIT_EXTRACT;XIRECS;5264.0;4
64700;BOT_MAKER;BOT_TAKER;VELVETFRUIT_EXTRACT;XIRECS;5258.0;5
64700;BOT_MAKER;BOT_TAKER;VEV_5500;XIRECS;8.0;2
64800;BOT_MAKER;BOT_TAKER;HYDROGEL_PACK;XIRECS;9987.0;2
64900;BOT_MAKER;BOT_TAKER;HYDROGEL_PACK;XIRECS;9988.0;3
65000;BOT_TAKER;BOT_MAKER;VELVETFRUIT_EXTRACT;XIRECS;5265.0;5
65000;BOT_MAKER;BOT_TAKER;VEV_5400;XIRECS;13.0;3
65200;BOT_TAKER;BOT_MAKER;HYDROGEL_PACK;XIRECS;10004.0;2
65200;BOT_TAKER;BOT_MAKER;VEV_5300;XIRECS;39.0;4
65300;BOT_TAKER;BOT_MAKER;HYDROGEL_PACK;XIRECS;10004.0;5
65300;BOT_MAKER;BOT_TAKER;VEV_5400;XIRECS;13.0;2
65300;BOT_MAKER;BOT_TAKER;VEV_5500;XIRECS;8.0;3
65500;BOT_MAKER;BOT_TAKER;VEV_4000;XIRECS;1268.0;2
65600;BOT_MAKER;BOT_TAKER;VEV_4000;XIRECS;1268.0;3
65700;BOT_TAKER;BOT_MAKER;VEV_5500;XIRECS;10.0;5
65800;BOT_TAKER;BOT_MAKER;VEV_5500;XIRECS;10.0;4
65900;BOT_TAKER;BOT_MAKER;VELVETFRUIT_EXTRACT;XIRECS;5265.0;6
65900;BOT_TAKER;BOT_MAKER;VELVETFRUIT_EXTRACT;XIRECS;5265.0;8
65900;BOT_MAKER;BOT_TAKER;VEV_6000;XIRECS;0.0;4
66000;BOT_MAKER;BOT_TAKER;HYDROGEL_PACK;XIRECS;9985.0;4
66100;BOT_TAKER;BOT_MAKER;HYDROGEL_PACK;XIRECS;10002.0;4
66100;BOT_MAKER;BOT_TAKER;VELVETFRUIT_EXTRACT;XIRECS;5262.0;5
66200;BOT_TAKER;BOT_MAKER;VELVETFRUIT_EXTRACT;XIRECS;5266.0;11
66300;BOT_TAKER;BOT_MAKER;HYDROGEL_PACK;XIRECS;10002.0;2
66400;BOT_TAKER;BOT_MAKER;VELVETFRUIT_EXTRACT;XIRECS;5266.0;8
66500;BOT_MAKER;BOT_TAKER;VELVETFRUIT_EXTRACT;XIRECS;5258.0;3
66500;BOT_MAKER;BOT_TAKER;VEV_5400;XIRECS;14.0;3
66600;BOT_MAKER;BOT_TAKER;VELVETFRUIT_EXTRACT;XIRECS;5258.0;7
66600;BOT_MAKER;BOT_TAKER;VEV_4000;XIRECS;1261.0;3
66700;BOT_TAKER;BOT_MAKER;HYDROGEL_PACK;XIRECS;10002.0;5
66900;BOT_TAKER;BOT_MAKER;HYDROGEL_PACK;XIRECS;10004.0;2
66900;BOT_MAKER;BOT_TAKER;VELVETFRUIT_EXTRACT;XIRECS;5260.0;7
67000;BOT_MAKER;BOT_TAKER;HYDROGEL_PACK;XIRECS;9990.0;6
67000;BOT_MAKER;BOT_TAKER;VELVETFRUIT_EXTRACT;XIRECS;5259.0;5
67100;BOT_TAKER;BOT_MAKER;VELVETFRUIT_EXTRACT;XIRECS;5265.0;8
67100;BOT_MAKER;BOT_TAKER;VEV_6500;XIRECS;0.0;3
67200;BOT_MAKER;BOT_TAKER;VELVETFRUIT_EXTRACT;XIRECS;5257.0;12
67200;BOT_TAKER;BOT_MAKER;VELVETFRUIT_EXTRACT;XIRECS;5262.0;7
67300;BOT_TAKER;BOT_MAKER;HYDROGEL_PACK;XIRECS;10008.0;4
67400;BOT_TAKER;BOT_MAKER;HYDROGEL_PACK;XIRECS;10011.0;3
67400;BOT_TAKER;BOT_MAKER;VELVETFRUIT_EXTRACT;XIRECS;5264.0;6
67400;BOT_TAKER;BOT_MAKER;VEV_4000;XIRECS;1286.0;2
67400;BOT_TAKER;BOT_MAKER;VEV_5400;XIRECS;15.0;5
67500;BOT_TAKER;BOT_MAKER;HYDROGEL_PACK;XIRECS;10012.0;2
67500;BOT_TAKER;BOT_MAKER;VELVETFRUIT_EXTRACT;XIRECS;5264.0;4
67600;BOT_MAKER;BOT_TAKER;VELVETFRUIT_EXTRACT;XIRECS;5258.0;3
67700;BOT_MAKER;BOT_TAKER;VEV_4000;XIRECS;1268.0;2
67700;BOT_TAKER;BOT_MAKER;VEV_5300;XIRECS;40.0;3
67800;BOT_TAKER;BOT_MAKER;VELVETFRUIT_EXTRACT;XIRECS;5261.0;7
67800;BOT_TAKER;BOT_MAKER;VEV_5400;XIRECS;13.0;5
67900;BOT_MAKER;BOT_TAKER;VELVETFRUIT_EXTRACT;XIRECS;5256.0;4
68000;BOT_TAKER;BOT_MAKER;VEV_4000;XIRECS;1286.0;2
68000;BOT_MAKER;BOT_TAKER;VEV_5500;XIRECS;9.0;5
68100;BOT_MAKER;BOT_TAKER;HYDROGEL_PACK;XIRECS;9998.0;6
68100;BOT_TAKER;BOT_MAKER;VEV_5300;XIRECS;41.0;2
68100;BOT_TAKER;BOT_MAKER;VEV_5400;XIRECS;13.0;4
68200;BOT_TAKER;BOT_MAKER;HYDROGEL_PACK;XIRECS;10010.0;4
68300;BOT_MAKER;BOT_TAKER;HYDROGEL_PACK;XIRECS;9994.0;4
68400;BOT_MAKER;BOT_TAKER;VEV_5500;XIRECS;9.0;3
68500;BOT_MAKER;BOT_TAKER;HYDROGEL_PACK;XIRECS;9996.0;5
68500;BOT_TAKER;BOT_MAKER;VELVETFRUIT_EXTRACT;XIRECS;5261.0;3
68500;BOT_MAKER;BOT_TAKER;VEV_5400;XIRECS;12.0;3
68600;BOT_MAKER;BOT_TAKER;HYDROGEL_PACK;XIRECS;9995.0;6
68600;BOT_TAKER;BOT_MAKER;VEV_6000;XIRECS;1.0;2
68700;BOT_TAKER;BOT_MAKER;VELVETFRUIT_EXTRACT;XIRECS;5260.0;7
68700;BOT_MAKER;BOT_TAKER;VEV_5300;XIRECS;41.0;4
68700;BOT_MAKER;BOT_TAKER;VEV_6000;XIRECS;0.0;2
68800;BOT_TAKER;BOT_MAKER;VELVETFRUIT_EXTRACT;XIRECS;5261.0;8
68800;BOT_MAKER;BOT_TAKER;VEV_4000;XIRECS;1265.0;3
68900;BOT_MAKER;BOT_TAKER;VEV_6500;XIRECS;0.0;2
69000;BOT_TAKER;BOT_MAKER;HYDROGEL_PACK;XIRECS;10010.0;4
69000;BOT_TAKER;BOT_MAKER;VEV_5500;XIRECS;10.0;2
69000;BOT_MAKER;BOT_TAKER;VEV_6000;XIRECS;0.0;5
69100;BOT_TAKER;BOT_MAKER;HYDROGEL_PACK;XIRECS;10011.0;3
69100;BOT_MAKER;BOT_TAKER;VELVETFRUIT_EXTRACT;XIRECS;5256.0;3
69300;BOT_TAKER;BOT_MAKER;HYDROGEL_PACK;XIRECS;10007.0;2
69300;BOT_TAKER;BOT_MAKER;VELVETFRUIT_EXTRACT;XIRECS;5261.0;3
69300;BOT_TAKER;BOT_MAKER;VEV_4000;XIRECS;1286.0;1
69400;BOT_TAKER;BOT_MAKER;VELVETFRUIT_EXTRACT;XIRECS;5261.0;8
69400;BOT_MAKER;BOT_TAKER;VEV_5500;XIRECS;9.0;4
69500;BOT_MAKER;BOT_TAKER;VELVETFRUIT_EXTRACT;XIRECS;5258.0;5
69500;BOT_TAKER;BOT_MAKER;VEV_4000;XIRECS;1289.0;3
69600;BOT_MAKER;BOT_TAKER;VELVETFRUIT_EXTRACT;XIRECS;5257.0;4
69600;BOT_MAKER;BOT_TAKER;VEV_6000;XIRECS;0.0;5
69600;BOT_MAKER;BOT_TAKER;VEV_6500;XIRECS;0.0;3
69700;BOT_MAKER;BOT_TAKER;VEV_5500;XIRECS;9.0;4
69800;BOT_MAKER;BOT_TAKER;HYDROGEL_PACK;XIRECS;9986.0;3
69800;BOT_TAKER;BOT_MAKER;VEV_6000;XIRECS;1.0;3
69900;BOT_TAKER;BOT_MAKER;VELVETFRUIT_EXTRACT;XIRECS;5263.0;6
70000;BOT_MAKER;BOT_TAKER;VELVETFRUIT_EXTRACT;XIRECS;5259.0;7
70100;BOT_TAKER;BOT_MAKER;HYDROGEL_PACK;XIRECS;9999.0;3
70100;BOT_TAKER;BOT_MAKER;VELVETFRUIT_EXTRACT;XIRECS;5263.0;6
70100;BOT_TAKER;BOT_MAKER;VEV_4000;XIRECS;1290.0;2
70100;BOT_TAKER;BOT_MAKER;VEV_5500;XIRECS;11.0;2
70300;BOT_MAKER;BOT_TAKER;VEV_5300;XIRECS;41.0;4
70300;BOT_MAKER;BOT_TAKER;VEV_6500;XIRECS;0.0;2
70400;BOT_TAKER;BOT_MAKER;VEV_6000;XIRECS;1.0;3
70500;BOT_MAKER;BOT_TAKER;HYDROGEL_PACK;XIRECS;9985.0;6
70600;BOT_MAKER;BOT_TAKER;HYDROGEL_PACK;XIRECS;9987.0;3
70700;BOT_TAKER;BOT_MAKER;VELVETFRUIT_EXTRACT;XIRECS;5262.0;4
70700;BOT_MAKER;BOT_TAKER;VEV_5400;XIRECS;12.0;5
70800;BOT_TAKER;BOT_MAKER;VELVETFRUIT_EXTRACT;XIRECS;5262.0;5
70800;BOT_MAKER;BOT_TAKER;VEV_4000;XIRECS;1269.0;2
70900;BOT_TAKER;BOT_MAKER;VELVETFRUIT_EXTRACT;XIRECS;5263.0;6
70900;BOT_TAKER;BOT_MAKER;VEV_4000;XIRECS;1291.0;3
71000;BOT_TAKER;BOT_MAKER;VELVETFRUIT_EXTRACT;XIRECS;5263.0;5
71000;BOT_MAKER;BOT_TAKER;VEV_4000;XIRECS;1270.0;1
71100;BOT_MAKER;BOT_TAKER;HYDROGEL_PACK;XIRECS;9986.0;3
71100;BOT_MAKER;BOT_TAKER;VELVETFRUIT_EXTRACT;XIRECS;5257.0;3
71100;BOT_TAKER;BOT_MAKER;VEV_5400;XIRECS;13.0;2
71100;BOT_TAKER;BOT_MAKER;VEV_6500;XIRECS;1.0;5
71200;BOT_TAKER;BOT_MAKER;HYDROGEL_PACK;XIRECS;10008.0;3
71200;BOT_MAKER;BOT_TAKER;VEV_4000;XIRECS;1273.0;1
71200;BOT_TAKER;BOT_MAKER;VEV_5400;XIRECS;14.0;2
71200;BOT_TAKER;BOT_MAKER;VEV_5500;XIRECS;10.0;2
71300;BOT_MAKER;BOT_TAKER;VELVETFRUIT_EXTRACT;XIRECS;5257.0;8
71300;BOT_MAKER;BOT_TAKER;VEV_6500;XIRECS;0.0;4
71400;BOT_TAKER;BOT_MAKER;VEV_5400;XIRECS;14.0;2
71500;BOT_TAKER;BOT_MAKER;VEV_5400;XIRECS;13.0;3
71600;BOT_MAKER;BOT_TAKER;VEV_5500;XIRECS;9.0;2
71700;BOT_MAKER;BOT_TAKER;VELVETFRUIT_EXTRACT;XIRECS;5257.0;3
71900;BOT_TAKER;BOT_MAKER;VELVETFRUIT_EXTRACT;XIRECS;5262.0;8
72100;BOT_MAKER;BOT_TAKER;VEV_5500;XIRECS;9.0;4
72200;BOT_MAKER;BOT_TAKER;VEV_5500;XIRECS;9.0;3
72300;BOT_TAKER;BOT_MAKER;HYDROGEL_PACK;XIRECS;10012.0;4
72300;BOT_TAKER;BOT_MAKER;VELVETFRUIT_EXTRACT;XIRECS;5262.0;13
72400;BOT_TAKER;BOT_MAKER;VELVETFRUIT_EXTRACT;XIRECS;5263.0;4
72600;BOT_MAKER;BOT_TAKER;HYDROGEL_PACK;XIRECS;9992.0;4
72600;BOT_TAKER;BOT_MAKER;VELVETFRUIT_EXTRACT;XIRECS;5263.0;6
72700;BOT_MAKER;BOT_TAKER;VEV_6500;XIRECS;0.0;5
72800;BOT_MAKER;BOT_TAKER;HYDROGEL_PACK;XIRECS;9990.0;2
72800;BOT_TAKER;BOT_MAKER;VELVETFRUIT_EXTRACT;XIRECS;5263.0;5
73100;BOT_MAKER;BOT_TAKER;HYDROGEL_PACK;XIRECS;9989.0;5
73100;BOT_MAKER;BOT_TAKER;VELVETFRUIT_EXTRACT;XIRECS;5259.0;5
73200;BOT_MAKER;BOT_TAKER;VEV_5400;XIRECS;13.0;2
73300;BOT_TAKER;BOT_MAKER;HYDROGEL_PACK;XIRECS;10007.0;2
73300;BOT_TAKER;BOT_MAKER;VELVETFRUIT_EXTRACT;XIRECS;5264.0;7
73500;BOT_MAKER;BOT_TAKER;VELVETFRUIT_EXTRACT;XIRECS;5259.0;8
73500;BOT_MAKER;BOT_TAKER;VELVETFRUIT_EXTRACT;XIRECS;5259.0;6
73600;BOT_TAKER;BOT_MAKER;VELVETFRUIT_EXTRACT;XIRECS;5264.0;5
73700;BOT_MAKER;BOT_TAKER;VELVETFRUIT_EXTRACT;XIRECS;5257.0;7
73800;BOT_TAKER;BOT_MAKER;VELVETFRUIT_EXTRACT;XIRECS;5264.0;6
73800;BOT_MAKER;BOT_TAKER;VELVETFRUIT_EXTRACT;XIRECS;5259.0;7
73800;BOT_MAKER;BOT_TAKER;VEV_5400;XIRECS;12.0;2
73800;BOT_TAKER;BOT_MAKER;VEV_6500;XIRECS;1.0;3
74100;BOT_TAKER;BOT_MAKER;HYDROGEL_PACK;XIRECS;10006.0;6
74200;BOT_MAKER;BOT_TAKER;VELVETFRUIT_EXTRACT;XIRECS;5256.0;14
74300;BOT_TAKER;BOT_MAKER;HYDROGEL_PACK;XIRECS;10005.0;4
74300;BOT_MAKER;BOT_TAKER;VELVETFRUIT_EXTRACT;XIRECS;5258.0;8
74300;BOT_TAKER;BOT_MAKER;VEV_4000;XIRECS;1295.0;1
74400;BOT_MAKER;BOT_TAKER;VELVETFRUIT_EXTRACT;XIRECS;5256.0;4
74500;BOT_MAKER;BOT_TAKER;HYDROGEL_PACK;XIRECS;9990.0;4
74500;BOT_MAKER;BOT_TAKER;VEV_4000;XIRECS;1271.0;3
74600;BOT_TAKER;BOT_MAKER;VEV_5500;XIRECS;11.0;2
74700;BOT_MAKER;BOT_TAKER;VELVETFRUIT_EXTRACT;XIRECS;5261.0;5
74700;BOT_TAKER;BOT_MAKER;VEV_6500;XIRECS;1.0;5
74800;BOT_MAKER;BOT_TAKER;VELVETFRUIT_EXTRACT;XIRECS;5259.0;10
74900;BOT_TAKER;BOT_MAKER;HYDROGEL_PACK;XIRECS;10007.0;2
74900;BOT_TAKER;BOT_MAKER;VELVETFRUIT_EXTRACT;XIRECS;5263.0;7
74900;BOT_MAKER;BOT_TAKER;VELVETFRUIT_EXTRACT;XIRECS;5258.0;8
75000;BOT_TAKER;BOT_MAKER;HYDROGEL_PACK;XIRECS;10005.0;5
75100;BOT_MAKER;BOT_TAKER;VELVETFRUIT_EXTRACT;XIRECS;5256.0;4
75200;BOT_MAKER;BOT_TAKER;VELVETFRUIT_EXTRACT;XIRECS;5256.0;8
75200;BOT_TAKER;BOT_MAKER;VEV_5400;XIRECS;14.0;4
75300;BOT_MAKER;BOT_TAKER;HYDROGEL_PACK;XIRECS;9995.0;6
75300;BOT_TAKER;BOT_MAKER;VEV_4000;XIRECS;1293.0;3
75300;BOT_TAKER;BOT_MAKER;VEV_6500;XIRECS;1.0;5
75400;BOT_MAKER;BOT_TAKER;VELVETFRUIT_EXTRACT;XIRECS;5254.0;10
75400;BOT_TAKER;BOT_MAKER;VEV_5500;XIRECS;11.0;3
75500;BOT_MAKER;BOT_TAKER;HYDROGEL_PACK;XIRECS;9993.0;5
75500;BOT_TAKER;BOT_MAKER;VELVETFRUIT_EXTRACT;XIRECS;5260.0;5
75500;BOT_MAKER;BOT_TAKER;VEV_5300;XIRECS;36.0;4
75600;BOT_TAKER;BOT_MAKER;VEV_6500;XIRECS;1.0;2
75700;BOT_MAKER;BOT_TAKER;VELVETFRUIT_EXTRACT;XIRECS;5255.0;8
75700;BOT_MAKER;BOT_TAKER;VEV_6000;XIRECS;0.0;4
76000;BOT_TAKER;BOT_MAKER;HYDROGEL_PACK;XIRECS;10006.0;5
76000;BOT_TAKER;BOT_MAKER;VEV_4000;XIRECS;1292.0;2
76000;BOT_TAKER;BOT_MAKER;VEV_4000;XIRECS;1292.0;1
76000;BOT_TAKER;BOT_MAKER;VEV_5300;XIRECS;38.0;4
76100;BOT_TAKER;BOT_MAKER;VEV_4000;XIRECS;1293.0;3
76200;BOT_MAKER;BOT_TAKER;VELVETFRUIT_EXTRACT;XIRECS;5259.0;7
76400;BOT_MAKER;BOT_TAKER;HYDROGEL_PACK;XIRECS;9991.0;6
76500;BOT_MAKER;BOT_TAKER;VEV_4000;XIRECS;1272.0;1
76700;BOT_MAKER;BOT_TAKER;VELVETFRUIT_EXTRACT;XIRECS;5261.0;7
76800;BOT_MAKER;BOT_TAKER;VELVETFRUIT_EXTRACT;XIRECS;5263.0;5
76900;BOT_TAKER;BOT_MAKER;VEV_5500;XIRECS;11.0;5
77100;BOT_MAKER;BOT_TAKER;VELVETFRUIT_EXTRACT;XIRECS;5263.0;4
77100;BOT_MAKER;BOT_TAKER;VEV_5300;XIRECS;38.0;5
77200;BOT_TAKER;BOT_MAKER;VELVETFRUIT_EXTRACT;XIRECS;5267.0;5
77300;BOT_TAKER;BOT_MAKER;HYDROGEL_PACK;XIRECS;10005.0;2
77400;BOT_MAKER;BOT_TAKER;VELVETFRUIT_EXTRACT;XIRECS;5262.0;3
77500;BOT_TAKER;BOT_MAKER;VEV_4000;XIRECS;1292.0;3
77500;BOT_MAKER;BOT_TAKER;VEV_6000;XIRECS;0.0;2
77600;BOT_MAKER;BOT_TAKER;HYDROGEL_PACK;XIRECS;9985.0;4
77600;BOT_TAKER;BOT_MAKER;VEV_5400;XIRECS;13.0;3
77800;BOT_MAKER;BOT_TAKER;HYDROGEL_PACK;XIRECS;9983.0;4
77800;BOT_MAKER;BOT_TAKER;VEV_6500;XIRECS;0.0;5
77900;BOT_MAKER;BOT_TAKER;HYDROGEL_PACK;XIRECS;9981.0;3
77900;BOT_TAKER;BOT_MAKER;VEV_6500;XIRECS;1.0;4
78000;BOT_MAKER;BOT_TAKER;HYDROGEL_PACK;XIRECS;9983.0;5
78000;BOT_MAKER;BOT_TAKER;VEV_4000;XIRECS;1269.0;3
78100;BOT_TAKER;BOT_MAKER;VELVETFRUIT_EXTRACT;XIRECS;5265.0;8
78200;BOT_MAKER;BOT_TAKER;VELVETFRUIT_EXTRACT;XIRECS;5262.0;7
78300;BOT_TAKER;BOT_MAKER;HYDROGEL_PACK;XIRECS;9992.0;5
78300;BOT_MAKER;BOT_TAKER;VELVETFRUIT_EXTRACT;XIRECS;5261.0;5
78500;BOT_MAKER;BOT_TAKER;VELVETFRUIT_EXTRACT;XIRECS;5261.0;7
78600;BOT_TAKER;BOT_MAKER;VELVETFRUIT_EXTRACT;XIRECS;5266.0;3
78600;BOT_TAKER;BOT_MAKER;VEV_6000;XIRECS;1.0;3
78600;BOT_MAKER;BOT_TAKER;VEV_6500;XIRECS;0.0;3
78800;BOT_TAKER;BOT_MAKER;HYDROGEL_PACK;XIRECS;9990.0;5
78800;BOT_TAKER;BOT_MAKER;VELVETFRUIT_EXTRACT;XIRECS;5264.0;10
78800;BOT_TAKER;BOT_MAKER;VELVETFRUIT_EXTRACT;XIRECS;5264.0;3
79000;BOT_MAKER;BOT_TAKER;HYDROGEL_PACK;XIRECS;9974.0;4
79000;BOT_TAKER;BOT_MAKER;VEV_5500;XIRECS;11.0;5
79100;BOT_MAKER;BOT_TAKER;VELVETFRUIT_EXTRACT;XIRECS;5257.0;5
79100;BOT_MAKER;BOT_TAKER;VEV_6500;XIRECS;0.0;4
79200;BOT_TAKER;BOT_MAKER;VELVETFRUIT_EXTRACT;XIRECS;5264.0;7
79200;BOT_TAKER;BOT_MAKER;VELVETFRUIT_EXTRACT;XIRECS;5264.0;7
79400;BOT_MAKER;BOT_TAKER;VELVETFRUIT_EXTRACT;XIRECS;5260.0;3
79400;BOT_TAKER;BOT_MAKER;VEV_5500;XIRECS;11.0;2
79500;BOT_TAKER;BOT_MAKER;VEV_6000;XIRECS;1.0;5
79700;BOT_MAKER;BOT_TAKER;VELVETFRUIT_EXTRACT;XIRECS;5261.0;8
79800;BOT_TAKER;BOT_MAKER;HYDROGEL_PACK;XIRECS;9989.0;4
79800;BOT_TAKER;BOT_MAKER;VELVETFRUIT_EXTRACT;XIRECS;5265.0;8
80000;BOT_MAKER;BOT_TAKER;VEV_6000;XIRECS;0.0;5
80100;BOT_MAKER;BOT_TAKER;VELVETFRUIT_EXTRACT;XIRECS;5260.0;3
80100;BOT_TAKER;BOT_MAKER;VEV_4000;XIRECS;1291.0;1
80200;BOT_TAKER;BOT_MAKER;HYDROGEL_PACK;XIRECS;9989.0;3
80200;BOT_MAKER;BOT_TAKER;VEV_4000;XIRECS;1269.0;1
80500;BOT_MAKER;BOT_TAKER;HYDROGEL_PACK;XIRECS;9971.0;2
80600;BOT_MAKER;BOT_TAKER;VELVETFRUIT_EXTRACT;XIRECS;5260.0;6
80600;BOT_MAKER;BOT_TAKER;VEV_4000;XIRECS;1269.0;2
80700;BOT_TAKER;BOT_MAKER;HYDROGEL_PACK;XIRECS;9986.0;4
80700;BOT_MAKER;BOT_TAKER;VEV_5200;XIRECS;88.0;2
80700;BOT_MAKER;BOT_TAKER;VEV_5400;XIRECS;11.0;2
80700;BOT_MAKER;BOT_TAKER;VEV_5500;XIRECS;9.0;4
80700;BOT_TAKER;BOT_MAKER;VEV_6000;XIRECS;1.0;2
80700;BOT_TAKER;BOT_MAKER;VEV_6000;XIRECS;1.0;4
80800;BOT_TAKER;BOT_MAKER;VELVETFRUIT_EXTRACT;XIRECS;5265.0;6
80800;BOT_TAKER;BOT_MAKER;VEV_6000;XIRECS;1.0;4
80900;BOT_MAKER;BOT_TAKER;HYDROGEL_PACK;XIRECS;9973.0;2
81000;BOT_TAKER;BOT_MAKER;VEV_6500;XIRECS;1.0;4
81100;BOT_TAKER;BOT_MAKER;HYDROGEL_PACK;XIRECS;9990.0;3
81100;BOT_MAKER;BOT_TAKER;VELVETFRUIT_EXTRACT;XIRECS;5260.0;7
81200;BOT_MAKER;BOT_TAKER;VELVETFRUIT_EXTRACT;XIRECS;5261.0;7
81200;BOT_TAKER;BOT_MAKER;VEV_4000;XIRECS;1292.0;2
81300;BOT_MAKER;BOT_TAKER;HYDROGEL_PACK;XIRECS;9969.0;2
81400;BOT_TAKER;BOT_MAKER;VELVETFRUIT_EXTRACT;XIRECS;5266.0;7
81600;BOT_TAKER;BOT_MAKER;HYDROGEL_PACK;XIRECS;9983.0;5
81600;BOT_TAKER;BOT_MAKER;VELVETFRUIT_EXTRACT;XIRECS;5264.0;3
81600;BOT_TAKER;BOT_MAKER;VEV_6500;XIRECS;1.0;4
81700;BOT_MAKER;BOT_TAKER;VELVETFRUIT_EXTRACT;XIRECS;5260.0;4
81800;BOT_TAKER;BOT_MAKER;VELVETFRUIT_EXTRACT;XIRECS;5264.0;9
81900;BOT_MAKER;BOT_TAKER;VEV_5300;XIRECS;41.0;4
82100;BOT_TAKER;BOT_MAKER;HYDROGEL_PACK;XIRECS;9987.0;6
82100;BOT_TAKER;BOT_MAKER;VEV_6000;XIRECS;1.0;4
82200;BOT_MAKER;BOT_TAKER;HYDROGEL_PACK;XIRECS;9970.0;2
82200;BOT_MAKER;BOT_TAKER;VEV_5400;XIRECS;11.0;5
82300;BOT_MAKER;BOT_TAKER;HYDROGEL_PACK;XIRECS;9965.0;5
82300;BOT_TAKER;BOT_MAKER;VELVETFRUIT_EXTRACT;XIRECS;5270.0;8
82500;BOT_MAKER;BOT_TAKER;VELVETFRUIT_EXTRACT;XIRECS;5263.0;4
82500;BOT_TAKER;BOT_MAKER;VEV_4000;XIRECS;1290.0;3
82700;BOT_MAKER;BOT_TAKER;HYDROGEL_PACK;XIRECS;9970.0;2
82800;BOT_MAKER;BOT_TAKER;VEV_5500;XIRECS;9.0;2
82900;BOT_MAKER;BOT_TAKER;HYDROGEL_PACK;XIRECS;9972.0;4
82900;BOT_MAKER;BOT_TAKER;VELVETFRUIT_EXTRACT;XIRECS;5262.0;7
83000;BOT_TAKER;BOT_MAKER;VELVETFRUIT_EXTRACT;XIRECS;5267.0;8
83100;BOT_TAKER;BOT_MAKER;VEV_6500;XIRECS;1.0;4
83200;BOT_MAKER;BOT_TAKER;VEV_5500;XIRECS;9.0;5
83300;BOT_TAKER;BOT_MAKER;HYDROGEL_PACK;XIRECS;9988.0;2
83300;BOT_TAKER;BOT_MAKER;VEV_6500;XIRECS;1.0;2
83400;BOT_TAKER;BOT_MAKER;VEV_6500;XIRECS;1.0;4
83500;BOT_MAKER;BOT_TAKER;HYDROGEL_PACK;XIRECS;9971.0;2
83600;BOT_MAKER;BOT_TAKER;HYDROGEL_PACK;XIRECS;9972.0;6
83600;BOT_MAKER;BOT_TAKER;VELVETFRUIT_EXTRACT;XIRECS;5263.0;7
83700;BOT_TAKER;BOT_MAKER;HYDROGEL_PACK;XIRECS;9985.0;2
83800;BOT_TAKER;BOT_MAKER;VELVETFRUIT_EXTRACT;XIRECS;5264.0;5
84000;BOT_MAKER;BOT_TAKER;HYDROGEL_PACK;XIRECS;9968.0;6
84000;BOT_TAKER;BOT_MAKER;VELVETFRUIT_EXTRACT;XIRECS;5263.0;8
84300;BOT_TAKER;BOT_MAKER;VELVETFRUIT_EXTRACT;XIRECS;5264.0;10
84600;BOT_TAKER;BOT_MAKER;HYDROGEL_PACK;XIRECS;9985.0;5
84600;BOT_TAKER;BOT_MAKER;VEV_5400;XIRECS;13.0;2
84700;BOT_MAKER;BOT_TAKER;VEV_5500;XIRECS;9.0;4
84800;BOT_MAKER;BOT_TAKER;HYDROGEL_PACK;XIRECS;9968.0;5
84800;BOT_MAKER;BOT_TAKER;VELVETFRUIT_EXTRACT;XIRECS;5259.0;8
84800;BOT_TAKER;BOT_MAKER;VEV_6000;XIRECS;1.0;4
84900;BOT_TAKER;BOT_MAKER;VEV_5500;XIRECS;10.0;5
85000;BOT_MAKER;BOT_TAKER;VEV_6000;XIRECS;0.0;5
85100;BOT_TAKER;BOT_MAKER;HYDROGEL_PACK;XIRECS;9978.0;5
85100;BOT_MAKER;BOT_TAKER;VELVETFRUIT_EXTRACT;XIRECS;5260.0;4
85100;BOT_TAKER;BOT_MAKER;VEV_4000;XIRECS;1290.0;2
85300;BOT_MAKER;BOT_TAKER;HYDROGEL_PACK;XIRECS;9961.0;2
85300;BOT_TAKER;BOT_MAKER;VELVETFRUIT_EXTRACT;XIRECS;5266.0;5
85500;BOT_MAKER;BOT_TAKER;VELVETFRUIT_EXTRACT;XIRECS;5260.0;5
85500;BOT_MAKER;BOT_TAKER;VEV_4000;XIRECS;1265.0;2
85600;BOT_MAKER;BOT_TAKER;VELVETFRUIT_EXTRACT;XIRECS;5260.0;8
85600;BOT_TAKER;BOT_MAKER;VEV_6500;XIRECS;1.0;5
85800;BOT_MAKER;BOT_TAKER;HYDROGEL_PACK;XIRECS;9961.0;6
85800;BOT_TAKER;BOT_MAKER;VELVETFRUIT_EXTRACT;XIRECS;5263.0;8
85900;BOT_TAKER;BOT_MAKER;HYDROGEL_PACK;XIRECS;9976.0;2
86100;BOT_MAKER;BOT_TAKER;HYDROGEL_PACK;XIRECS;9959.0;3
86200;BOT_TAKER;BOT_MAKER;HYDROGEL_PACK;XIRECS;9975.0;4
86300;BOT_MAKER;BOT_TAKER;HYDROGEL_PACK;XIRECS;9960.0;5
86300;BOT_MAKER;BOT_TAKER;HYDROGEL_PACK;XIRECS;9960.0;3
86400;BOT_MAKER;BOT_TAKER;HYDROGEL_PACK;XIRECS;9956.0;6
86400;BOT_TAKER;BOT_MAKER;VELVETFRUIT_EXTRACT;XIRECS;5261.0;6
86600;BOT_TAKER;BOT_MAKER;VELVETFRUIT_EXTRACT;XIRECS;5263.0;3
86700;BOT_MAKER;BOT_TAKER;VELVETFRUIT_EXTRACT;XIRECS;5259.0;8
87000;BOT_MAKER;BOT_TAKER;VEV_6500;XIRECS;0.0;4
87100;BOT_MAKER;BOT_TAKER;HYDROGEL_PACK;XIRECS;9955.0;4
87100;BOT_TAKER;BOT_MAKER;VELVETFRUIT_EXTRACT;XIRECS;5264.0;5
87200;BOT_TAKER;BOT_MAKER;HYDROGEL_PACK;XIRECS;9972.0;2
87400;BOT_MAKER;BOT_TAKER;HYDROGEL_PACK;XIRECS;9955.0;5
87400;BOT_MAKER;BOT_TAKER;HYDROGEL_PACK;XIRECS;9955.0;3
87400;BOT_MAKER;BOT_TAKER;VELVETFRUIT_EXTRACT;XIRECS;5257.0;8
87500;BOT_TAKER;BOT_MAKER;HYDROGEL_PACK;XIRECS;9967.0;5
87500;BOT_TAKER;BOT_MAKER;VEV_4000;XIRECS;1295.0;1
87500;BOT_MAKER;BOT_TAKER;VEV_5200;XIRECS;94.0;4
87500;BOT_MAKER;BOT_TAKER;VEV_5400;XIRECS;11.0;4
87600;BOT_TAKER;BOT_MAKER;HYDROGEL_PACK;XIRECS;9967.0;3
87600;BOT_TAKER;BOT_MAKER;VEV_5500;XIRECS;10.0;2
87600;BOT_TAKER;BOT_MAKER;VEV_6500;XIRECS;1.0;5
87800;BOT_TAKER;BOT_MAKER;VELVETFRUIT_EXTRACT;XIRECS;5264.0;8
87900;BOT_TAKER;BOT_MAKER;HYDROGEL_PACK;XIRECS;9967.0;3
88100;BOT_MAKER;BOT_TAKER;HYDROGEL_PACK;XIRECS;9952.0;2
88100;BOT_MAKER;BOT_TAKER;VELVETFRUIT_EXTRACT;XIRECS;5262.0;4
88300;BOT_MAKER;BOT_TAKER;HYDROGEL_PACK;XIRECS;9952.0;2
88400;BOT_TAKER;BOT_MAKER;VEV_6000;XIRECS;1.0;2
88500;BOT_TAKER;BOT_MAKER;VELVETFRUIT_EXTRACT;XIRECS;5267.0;8
88500;BOT_MAKER;BOT_TAKER;VEV_5400;XIRECS;11.0;2
88500;BOT_TAKER;BOT_MAKER;VEV_6000;XIRECS;1.0;4
88500;BOT_MAKER;BOT_TAKER;VEV_6500;XIRECS;0.0;3
88700;BOT_MAKER;BOT_TAKER;HYDROGEL_PACK;XIRECS;9953.0;5
88800;BOT_TAKER;BOT_MAKER;VEV_6000;XIRECS;1.0;2
89000;BOT_TAKER;BOT_MAKER;HYDROGEL_PACK;XIRECS;9971.0;3
89000;BOT_MAKER;BOT_TAKER;VEV_5400;XIRECS;11.0;5
89100;BOT_TAKER;BOT_MAKER;VELVETFRUIT_EXTRACT;XIRECS;5267.0;7
89100;BOT_MAKER;BOT_TAKER;VEV_6000;XIRECS;0.0;3
89200;BOT_MAKER;BOT_TAKER;HYDROGEL_PACK;XIRECS;9956.0;6
89300;BOT_MAKER;BOT_TAKER;HYDROGEL_PACK;XIRECS;9956.0;4
89300;BOT_TAKER;BOT_MAKER;VELVETFRUIT_EXTRACT;XIRECS;5266.0;5
89400;BOT_MAKER;BOT_TAKER;VEV_4000;XIRECS;1267.0;3
89400;BOT_MAKER;BOT_TAKER;VEV_5500;XIRECS;8.0;3
89500;BOT_MAKER;BOT_TAKER;VELVETFRUIT_EXTRACT;XIRECS;5261.0;5
89500;BOT_MAKER;BOT_TAKER;VEV_4000;XIRECS;1266.0;2
89500;BOT_TAKER;BOT_MAKER;VEV_6000;XIRECS;1.0;2
89600;BOT_TAKER;BOT_MAKER;VELVETFRUIT_EXTRACT;XIRECS;5266.0;8
89700;BOT_TAKER;BOT_MAKER;VELVETFRUIT_EXTRACT;XIRECS;5266.0;8
89900;BOT_MAKER;BOT_TAKER;VEV_4000;XIRECS;1271.0;3
89900;BOT_MAKER;BOT_TAKER;VEV_5100;XIRECS;151.0;1
90000;BOT_TAKER;BOT_MAKER;VELVETFRUIT_EXTRACT;XIRECS;5265.0;5
90100;BOT_MAKER;BOT_TAKER;VELVETFRUIT_EXTRACT;XIRECS;5260.0;8
90100;BOT_MAKER;BOT_TAKER;VEV_6500;XIRECS;0.0;3
90400;BOT_MAKER;BOT_TAKER;VEV_6000;XIRECS;0.0;2
90700;BOT_MAKER;BOT_TAKER;HYDROGEL_PACK;XIRECS;9945.0;5
90800;BOT_MAKER;BOT_TAKER;VEV_6000;XIRECS;0.0;3
90900;BOT_TAKER;BOT_MAKER;HYDROGEL_PACK;XIRECS;9963.0;6
91100;BOT_MAKER;BOT_TAKER;HYDROGEL_PACK;XIRECS;9950.0;2
91100;BOT_MAKER;BOT_TAKER;VELVETFRUIT_EXTRACT;XIRECS;5261.0;7
91200;BOT_MAKER;BOT_TAKER;VELVETFRUIT_EXTRACT;XIRECS;5261.0;3
91200;BOT_MAKER;BOT_TAKER;VEV_5500;XIRECS;8.0;5
91300;BOT_TAKER;BOT_MAKER;HYDROGEL_PACK;XIRECS;9967.0;2
91300;BOT_TAKER;BOT_MAKER;VEV_5500;XIRECS;10.0;2
91400;BOT_TAKER;BOT_MAKER;VELVETFRUIT_EXTRACT;XIRECS;5268.0;4
91400;BOT_MAKER;BOT_TAKER;VEV_6500;XIRECS;0.0;5
91500;BOT_MAKER;BOT_TAKER;VELVETFRUIT_EXTRACT;XIRECS;5263.0;7
91500;BOT_MAKER;BOT_TAKER;VEV_4000;XIRECS;1265.0;3
91500;BOT_MAKER;BOT_TAKER;VEV_6000;XIRECS;0.0;4
91500;BOT_TAKER;BOT_MAKER;VEV_6500;XIRECS;1.0;4
91600;BOT_TAKER;BOT_MAKER;VELVETFRUIT_EXTRACT;XIRECS;5268.0;6
91700;BOT_TAKER;BOT_MAKER;VEV_5500;XIRECS;10.0;4
91700;BOT_MAKER;BOT_TAKER;VEV_6000;XIRECS;0.0;2
91800;BOT_TAKER;BOT_MAKER;VELVETFRUIT_EXTRACT;XIRECS;5269.0;6
91900;BOT_TAKER;BOT_MAKER;HYDROGEL_PACK;XIRECS;9966.0;3
92000;BOT_TAKER;BOT_MAKER;VELVETFRUIT_EXTRACT;XIRECS;5268.0;6
92000;BOT_TAKER;BOT_MAKER;VEV_4000;XIRECS;1286.0;3
92100;BOT_TAKER;BOT_MAKER;HYDROGEL_PACK;XIRECS;9966.0;6
92200;BOT_TAKER;BOT_MAKER;HYDROGEL_PACK;XIRECS;9963.0;2
92200;BOT_TAKER;BOT_MAKER;VEV_5300;XIRECS;38.0;4
92300;BOT_MAKER;BOT_TAKER;VEV_4000;XIRECS;1266.0;2
92300;BOT_TAKER;BOT_MAKER;VEV_5300;XIRECS;39.0;4
92400;BOT_TAKER;BOT_MAKER;VELVETFRUIT_EXTRACT;XIRECS;5269.0;7
92400;BOT_TAKER;BOT_MAKER;VEV_5400;XIRECS;11.0;5
92500;BOT_TAKER;BOT_MAKER;HYDROGEL_PACK;XIRECS;9964.0;5
92500;BOT_MAKER;BOT_TAKER;VELVETFRUIT_EXTRACT;XIRECS;5264.0;6
92600;BOT_MAKER;BOT_TAKER;VEV_5400;XIRECS;10.0;2
92700;BOT_MAKER;BOT_TAKER;HYDROGEL_PACK;XIRECS;9944.0;6
92800;BOT_TAKER;BOT_MAKER;HYDROGEL_PACK;XIRECS;9962.0;6
92800;BOT_TAKER;BOT_MAKER;VELVETFRUIT_EXTRACT;XIRECS;5271.0;4
92800;BOT_MAKER;BOT_TAKER;VEV_5300;XIRECS;37.0;4
92900;BOT_TAKER;BOT_MAKER;HYDROGEL_PACK;XIRECS;9962.0;3
92900;BOT_TAKER;BOT_MAKER;VEV_5500;XIRECS;10.0;2
92900;BOT_MAKER;BOT_TAKER;VEV_5500;XIRECS;8.0;4
93000;BOT_TAKER;BOT_MAKER;VELVETFRUIT_EXTRACT;XIRECS;5271.0;5
93100;BOT_MAKER;BOT_TAKER;VELVETFRUIT_EXTRACT;XIRECS;5265.0;12
93100;BOT_TAKER;BOT_MAKER;VEV_5300;XIRECS;40.0;3
93200;BOT_TAKER;BOT_MAKER;VELVETFRUIT_EXTRACT;XIRECS;5270.0;8
93200;BOT_MAKER;BOT_TAKER;VEV_4000;XIRECS;1265.0;1
93200;BOT_TAKER;BOT_MAKER;VEV_6000;XIRECS;1.0;5
93300;BOT_MAKER;BOT_TAKER;VEV_4000;XIRECS;1265.0;2
93400;BOT_TAKER;BOT_MAKER;VEV_5400;XIRECS;13.0;2
93500;BOT_MAKER;BOT_TAKER;HYDROGEL_PACK;XIRECS;9944.0;2
93600;BOT_TAKER;BOT_MAKER;HYDROGEL_PACK;XIRECS;9962.0;3
93600;BOT_MAKER;BOT_TAKER;VELVETFRUIT_EXTRACT;XIRECS;5269.0;3
93700;BOT_TAKER;BOT_MAKER;VELVETFRUIT_EXTRACT;XIRECS;5274.0;4
93800;BOT_TAKER;BOT_MAKER;VELVETFRUIT_EXTRACT;XIRECS;5274.0;8
94000;BOT_MAKER;BOT_TAKER;VELVETFRUIT_EXTRACT;XIRECS;5270.0;5
94100;BOT_MAKER;BOT_TAKER;HYDROGEL_PACK;XIRECS;9955.0;5
94100;BOT_MAKER;BOT_TAKER;VEV_6500;XIRECS;0.0;5
94200;BOT_TAKER;BOT_MAKER;VELVETFRUIT_EXTRACT;XIRECS;5274.0;3
94500;BOT_MAKER;BOT_TAKER;VELVETFRUIT_EXTRACT;XIRECS;5271.0;5
94600;BOT_MAKER;BOT_TAKER;HYDROGEL_PACK;XIRECS;9961.0;6
94600;BOT_MAKER;BOT_TAKER;VEV_4000;XIRECS;1270.0;2
94700;BOT_MAKER;BOT_TAKER;HYDROGEL_PACK;XIRECS;9962.0;3
94700;BOT_MAKER;BOT_TAKER;VEV_4000;XIRECS;1270.0;1
94700;BOT_TAKER;BOT_MAKER;VEV_6000;XIRECS;1.0;4
94800;BOT_MAKER;BOT_TAKER;HYDROGEL_PACK;XIRECS;9961.0;3
94800;BOT_TAKER;BOT_MAKER;VEV_4000;XIRECS;1292.0;1
94800;BOT_TAKER;BOT_MAKER;VEV_5500;XIRECS;10.0;2
95000;BOT_MAKER;BOT_TAKER;VEV_5300;XIRECS;37.0;5
95200;BOT_MAKER;BOT_TAKER;HYDROGEL_PACK;XIRECS;9953.0;3
95200;BOT_TAKER;BOT_MAKER;VEV_4000;XIRECS;1290.0;1
95200;BOT_MAKER;BOT_TAKER;VEV_6500;XIRECS;0.0;4
95300;BOT_TAKER;BOT_MAKER;VELVETFRUIT_EXTRACT;XIRECS;5274.0;12
95500;BOT_TAKER;BOT_MAKER;HYDROGEL_PACK;XIRECS;9968.0;2
95500;BOT_TAKER;BOT_MAKER;VELVETFRUIT_EXTRACT;XIRECS;5275.0;4
95500;BOT_TAKER;BOT_MAKER;VEV_5500;XIRECS;10.0;5
95600;BOT_MAKER;BOT_TAKER;VEV_4000;XIRECS;1267.0;1
95600;BOT_MAKER;BOT_TAKER;VEV_6500;XIRECS;0.0;5
95700;BOT_MAKER;BOT_TAKER;HYDROGEL_PACK;XIRECS;9953.0;3
95700;BOT_MAKER;BOT_TAKER;VELVETFRUIT_EXTRACT;XIRECS;5270.0;4
95800;BOT_MAKER;BOT_TAKER;VEV_6000;XIRECS;0.0;2
96000;BOT_MAKER;BOT_TAKER;HYDROGEL_PACK;XIRECS;9955.0;4
96100;BOT_TAKER;BOT_MAKER;HYDROGEL_PACK;XIRECS;9971.0;4
96100;BOT_TAKER;BOT_MAKER;VELVETFRUIT_EXTRACT;XIRECS;5277.0;11
96200;BOT_TAKER;BOT_MAKER;HYDROGEL_PACK;XIRECS;9972.0;4
96200;BOT_MAKER;BOT_TAKER;VEV_5500;XIRECS;9.0;4
96500;BOT_MAKER;BOT_TAKER;HYDROGEL_PACK;XIRECS;9961.0;6
96500;BOT_MAKER;BOT_TAKER;VELVETFRUIT_EXTRACT;XIRECS;5274.0;9
96600;BOT_TAKER;BOT_MAKER;VEV_6000;XIRECS;1.0;4
96700;BOT_MAKER;BOT_TAKER;VELVETFRUIT_EXTRACT;XIRECS;5274.0;6
96700;BOT_MAKER;BOT_TAKER;VEV_5300;XIRECS;37.0;4
96800;BOT_MAKER;BOT_TAKER;VELVETFRUIT_EXTRACT;XIRECS;5274.0;5
96800;BOT_TAKER;BOT_MAKER;VEV_4000;XIRECS;1296.0;2
96800;BOT_TAKER;BOT_MAKER;VEV_5300;XIRECS;39.0;3
96900;BOT_MAKER;BOT_TAKER;HYDROGEL_PACK;XIRECS;9958.0;3
97100;BOT_TAKER;BOT_MAKER;VEV_5300;XIRECS;40.0;3
97200;BOT_MAKER;BOT_TAKER;VELVETFRUIT_EXTRACT;XIRECS;5271.0;4
97300;BOT_MAKER;BOT_TAKER;VEV_4000;XIRECS;1274.0;2
97500;BOT_MAKER;BOT_TAKER;HYDROGEL_PACK;XIRECS;9961.0;4
97500;BOT_TAKER;BOT_MAKER;VEV_5500;XIRECS;10.0;5
97600;BOT_TAKER;BOT_MAKER;VELVETFRUIT_EXTRACT;XIRECS;5275.0;4
97700;BOT_MAKER;BOT_TAKER;HYDROGEL_PACK;XIRECS;9961.0;2
97700;BOT_TAKER;BOT_MAKER;VELVETFRUIT_EXTRACT;XIRECS;5275.0;3
97700;BOT_MAKER;BOT_TAKER;VELVETFRUIT_EXTRACT;XIRECS;5271.0;13
97800;BOT_MAKER;BOT_TAKER;VEV_5300;XIRECS;38.0;2
97800;BOT_MAKER;BOT_TAKER;VEV_6500;XIRECS;0.0;5
98000;BOT_MAKER;BOT_TAKER;HYDROGEL_PACK;XIRECS;9964.0;3
98000;BOT_TAKER;BOT_MAKER;VELVETFRUIT_EXTRACT;XIRECS;5277.0;6
98100;BOT_MAKER;BOT_TAKER;VELVETFRUIT_EXTRACT;XIRECS;5270.0;5
98100;BOT_TAKER;BOT_MAKER;VEV_5300;XIRECS;40.0;4
98100;BOT_MAKER;BOT_TAKER;VEV_5500;XIRECS;9.0;3
98200;BOT_MAKER;BOT_TAKER;HYDROGEL_PACK;XIRECS;9964.0;2
98200;BOT_TAKER;BOT_MAKER;VELVETFRUIT_EXTRACT;XIRECS;5275.0;8
98300;BOT_MAKER;BOT_TAKER;HYDROGEL_PACK;XIRECS;9966.0;4
98300;BOT_MAKER;BOT_TAKER;VELVETFRUIT_EXTRACT;XIRECS;5270.0;3
98500;BOT_MAKER;BOT_TAKER;VELVETFRUIT_EXTRACT;XIRECS;5271.0;5
98500;BOT_MAKER;BOT_TAKER;VEV_5500;XIRECS;9.0;5
98600;BOT_TAKER;BOT_MAKER;VELVETFRUIT_EXTRACT;XIRECS;5277.0;7
98600;BOT_TAKER;BOT_MAKER;VEV_4000;XIRECS;1293.0;2
98700;BOT_MAKER;BOT_TAKER;VELVETFRUIT_EXTRACT;XIRECS;5270.0;8
98700;BOT_MAKER;BOT_TAKER;VEV_5300;XIRECS;36.0;3
98700;BOT_MAKER;BOT_TAKER;VEV_6000;XIRECS;0.0;3
98900;BOT_MAKER;BOT_TAKER;VEV_4000;XIRECS;1271.0;2
98900;BOT_MAKER;BOT_TAKER;VEV_6000;XIRECS;0.0;2
99100;BOT_TAKER;BOT_MAKER;VELVETFRUIT_EXTRACT;XIRECS;5276.0;4
99200;BOT_MAKER;BOT_TAKER;VELVETFRUIT_EXTRACT;XIRECS;5269.0;3
99200;BOT_TAKER;BOT_MAKER;VEV_6000;XIRECS;1.0;4
99400;BOT_TAKER;BOT_MAKER;VELVETFRUIT_EXTRACT;XIRECS;5276.0;12
99600;BOT_MAKER;BOT_TAKER;HYDROGEL_PACK;XIRECS;9954.0;3
99700;BOT_MAKER;BOT_TAKER;VELVETFRUIT_EXTRACT;XIRECS;5269.0;7
99700;BOT_MAKER;BOT_TAKER;VEV_4000;XIRECS;1265.0;1
99800;BOT_TAKER;BOT_MAKER;HYDROGEL_PACK;XIRECS;9966.0;2
99800;BOT_MAKER;BOT_TAKER;VEV_4000;XIRECS;1266.0;2
99900;BOT_MAKER;BOT_TAKER;VELVETFRUIT_EXTRACT;XIRECS;5270.0;3
99900;BOT_MAKER;BOT_TAKER;VEV_6500;XIRECS;0.0;3
100000;BOT_TAKER;BOT_MAKER;HYDROGEL_PACK;XIRECS;9967.0;2
100100;BOT_MAKER;BOT_TAKER;HYDROGEL_PACK;XIRECS;9950.0;5
100100;BOT_MAKER;BOT_TAKER;VELVETFRUIT_EXTRACT;XIRECS;5271.0;5
100100;BOT_MAKER;BOT_TAKER;VEV_6000;XIRECS;0.0;5
100200;BOT_MAKER;BOT_TAKER;VELVETFRUIT_EXTRACT;XIRECS;5270.0;10
100200;BOT_MAKER;BOT_TAKER;VEV_6500;XIRECS;0.0;3
100400;BOT_MAKER;BOT_TAKER;VELVETFRUIT_EXTRACT;XIRECS;5270.0;7
100500;BOT_MAKER;BOT_TAKER;HYDROGEL_PACK;XIRECS;9946.0;6
100500;BOT_TAKER;BOT_MAKER;VELVETFRUIT_EXTRACT;XIRECS;5277.0;6
100500;BOT_MAKER;BOT_TAKER;VEV_6500;XIRECS;0.0;5
100600;BOT_TAKER;BOT_MAKER;VEV_4000;XIRECS;1291.0;3
100700;BOT_TAKER;BOT_MAKER;VELVETFRUIT_EXTRACT;XIRECS;5279.0;10
100800;BOT_MAKER;BOT_TAKER;HYDROGEL_PACK;XIRECS;9942.0;5
100800;BOT_MAKER;BOT_TAKER;VELVETFRUIT_EXTRACT;XIRECS;5271.0;8
100900;BOT_TAKER;BOT_MAKER;HYDROGEL_PACK;XIRECS;9958.0;6
101100;BOT_MAKER;BOT_TAKER;VEV_4000;XIRECS;1264.0;3
101300;BOT_TAKER;BOT_MAKER;HYDROGEL_PACK;XIRECS;9960.0;5
101400;BOT_MAKER;BOT_TAKER;HYDROGEL_PACK;XIRECS;9943.0;4
101400;BOT_TAKER;BOT_MAKER;VEV_5500;XIRECS;10.0;4
101600;BOT_TAKER;BOT_MAKER;VEV_4000;XIRECS;1289.0;1
101700;BOT_TAKER;BOT_MAKER;VEV_5500;XIRECS;10.0;2
101800;BOT_MAKER;BOT_TAKER;HYDROGEL_PACK;XIRECS;9946.0;2
102000;BOT_TAKER;BOT_MAKER;HYDROGEL_PACK;XIRECS;9963.0;5
102000;BOT_MAKER;BOT_TAKER;VELVETFRUIT_EXTRACT;XIRECS;5268.0;3
102000;BOT_TAKER;BOT_MAKER;VEV_5400;XIRECS;11.0;4
102100;BOT_TAKER;BOT_MAKER;VEV_4000;XIRECS;1289.0;1
102100;BOT_TAKER;BOT_MAKER;VEV_6500;XIRECS;1.0;4
102200;BOT_TAKER;BOT_MAKER;HYDROGEL_PACK;XIRECS;9962.0;2
102200;BOT_MAKER;BOT_TAKER;VELVETFRUIT_EXTRACT;XIRECS;5266.0;3
102200;BOT_TAKER;BOT_MAKER;VEV_5400;XIRECS;11.0;5
102200;BOT_MAKER;BOT_TAKER;VEV_6000;XIRECS;0.0;2
102400;BOT_TAKER;BOT_MAKER;VEV_5400;XIRECS;11.0;4
102500;BOT_MAKER;BOT_TAKER;VELVETFRUIT_EXTRACT;XIRECS;5263.0;3
102700;BOT_MAKER;BOT_TAKER;HYDROGEL_PACK;XIRECS;9947.0;2
102700;BOT_MAKER;BOT_TAKER;VEV_5300;XIRECS;39.0;2
102700;BOT_MAKER;BOT_TAKER;VEV_5400;XIRECS;9.0;4
102900;BOT_TAKER;BOT_MAKER;HYDROGEL_PACK;XIRECS;9963.0;4
102900;BOT_TAKER;BOT_MAKER;VEV_4000;XIRECS;1289.0;3
103000;BOT_TAKER;BOT_MAKER;HYDROGEL_PACK;XIRECS;9963.0;5
103000;BOT_TAKER;BOT_MAKER;VELVETFRUIT_EXTRACT;XIRECS;5270.0;4
103100;BOT_MAKER;BOT_TAKER;VELVETFRUIT_EXTRACT;XIRECS;5265.0;11
103200;BOT_TAKER;BOT_MAKER;VELVETFRUIT_EXTRACT;XIRECS;5272.0;7
103200;BOT_MAKER;BOT_TAKER;VEV_6500;XIRECS;0.0;3
103400;BOT_TAKER;BOT_MAKER;HYDROGEL_PACK;XIRECS;9962.0;2
103400;BOT_MAKER;BOT_TAKER;VELVETFRUIT_EXTRACT;XIRECS;5268.0;6
103500;BOT_TAKER;BOT_MAKER;VEV_5500;XIRECS;10.0;5
103500;BOT_TAKER;BOT_MAKER;VEV_6000;XIRECS;1.0;4
103500;BOT_MAKER;BOT_TAKER;VEV_6500;XIRECS;0.0;2
103600;BOT_TAKER;BOT_MAKER;HYDROGEL_PACK;XIRECS;9962.0;5
103700;BOT_TAKER;BOT_MAKER;VEV_4000;XIRECS;1290.0;3
103800;BOT_MAKER;BOT_TAKER;VEV_5400;XIRECS;9.0;4
103900;BOT_TAKER;BOT_MAKER;HYDROGEL_PACK;XIRECS;9957.0;2
103900;BOT_MAKER;BOT_TAKER;HYDROGEL_PACK;XIRECS;9941.0;6
104000;BOT_TAKER;BOT_MAKER;VEV_5500;XIRECS;10.0;5
104200;BOT_TAKER;BOT_MAKER;HYDROGEL_PACK;XIRECS;9952.0;4
104200;BOT_TAKER;BOT_MAKER;VELVETFRUIT_EXTRACT;XIRECS;5271.0;7
104400;BOT_MAKER;BOT_TAKER;VELVETFRUIT_EXTRACT;XIRECS;5265.0;7
104600;BOT_TAKER;BOT_MAKER;VEV_6000;XIRECS;1.0;2
104700;BOT_MAKER;BOT_TAKER;VELVETFRUIT_EXTRACT;XIRECS;5263.0;7
104800;BOT_TAKER;BOT_MAKER;HYDROGEL_PACK;XIRECS;9946.0;6
104800;BOT_MAKER;BOT_TAKER;VELVETFRUIT_EXTRACT;XIRECS;5263.0;4
104900;BOT_TAKER;BOT_MAKER;HYDROGEL_PACK;XIRECS;9945.0;6
105000;BOT_TAKER;BOT_MAKER;VELVETFRUIT_EXTRACT;XIRECS;5268.0;9
105100;BOT_TAKER;BOT_MAKER;VELVETFRUIT_EXTRACT;XIRECS;5269.0;3
105100;BOT_MAKER;BOT_TAKER;VEV_4000;XIRECS;1267.0;3
105100;BOT_TAKER;BOT_MAKER;VEV_6000;XIRECS;1.0;2
105200;BOT_TAKER;BOT_MAKER;VELVETFRUIT_EXTRACT;XIRECS;5268.0;7
105300;BOT_MAKER;BOT_TAKER;VELVETFRUIT_EXTRACT;XIRECS;5262.0;3
105400;BOT_MAKER;BOT_TAKER;HYDROGEL_PACK;XIRECS;9931.0;3
105400;BOT_MAKER;BOT_TAKER;VELVETFRUIT_EXTRACT;XIRECS;5264.0;4
105400;BOT_TAKER;BOT_MAKER;VEV_5500;XIRECS;10.0;3
105500;BOT_MAKER;BOT_TAKER;VEV_6500;XIRECS;0.0;2
105600;BOT_TAKER;BOT_MAKER;VELVETFRUIT_EXTRACT;XIRECS;5268.0;8
105600;BOT_MAKER;BOT_TAKER;VEV_6000;XIRECS;0.0;5
105700;BOT_MAKER;BOT_TAKER;VELVETFRUIT_EXTRACT;XIRECS;5262.0;5
105800;BOT_MAKER;BOT_TAKER;VEV_5400;XIRECS;9.0;5
105900;BOT_MAKER;BOT_TAKER;VELVETFRUIT_EXTRACT;XIRECS;5262.0;7
106100;BOT_TAKER;BOT_MAKER;HYDROGEL_PACK;XIRECS;9947.0;2
106100;BOT_MAKER;BOT_TAKER;VEV_4000;XIRECS;1266.0;3
106100;BOT_MAKER;BOT_TAKER;VEV_5400;XIRECS;9.0;5
106300;BOT_MAKER;BOT_TAKER;VELVETFRUIT_EXTRACT;XIRECS;5263.0;5
106400;BOT_TAKER;BOT_MAKER;HYDROGEL_PACK;XIRECS;9947.0;2
106600;BOT_MAKER;BOT_TAKER;HYDROGEL_PACK;XIRECS;9931.0;6
106600;BOT_TAKER;BOT_MAKER;VELVETFRUIT_EXTRACT;XIRECS;5267.0;7
106600;BOT_TAKER;BOT_MAKER;VEV_5400;XIRECS;10.0;4
106700;BOT_MAKER;BOT_TAKER;VELVETFRUIT_EXTRACT;XIRECS;5262.0;3
106700;BOT_MAKER;BOT_TAKER;VEV_6000;XIRECS;0.0;2
106800;BOT_MAKER;BOT_TAKER;VEV_4000;XIRECS;1267.0;2
107100;BOT_MAKER;BOT_TAKER;VELVETFRUIT_EXTRACT;XIRECS;5260.0;5
107100;BOT_TAKER;BOT_MAKER;VEV_5400;XIRECS;10.0;5
107200;BOT_TAKER;BOT_MAKER;HYDROGEL_PACK;XIRECS;9950.0;3
107200;BOT_TAKER;BOT_MAKER;VELVETFRUIT_EXTRACT;XIRECS;5264.0;9
107200;BOT_MAKER;BOT_TAKER;VEV_4000;XIRECS;1266.0;2
107300;BOT_MAKER;BOT_TAKER;VELVETFRUIT_EXTRACT;XIRECS;5258.0;9
107300;BOT_MAKER;BOT_TAKER;VEV_5400;XIRECS;8.0;2
107400;BOT_TAKER;BOT_MAKER;HYDROGEL_PACK;XIRECS;9952.0;2
107400;BOT_MAKER;BOT_TAKER;VEV_6500;XIRECS;0.0;4
107500;BOT_MAKER;BOT_TAKER;HYDROGEL_PACK;XIRECS;9933.0;5
107500;BOT_TAKER;BOT_MAKER;VELVETFRUIT_EXTRACT;XIRECS;5262.0;8
107500;BOT_MAKER;BOT_TAKER;VEV_6000;XIRECS;0.0;2
107600;BOT_MAKER;BOT_TAKER;VELVETFRUIT_EXTRACT;XIRECS;5257.0;4
107600;BOT_MAKER;BOT_TAKER;VEV_6000;XIRECS;0.0;2
107700;BOT_TAKER;BOT_MAKER;HYDROGEL_PACK;XIRECS;9947.0;4
107800;BOT_MAKER;BOT_TAKER;VELVETFRUIT_EXTRACT;XIRECS;5255.0;3
107800;BOT_TAKER;BOT_MAKER;VEV_5400;XIRECS;10.0;2
107800;BOT_MAKER;BOT_TAKER;VEV_6500;XIRECS;0.0;5
108000;BOT_MAKER;BOT_TAKER;HYDROGEL_PACK;XIRECS;9931.0;5
108100;BOT_MAKER;BOT_TAKER;VELVETFRUIT_EXTRACT;XIRECS;5254.0;7
108300;BOT_MAKER;BOT_TAKER;HYDROGEL_PACK;XIRECS;9934.0;4
108300;BOT_TAKER;BOT_MAKER;VELVETFRUIT_EXTRACT;XIRECS;5259.0;10
108300;BOT_TAKER;BOT_MAKER;VEV_6000;XIRECS;1.0;4
108400;BOT_TAKER;BOT_MAKER;HYDROGEL_PACK;XIRECS;9950.0;5
108500;BOT_MAKER;BOT_TAKER;HYDROGEL_PACK;XIRECS;9934.0;2
108500;BOT_TAKER;BOT_MAKER;VEV_6500;XIRECS;1.0;4
108600;BOT_MAKER;BOT_TAKER;HYDROGEL_PACK;XIRECS;9931.0;5
108700;BOT_MAKER;BOT_TAKER;HYDROGEL_PACK;XIRECS;9935.0;6
108700;BOT_MAKER;BOT_TAKER;VELVETFRUIT_EXTRACT;XIRECS;5253.0;9
108700;BOT_TAKER;BOT_MAKER;VEV_4000;XIRECS;1291.0;1
108700;BOT_MAKER;BOT_TAKER;VEV_6500;XIRECS;0.0;4
108900;BOT_TAKER;BOT_MAKER;VEV_4000;XIRECS;1289.0;1
109000;BOT_TAKER;BOT_MAKER;VELVETFRUIT_EXTRACT;XIRECS;5253.0;3
109000;BOT_MAKER;BOT_TAKER;VEV_5500;XIRECS;10.0;3
109100;BOT_TAKER;BOT_MAKER;VELVETFRUIT_EXTRACT;XIRECS;5253.0;5
109100;BOT_TAKER;BOT_MAKER;VELVETFRUIT_EXTRACT;XIRECS;5253.0;5
109200;BOT_MAKER;BOT_TAKER;HYDROGEL_PACK;XIRECS;9941.0;6
109200;BOT_TAKER;BOT_MAKER;VELVETFRUIT_EXTRACT;XIRECS;5253.0;4
109200;BOT_MAKER;BOT_TAKER;VEV_4000;XIRECS;1269.0;2
109400;BOT_TAKER;BOT_MAKER;VEV_4000;XIRECS;1291.0;2
109400;BOT_MAKER;BOT_TAKER;VEV_6500;XIRECS;0.0;5
109600;BOT_TAKER;BOT_MAKER;HYDROGEL_PACK;XIRECS;9954.0;3
109600;BOT_MAKER;BOT_TAKER;VELVETFRUIT_EXTRACT;XIRECS;5248.0;3
109800;BOT_TAKER;BOT_MAKER;VELVETFRUIT_EXTRACT;XIRECS;5255.0;6
109900;BOT_MAKER;BOT_TAKER;VEV_6000;XIRECS;0.0;4
110000;BOT_TAKER;BOT_MAKER;HYDROGEL_PACK;XIRECS;9962.0;2
110000;BOT_MAKER;BOT_TAKER;VEV_4000;XIRECS;1270.0;2
110000;BOT_TAKER;BOT_MAKER;VEV_6000;XIRECS;1.0;5
110100;BOT_TAKER;BOT_MAKER;VELVETFRUIT_EXTRACT;XIRECS;5253.0;6
110200;BOT_TAKER;BOT_MAKER;HYDROGEL_PACK;XIRECS;9965.0;3
110200;BOT_MAKER;BOT_TAKER;VELVETFRUIT_EXTRACT;XIRECS;5248.0;6
110200;BOT_MAKER;BOT_TAKER;VEV_5500;XIRECS;10.0;2
110400;BOT_MAKER;BOT_TAKER;VELVETFRUIT_EXTRACT;XIRECS;5248.0;7
110400;BOT_TAKER;BOT_MAKER;VEV_5300;XIRECS;45.0;5
110500;BOT_MAKER;BOT_TAKER;VELVETFRUIT_EXTRACT;XIRECS;5247.0;4
110600;BOT_MAKER;BOT_TAKER;VEV_6500;XIRECS;0.0;3
110700;BOT_MAKER;BOT_TAKER;VELVETFRUIT_EXTRACT;XIRECS;5246.0;8
110800;BOT_TAKER;BOT_MAKER;HYDROGEL_PACK;XIRECS;9958.0;4
110800;BOT_TAKER;BOT_MAKER;VEV_5400;XIRECS;9.0;4
110900;BOT_MAKER;BOT_TAKER;VEV_6500;XIRECS;0.0;4
111000;BOT_MAKER;BOT_TAKER;VEV_5500;XIRECS;10.0;2
111000;BOT_MAKER;BOT_TAKER;VEV_6000;XIRECS;0.0;2
111100;BOT_TAKER;BOT_MAKER;VELVETFRUIT_EXTRACT;XIRECS;5255.0;4
111200;BOT_TAKER;BOT_MAKER;HYDROGEL_PACK;XIRECS;9951.0;6
111200;BOT_MAKER;BOT_TAKER;VELVETFRUIT_EXTRACT;XIRECS;5251.0;4
111200;BOT_MAKER;BOT_TAKER;VEV_6000;XIRECS;0.0;2
111300;BOT_TAKER;BOT_MAKER;VELVETFRUIT_EXTRACT;XIRECS;5257.0;5
111300;BOT_MAKER;BOT_TAKER;VEV_5500;XIRECS;10.0;4
111400;BOT_TAKER;BOT_MAKER;VEV_4000;XIRECS;1293.0;1
111500;BOT_TAKER;BOT_MAKER;VEV_5400;XIRECS;10.0;3
111600;BOT_TAKER;BOT_MAKER;VELVETFRUIT_EXTRACT;XIRECS;5253.0;8
111600;BOT_MAKER;BOT_TAKER;VEV_6000;XIRECS;0.0;4
111800;BOT_MAKER;BOT_TAKER;VELVETFRUIT_EXTRACT;XIRECS;5249.0;6
111900;BOT_MAKER;BOT_TAKER;VEV_6500;XIRECS;0.0;4
112000;BOT_MAKER;BOT_TAKER;VELVETFRUIT_EXTRACT;XIRECS;5248.0;5
112000;BOT_MAKER;BOT_TAKER;VEV_5500;XIRECS;10.0;2
112200;BOT_TAKER;BOT_MAKER;HYDROGEL_PACK;XIRECS;9944.0;5
112200;BOT_MAKER;BOT_TAKER;VEV_4000;XIRECS;1271.0;3
112200;BOT_TAKER;BOT_MAKER;VEV_4000;XIRECS;1293.0;2
112200;BOT_MAKER;BOT_TAKER;VEV_5500;XIRECS;10.0;5
112300;BOT_TAKER;BOT_MAKER;VELVETFRUIT_EXTRACT;XIRECS;5253.0;8
112300;BOT_MAKER;BOT_TAKER;VEV_6000;XIRECS;0.0;4
112400;BOT_MAKER;BOT_TAKER;VELVETFRUIT_EXTRACT;XIRECS;5247.0;13
112400;BOT_MAKER;BOT_TAKER;VEV_6000;XIRECS;0.0;2
112500;BOT_TAKER;BOT_MAKER;VELVETFRUIT_EXTRACT;XIRECS;5253.0;4
112700;BOT_MAKER;BOT_TAKER;VELVETFRUIT_EXTRACT;XIRECS;5248.0;7
112700;BOT_TAKER;BOT_MAKER;VEV_5300;XIRECS;48.0;4
112900;BOT_TAKER;BOT_MAKER;VELVETFRUIT_EXTRACT;XIRECS;5252.0;3
112900;BOT_TAKER;BOT_MAKER;VEV_6000;XIRECS;1.0;4
113000;BOT_MAKER;BOT_TAKER;VELVETFRUIT_EXTRACT;XIRECS;5247.0;5
113100;BOT_MAKER;BOT_TAKER;VEV_4000;XIRECS;1270.0;2
113200;BOT_TAKER;BOT_MAKER;HYDROGEL_PACK;XIRECS;9949.0;5
113200;BOT_MAKER;BOT_TAKER;VEV_4000;XIRECS;1269.0;1
113200;BOT_MAKER;BOT_TAKER;VEV_5400;XIRECS;10.0;3
113400;BOT_TAKER;BOT_MAKER;VELVETFRUIT_EXTRACT;XIRECS;5252.0;5
113400;BOT_MAKER;BOT_TAKER;VEV_6000;XIRECS;0.0;2
113500;BOT_TAKER;BOT_MAKER;HYDROGEL_PACK;XIRECS;9944.0;4
113500;BOT_MAKER;BOT_TAKER;VEV_4000;XIRECS;1269.0;3
113600;BOT_MAKER;BOT_TAKER;VELVETFRUIT_EXTRACT;XIRECS;5248.0;8
113800;BOT_TAKER;BOT_MAKER;HYDROGEL_PACK;XIRECS;9946.0;6
113800;BOT_MAKER;BOT_TAKER;VELVETFRUIT_EXTRACT;XIRECS;5250.0;8
113800;BOT_TAKER;BOT_MAKER;VELVETFRUIT_EXTRACT;XIRECS;5255.0;7
113900;BOT_MAKER;BOT_TAKER;HYDROGEL_PACK;XIRECS;9932.0;3
113900;BOT_MAKER;BOT_TAKER;VELVETFRUIT_EXTRACT;XIRECS;5250.0;4
114100;BOT_TAKER;BOT_MAKER;VEV_5500;XIRECS;11.0;5
114300;BOT_TAKER;BOT_MAKER;VELVETFRUIT_EXTRACT;XIRECS;5252.0;6
114400;BOT_TAKER;BOT_MAKER;VEV_6500;XIRECS;1.0;2
114500;BOT_MAKER;BOT_TAKER;VELVETFRUIT_EXTRACT;XIRECS;5246.0;6
114500;BOT_TAKER;BOT_MAKER;VEV_5500;XIRECS;11.0;5
114600;BOT_TAKER;BOT_MAKER;HYDROGEL_PACK;XIRECS;9947.0;2
114600;BOT_TAKER;BOT_MAKER;VELVETFRUIT_EXTRACT;XIRECS;5252.0;6
114700;BOT_TAKER;BOT_MAKER;VEV_4000;XIRECS;1288.0;2
114800;BOT_MAKER;BOT_TAKER;HYDROGEL_PACK;XIRECS;9935.0;5
114800;BOT_MAKER;BOT_TAKER;VEV_4000;XIRECS;1266.0;3
114900;BOT_TAKER;BOT_MAKER;HYDROGEL_PACK;XIRECS;9957.0;3
114900;BOT_MAKER;BOT_TAKER;VELVETFRUIT_EXTRACT;XIRECS;5247.0;8
114900;BOT_MAKER;BOT_TAKER;VELVETFRUIT_EXTRACT;XIRECS;5247.0;6
115000;BOT_MAKER;BOT_TAKER;VEV_5400;XIRECS;9.0;5
115000;BOT_MAKER;BOT_TAKER;VEV_6500;XIRECS;0.0;4
115100;BOT_MAKER;BOT_TAKER;HYDROGEL_PACK;XIRECS;9938.0;5
115100;BOT_TAKER;BOT_MAKER;VELVETFRUIT_EXTRACT;XIRECS;5251.0;4
115200;BOT_TAKER;BOT_MAKER;VELVETFRUIT_EXTRACT;XIRECS;5251.0;6
115300;BOT_MAKER;BOT_TAKER;VELVETFRUIT_EXTRACT;XIRECS;5245.0;5
115300;BOT_MAKER;BOT_TAKER;VEV_4000;XIRECS;1268.0;2
115500;BOT_TAKER;BOT_MAKER;HYDROGEL_PACK;XIRECS;9956.0;3
115500;BOT_TAKER;BOT_MAKER;VEV_4000;XIRECS;1290.0;3
115600;BOT_MAKER;BOT_TAKER;HYDROGEL_PACK;XIRECS;9939.0;5
115600;BOT_MAKER;BOT_TAKER;VELVETFRUIT_EXTRACT;XIRECS;5247.0;6
115700;BOT_MAKER;BOT_TAKER;VEV_6500;XIRECS;0.0;5
115900;BOT_MAKER;BOT_TAKER;VEV_5500;XIRECS;10.0;4
116000;BOT_MAKER;BOT_TAKER;VELVETFRUIT_EXTRACT;XIRECS;5246.0;5
116100;BOT_TAKER;BOT_MAKER;HYDROGEL_PACK;XIRECS;9964.0;6
116100;BOT_MAKER;BOT_TAKER;VEV_4000;XIRECS;1270.0;3
116200;BOT_MAKER;BOT_TAKER;VELVETFRUIT_EXTRACT;XIRECS;5245.0;4
116400;BOT_MAKER;BOT_TAKER;VELVETFRUIT_EXTRACT;XIRECS;5244.0;3
116400;BOT_MAKER;BOT_TAKER;VEV_5400;XIRECS;9.0;5
116400;BOT_MAKER;BOT_TAKER;VEV_6500;XIRECS;0.0;4
116500;BOT_TAKER;BOT_MAKER;VELVETFRUIT_EXTRACT;XIRECS;5250.0;5
116500;BOT_TAKER;BOT_MAKER;VEV_5500;XIRECS;11.0;2
116600;BOT_TAKER;BOT_MAKER;VEV_4000;XIRECS;1288.0;3
116800;BOT_TAKER;BOT_MAKER;VEV_6500;XIRECS;1.0;4
117100;BOT_MAKER;BOT_TAKER;VELVETFRUIT_EXTRACT;XIRECS;5242.0;4
117100;BOT_MAKER;BOT_TAKER;VEV_4000;XIRECS;1265.0;2
117100;BOT_MAKER;BOT_TAKER;VEV_5400;XIRECS;8.0;4
117200;BOT_TAKER;BOT_MAKER;HYDROGEL_PACK;XIRECS;9955.0;6
117200;BOT_MAKER;BOT_TAKER;HYDROGEL_PACK;XIRECS;9939.0;3
117300;BOT_MAKER;BOT_TAKER;HYDROGEL_PACK;XIRECS;9938.0;4
117400;BOT_MAKER;BOT_TAKER;VELVETFRUIT_EXTRACT;XIRECS;5244.0;4
117500;BOT_TAKER;BOT_MAKER;HYDROGEL_PACK;XIRECS;9953.0;5
117600;BOT_MAKER;BOT_TAKER;HYDROGEL_PACK;XIRECS;9937.0;3
117600;BOT_MAKER;BOT_TAKER;VELVETFRUIT_EXTRACT;XIRECS;5245.0;8
117700;BOT_MAKER;BOT_TAKER;VELVETFRUIT_EXTRACT;XIRECS;5245.0;5
117700;BOT_MAKER;BOT_TAKER;VEV_5500;XIRECS;10.0;4
117800;BOT_MAKER;BOT_TAKER;VEV_5400;XIRECS;9.0;2
117900;BOT_MAKER;BOT_TAKER;VEV_6500;XIRECS;0.0;3
118000;BOT_TAKER;BOT_MAKER;VELVETFRUIT_EXTRACT;XIRECS;5251.0;5
118000;BOT_TAKER;BOT_MAKER;VEV_4000;XIRECS;1286.0;2
118200;BOT_MAKER;BOT_TAKER;VELVETFRUIT_EXTRACT;XIRECS;5245.0;7
118200;BOT_TAKER;BOT_MAKER;VEV_4000;XIRECS;1284.0;3
118200;BOT_TAKER;BOT_MAKER;VEV_5500;XIRECS;11.0;3
118300;BOT_TAKER;BOT_MAKER;HYDROGEL_PACK;XIRECS;9941.0;6
118300;BOT_TAKER;BOT_MAKER;VEV_6000;XIRECS;1.0;4
118400;BOT_TAKER;BOT_MAKER;VELVETFRUIT_EXTRACT;XIRECS;5252.0;5
118400;BOT_TAKER;BOT_MAKER;VEV_5300;XIRECS;49.0;3
118500;BOT_TAKER;BOT_MAKER;VELVETFRUIT_EXTRACT;XIRECS;5254.0;7
118500;BOT_TAKER;BOT_MAKER;VEV_4000;XIRECS;1287.0;2
118500;BOT_TAKER;BOT_MAKER;VEV_6500;XIRECS;1.0;2
118600;BOT_TAKER;BOT_MAKER;VELVETFRUIT_EXTRACT;XIRECS;5252.0;7
118600;BOT_TAKER;BOT_MAKER;VELVETFRUIT_EXTRACT;XIRECS;5252.0;7
118700;BOT_TAKER;BOT_MAKER;HYDROGEL_PACK;XIRECS;9943.0;4
118800;BOT_TAKER;BOT_MAKER;VELVETFRUIT_EXTRACT;XIRECS;5252.0;8
118900;BOT_MAKER;BOT_TAKER;HYDROGEL_PACK;XIRECS;9927.0;4
118900;BOT_MAKER;BOT_TAKER;VEV_5500;XIRECS;10.0;4
119000;BOT_TAKER;BOT_MAKER;HYDROGEL_PACK;XIRECS;9943.0;4
119100;BOT_MAKER;BOT_TAKER;HYDROGEL_PACK;XIRECS;9927.0;5
119200;BOT_TAKER;BOT_MAKER;HYDROGEL_PACK;XIRECS;9942.0;2
119200;BOT_TAKER;BOT_MAKER;VELVETFRUIT_EXTRACT;XIRECS;5252.0;8
119300;BOT_MAKER;BOT_TAKER;VELVETFRUIT_EXTRACT;XIRECS;5247.0;4
119400;BOT_MAKER;BOT_TAKER;HYDROGEL_PACK;XIRECS;9923.0;3
119500;BOT_MAKER;BOT_TAKER;VELVETFRUIT_EXTRACT;XIRECS;5247.0;6
119500;BOT_MAKER;BOT_TAKER;VEV_4000;XIRECS;1266.0;2
119500;BOT_MAKER;BOT_TAKER;VEV_6500;XIRECS;0.0;3
119600;BOT_MAKER;BOT_TAKER;VELVETFRUIT_EXTRACT;XIRECS;5246.0;10
119800;BOT_TAKER;BOT_MAKER;VELVETFRUIT_EXTRACT;XIRECS;5252.0;4
119800;BOT_MAKER;BOT_TAKER;VEV_4000;XIRECS;1267.0;3
119800;BOT_MAKER;BOT_TAKER;VEV_5300;XIRECS;45.0;5
119900;BOT_MAKER;BOT_TAKER;VEV_5500;XIRECS;10.0;4
120100;BOT_MAKER;BOT_TAKER;HYDROGEL_PACK;XIRECS;9926.0;4
120100;BOT_TAKER;BOT_MAKER;VEV_4000;XIRECS;1289.0;2
120200;BOT_MAKER;BOT_TAKER;VEV_5300;XIRECS;44.0;2
120200;BOT_MAKER;BOT_TAKER;VEV_5400;XIRECS;9.0;2
120200;BOT_MAKER;BOT_TAKER;VEV_6000;XIRECS;0.0;2
120300;BOT_TAKER;BOT_MAKER;HYDROGEL_PACK;XIRECS;9946.0;2
120300;BOT_TAKER;BOT_MAKER;VELVETFRUIT_EXTRACT;XIRECS;5253.0;8
120300;BOT_TAKER;BOT_MAKER;VEV_4000;XIRECS;1290.0;2
120400;BOT_MAKER;BOT_TAKER;VELVETFRUIT_EXTRACT;XIRECS;5249.0;13
120500;BOT_TAKER;BOT_MAKER;HYDROGEL_PACK;XIRECS;9947.0;4
120600;BOT_TAKER;BOT_MAKER;VELVETFRUIT_EXTRACT;XIRECS;5257.0;6
120800;BOT_MAKER;BOT_TAKER;VELVETFRUIT_EXTRACT;XIRECS;5251.0;5
120800;BOT_TAKER;BOT_MAKER;VEV_5300;XIRECS;45.0;3
120800;BOT_MAKER;BOT_TAKER;VEV_6000;XIRECS;0.0;5
120900;BOT_MAKER;BOT_TAKER;HYDROGEL_PACK;XIRECS;9937.0;2
120900;BOT_TAKER;BOT_MAKER;VELVETFRUIT_EXTRACT;XIRECS;5256.0;4
120900;BOT_MAKER;BOT_TAKER;VEV_5300;XIRECS;43.0;5
121000;BOT_MAKER;BOT_TAKER;VELVETFRUIT_EXTRACT;XIRECS;5252.0;8
121000;BOT_MAKER;BOT_TAKER;VEV_6500;XIRECS;0.0;5
121100;BOT_TAKER;BOT_MAKER;VELVETFRUIT_EXTRACT;XIRECS;5258.0;9
121400;BOT_MAKER;BOT_TAKER;VEV_5500;XIRECS;10.0;4
121400;BOT_MAKER;BOT_TAKER;VEV_6500;XIRECS;0.0;2
121600;BOT_MAKER;BOT_TAKER;HYDROGEL_PACK;XIRECS;9940.0;3
121600;BOT_MAKER;BOT_TAKER;VELVETFRUIT_EXTRACT;XIRECS;5251.0;3
121600;BOT_TAKER;BOT_MAKER;VEV_5300;XIRECS;46.0;2
121800;BOT_MAKER;BOT_TAKER;HYDROGEL_PACK;XIRECS;9945.0;6
121800;BOT_MAKER;BOT_TAKER;VEV_4000;XIRECS;1271.0;1
121900;BOT_TAKER;BOT_MAKER;HYDROGEL_PACK;XIRECS;9962.0;3
122000;BOT_TAKER;BOT_MAKER;HYDROGEL_PACK;XIRECS;9961.0;6
122100;BOT_MAKER;BOT_TAKER;HYDROGEL_PACK;XIRECS;9946.0;6
122100;BOT_MAKER;BOT_TAKER;HYDROGEL_PACK;XIRECS;9946.0;2
122200;BOT_TAKER;BOT_MAKER;HYDROGEL_PACK;XIRECS;9962.0;4
122200;BOT_MAKER;BOT_TAKER;VELVETFRUIT_EXTRACT;XIRECS;5245.0;8
122300;BOT_MAKER;BOT_TAKER;HYDROGEL_PACK;XIRECS;9947.0;5
122500;BOT_MAKER;BOT_TAKER;VELVETFRUIT_EXTRACT;XIRECS;5246.0;3
122700;BOT_MAKER;BOT_TAKER;VEV_4000;XIRECS;1267.0;1
122800;BOT_TAKER;BOT_MAKER;HYDROGEL_PACK;XIRECS;9961.0;3
122800;BOT_TAKER;BOT_MAKER;VEV_6500;XIRECS;1.0;3
122900;BOT_MAKER;BOT_TAKER;HYDROGEL_PACK;XIRECS;9947.0;3
122900;BOT_TAKER;BOT_MAKER;VELVETFRUIT_EXTRACT;XIRECS;5251.0;5
123000;BOT_MAKER;BOT_TAKER;HYDROGEL_PACK;XIRECS;9950.0;3
123100;BOT_TAKER;BOT_MAKER;VELVETFRUIT_EXTRACT;XIRECS;5252.0;4
123300;BOT_TAKER;BOT_MAKER;VELVETFRUIT_EXTRACT;XIRECS;5250.0;11
123300;BOT_MAKER;BOT_TAKER;VEV_6500;XIRECS;0.0;5
123600;BOT_TAKER;BOT_MAKER;HYDROGEL_PACK;XIRECS;9969.0;5
123600;BOT_TAKER;BOT_MAKER;VEV_4000;XIRECS;1283.0;2
123600;BOT_TAKER;BOT_MAKER;VEV_5500;XIRECS;12.0;3
123700;BOT_MAKER;BOT_TAKER;HYDROGEL_PACK;XIRECS;9952.0;5
123700;BOT_MAKER;BOT_TAKER;VEV_4000;XIRECS;1264.0;3
123700;BOT_MAKER;BOT_TAKER;VEV_5500;XIRECS;10.0;2
123700;BOT_TAKER;BOT_MAKER;VEV_6500;XIRECS;1.0;4
123900;BOT_TAKER;BOT_MAKER;HYDROGEL_PACK;XIRECS;9971.0;5
123900;BOT_TAKER;BOT_MAKER;VEV_6500;XIRECS;1.0;3
124000;BOT_MAKER;BOT_TAKER;VELVETFRUIT_EXTRACT;XIRECS;5246.0;3
124100;BOT_TAKER;BOT_MAKER;VELVETFRUIT_EXTRACT;XIRECS;5249.0;5
124100;BOT_MAKER;BOT_TAKER;VEV_5200;XIRECS;94.0;3
124100;BOT_TAKER;BOT_MAKER;VEV_5300;XIRECS;44.0;5
124300;BOT_MAKER;BOT_TAKER;VELVETFRUIT_EXTRACT;XIRECS;5245.0;4
124300;BOT_TAKER;BOT_MAKER;VEV_5400;XIRECS;10.0;2
124500;BOT_MAKER;BOT_TAKER;HYDROGEL_PACK;XIRECS;9958.0;4
124500;BOT_MAKER;BOT_TAKER;VELVETFRUIT_EXTRACT;XIRECS;5245.0;4
124600;BOT_TAKER;BOT_MAKER;VELVETFRUIT_EXTRACT;XIRECS;5250.0;4
124700;BOT_MAKER;BOT_TAKER;VELVETFRUIT_EXTRACT;XIRECS;5243.0;3
124700;BOT_TAKER;BOT_MAKER;VEV_4000;XIRECS;1287.0;3
124800;BOT_TAKER;BOT_MAKER;VEV_4000;XIRECS;1286.0;1
125000;BOT_TAKER;BOT_MAKER;VELVETFRUIT_EXTRACT;XIRECS;5250.0;8
125000;BOT_MAKER;BOT_TAKER;VEV_4000;XIRECS;1262.0;2
125000;BOT_TAKER;BOT_MAKER;VEV_5500;XIRECS;12.0;3
125000;BOT_TAKER;BOT_MAKER;VEV_5500;XIRECS;12.0;5
125000;BOT_TAKER;BOT_MAKER;VEV_6000;XIRECS;1.0;3
125200;BOT_MAKER;BOT_TAKER;VELVETFRUIT_EXTRACT;XIRECS;5244.0;6
125400;BOT_MAKER;BOT_TAKER;VEV_6000;XIRECS;0.0;3
125500;BOT_TAKER;BOT_MAKER;VELVETFRUIT_EXTRACT;XIRECS;5248.0;8
125500;BOT_TAKER;BOT_MAKER;VEV_6500;XIRECS;1.0;3
125600;BOT_MAKER;BOT_TAKER;VELVETFRUIT_EXTRACT;XIRECS;5242.0;15
125800;BOT_TAKER;BOT_MAKER;VELVETFRUIT_EXTRACT;XIRECS;5249.0;5
125800;BOT_MAKER;BOT_TAKER;VEV_5300;XIRECS;43.0;3
126000;BOT_MAKER;BOT_TAKER;VELVETFRUIT_EXTRACT;XIRECS;5243.0;3
126000;BOT_TAKER;BOT_MAKER;VEV_4000;XIRECS;1285.0;2
126100;BOT_MAKER;BOT_TAKER;VELVETFRUIT_EXTRACT;XIRECS;5243.0;7
126200;BOT_TAKER;BOT_MAKER;VELVETFRUIT_EXTRACT;XIRECS;5250.0;5
126300;BOT_MAKER;BOT_TAKER;VELVETFRUIT_EXTRACT;XIRECS;5243.0;5
126300;BOT_MAKER;BOT_TAKER;VEV_6500;XIRECS;0.0;2
126400;BOT_TAKER;BOT_MAKER;HYDROGEL_PACK;XIRECS;9981.0;2
126400;BOT_TAKER;BOT_MAKER;VEV_6000;XIRECS;1.0;3
126500;BOT_MAKER;BOT_TAKER;HYDROGEL_PACK;XIRECS;9965.0;5
126500;BOT_TAKER;BOT_MAKER;VEV_5500;XIRECS;12.0;5
126500;BOT_TAKER;BOT_MAKER;VEV_6000;XIRECS;1.0;5
126600;BOT_TAKER;BOT_MAKER;VELVETFRUIT_EXTRACT;XIRECS;5247.0;3
126700;BOT_TAKER;BOT_MAKER;HYDROGEL_PACK;XIRECS;9978.0;3
126800;BOT_MAKER;BOT_TAKER;HYDROGEL_PACK;XIRECS;9960.0;5
126900;BOT_MAKER;BOT_TAKER;VELVETFRUIT_EXTRACT;XIRECS;5238.0;6
126900;BOT_MAKER;BOT_TAKER;VEV_6500;XIRECS;0.0;2
127100;BOT_MAKER;BOT_TAKER;VEV_5500;XIRECS;11.0;3
127200;BOT_TAKER;BOT_MAKER;HYDROGEL_PACK;XIRECS;9976.0;3
127200;BOT_TAKER;BOT_MAKER;VEV_4000;XIRECS;1288.0;3
127300;BOT_TAKER;BOT_MAKER;VELVETFRUIT_EXTRACT;XIRECS;5243.0;4
127400;BOT_TAKER;BOT_MAKER;VEV_4000;XIRECS;1287.0;2
127400;BOT_TAKER;BOT_MAKER;VEV_6500;XIRECS;1.0;3
127700;BOT_MAKER;BOT_TAKER;VELVETFRUIT_EXTRACT;XIRECS;5241.0;6
127900;BOT_TAKER;BOT_MAKER;VELVETFRUIT_EXTRACT;XIRECS;5248.0;4
128000;BOT_MAKER;BOT_TAKER;VELVETFRUIT_EXTRACT;XIRECS;5242.0;8
128200;BOT_MAKER;BOT_TAKER;VEV_4000;XIRECS;1265.0;3
128300;BOT_MAKER;BOT_TAKER;HYDROGEL_PACK;XIRECS;9948.0;5
128400;BOT_TAKER;BOT_MAKER;VEV_5500;XIRECS;12.0;2
128500;BOT_TAKER;BOT_MAKER;VEV_5500;XIRECS;12.0;5
128700;BOT_MAKER;BOT_TAKER;VELVETFRUIT_EXTRACT;XIRECS;5242.0;8
128700;BOT_TAKER;BOT_MAKER;VEV_4000;XIRECS;1290.0;2
128700;BOT_TAKER;BOT_MAKER;VEV_5300;XIRECS;47.0;3
128700;BOT_MAKER;BOT_TAKER;VEV_6000;XIRECS;0.0;4
128800;BOT_MAKER;BOT_TAKER;HYDROGEL_PACK;XIRECS;9947.0;2
128800;BOT_TAKER;BOT_MAKER;VELVETFRUIT_EXTRACT;XIRECS;5248.0;5
128800;BOT_TAKER;BOT_MAKER;VEV_4000;XIRECS;1290.0;2
128800;BOT_MAKER;BOT_TAKER;VEV_6500;XIRECS;0.0;4
128900;BOT_MAKER;BOT_TAKER;HYDROGEL_PACK;XIRECS;9947.0;3
128900;BOT_TAKER;BOT_MAKER;VEV_6000;XIRECS;1.0;2
129000;BOT_MAKER;BOT_TAKER;HYDROGEL_PACK;XIRECS;9951.0;5
129000;BOT_MAKER;BOT_TAKER;HYDROGEL_PACK;XIRECS;9951.0;3
129100;BOT_MAKER;BOT_TAKER;VEV_6500;XIRECS;0.0;4
129200;BOT_TAKER;BOT_MAKER;HYDROGEL_PACK;XIRECS;9966.0;5
129200;BOT_TAKER;BOT_MAKER;VELVETFRUIT_EXTRACT;XIRECS;5248.0;8
129200;BOT_MAKER;BOT_TAKER;VEV_6500;XIRECS;0.0;4
129300;BOT_TAKER;BOT_MAKER;VEV_5200;XIRECS;106.0;3
129400;BOT_MAKER;BOT_TAKER;HYDROGEL_PACK;XIRECS;9953.0;5
129400;BOT_TAKER;BOT_MAKER;VEV_4000;XIRECS;1292.0;2
129400;BOT_MAKER;BOT_TAKER;VEV_5300;XIRECS;46.0;2
129500;BOT_MAKER;BOT_TAKER;VELVETFRUIT_EXTRACT;XIRECS;5241.0;7
129600;BOT_MAKER;BOT_TAKER;HYDROGEL_PACK;XIRECS;9952.0;4
129600;BOT_TAKER;BOT_MAKER;VELVETFRUIT_EXTRACT;XIRECS;5245.0;7
129700;BOT_MAKER;BOT_TAKER;HYDROGEL_PACK;XIRECS;9951.0;3
129700;BOT_MAKER;BOT_TAKER;VELVETFRUIT_EXTRACT;XIRECS;5240.0;5
129700;BOT_MAKER;BOT_TAKER;VEV_6000;XIRECS;0.0;5
129800;BOT_TAKER;BOT_MAKER;VELVETFRUIT_EXTRACT;XIRECS;5244.0;5
129800;BOT_MAKER;BOT_TAKER;VELVETFRUIT_EXTRACT;XIRECS;5239.0;3
129800;BOT_TAKER;BOT_MAKER;VEV_5500;XIRECS;12.0;2
129900;BOT_TAKER;BOT_MAKER;VELVETFRUIT_EXTRACT;XIRECS;5247.0;10
130000;BOT_TAKER;BOT_MAKER;HYDROGEL_PACK;XIRECS;9967.0;6
130100;BOT_TAKER;BOT_MAKER;VELVETFRUIT_EXTRACT;XIRECS;5245.0;6
130100;BOT_MAKER;BOT_TAKER;VEV_5400;XIRECS;8.0;3
130100;BOT_MAKER;BOT_TAKER;VEV_6500;XIRECS;0.0;3
130200;BOT_TAKER;BOT_MAKER;VEV_4000;XIRECS;1292.0;2
130300;BOT_MAKER;BOT_TAKER;VELVETFRUIT_EXTRACT;XIRECS;5241.0;11
130300;BOT_TAKER;BOT_MAKER;VEV_5300;XIRECS;47.0;3
130300;BOT_TAKER;BOT_MAKER;VEV_6500;XIRECS;1.0;5
130400;BOT_MAKER;BOT_TAKER;VEV_6000;XIRECS;0.0;4
130500;BOT_MAKER;BOT_TAKER;HYDROGEL_PACK;XIRECS;9948.0;5
130500;BOT_TAKER;BOT_MAKER;VEV_4000;XIRECS;1291.0;3
130600;BOT_MAKER;BOT_TAKER;VELVETFRUIT_EXTRACT;XIRECS;5242.0;8
130800;BOT_TAKER;BOT_MAKER;VELVETFRUIT_EXTRACT;XIRECS;5249.0;3
130900;BOT_TAKER;BOT_MAKER;VEV_6000;XIRECS;1.0;2
131000;BOT_MAKER;BOT_TAKER;HYDROGEL_PACK;XIRECS;9944.0;2
131000;BOT_MAKER;BOT_TAKER;HYDROGEL_PACK;XIRECS;9944.0;6
131100;BOT_TAKER;BOT_MAKER;VELVETFRUIT_EXTRACT;XIRECS;5248.0;5
131100;BOT_TAKER;BOT_MAKER;VEV_4000;XIRECS;1289.0;2
131200;BOT_MAKER;BOT_TAKER;HYDROGEL_PACK;XIRECS;9946.0;4
131200;BOT_TAKER;BOT_MAKER;VEV_5300;XIRECS;46.0;5
131200;BOT_TAKER;BOT_MAKER;VEV_5400;XIRECS;10.0;5
131600;BOT_MAKER;BOT_TAKER;HYDROGEL_PACK;XIRECS;9948.0;3
131600;BOT_TAKER;BOT_MAKER;VEV_5500;XIRECS;12.0;3
131700;BOT_TAKER;BOT_MAKER;VEV_6500;XIRECS;1.0;4
131900;BOT_MAKER;BOT_TAKER;HYDROGEL_PACK;XIRECS;9940.0;4
