timestamp;buyer;seller;symbol;currency;price;quantity
0;BOT_TAKER;BOT_MAKER;VELVETFRUIT_EXTRACT;XIRECS;5265.0;7
0;BOT_TAKER;BOT_MAKER;VEV_4000;XIRECS;1273.0;2
100;BOT_TAKER;BOT_MAKER;HYDROGEL_PACK;XIRECS;9984.0;3
100;BOT_TAKER;BOT_MAKER;VEV_4000;XIRECS;1273.0;3
100;BOT_MAKER;BOT_TAKER;VEV_6500;XIRECS;0.0;5
200;BOT_TAKER;BOT_MAKER;HYDROGEL_PACK;XIRECS;9982.0;2
300;BOT_MAKER;BOT_TAKER;VELVETFRUIT_EXTRACT;XIRECS;5257.0;7
300;BOT_MAKER;BOT_TAKER;VEV_5300;XIRECS;49.0;4
400;BOT_MAKER;BOT_TAKER;VELVETFRUIT_EXTRACT;XIRECS;5257.0;9
500;BOT_MAKER;BOT_TAKER;VELVETFRUIT_EXTRACT;XIRECS;5255.0;8
600;SUBMISSION;BOT_TAKER;VEV_4000;XIRECS;1255.0;3
700;BOT_TAKER;BOT_MAKER;VEV_6000;XIRECS;1.0;5
800;BOT_TAKER;BOT_MAKER;VELVETFRUIT_EXTRACT;XIRECS;5261.0;8
800;BOT_TAKER;BOT_MAKER;VEV_6000;XIRECS;1.0;2
900;BOT_TAKER;BOT_MAKER;VELVETFRUIT_EXTRACT;XIRECS;5261.0;7
1100;BOT_TAKER;BOT_MAKER;VELVETFRUIT_EXTRACT;XIRECS;5260.0;5
1200;BOT_MAKER;BOT_TAKER;VEV_5200;XIRECS;100.0;5
1400;BOT_MAKER;BOT_TAKER;HYDROGEL_PACK;XIRECS;9962.0;4
1400;BOT_MAKER;BOT_TAKER;VELVETFRUIT_EXTRACT;XIRECS;5252.0;4
1400;BOT_TAKER;BOT_MAKER;VEV_6000;XIRECS;1.0;4
1500;BOT_TAKER;BOT_MAKER;HYDROGEL_PACK;XIRECS;9977.0;2
1500;BOT_MAKER;BOT_TAKER;VELVETFRUIT_EXTRACT;XIRECS;5254.0;6
1500;BOT_TAKER;BOT_MAKER;VEV_6500;XIRECS;1.0;5
1700;BOT_TAKER;BOT_MAKER;VEV_6500;XIRECS;1.0;3
1800;BOT_TAKER;BOT_MAKER;HYDROGEL_PACK;XIRECS;9977.0;4
1800;BOT_MAKER;BOT_TAKER;VEV_5400;XIRECS;18.0;4
1900;BOT_TAKER;BOT_MAKER;HYDROGEL_PACK;XIRECS;9977.0;3
2000;BOT_MAKER;BOT_TAKER;HYDROGEL_PACK;XIRECS;9961.0;5
2000;BOT_TAKER;BOT_MAKER;VELVETFRUIT_EXTRACT;XIRECS;5258.0;5
2000;BOT_MAKER;BOT_TAKER;VEV_6500;XIRECS;0.0;2
2100;BOT_TAKER;BOT_MAKER;VEV_5500;XIRECS;7.0;4
2100;BOT_MAKER;BOT_TAKER;VEV_6500;XIRECS;0.0;2
2100;BOT_TAKER;SUBMISSION;VELVETFRUIT_EXTRACT;XIRECS;5257.0;5
2100;BOT_TAKER;BOT_MAKER;VELVETFRUIT_EXTRACT;XIRECS;5258.0;3
2200;BOT_TAKER;BOT_MAKER;VEV_4000;XIRECS;1272.0;2
2300;BOT_MAKER;BOT_TAKER;VELVETFRUIT_EXTRACT;XIRECS;5251.0;8
2400;BOT_TAKER;BOT_MAKER;VELVETFRUIT_EXTRACT;XIRECS;5255.0;3
2500;BOT_TAKER;BOT_MAKER;HYDROGEL_PACK;XIRECS;9971.0;5
2500;BOT_TAKER;BOT_MAKER;VELVETFRUIT_EXTRACT;XIRECS;5257.0;8
2600;BOT_TAKER;BOT_MAKER;VEV_4000;XIRECS;1274.0;3
2700;BOT_MAKER;BOT_TAKER;VELVETFRUIT_EXTRACT;XIRECS;5250.0;4
2800;BOT_MAKER;BOT_TAKER;HYDROGEL_PACK;XIRECS;9955.0;3
2800;BOT_MAKER;BOT_TAKER;VELVETFRUIT_EXTRACT;XIRECS;5251.0;6
2900;BOT_TAKER;BOT_MAKER;HYDROGEL_PACK;XIRECS;9969.0;6
2900;BOT_TAKER;BOT_MAKER;VEV_4000;XIRECS;1274.0;3
3200;SUBMISSION;BOT_TAKER;VELVETFRUIT_EXTRACT;XIRECS;5249.0;3
3400;BOT_TAKER;BOT_MAKER;HYDROGEL_PACK;XIRECS;9969.0;6
3400;BOT_TAKER;BOT_MAKER;VELVETFRUIT_EXTRACT;XIRECS;5254.0;6
3500;BOT_MAKER;BOT_TAKER;HYDROGEL_PACK;XIRECS;9956.0;6
3600;BOT_MAKER;BOT_TAKER;HYDROGEL_PACK;XIRECS;9955.0;5
3600;BOT_TAKER;BOT_MAKER;VELVETFRUIT_EXTRACT;XIRECS;5255.0;4
3700;BOT_TAKER;BOT_MAKER;HYDROGEL_PACK;XIRECS;9970.0;3
3700;BOT_TAKER;BOT_MAKER;VELVETFRUIT_EXTRACT;XIRECS;5256.0;4
3800;BOT_MAKER;BOT_TAKER;VELVETFRUIT_EXTRACT;XIRECS;5250.0;3
3900;BOT_TAKER;BOT_MAKER;VELVETFRUIT_EXTRACT;XIRECS;5255.0;8
4000;BOT_MAKER;BOT_TAKER;VEV_4000;XIRECS;1255.0;1
4200;BOT_TAKER;BOT_MAKER;HYDROGEL_PACK;XIRECS;9969.0;2
4400;BOT_TAKER;BOT_MAKER;VELVETFRUIT_EXTRACT;XIRECS;5253.0;7
4500;BOT_TAKER;BOT_MAKER;VELVETFRUIT_EXTRACT;XIRECS;5254.0;7
4500;BOT_MAKER;BOT_TAKER;VEV_4000;XIRECS;1253.0;3
4600;BOT_TAKER;BOT_MAKER;VEV_4000;XIRECS;1276.0;3
4700;BOT_MAKER;BOT_TAKER;VELVETFRUIT_EXTRACT;XIRECS;5252.0;8
4800;BOT_MAKER;BOT_TAKER;HYDROGEL_PACK;XIRECS;9955.0;4
4800;BOT_MAKER;BOT_TAKER;HYDROGEL_PACK;XIRECS;9955.0;3
4900;BOT_MAKER;BOT_TAKER;HYDROGEL_PACK;XIRECS;9953.0;2
4900;BOT_TAKER;BOT_MAKER;VELVETFRUIT_EXTRACT;XIRECS;5255.0;6
5100;BOT_TAKER;BOT_MAKER;VEV_4000;XIRECS;1274.0;2
5200;BOT_MAKER;BOT_TAKER;HYDROGEL_PACK;XIRECS;9954.0;5
5200;BOT_TAKER;BOT_MAKER;VELVETFRUIT_EXTRACT;XIRECS;5252.0;8
5200;BOT_TAKER;BOT_MAKER;VEV_5500;XIRECS;7.0;5
5300;BOT_MAKER;BOT_TAKER;VEV_6500;XIRECS;0.0;3
5400;BOT_TAKER;BOT_MAKER;HYDROGEL_PACK;XIRECS;9970.0;6
5400;BOT_MAKER;BOT_TAKER;VEV_4000;XIRECS;1254.0;2
5400;BOT_MAKER;BOT_TAKER;VEV_4000;XIRECS;1254.0;2
5500;BOT_TAKER;BOT_MAKER;HYDROGEL_PACK;XIRECS;9972.0;2
5500;BOT_MAKER;BOT_TAKER;VELVETFRUIT_EXTRACT;XIRECS;5248.0;6
5500;BOT_TAKER;BOT_MAKER;VEV_5500;XIRECS;7.0;2
5600;BOT_TAKER;BOT_MAKER;HYDROGEL_PACK;XIRECS;9972.0;2
5600;BOT_MAKER;BOT_TAKER;VEV_4000;XIRECS;1252.0;3
5800;BOT_MAKER;BOT_TAKER;HYDROGEL_PACK;XIRECS;9958.0;6
5800;BOT_MAKER;BOT_TAKER;VELVETFRUIT_EXTRACT;XIRECS;5249.0;10
5800;BOT_MAKER;BOT_TAKER;VEV_5500;XIRECS;6.0;5
5900;BOT_TAKER;SUBMISSION;HYDROGEL_PACK;XIRECS;9974.0;3
6100;SUBMISSION;BOT_TAKER;HYDROGEL_PACK;XIRECS;9962.0;3
6200;BOT_MAKER;BOT_TAKER;VELVETFRUIT_EXTRACT;XIRECS;5252.0;6
6300;BOT_TAKER;SUBMISSION;VELVETFRUIT_EXTRACT;XIRECS;5254.0;5
6300;BOT_TAKER;BOT_MAKER;VELVETFRUIT_EXTRACT;XIRECS;5255.0;1
6300;BOT_TAKER;SUBMISSION;VEV_4000;XIRECS;1273.0;3
6400;BOT_MAKER;BOT_TAKER;HYDROGEL_PACK;XIRECS;9962.0;3
6400;BOT_TAKER;BOT_MAKER;VELVETFRUIT_EXTRACT;XIRECS;5254.0;7
6400;BOT_TAKER;BOT_MAKER;VEV_5500;XIRECS;7.0;4
6500;BOT_MAKER;BOT_TAKER;VEV_5400;XIRECS;18.0;4
6600;BOT_TAKER;BOT_MAKER;HYDROGEL_PACK;XIRECS;9980.0;3
6600;BOT_MAKER;BOT_TAKER;VELVETFRUIT_EXTRACT;XIRECS;5250.0;5
6600;BOT_MAKER;BOT_TAKER;VEV_4000;XIRECS;1252.0;1
6600;BOT_TAKER;BOT_MAKER;VEV_6000;XIRECS;1.0;2
6800;BOT_TAKER;BOT_MAKER;HYDROGEL_PACK;XIRECS;9979.0;2
6800;BOT_MAKER;BOT_TAKER;VEV_4000;XIRECS;1250.0;2
6800;BOT_MAKER;BOT_TAKER;VEV_5300;XIRECS;47.0;4
6900;BOT_MAKER;BOT_TAKER;VELVETFRUIT_EXTRACT;XIRECS;5251.0;7
7000;BOT_MAKER;BOT_TAKER;VELVETFRUIT_EXTRACT;XIRECS;5253.0;6
7000;BOT_TAKER;SUBMISSION;HYDROGEL_PACK;XIRECS;9976.0;5
7100;BOT_TAKER;BOT_MAKER;HYDROGEL_PACK;XIRECS;9973.0;2
7200;BOT_MAKER;BOT_TAKER;VEV_5300;XIRECS;47.0;2
7200;BOT_MAKER;BOT_TAKER;VEV_6500;XIRECS;0.0;4
7300;BOT_TAKER;BOT_MAKER;VELVETFRUIT_EXTRACT;XIRECS;5259.0;8
7400;BOT_TAKER;BOT_MAKER;VELVETFRUIT_EXTRACT;XIRECS;5257.0;6
7400;BOT_MAKER;BOT_TAKER;VEV_5500;XIRECS;6.0;4
7400;BOT_TAKER;BOT_MAKER;VEV_6500;XIRECS;1.0;3
7500;BOT_TAKER;BOT_MAKER;VELVETFRUIT_EXTRACT;XIRECS;5258.0;15
7500;BOT_MAKER;BOT_TAKER;VEV_5300;XIRECS;48.0;3
7500;BOT_TAKER;BOT_MAKER;VEV_5500;XIRECS;7.0;2
7500;BOT_TAKER;BOT_MAKER;VEV_6500;XIRECS;1.0;4
7500;SUBMISSION;BOT_TAKER;VEV_5300;XIRECS;49.0;5
7600;BOT_TAKER;BOT_MAKER;VELVETFRUIT_EXTRACT;XIRECS;5256.0;3
7600;BOT_MAKER;BOT_TAKER;VEV_4000;XIRECS;1253.0;3
7700;BOT_TAKER;BOT_MAKER;HYDROGEL_PACK;XIRECS;9974.0;6
7700;BOT_TAKER;SUBMISSION;VEV_4000;XIRECS;1272.0;1
7800;BOT_MAKER;BOT_TAKER;VELVETFRUIT_EXTRACT;XIRECS;5252.0;3
7800;BOT_MAKER;BOT_TAKER;VEV_5400;XIRECS;20.0;4
7900;BOT_MAKER;BOT_TAKER;HYDROGEL_PACK;XIRECS;9957.0;2
7900;BOT_MAKER;BOT_TAKER;VEV_5500;XIRECS;5.0;2
8000;BOT_TAKER;SUBMISSION;VELVETFRUIT_EXTRACT;XIRECS;5256.0;4
8100;BOT_MAKER;BOT_TAKER;HYDROGEL_PACK;XIRECS;9956.0;5
8100;BOT_TAKER;BOT_MAKER;VELVETFRUIT_EXTRACT;XIRECS;5259.0;5
8100;BOT_MAKER;BOT_TAKER;VEV_4000;XIRECS;1255.0;1
8100;SUBMISSION;BOT_TAKER;HYDROGEL_PACK;XIRECS;9957.0;2
8200;BOT_TAKER;BOT_MAKER;VEV_5300;XIRECS;51.0;2
8300;BOT_MAKER;BOT_TAKER;HYDROGEL_PACK;XIRECS;9962.0;6
8300;BOT_MAKER;BOT_TAKER;VEV_6500;XIRECS;0.0;5
8300;BOT_TAKER;SUBMISSION;VEV_4000;XIRECS;1277.0;1
8400;BOT_MAKER;BOT_TAKER;VEV_6500;XIRECS;0.0;5
8500;BOT_MAKER;BOT_TAKER;HYDROGEL_PACK;XIRECS;9964.0;4
8500;BOT_MAKER;BOT_TAKER;VEV_5400;XIRECS;20.0;3
8500;BOT_TAKER;SUBMISSION;VELVETFRUIT_EXTRACT;XIRECS;5258.0;5
8600;BOT_MAKER;BOT_TAKER;HYDROGEL_PACK;XIRECS;9967.0;2
8600;BOT_MAKER;BOT_TAKER;VEV_6500;XIRECS;0.0;4
8600;BOT_TAKER;SUBMISSION;VEV_4000;XIRECS;1275.0;1
8700;BOT_MAKER;BOT_TAKER;HYDROGEL_PACK;XIRECS;9964.0;3
8700;BOT_MAKER;BOT_TAKER;VELVETFRUIT_EXTRACT;XIRECS;5254.0;7
8800;BOT_MAKER;BOT_TAKER;HYDROGEL_PACK;XIRECS;9963.0;4
8800;BOT_MAKER;BOT_TAKER;VELVETFRUIT_EXTRACT;XIRECS;5252.0;8
8800;BOT_MAKER;BOT_TAKER;VEV_6500;XIRECS;0.0;3
8900;BOT_TAKER;BOT_MAKER;HYDROGEL_PACK;XIRECS;9981.0;4
9000;SUBMISSION;BOT_TAKER;VEV_4000;XIRECS;1256.0;2
9100;BOT_MAKER;BOT_TAKER;HYDROGEL_PACK;XIRECS;9967.0;6
9100;BOT_TAKER;SUBMISSION;VELVETFRUIT_EXTRACT;XIRECS;5259.0;5
9100;BOT_TAKER;BOT_MAKER;VELVETFRUIT_EXTRACT;XIRECS;5260.0;3
9200;BOT_TAKER;BOT_MAKER;HYDROGEL_PACK;XIRECS;9985.0;4
9300;BOT_TAKER;BOT_MAKER;VELVETFRUIT_EXTRACT;XIRECS;5260.0;7
9300;BOT_TAKER;SUBMISSION;VELVETFRUIT_EXTRACT;XIRECS;5259.0;5
9300;BOT_TAKER;BOT_MAKER;VELVETFRUIT_EXTRACT;XIRECS;5260.0;2
9500;BOT_MAKER;BOT_TAKER;VELVETFRUIT_EXTRACT;XIRECS;5252.0;7
9500;SUBMISSION;BOT_TAKER;VELVETFRUIT_EXTRACT;XIRECS;5253.0;5
9500;BOT_MAKER;BOT_TAKER;VELVETFRUIT_EXTRACT;XIRECS;5252.0;2
9700;BOT_MAKER;BOT_TAKER;VELVETFRUIT_EXTRACT;XIRECS;5252.0;3
9700;BOT_MAKER;BOT_TAKER;VEV_4000;XIRECS;1258.0;2
9800;BOT_TAKER;BOT_MAKER;VEV_4000;XIRECS;1278.0;1
9900;SUBMISSION;BOT_TAKER;HYDROGEL_PACK;XIRECS;9976.0;3
10000;BOT_TAKER;BOT_MAKER;HYDROGEL_PACK;XIRECS;9990.0;6
10000;BOT_MAKER;BOT_TAKER;VELVETFRUIT_EXTRACT;XIRECS;5252.0;6
10100;BOT_MAKER;BOT_TAKER;HYDROGEL_PACK;XIRECS;9970.0;6
10100;BOT_MAKER;BOT_TAKER;VELVETFRUIT_EXTRACT;XIRECS;5252.0;6
10100;BOT_MAKER;BOT_TAKER;VELVETFRUIT_EXTRACT;XIRECS;5252.0;4
10200;BOT_TAKER;BOT_MAKER;VELVETFRUIT_EXTRACT;XIRECS;5258.0;10
10200;BOT_TAKER;BOT_MAKER;VELVETFRUIT_EXTRACT;XIRECS;5258.0;4
10300;BOT_TAKER;BOT_MAKER;HYDROGEL_PACK;XIRECS;9989.0;6
10500;BOT_MAKER;BOT_TAKER;VELVETFRUIT_EXTRACT;XIRECS;5253.0;4
10500;BOT_TAKER;BOT_MAKER;VEV_4000;XIRECS;1278.0;3
10500;BOT_MAKER;BOT_TAKER;VEV_4000;XIRECS;1257.0;2
10500;BOT_MAKER;BOT_TAKER;VEV_5400;XIRECS;19.0;3
10600;BOT_MAKER;BOT_TAKER;VELVETFRUIT_EXTRACT;XIRECS;5252.0;6
10600;BOT_MAKER;BOT_TAKER;VEV_5300;XIRECS;49.0;5
10700;BOT_TAKER;BOT_MAKER;VELVETFRUIT_EXTRACT;XIRECS;5258.0;6
10800;BOT_MAKER;BOT_TAKER;VEV_5500;XIRECS;5.0;2
10900;BOT_MAKER;BOT_TAKER;VELVETFRUIT_EXTRACT;XIRECS;5251.0;8
11200;BOT_TAKER;BOT_MAKER;HYDROGEL_PACK;XIRECS;9990.0;6
11300;BOT_TAKER;BOT_MAKER;VELVETFRUIT_EXTRACT;XIRECS;5256.0;5
11400;BOT_TAKER;BOT_MAKER;VELVETFRUIT_EXTRACT;XIRECS;5255.0;6
11400;BOT_TAKER;BOT_MAKER;VEV_6500;XIRECS;1.0;4
11500;BOT_MAKER;BOT_TAKER;VEV_5400;XIRECS;18.0;5
11600;BOT_TAKER;BOT_MAKER;HYDROGEL_PACK;XIRECS;9995.0;2
11600;BOT_TAKER;BOT_MAKER;VELVETFRUIT_EXTRACT;XIRECS;5254.0;7
11700;BOT_MAKER;BOT_TAKER;HYDROGEL_PACK;XIRECS;9979.0;3
11700;BOT_MAKER;BOT_TAKER;VELVETFRUIT_EXTRACT;XIRECS;5249.0;6
11700;BOT_MAKER;BOT_TAKER;VEV_6000;XIRECS;0.0;2
11800;BOT_TAKER;BOT_MAKER;HYDROGEL_PACK;XIRECS;9998.0;5
11900;BOT_TAKER;BOT_MAKER;VELVETFRUIT_EXTRACT;XIRECS;5252.0;8
12000;BOT_TAKER;BOT_MAKER;VELVETFRUIT_EXTRACT;XIRECS;5251.0;4
12000;BOT_TAKER;BOT_MAKER;VEV_4000;XIRECS;1281.0;3
12000;BOT_TAKER;SUBMISSION;VELVETFRUIT_EXTRACT;XIRECS;5250.0;5
12100;BOT_TAKER;BOT_MAKER;HYDROGEL_PACK;XIRECS;9999.0;6
12100;BOT_TAKER;BOT_MAKER;VELVETFRUIT_EXTRACT;XIRECS;5250.0;5
12100;SUBMISSION;BOT_TAKER;VELVETFRUIT_EXTRACT;XIRECS;5245.0;5
12100;BOT_MAKER;BOT_TAKER;VELVETFRUIT_EXTRACT;XIRECS;5244.0;1
12100;SUBMISSION;BOT_TAKER;VEV_4000;XIRECS;1262.0;1
12200;BOT_TAKER;BOT_MAKER;VEV_5500;XIRECS;6.0;2
12400;BOT_TAKER;BOT_MAKER;HYDROGEL_PACK;XIRECS;10004.0;3
12400;BOT_TAKER;SUBMISSION;HYDROGEL_PACK;XIRECS;10003.0;5
12400;BOT_TAKER;BOT_MAKER;HYDROGEL_PACK;XIRECS;10004.0;1
12500;BOT_TAKER;BOT_MAKER;HYDROGEL_PACK;XIRECS;10005.0;2
12600;BOT_MAKER;BOT_TAKER;HYDROGEL_PACK;XIRECS;9988.0;6
12700;BOT_MAKER;BOT_TAKER;VEV_5500;XIRECS;5.0;2
12800;BOT_MAKER;BOT_TAKER;VELVETFRUIT_EXTRACT;XIRECS;5243.0;8
12800;BOT_TAKER;BOT_MAKER;VEV_4000;XIRECS;1283.0;2
12800;BOT_TAKER;BOT_MAKER;VEV_5400;XIRECS;20.0;3
12900;BOT_MAKER;BOT_TAKER;VELVETFRUIT_EXTRACT;XIRECS;5242.0;5
13000;BOT_TAKER;BOT_MAKER;HYDROGEL_PACK;XIRECS;10007.0;4
13100;BOT_MAKER;BOT_TAKER;HYDROGEL_PACK;XIRECS;9988.0;5
13100;BOT_MAKER;BOT_TAKER;VELVETFRUIT_EXTRACT;XIRECS;5243.0;6
13100;SUBMISSION;BOT_TAKER;VELVETFRUIT_EXTRACT;XIRECS;5244.0;5
13100;BOT_MAKER;BOT_TAKER;VELVETFRUIT_EXTRACT;XIRECS;5243.0;3
13200;BOT_TAKER;BOT_MAKER;VELVETFRUIT_EXTRACT;XIRECS;5248.0;8
13300;BOT_MAKER;BOT_TAKER;HYDROGEL_PACK;XIRECS;9984.0;2
13300;BOT_MAKER;BOT_TAKER;VELVETFRUIT_EXTRACT;XIRECS;5244.0;5
13500;BOT_MAKER;BOT_TAKER;VELVETFRUIT_EXTRACT;XIRECS;5246.0;7
13500;BOT_MAKER;BOT_TAKER;VEV_5500;XIRECS;4.0;2
13500;BOT_TAKER;BOT_MAKER;VEV_6500;XIRECS;1.0;5
13600;BOT_MAKER;BOT_TAKER;VELVETFRUIT_EXTRACT;XIRECS;5244.0;4
13700;BOT_MAKER;BOT_TAKER;VEV_4000;XIRECS;1263.0;2
13700;BOT_MAKER;BOT_TAKER;VEV_5300;XIRECS;48.0;4
13800;BOT_TAKER;BOT_MAKER;HYDROGEL_PACK;XIRECS;9992.0;6
13800;BOT_MAKER;BOT_TAKER;VELVETFRUIT_EXTRACT;XIRECS;5244.0;6
13800;BOT_TAKER;BOT_MAKER;VEV_4000;XIRECS;1285.0;1
13800;BOT_TAKER;BOT_MAKER;VEV_4000;XIRECS;1285.0;2
13900;BOT_MAKER;BOT_TAKER;VEV_5400;XIRECS;19.0;5
14000;BOT_TAKER;BOT_MAKER;HYDROGEL_PACK;XIRECS;9994.0;4
14000;BOT_MAKER;BOT_TAKER;VELVETFRUIT_EXTRACT;XIRECS;5242.0;5
14100;BOT_TAKER;BOT_MAKER;VELVETFRUIT_EXTRACT;XIRECS;5246.0;5
14300;BOT_TAKER;BOT_MAKER;HYDROGEL_PACK;XIRECS;9992.0;6
14300;BOT_TAKER;BOT_MAKER;VEV_6000;XIRECS;1.0;2
14300;SUBMISSION;BOT_TAKER;HYDROGEL_PACK;XIRECS;9977.0;3
14400;BOT_MAKER;BOT_TAKER;HYDROGEL_PACK;XIRECS;9976.0;4
14400;BOT_MAKER;BOT_TAKER;VELVETFRUIT_EXTRACT;XIRECS;5241.0;5
14500;BOT_MAKER;BOT_TAKER;VEV_5500;XIRECS;4.0;4
14600;BOT_MAKER;BOT_TAKER;VELVETFRUIT_EXTRACT;XIRECS;5241.0;10
14700;BOT_MAKER;BOT_TAKER;VELVETFRUIT_EXTRACT;XIRECS;5240.0;8
14700;BOT_TAKER;BOT_MAKER;VEV_6500;XIRECS;1.0;4
14700;BOT_TAKER;SUBMISSION;VELVETFRUIT_EXTRACT;XIRECS;5245.0;4
14800;BOT_MAKER;BOT_TAKER;VELVETFRUIT_EXTRACT;XIRECS;5241.0;4
14900;BOT_MAKER;BOT_TAKER;VEV_4000;XIRECS;1267.0;1
15000;BOT_TAKER;BOT_MAKER;VEV_5500;XIRECS;5.0;3
15100;BOT_MAKER;BOT_TAKER;HYDROGEL_PACK;XIRECS;9975.0;4
15100;BOT_MAKER;BOT_TAKER;VELVETFRUIT_EXTRACT;XIRECS;5239.0;8
15100;SUBMISSION;BOT_TAKER;HYDROGEL_PACK;XIRECS;9976.0;5
15100;BOT_MAKER;BOT_TAKER;HYDROGEL_PACK;XIRECS;9975.0;1
15200;BOT_MAKER;BOT_TAKER;VEV_5300;XIRECS;49.0;5
15200;BOT_MAKER;BOT_TAKER;VEV_6000;XIRECS;0.0;5
15300;BOT_TAKER;BOT_MAKER;HYDROGEL_PACK;XIRECS;9992.0;2
15300;BOT_TAKER;BOT_MAKER;VELVETFRUIT_EXTRACT;XIRECS;5243.0;6
15300;BOT_MAKER;BOT_TAKER;VEV_4000;XIRECS;1267.0;2
15300;BOT_TAKER;SUBMISSION;VELVETFRUIT_EXTRACT;XIRECS;5242.0;5
15300;BOT_TAKER;BOT_MAKER;VELVETFRUIT_EXTRACT;XIRECS;5243.0;3
15400;BOT_TAKER;BOT_MAKER;VELVETFRUIT_EXTRACT;XIRECS;5246.0;8
15600;BOT_MAKER;BOT_TAKER;VEV_4000;XIRECS;1267.0;3
15600;BOT_TAKER;BOT_MAKER;VEV_5200;XIRECS;112.0;5
15700;BOT_TAKER;BOT_MAKER;VEV_6000;XIRECS;1.0;4
15800;BOT_TAKER;BOT_MAKER;VELVETFRUIT_EXTRACT;XIRECS;5246.0;3
15800;BOT_MAKER;BOT_TAKER;VEV_4000;XIRECS;1270.0;3
15900;BOT_TAKER;BOT_MAKER;VELVETFRUIT_EXTRACT;XIRECS;5245.0;7
15900;BOT_TAKER;BOT_MAKER;VEV_4000;XIRECS;1290.0;1
15900;BOT_TAKER;BOT_MAKER;VEV_5400;XIRECS;21.0;2
16000;BOT_TAKER;BOT_MAKER;HYDROGEL_PACK;XIRECS;9993.0;6
16100;BOT_MAKER;BOT_TAKER;VEV_6500;XIRECS;0.0;4
16100;BOT_MAKER;BOT_TAKER;VEV_6500;XIRECS;0.0;2
16200;BOT_TAKER;BOT_MAKER;VELVETFRUIT_EXTRACT;XIRECS;5242.0;5
16200;SUBMISSION;BOT_TAKER;VELVETFRUIT_EXTRACT;XIRECS;5237.0;3
16400;BOT_MAKER;BOT_TAKER;VELVETFRUIT_EXTRACT;XIRECS;5233.0;4
16500;BOT_MAKER;BOT_TAKER;HYDROGEL_PACK;XIRECS;9975.0;5
16600;BOT_TAKER;BOT_MAKER;HYDROGEL_PACK;XIRECS;9988.0;6
16600;BOT_MAKER;BOT_TAKER;VELVETFRUIT_EXTRACT;XIRECS;5233.0;8
16600;BOT_MAKER;BOT_TAKER;VEV_6500;XIRECS;0.0;3
16700;BOT_MAKER;BOT_TAKER;HYDROGEL_PACK;XIRECS;9974.0;4
16700;BOT_TAKER;BOT_MAKER;VEV_4000;XIRECS;1293.0;1
16700;BOT_MAKER;BOT_TAKER;VEV_5300;XIRECS;49.0;5
16900;BOT_MAKER;BOT_TAKER;VEV_6500;XIRECS;0.0;3
17000;BOT_MAKER;BOT_TAKER;HYDROGEL_PACK;XIRECS;9966.0;3
17000;BOT_TAKER;BOT_MAKER;VELVETFRUIT_EXTRACT;XIRECS;5239.0;8
17000;BOT_TAKER;BOT_MAKER;VEV_5500;XIRECS;5.0;2
17100;BOT_MAKER;BOT_TAKER;VELVETFRUIT_EXTRACT;XIRECS;5234.0;7
17100;BOT_MAKER;BOT_TAKER;VEV_6500;XIRECS;0.0;4
17200;BOT_MAKER;BOT_TAKER;HYDROGEL_PACK;XIRECS;9963.0;6
17200;BOT_MAKER;BOT_TAKER;VELVETFRUIT_EXTRACT;XIRECS;5232.0;6
17300;BOT_TAKER;BOT_MAKER;HYDROGEL_PACK;XIRECS;9981.0;6
17400;BOT_TAKER;BOT_MAKER;VELVETFRUIT_EXTRACT;XIRECS;5240.0;6
17500;BOT_TAKER;SUBMISSION;HYDROGEL_PACK;XIRECS;9980.0;5
17600;BOT_TAKER;BOT_MAKER;VELVETFRUIT_EXTRACT;XIRECS;5242.0;5
17700;BOT_TAKER;BOT_MAKER;HYDROGEL_PACK;XIRECS;9983.0;2
17700;BOT_TAKER;BOT_MAKER;VEV_5400;XIRECS;20.0;3
17700;BOT_TAKER;BOT_MAKER;VEV_6500;XIRECS;1.0;5
18000;BOT_MAKER;BOT_TAKER;VEV_5400;XIRECS;19.0;4
18200;BOT_MAKER;BOT_TAKER;HYDROGEL_PACK;XIRECS;9969.0;6
18300;BOT_TAKER;BOT_MAKER;VELVETFRUIT_EXTRACT;XIRECS;5242.0;6
18300;BOT_MAKER;BOT_TAKER;VEV_4000;XIRECS;1264.0;3
18300;BOT_TAKER;SUBMISSION;VEV_4000;XIRECS;1284.0;2
18400;BOT_TAKER;BOT_MAKER;HYDROGEL_PACK;XIRECS;9985.0;6
18400;BOT_MAKER;BOT_TAKER;VELVETFRUIT_EXTRACT;XIRECS;5235.0;8
18500;BOT_MAKER;BOT_TAKER;VEV_5400;XIRECS;19.0;4
18600;BOT_TAKER;BOT_MAKER;HYDROGEL_PACK;XIRECS;9983.0;4
18600;BOT_TAKER;BOT_MAKER;VEV_5500;XIRECS;5.0;5
18700;BOT_TAKER;BOT_MAKER;VELVETFRUIT_EXTRACT;XIRECS;5241.0;8
18700;BOT_MAKER;BOT_TAKER;VEV_4000;XIRECS;1265.0;3
18800;BOT_MAKER;BOT_TAKER;HYDROGEL_PACK;XIRECS;9967.0;2
18800;BOT_MAKER;BOT_TAKER;VELVETFRUIT_EXTRACT;XIRECS;5236.0;10
18800;BOT_TAKER;SUBMISSION;VELVETFRUIT_EXTRACT;XIRECS;5240.0;5
18900;BOT_TAKER;SUBMISSION;VEV_4000;XIRECS;1285.0;3
19000;BOT_TAKER;BOT_MAKER;VELVETFRUIT_EXTRACT;XIRECS;5239.0;4
19000;BOT_MAKER;BOT_TAKER;VEV_5500;XIRECS;4.0;5
19100;BOT_MAKER;BOT_TAKER;VEV_5400;XIRECS;19.0;3
19100;BOT_TAKER;SUBMISSION;HYDROGEL_PACK;XIRECS;9985.0;5
19200;BOT_MAKER;BOT_TAKER;VELVETFRUIT_EXTRACT;XIRECS;5235.0;4
19400;BOT_MAKER;BOT_TAKER;VELVETFRUIT_EXTRACT;XIRECS;5237.0;6
19400;BOT_TAKER;BOT_MAKER;VEV_6000;XIRECS;1.0;4
19400;BOT_TAKER;BOT_MAKER;VEV_6500;XIRECS;1.0;5
19600;BOT_MAKER;BOT_TAKER;HYDROGEL_PACK;XIRECS;9978.0;5
19600;BOT_MAKER;BOT_TAKER;VEV_5400;XIRECS;18.0;2
19600;BOT_TAKER;BOT_MAKER;VEV_6500;XIRECS;1.0;5
19600;BOT_TAKER;SUBMISSION;VELVETFRUIT_EXTRACT;XIRECS;5239.0;5
19600;BOT_TAKER;BOT_MAKER;VELVETFRUIT_EXTRACT;XIRECS;5240.0;2
19700;SUBMISSION;BOT_TAKER;VELVETFRUIT_EXTRACT;XIRECS;5236.0;4
19800;BOT_MAKER;BOT_TAKER;VELVETFRUIT_EXTRACT;XIRECS;5235.0;5
19800;BOT_TAKER;BOT_MAKER;VEV_4000;XIRECS;1291.0;1
19800;BOT_MAKER;BOT_TAKER;VEV_5200;XIRECS;117.0;5
19800;BOT_MAKER;BOT_TAKER;VEV_6500;XIRECS;0.0;4
19900;BOT_TAKER;BOT_MAKER;HYDROGEL_PACK;XIRECS;9996.0;4
19900;BOT_TAKER;BOT_MAKER;VEV_6000;XIRECS;1.0;2
19900;BOT_TAKER;SUBMISSION;VEV_4000;XIRECS;1289.0;2
20000;BOT_TAKER;BOT_MAKER;VELVETFRUIT_EXTRACT;XIRECS;5241.0;7
20100;BOT_MAKER;BOT_TAKER;VELVETFRUIT_EXTRACT;XIRECS;5237.0;7
20100;BOT_TAKER;BOT_MAKER;VEV_5300;XIRECS;52.0;5
20200;BOT_MAKER;BOT_TAKER;VELVETFRUIT_EXTRACT;XIRECS;5238.0;8
20200;BOT_MAKER;BOT_TAKER;VEV_4000;XIRECS;1269.0;1
20300;BOT_TAKER;BOT_MAKER;VELVETFRUIT_EXTRACT;XIRECS;5243.0;7
20300;BOT_MAKER;BOT_TAKER;VEV_5500;XIRECS;5.0;3
20300;BOT_TAKER;SUBMISSION;VELVETFRUIT_EXTRACT;XIRECS;5242.0;5
20500;BOT_TAKER;BOT_MAKER;HYDROGEL_PACK;XIRECS;9996.0;6
20500;BOT_TAKER;SUBMISSION;HYDROGEL_PACK;XIRECS;9995.0;5
20600;BOT_MAKER;BOT_TAKER;HYDROGEL_PACK;XIRECS;9980.0;2
20700;BOT_MAKER;BOT_TAKER;VEV_5500;XIRECS;4.0;4
20700;SUBMISSION;BOT_TAKER;VELVETFRUIT_EXTRACT;XIRECS;5239.0;5
20700;BOT_MAKER;BOT_TAKER;VELVETFRUIT_EXTRACT;XIRECS;5238.0;2
20900;BOT_TAKER;BOT_MAKER;HYDROGEL_PACK;XIRECS;9997.0;5
20900;BOT_TAKER;BOT_MAKER;VEV_4000;XIRECS;1286.0;3
20900;BOT_TAKER;BOT_MAKER;VEV_6000;XIRECS;1.0;4
21000;BOT_MAKER;BOT_TAKER;VEV_5400;XIRECS;18.0;3
21200;BOT_TAKER;BOT_MAKER;HYDROGEL_PACK;XIRECS;9993.0;5
21300;BOT_TAKER;BOT_MAKER;VEV_5400;XIRECS;20.0;2
21300;BOT_MAKER;BOT_TAKER;VEV_6000;XIRECS;0.0;3
21400;BOT_TAKER;BOT_MAKER;HYDROGEL_PACK;XIRECS;9996.0;3
21400;BOT_TAKER;BOT_MAKER;HYDROGEL_PACK;XIRECS;9996.0;3
21400;BOT_MAKER;BOT_TAKER;VEV_6500;XIRECS;0.0;4
21500;BOT_MAKER;BOT_TAKER;VELVETFRUIT_EXTRACT;XIRECS;5239.0;13
21500;BOT_MAKER;BOT_TAKER;VEV_4000;XIRECS;1268.0;1
21500;BOT_TAKER;BOT_MAKER;VEV_6500;XIRECS;1.0;4
21600;BOT_MAKER;BOT_TAKER;VELVETFRUIT_EXTRACT;XIRECS;5239.0;10
21900;BOT_TAKER;BOT_MAKER;VELVETFRUIT_EXTRACT;XIRECS;5244.0;7
22000;BOT_TAKER;BOT_MAKER;HYDROGEL_PACK;XIRECS;10001.0;2
22000;BOT_TAKER;BOT_MAKER;VEV_5300;XIRECS;52.0;5
22000;BOT_TAKER;SUBMISSION;HYDROGEL_PACK;XIRECS;10000.0;5
22000;SUBMISSION;BOT_TAKER;VELVETFRUIT_EXTRACT;XIRECS;5242.0;5
22000;BOT_MAKER;BOT_TAKER;VELVETFRUIT_EXTRACT;XIRECS;5241.0;2
22100;BOT_TAKER;BOT_MAKER;HYDROGEL_PACK;XIRECS;9999.0;4
22100;BOT_MAKER;BOT_TAKER;VEV_4000;XIRECS;1269.0;3
22400;BOT_TAKER;BOT_MAKER;VEV_5300;XIRECS;54.0;2
22500;BOT_MAKER;BOT_TAKER;VELVETFRUIT_EXTRACT;XIRECS;5237.0;8
22500;BOT_MAKER;BOT_TAKER;VELVETFRUIT_EXTRACT;XIRECS;5237.0;4
22600;BOT_MAKER;BOT_TAKER;VEV_4000;XIRECS;1266.0;3
22700;BOT_MAKER;BOT_TAKER;VELVETFRUIT_EXTRACT;XIRECS;5237.0;7
22800;BOT_MAKER;BOT_TAKER;HYDROGEL_PACK;XIRECS;9981.0;6
22900;BOT_MAKER;BOT_TAKER;HYDROGEL_PACK;XIRECS;9982.0;3
23000;BOT_TAKER;BOT_MAKER;VEV_5400;XIRECS;20.0;3
23100;BOT_TAKER;BOT_MAKER;VEV_6000;XIRECS;1.0;5
23200;BOT_TAKER;BOT_MAKER;HYDROGEL_PACK;XIRECS;9997.0;3
23200;BOT_TAKER;BOT_MAKER;VELVETFRUIT_EXTRACT;XIRECS;5243.0;8
23200;BOT_TAKER;SUBMISSION;VELVETFRUIT_EXTRACT;XIRECS;5242.0;5
23300;BOT_TAKER;BOT_MAKER;VEV_4000;XIRECS;1291.0;3
23300;SUBMISSION;BOT_TAKER;VELVETFRUIT_EXTRACT;XIRECS;5237.0;5
23300;BOT_MAKER;BOT_TAKER;VELVETFRUIT_EXTRACT;XIRECS;5236.0;2
23400;BOT_TAKER;BOT_MAKER;VEV_5300;XIRECS;52.0;2
23500;BOT_MAKER;BOT_TAKER;VEV_5400;XIRECS;19.0;3
23600;BOT_TAKER;BOT_MAKER;VEV_4000;XIRECS;1290.0;2
23600;BOT_TAKER;BOT_MAKER;VEV_5300;XIRECS;53.0;2
23600;BOT_TAKER;SUBMISSION;HYDROGEL_PACK;XIRECS;9997.0;3
23800;BOT_TAKER;BOT_MAKER;HYDROGEL_PACK;XIRECS;9998.0;5
23800;BOT_TAKER;SUBMISSION;HYDROGEL_PACK;XIRECS;9997.0;2
23900;BOT_TAKER;BOT_MAKER;HYDROGEL_PACK;XIRECS;9997.0;4
23900;BOT_MAKER;BOT_TAKER;VELVETFRUIT_EXTRACT;XIRECS;5232.0;8
24000;BOT_MAKER;BOT_TAKER;HYDROGEL_PACK;XIRECS;9980.0;6
24000;BOT_MAKER;BOT_TAKER;VELVETFRUIT_EXTRACT;XIRECS;5232.0;7
24000;BOT_TAKER;BOT_MAKER;VEV_6500;XIRECS;1.0;4
24200;BOT_TAKER;BOT_MAKER;VEV_6000;XIRECS;1.0;5
24200;BOT_TAKER;SUBMISSION;VEV_5300;XIRECS;51.0;2
24300;BOT_TAKER;BOT_MAKER;VEV_4000;XIRECS;1287.0;1
24300;BOT_TAKER;BOT_MAKER;VEV_5400;XIRECS;20.0;4
24300;BOT_MAKER;BOT_TAKER;VEV_5500;XIRECS;3.0;5
24400;BOT_MAKER;BOT_TAKER;HYDROGEL_PACK;XIRECS;9983.0;5
24400;BOT_TAKER;BOT_MAKER;VELVETFRUIT_EXTRACT;XIRECS;5236.0;6
24400;BOT_TAKER;SUBMISSION;HYDROGEL_PACK;XIRECS;10001.0;5
24500;BOT_MAKER;BOT_TAKER;HYDROGEL_PACK;XIRECS;9985.0;4
24500;BOT_TAKER;BOT_MAKER;VELVETFRUIT_EXTRACT;XIRECS;5237.0;6
24500;BOT_MAKER;BOT_TAKER;VEV_4000;XIRECS;1266.0;3
24600;BOT_TAKER;BOT_MAKER;VELVETFRUIT_EXTRACT;XIRECS;5238.0;9
24600;BOT_TAKER;BOT_MAKER;VEV_4000;XIRECS;1287.0;3
24600;BOT_TAKER;BOT_MAKER;VEV_6500;XIRECS;1.0;3
24600;SUBMISSION;BOT_TAKER;HYDROGEL_PACK;XIRECS;9986.0;5
24700;BOT_MAKER;BOT_TAKER;VELVETFRUIT_EXTRACT;XIRECS;5230.0;8
24700;BOT_TAKER;SUBMISSION;HYDROGEL_PACK;XIRECS;10002.0;2
24800;BOT_MAKER;BOT_TAKER;VELVETFRUIT_EXTRACT;XIRECS;5231.0;8
25300;BOT_TAKER;BOT_MAKER;HYDROGEL_PACK;XIRECS;10007.0;2
25500;BOT_TAKER;BOT_MAKER;VEV_5300;XIRECS;51.0;4
25500;BOT_MAKER;BOT_TAKER;VEV_5500;XIRECS;3.0;5
25500;BOT_TAKER;SUBMISSION;HYDROGEL_PACK;XIRECS;10007.0;5
25500;BOT_TAKER;BOT_MAKER;HYDROGEL_PACK;XIRECS;10008.0;1
25600;BOT_TAKER;BOT_MAKER;HYDROGEL_PACK;XIRECS;10010.0;5
25600;BOT_MAKER;BOT_TAKER;VELVETFRUIT_EXTRACT;XIRECS;5229.0;3
25600;BOT_TAKER;SUBMISSION;VELVETFRUIT_EXTRACT;XIRECS;5232.0;5
25600;BOT_TAKER;BOT_MAKER;VELVETFRUIT_EXTRACT;XIRECS;5233.0;2
25800;BOT_TAKER;BOT_MAKER;VELVETFRUIT_EXTRACT;XIRECS;5235.0;8
25800;BOT_MAKER;BOT_TAKER;VELVETFRUIT_EXTRACT;XIRECS;5229.0;8
25900;BOT_TAKER;BOT_MAKER;HYDROGEL_PACK;XIRECS;10010.0;2
25900;BOT_MAKER;BOT_TAKER;VEV_6500;XIRECS;0.0;2
26000;BOT_MAKER;BOT_TAKER;VELVETFRUIT_EXTRACT;XIRECS;5228.0;10
26000;BOT_TAKER;BOT_MAKER;VEV_4000;XIRECS;1291.0;3
26300;BOT_MAKER;BOT_TAKER;VEV_6000;XIRECS;0.0;2
26400;BOT_TAKER;SUBMISSION;VEV_4000;XIRECS;1291.0;3
26600;BOT_TAKER;BOT_MAKER;VELVETFRUIT_EXTRACT;XIRECS;5234.0;7
26600;BOT_TAKER;BOT_MAKER;VEV_4000;XIRECS;1290.0;3
26600;BOT_MAKER;BOT_TAKER;VEV_4000;XIRECS;1268.0;3
26700;BOT_TAKER;BOT_MAKER;HYDROGEL_PACK;XIRECS;10011.0;2
26900;SUBMISSION;BOT_TAKER;VELVETFRUIT_EXTRACT;XIRECS;5231.0;5
26900;BOT_MAKER;BOT_TAKER;VELVETFRUIT_EXTRACT;XIRECS;5230.0;3
27000;BOT_TAKER;BOT_MAKER;HYDROGEL_PACK;XIRECS;10018.0;4
27000;BOT_MAKER;BOT_TAKER;VELVETFRUIT_EXTRACT;XIRECS;5232.0;12
27200;BOT_TAKER;BOT_MAKER;VELVETFRUIT_EXTRACT;XIRECS;5237.0;6
27400;BOT_MAKER;BOT_TAKER;HYDROGEL_PACK;XIRECS;9996.0;4
27400;BOT_TAKER;BOT_MAKER;VELVETFRUIT_EXTRACT;XIRECS;5236.0;8
27400;BOT_MAKER;BOT_TAKER;VEV_5300;XIRECS;51.0;3
27600;BOT_TAKER;BOT_MAKER;VEV_6500;XIRECS;1.0;3
27700;BOT_TAKER;SUBMISSION;VEV_4000;XIRECS;1290.0;3
27900;BOT_MAKER;BOT_TAKER;VELVETFRUIT_EXTRACT;XIRECS;5230.0;7
27900;BOT_TAKER;BOT_MAKER;VEV_6500;XIRECS;1.0;3
27900;SUBMISSION;BOT_TAKER;VELVETFRUIT_EXTRACT;XIRECS;5231.0;3
28000;BOT_TAKER;BOT_MAKER;VELVETFRUIT_EXTRACT;XIRECS;5237.0;3
28100;BOT_TAKER;BOT_MAKER;HYDROGEL_PACK;XIRECS;10012.0;5
28100;BOT_TAKER;BOT_MAKER;VELVETFRUIT_EXTRACT;XIRECS;5238.0;3
28100;BOT_MAKER;BOT_TAKER;VEV_4000;XIRECS;1269.0;3
28100;BOT_TAKER;BOT_MAKER;VEV_4000;XIRECS;1290.0;2
28200;BOT_MAKER;BOT_TAKER;VEV_4000;XIRECS;1269.0;2
28300;BOT_TAKER;BOT_MAKER;VEV_5500;XIRECS;5.0;3
28400;BOT_TAKER;BOT_MAKER;VELVETFRUIT_EXTRACT;XIRECS;5239.0;4
28500;BOT_MAKER;BOT_TAKER;VELVETFRUIT_EXTRACT;XIRECS;5236.0;7
28500;BOT_TAKER;BOT_MAKER;VEV_4000;XIRECS;1289.0;3
28500;BOT_TAKER;SUBMISSION;HYDROGEL_PACK;XIRECS;10010.0;4
28600;BOT_TAKER;BOT_MAKER;VEV_6000;XIRECS;1.0;4
28700;BOT_TAKER;BOT_MAKER;HYDROGEL_PACK;XIRECS;10011.0;2
28900;BOT_TAKER;BOT_MAKER;VEV_6000;XIRECS;1.0;3
29100;BOT_MAKER;BOT_TAKER;VELVETFRUIT_EXTRACT;XIRECS;5241.0;5
29200;BOT_MAKER;BOT_TAKER;HYDROGEL_PACK;XIRECS;9998.0;3
29200;BOT_TAKER;BOT_MAKER;VEV_4000;XIRECS;1288.0;3
29200;BOT_TAKER;BOT_MAKER;VEV_5500;XIRECS;5.0;5
29300;BOT_TAKER;BOT_MAKER;VELVETFRUIT_EXTRACT;XIRECS;5248.0;8
29500;BOT_TAKER;BOT_MAKER;HYDROGEL_PACK;XIRECS;10016.0;5
29500;BOT_MAKER;BOT_TAKER;VELVETFRUIT_EXTRACT;XIRECS;5243.0;8
29500;BOT_TAKER;BOT_MAKER;VEV_4000;XIRECS;1290.0;3
29500;BOT_TAKER;SUBMISSION;VEV_4000;XIRECS;1289.0;2
29600;BOT_MAKER;BOT_TAKER;VELVETFRUIT_EXTRACT;XIRECS;5242.0;5
29600;BOT_TAKER;BOT_MAKER;VEV_4000;XIRECS;1288.0;1
29600;BOT_TAKER;BOT_MAKER;VEV_5400;XIRECS;20.0;3
29700;BOT_TAKER;BOT_MAKER;HYDROGEL_PACK;XIRECS;10023.0;4
29700;SUBMISSION;BOT_TAKER;HYDROGEL_PACK;XIRECS;10008.0;5
29700;BOT_MAKER;BOT_TAKER;HYDROGEL_PACK;XIRECS;10007.0;1
29800;BOT_MAKER;BOT_TAKER;HYDROGEL_PACK;XIRECS;10009.0;5
29800;BOT_MAKER;BOT_TAKER;VEV_6000;XIRECS;0.0;4
29800;BOT_TAKER;SUBMISSION;HYDROGEL_PACK;XIRECS;10024.0;4
29800;SUBMISSION;BOT_TAKER;VEV_5500;XIRECS;4.0;2
29900;BOT_TAKER;BOT_MAKER;VELVETFRUIT_EXTRACT;XIRECS;5249.0;8
29900;BOT_MAKER;BOT_TAKER;VEV_5400;XIRECS;18.0;4
30000;BOT_TAKER;BOT_MAKER;HYDROGEL_PACK;XIRECS;10021.0;3
30200;BOT_TAKER;BOT_MAKER;HYDROGEL_PACK;XIRECS;10022.0;4
30200;BOT_MAKER;BOT_TAKER;VELVETFRUIT_EXTRACT;XIRECS;5245.0;11
30200;BOT_MAKER;BOT_TAKER;VEV_5500;XIRECS;3.0;2
30300;BOT_TAKER;BOT_MAKER;HYDROGEL_PACK;XIRECS;10021.0;2
30300;BOT_TAKER;BOT_MAKER;VELVETFRUIT_EXTRACT;XIRECS;5252.0;5
30300;SUBMISSION;BOT_TAKER;HYDROGEL_PACK;XIRECS;10006.0;5
30300;SUBMISSION;BOT_TAKER;VELVETFRUIT_EXTRACT;XIRECS;5247.0;5
30300;BOT_MAKER;BOT_TAKER;VELVETFRUIT_EXTRACT;XIRECS;5246.0;3
30400;BOT_TAKER;BOT_MAKER;VEV_6000;XIRECS;1.0;5
30500;BOT_MAKER;BOT_TAKER;HYDROGEL_PACK;XIRECS;10001.0;4
30500;BOT_TAKER;BOT_MAKER;VEV_4000;XIRECS;1292.0;1
30600;BOT_MAKER;BOT_TAKER;VEV_4000;XIRECS;1269.0;1
30600;BOT_TAKER;BOT_MAKER;VEV_4000;XIRECS;1291.0;3
30700;BOT_TAKER;BOT_MAKER;VEV_4000;XIRECS;1292.0;3
30700;BOT_MAKER;BOT_TAKER;VEV_5400;XIRECS;17.0;5
30900;BOT_TAKER;BOT_MAKER;VELVETFRUIT_EXTRACT;XIRECS;5251.0;6
30900;BOT_MAKER;BOT_TAKER;VEV_5300;XIRECS;50.0;2
31000;BOT_TAKER;BOT_MAKER;VELVETFRUIT_EXTRACT;XIRECS;5251.0;7
31200;BOT_TAKER;BOT_MAKER;HYDROGEL_PACK;XIRECS;10018.0;4
31200;BOT_TAKER;BOT_MAKER;VELVETFRUIT_EXTRACT;XIRECS;5252.0;8
31200;BOT_MAKER;BOT_TAKER;VEV_4000;XIRECS;1272.0;3
31200;BOT_MAKER;BOT_TAKER;VEV_5400;XIRECS;18.0;2
31300;BOT_TAKER;BOT_MAKER;VELVETFRUIT_EXTRACT;XIRECS;5250.0;11
31400;BOT_TAKER;BOT_MAKER;VEV_6000;XIRECS;1.0;3
31500;BOT_MAKER;BOT_TAKER;VELVETFRUIT_EXTRACT;XIRECS;5247.0;5
31500;SUBMISSION;BOT_TAKER;HYDROGEL_PACK;XIRECS;10008.0;5
31500;BOT_MAKER;BOT_TAKER;HYDROGEL_PACK;XIRECS;10007.0;1
31600;BOT_TAKER;BOT_MAKER;HYDROGEL_PACK;XIRECS;10023.0;3
31600;BOT_MAKER;BOT_TAKER;VEV_4000;XIRECS;1272.0;2
31600;BOT_MAKER;BOT_TAKER;VEV_6000;XIRECS;0.0;5
31800;BOT_TAKER;BOT_MAKER;VELVETFRUIT_EXTRACT;XIRECS;5251.0;4
31900;BOT_TAKER;BOT_MAKER;VEV_5500;XIRECS;4.0;4
32000;BOT_MAKER;BOT_TAKER;VELVETFRUIT_EXTRACT;XIRECS;5245.0;3
32200;BOT_TAKER;BOT_MAKER;VELVETFRUIT_EXTRACT;XIRECS;5248.0;8
32300;BOT_TAKER;SUBMISSION;VELVETFRUIT_EXTRACT;XIRECS;5247.0;4
32400;BOT_MAKER;BOT_TAKER;VELVETFRUIT_EXTRACT;XIRECS;5245.0;6
32400;BOT_TAKER;SUBMISSION;HYDROGEL_PACK;XIRECS;10028.0;3
32400;BOT_TAKER;SUBMISSION;VELVETFRUIT_EXTRACT;XIRECS;5249.0;5
32500;BOT_TAKER;BOT_MAKER;VELVETFRUIT_EXTRACT;XIRECS;5250.0;4
32500;BOT_MAKER;BOT_TAKER;VEV_6000;XIRECS;0.0;3
32600;BOT_MAKER;BOT_TAKER;VEV_4000;XIRECS;1275.0;3
32600;BOT_MAKER;BOT_TAKER;VEV_5400;XIRECS;17.0;4
32600;BOT_MAKER;BOT_TAKER;VEV_6000;XIRECS;0.0;4
32600;SUBMISSION;BOT_TAKER;VELVETFRUIT_EXTRACT;XIRECS;5245.0;3
32800;BOT_MAKER;BOT_TAKER;VELVETFRUIT_EXTRACT;XIRECS;5242.0;8
32800;SUBMISSION;BOT_TAKER;HYDROGEL_PACK;XIRECS;10009.0;5
33000;BOT_MAKER;BOT_TAKER;VELVETFRUIT_EXTRACT;XIRECS;5244.0;4
33200;BOT_MAKER;BOT_TAKER;VEV_6500;XIRECS;0.0;2
33300;BOT_TAKER;BOT_MAKER;VELVETFRUIT_EXTRACT;XIRECS;5248.0;6
33500;BOT_MAKER;BOT_TAKER;VELVETFRUIT_EXTRACT;XIRECS;5243.0;3
33600;BOT_TAKER;SUBMISSION;VELVETFRUIT_EXTRACT;XIRECS;5247.0;3
33700;BOT_MAKER;BOT_TAKER;HYDROGEL_PACK;XIRECS;10002.0;2
33800;BOT_TAKER;BOT_MAKER;VELVETFRUIT_EXTRACT;XIRECS;5247.0;15
33800;SUBMISSION;BOT_TAKER;HYDROGEL_PACK;XIRECS;10006.0;5
33800;BOT_MAKER;BOT_TAKER;HYDROGEL_PACK;XIRECS;10005.0;1
33900;BOT_TAKER;BOT_MAKER;VEV_5400;XIRECS;19.0;4
33900;BOT_MAKER;BOT_TAKER;VEV_5500;XIRECS;3.0;2
34100;BOT_TAKER;BOT_MAKER;HYDROGEL_PACK;XIRECS;10029.0;6
34100;BOT_TAKER;BOT_MAKER;HYDROGEL_PACK;XIRECS;10029.0;3
34100;BOT_TAKER;BOT_MAKER;VELVETFRUIT_EXTRACT;XIRECS;5249.0;8
34100;BOT_MAKER;BOT_TAKER;VEV_4000;XIRECS;1275.0;1
34200;BOT_TAKER;BOT_MAKER;HYDROGEL_PACK;XIRECS;10029.0;3
34200;BOT_MAKER;BOT_TAKER;VELVETFRUIT_EXTRACT;XIRECS;5242.0;5
34300;BOT_MAKER;BOT_TAKER;VEV_4000;XIRECS;1275.0;1
34300;BOT_MAKER;BOT_TAKER;VEV_5400;XIRECS;17.0;3
34300;BOT_TAKER;BOT_MAKER;VEV_5500;XIRECS;5.0;3
34600;BOT_MAKER;BOT_TAKER;HYDROGEL_PACK;XIRECS;10013.0;4
34800;BOT_TAKER;BOT_MAKER;VELVETFRUIT_EXTRACT;XIRECS;5242.0;8
34800;BOT_TAKER;SUBMISSION;VEV_5200;XIRECS;127.0;2
34900;BOT_MAKER;BOT_TAKER;VEV_5500;XIRECS;4.0;4
35000;BOT_MAKER;BOT_TAKER;VELVETFRUIT_EXTRACT;XIRECS;5237.0;5
35100;BOT_MAKER;BOT_TAKER;VELVETFRUIT_EXTRACT;XIRECS;5235.0;13
35100;BOT_MAKER;BOT_TAKER;VEV_5500;XIRECS;4.0;5
35100;BOT_TAKER;BOT_MAKER;VEV_6500;XIRECS;1.0;5
35200;BOT_MAKER;BOT_TAKER;VELVETFRUIT_EXTRACT;XIRECS;5235.0;8
35200;BOT_MAKER;BOT_TAKER;VEV_4000;XIRECS;1275.0;2
35300;BOT_TAKER;BOT_MAKER;VEV_6500;XIRECS;1.0;4
35400;BOT_TAKER;BOT_MAKER;VELVETFRUIT_EXTRACT;XIRECS;5241.0;5
35400;BOT_MAKER;BOT_TAKER;VEV_4000;XIRECS;1273.0;2
35400;BOT_TAKER;BOT_MAKER;VEV_6500;XIRECS;1.0;4
35500;BOT_TAKER;BOT_MAKER;VELVETFRUIT_EXTRACT;XIRECS;5242.0;3
35500;SUBMISSION;BOT_TAKER;HYDROGEL_PACK;XIRECS;10005.0;4
35600;BOT_MAKER;BOT_TAKER;VELVETFRUIT_EXTRACT;XIRECS;5235.0;8
35700;SUBMISSION;BOT_TAKER;HYDROGEL_PACK;XIRECS;10002.0;5
35800;BOT_TAKER;BOT_MAKER;VELVETFRUIT_EXTRACT;XIRECS;5239.0;5
35800;BOT_TAKER;BOT_MAKER;VEV_6500;XIRECS;1.0;5
35800;BOT_TAKER;SUBMISSION;VEV_4000;XIRECS;1295.0;3
36000;BOT_MAKER;BOT_TAKER;VEV_4000;XIRECS;1276.0;3
36100;BOT_TAKER;BOT_MAKER;VELVETFRUIT_EXTRACT;XIRECS;5241.0;6
36100;BOT_MAKER;BOT_TAKER;VEV_5400;XIRECS;17.0;4
36100;BOT_MAKER;BOT_TAKER;VEV_5500;XIRECS;4.0;4
36100;BOT_MAKER;BOT_TAKER;VEV_6000;XIRECS;0.0;2
36100;SUBMISSION;BOT_TAKER;HYDROGEL_PACK;XIRECS;10003.0;5
36100;BOT_TAKER;SUBMISSION;VEV_5300;XIRECS;58.0;3
36200;BOT_TAKER;BOT_MAKER;HYDROGEL_PACK;XIRECS;10018.0;5
36300;BOT_MAKER;BOT_TAKER;VELVETFRUIT_EXTRACT;XIRECS;5234.0;6
36300;SUBMISSION;BOT_TAKER;VEV_5500;XIRECS;4.0;5
36400;BOT_MAKER;BOT_TAKER;HYDROGEL_PACK;XIRECS;10001.0;3
36400;BOT_MAKER;BOT_TAKER;VELVETFRUIT_EXTRACT;XIRECS;5234.0;5
36400;BOT_MAKER;BOT_TAKER;VEV_4000;XIRECS;1273.0;1
36400;SUBMISSION;BOT_TAKER;VELVETFRUIT_EXTRACT;XIRECS;5235.0;5
36400;BOT_MAKER;BOT_TAKER;VELVETFRUIT_EXTRACT;XIRECS;5234.0;6
36500;BOT_TAKER;SUBMISSION;VELVETFRUIT_EXTRACT;XIRECS;5240.0;5
36500;BOT_TAKER;BOT_MAKER;VELVETFRUIT_EXTRACT;XIRECS;5241.0;3
36700;BOT_MAKER;BOT_TAKER;HYDROGEL_PACK;XIRECS;10000.0;4
36800;BOT_MAKER;BOT_TAKER;VELVETFRUIT_EXTRACT;XIRECS;5235.0;5
36800;BOT_MAKER;BOT_TAKER;VEV_5500;XIRECS;3.0;2
36800;BOT_MAKER;BOT_TAKER;VEV_6500;XIRECS;0.0;3
36900;BOT_TAKER;BOT_MAKER;VELVETFRUIT_EXTRACT;XIRECS;5240.0;7
36900;BOT_TAKER;BOT_MAKER;VEV_5400;XIRECS;19.0;4
37100;BOT_MAKER;BOT_TAKER;HYDROGEL_PACK;XIRECS;10000.0;6
37100;BOT_TAKER;BOT_MAKER;VELVETFRUIT_EXTRACT;XIRECS;5240.0;8
37100;BOT_TAKER;BOT_MAKER;VEV_6500;XIRECS;1.0;5
37100;BOT_TAKER;SUBMISSION;VELVETFRUIT_EXTRACT;XIRECS;5239.0;5
37100;BOT_TAKER;BOT_MAKER;VELVETFRUIT_EXTRACT;XIRECS;5240.0;3
37100;SUBMISSION;BOT_TAKER;VEV_4000;XIRECS;1276.0;2
37300;BOT_MAKER;BOT_TAKER;HYDROGEL_PACK;XIRECS;10003.0;6
37400;BOT_MAKER;BOT_TAKER;VEV_5400;XIRECS;17.0;4
37400;BOT_TAKER;BOT_MAKER;VEV_6500;XIRECS;1.0;5
37600;BOT_TAKER;BOT_MAKER;VEV_4000;XIRECS;1294.0;1
37600;SUBMISSION;BOT_TAKER;VELVETFRUIT_EXTRACT;XIRECS;5234.0;5
37600;BOT_MAKER;BOT_TAKER;VELVETFRUIT_EXTRACT;XIRECS;5233.0;1
37700;BOT_MAKER;BOT_TAKER;VELVETFRUIT_EXTRACT;XIRECS;5232.0;6
37700;BOT_MAKER;BOT_TAKER;VEV_4000;XIRECS;1272.0;3
37800;BOT_TAKER;BOT_MAKER;VELVETFRUIT_EXTRACT;XIRECS;5237.0;7
38200;BOT_MAKER;BOT_TAKER;HYDROGEL_PACK;XIRECS;10001.0;3
38200;BOT_TAKER;BOT_MAKER;HYDROGEL_PACK;XIRECS;10017.0;2
38300;BOT_TAKER;BOT_MAKER;HYDROGEL_PACK;XIRECS;10016.0;2
38300;BOT_TAKER;BOT_MAKER;VELVETFRUIT_EXTRACT;XIRECS;5233.0;3
38400;BOT_TAKER;BOT_MAKER;VELVETFRUIT_EXTRACT;XIRECS;5233.0;7
38400;BOT_MAKER;BOT_TAKER;VEV_6000;XIRECS;0.0;5
38500;BOT_MAKER;BOT_TAKER;VELVETFRUIT_EXTRACT;XIRECS;5228.0;8
38600;BOT_MAKER;BOT_TAKER;VELVETFRUIT_EXTRACT;XIRECS;5228.0;7
38600;SUBMISSION;BOT_TAKER;VEV_4000;XIRECS;1274.0;3
38700;BOT_TAKER;BOT_MAKER;VEV_4000;XIRECS;1294.0;1
38800;BOT_TAKER;BOT_MAKER;VEV_5200;XIRECS;131.0;3
38900;BOT_TAKER;BOT_MAKER;HYDROGEL_PACK;XIRECS;10017.0;6
38900;BOT_MAKER;BOT_TAKER;HYDROGEL_PACK;XIRECS;10001.0;2
38900;BOT_TAKER;BOT_MAKER;VELVETFRUIT_EXTRACT;XIRECS;5235.0;8
38900;BOT_MAKER;BOT_TAKER;VEV_4000;XIRECS;1272.0;3
38900;BOT_MAKER;BOT_TAKER;VEV_5400;XIRECS;18.0;3
38900;BOT_TAKER;BOT_MAKER;VEV_6000;XIRECS;1.0;2
39000;BOT_MAKER;BOT_TAKER;VEV_4000;XIRECS;1271.0;1
39100;BOT_MAKER;BOT_TAKER;HYDROGEL_PACK;XIRECS;9999.0;2
39100;BOT_MAKER;BOT_TAKER;VEV_6000;XIRECS;0.0;3
39200;BOT_MAKER;BOT_TAKER;HYDROGEL_PACK;XIRECS;9999.0;2
39200;BOT_MAKER;BOT_TAKER;VELVETFRUIT_EXTRACT;XIRECS;5228.0;7
39300;BOT_TAKER;BOT_MAKER;HYDROGEL_PACK;XIRECS;10013.0;6
39300;BOT_MAKER;BOT_TAKER;VEV_6500;XIRECS;0.0;3
39600;BOT_MAKER;BOT_TAKER;VELVETFRUIT_EXTRACT;XIRECS;5229.0;3
39700;BOT_TAKER;BOT_MAKER;VEV_5500;XIRECS;4.0;3
40000;BOT_TAKER;BOT_MAKER;VELVETFRUIT_EXTRACT;XIRECS;5233.0;7
40000;BOT_TAKER;BOT_MAKER;VEV_6500;XIRECS;1.0;2
40100;BOT_MAKER;BOT_TAKER;HYDROGEL_PACK;XIRECS;9996.0;6
40200;BOT_TAKER;BOT_MAKER;VEV_4000;XIRECS;1288.0;1
40300;BOT_MAKER;BOT_TAKER;HYDROGEL_PACK;XIRECS;9995.0;6
40300;BOT_MAKER;BOT_TAKER;VEV_5300;XIRECS;49.0;3
40300;BOT_TAKER;BOT_MAKER;VEV_5300;XIRECS;51.0;3
40400;BOT_MAKER;BOT_TAKER;VELVETFRUIT_EXTRACT;XIRECS;5227.0;4
40500;BOT_TAKER;BOT_MAKER;HYDROGEL_PACK;XIRECS;10012.0;6
40500;BOT_MAKER;BOT_TAKER;VELVETFRUIT_EXTRACT;XIRECS;5227.0;6
40600;BOT_TAKER;BOT_MAKER;VEV_6500;XIRECS;1.0;4
40700;BOT_TAKER;BOT_MAKER;VEV_6000;XIRECS;1.0;2
40800;BOT_TAKER;BOT_MAKER;HYDROGEL_PACK;XIRECS;10016.0;5
40800;BOT_TAKER;BOT_MAKER;VELVETFRUIT_EXTRACT;XIRECS;5231.0;5
40800;BOT_MAKER;BOT_TAKER;VEV_5300;XIRECS;50.0;4
40900;BOT_MAKER;BOT_TAKER;VELVETFRUIT_EXTRACT;XIRECS;5229.0;8
41000;BOT_TAKER;BOT_MAKER;HYDROGEL_PACK;XIRECS;10018.0;6
41000;BOT_MAKER;BOT_TAKER;VEV_4000;XIRECS;1263.0;2
41100;BOT_MAKER;BOT_TAKER;VELVETFRUIT_EXTRACT;XIRECS;5231.0;5
41100;BOT_TAKER;SUBMISSION;VEV_5500;XIRECS;4.0;3
41200;BOT_MAKER;BOT_TAKER;VELVETFRUIT_EXTRACT;XIRECS;5229.0;5
41300;BOT_TAKER;BOT_MAKER;VELVETFRUIT_EXTRACT;XIRECS;5237.0;5
41400;BOT_TAKER;BOT_MAKER;HYDROGEL_PACK;XIRECS;10023.0;3
41400;BOT_TAKER;BOT_MAKER;VELVETFRUIT_EXTRACT;XIRECS;5236.0;6
41400;BOT_MAKER;BOT_TAKER;VEV_4000;XIRECS;1261.0;1
41600;BOT_TAKER;BOT_MAKER;VELVETFRUIT_EXTRACT;XIRECS;5233.0;6
41700;BOT_TAKER;BOT_MAKER;VELVETFRUIT_EXTRACT;XIRECS;5233.0;7
41700;BOT_TAKER;SUBMISSION;HYDROGEL_PACK;XIRECS;10026.0;5
41700;BOT_TAKER;BOT_MAKER;HYDROGEL_PACK;XIRECS;10027.0;1
41800;BOT_TAKER;BOT_MAKER;HYDROGEL_PACK;XIRECS;10027.0;6
41800;BOT_MAKER;BOT_TAKER;VELVETFRUIT_EXTRACT;XIRECS;5227.0;5
41800;BOT_MAKER;BOT_TAKER;VEV_4000;XIRECS;1261.0;2
41800;BOT_TAKER;BOT_MAKER;VEV_6000;XIRECS;1.0;4
41900;BOT_MAKER;BOT_TAKER;VELVETFRUIT_EXTRACT;XIRECS;5228.0;6
42000;BOT_MAKER;BOT_TAKER;HYDROGEL_PACK;XIRECS;10012.0;5
42100;BOT_MAKER;BOT_TAKER;VELVETFRUIT_EXTRACT;XIRECS;5228.0;8
42200;BOT_TAKER;BOT_MAKER;HYDROGEL_PACK;XIRECS;10028.0;6
42200;BOT_MAKER;BOT_TAKER;VELVETFRUIT_EXTRACT;XIRECS;5228.0;5
42300;BOT_MAKER;BOT_TAKER;HYDROGEL_PACK;XIRECS;10014.0;5
42400;BOT_MAKER;BOT_TAKER;VELVETFRUIT_EXTRACT;XIRECS;5228.0;4
42400;SUBMISSION;BOT_TAKER;VEV_4000;XIRECS;1261.0;1
42700;BOT_MAKER;BOT_TAKER;HYDROGEL_PACK;XIRECS;10010.0;3
42700;BOT_MAKER;BOT_TAKER;VEV_6500;XIRECS;0.0;5
43000;BOT_MAKER;BOT_TAKER;VEV_6500;XIRECS;0.0;5
43000;SUBMISSION;BOT_TAKER;VEV_4000;XIRECS;1260.0;1
43100;BOT_MAKER;BOT_TAKER;HYDROGEL_PACK;XIRECS;10006.0;2
43100;BOT_TAKER;BOT_MAKER;VEV_6500;XIRECS;1.0;2
43100;SUBMISSION;BOT_TAKER;HYDROGEL_PACK;XIRECS;10007.0;5
43200;BOT_TAKER;BOT_MAKER;VEV_6500;XIRECS;1.0;5
43300;BOT_MAKER;BOT_TAKER;VEV_4000;XIRECS;1258.0;3
43300;BOT_TAKER;BOT_MAKER;VEV_6000;XIRECS;1.0;5
43400;BOT_MAKER;BOT_TAKER;VEV_5400;XIRECS;19.0;5
43500;BOT_TAKER;BOT_MAKER;VELVETFRUIT_EXTRACT;XIRECS;5237.0;8
43600;BOT_TAKER;SUBMISSION;VELVETFRUIT_EXTRACT;XIRECS;5236.0;4
43700;BOT_TAKER;BOT_MAKER;VEV_4000;XIRECS;1281.0;2
43700;BOT_TAKER;BOT_MAKER;VEV_6000;XIRECS;1.0;3
43800;BOT_TAKER;BOT_MAKER;VEV_5500;XIRECS;5.0;5
43900;BOT_MAKER;BOT_TAKER;VELVETFRUIT_EXTRACT;XIRECS;5232.0;6
43900;BOT_MAKER;BOT_TAKER;VEV_5500;XIRECS;3.0;2
43900;SUBMISSION;BOT_TAKER;VELVETFRUIT_EXTRACT;XIRECS;5233.0;5
44000;BOT_TAKER;BOT_MAKER;VELVETFRUIT_EXTRACT;XIRECS;5238.0;8
44100;BOT_TAKER;BOT_MAKER;HYDROGEL_PACK;XIRECS;10028.0;5
44100;BOT_MAKER;BOT_TAKER;VELVETFRUIT_EXTRACT;XIRECS;5231.0;6
44200;BOT_MAKER;BOT_TAKER;VEV_6000;XIRECS;0.0;4
44300;BOT_MAKER;BOT_TAKER;VELVETFRUIT_EXTRACT;XIRECS;5229.0;6
44300;BOT_TAKER;BOT_MAKER;VELVETFRUIT_EXTRACT;XIRECS;5235.0;6
44300;BOT_TAKER;BOT_MAKER;VEV_5300;XIRECS;52.0;4
44400;BOT_TAKER;BOT_MAKER;HYDROGEL_PACK;XIRECS;10030.0;2
44400;BOT_MAKER;BOT_TAKER;VELVETFRUIT_EXTRACT;XIRECS;5229.0;4
44500;BOT_TAKER;BOT_MAKER;VEV_5400;XIRECS;20.0;5
44600;BOT_MAKER;BOT_TAKER;HYDROGEL_PACK;XIRECS;10011.0;4
44600;BOT_TAKER;BOT_MAKER;VELVETFRUIT_EXTRACT;XIRECS;5233.0;4
44600;BOT_MAKER;BOT_TAKER;VEV_4000;XIRECS;1258.0;1
44700;BOT_TAKER;BOT_MAKER;HYDROGEL_PACK;XIRECS;10028.0;5
44700;BOT_TAKER;BOT_MAKER;VEV_4000;XIRECS;1280.0;3
44700;BOT_TAKER;BOT_MAKER;VEV_6000;XIRECS;1.0;5
44800;BOT_TAKER;BOT_MAKER;VELVETFRUIT_EXTRACT;XIRECS;5231.0;7
44800;BOT_TAKER;SUBMISSION;VEV_4000;XIRECS;1278.0;1
44900;BOT_MAKER;BOT_TAKER;VEV_6500;XIRECS;0.0;2
44900;SUBMISSION;BOT_TAKER;VELVETFRUIT_EXTRACT;XIRECS;5226.0;5
44900;BOT_MAKER;BOT_TAKER;VELVETFRUIT_EXTRACT;XIRECS;5225.0;9
45000;BOT_MAKER;BOT_TAKER;VELVETFRUIT_EXTRACT;XIRECS;5225.0;6
45000;BOT_MAKER;BOT_TAKER;VEV_4000;XIRECS;1259.0;3
45000;BOT_TAKER;BOT_MAKER;VEV_5400;XIRECS;19.0;3
45200;BOT_MAKER;BOT_TAKER;VELVETFRUIT_EXTRACT;XIRECS;5226.0;7
45200;BOT_TAKER;BOT_MAKER;VEV_4000;XIRECS;1279.0;3
45200;BOT_TAKER;SUBMISSION;HYDROGEL_PACK;XIRECS;10024.0;5
45400;SUBMISSION;BOT_TAKER;VELVETFRUIT_EXTRACT;XIRECS;5226.0;5
45400;BOT_MAKER;BOT_TAKER;VELVETFRUIT_EXTRACT;XIRECS;5225.0;1
45500;BOT_MAKER;BOT_TAKER;HYDROGEL_PACK;XIRECS;10009.0;6
45600;SUBMISSION;BOT_TAKER;VEV_5500;XIRECS;4.0;5
45900;BOT_TAKER;BOT_MAKER;VELVETFRUIT_EXTRACT;XIRECS;5228.0;4
45900;BOT_TAKER;BOT_MAKER;VEV_6500;XIRECS;1.0;5
45900;BOT_TAKER;SUBMISSION;VEV_4000;XIRECS;1286.0;2
46000;BOT_MAKER;BOT_TAKER;HYDROGEL_PACK;XIRECS;10009.0;3
46000;BOT_MAKER;BOT_TAKER;VEV_4000;XIRECS;1265.0;1
46100;BOT_TAKER;BOT_MAKER;VEV_5400;XIRECS;19.0;3
46200;BOT_TAKER;BOT_MAKER;VELVETFRUIT_EXTRACT;XIRECS;5225.0;8
46200;BOT_MAKER;BOT_TAKER;VEV_5300;XIRECS;50.0;4
46300;BOT_TAKER;BOT_MAKER;VELVETFRUIT_EXTRACT;XIRECS;5224.0;5
46400;BOT_MAKER;BOT_TAKER;HYDROGEL_PACK;XIRECS;10007.0;4
46700;BOT_MAKER;BOT_TAKER;HYDROGEL_PACK;XIRECS;10004.0;4
46700;BOT_TAKER;BOT_MAKER;VELVETFRUIT_EXTRACT;XIRECS;5226.0;5
46700;BOT_MAKER;BOT_TAKER;VEV_6500;XIRECS;0.0;4
46700;SUBMISSION;BOT_TAKER;VELVETFRUIT_EXTRACT;XIRECS;5222.0;5
46700;BOT_MAKER;BOT_TAKER;VELVETFRUIT_EXTRACT;XIRECS;5221.0;2
46800;BOT_TAKER;BOT_MAKER;HYDROGEL_PACK;XIRECS;10018.0;4
46800;BOT_MAKER;BOT_TAKER;VELVETFRUIT_EXTRACT;XIRECS;5220.0;4
46900;BOT_TAKER;BOT_MAKER;HYDROGEL_PACK;XIRECS;10019.0;2
46900;BOT_MAKER;BOT_TAKER;VEV_5400;XIRECS;18.0;4
46900;BOT_TAKER;SUBMISSION;HYDROGEL_PACK;XIRECS;10018.0;2
47000;BOT_MAKER;BOT_TAKER;VEV_6000;XIRECS;0.0;4
47100;BOT_MAKER;BOT_TAKER;VELVETFRUIT_EXTRACT;XIRECS;5220.0;5
47200;BOT_TAKER;BOT_MAKER;VELVETFRUIT_EXTRACT;XIRECS;5224.0;5
47200;SUBMISSION;BOT_TAKER;VEV_5400;XIRECS;19.0;3
47300;BOT_TAKER;BOT_MAKER;HYDROGEL_PACK;XIRECS;10016.0;2
47400;BOT_MAKER;BOT_TAKER;HYDROGEL_PACK;XIRECS;9998.0;4
47400;BOT_TAKER;BOT_MAKER;VEV_5500;XIRECS;5.0;2
47400;SUBMISSION;BOT_TAKER;VELVETFRUIT_EXTRACT;XIRECS;5219.0;3
47500;BOT_MAKER;BOT_TAKER;VELVETFRUIT_EXTRACT;XIRECS;5218.0;5
47600;BOT_MAKER;BOT_TAKER;HYDROGEL_PACK;XIRECS;9999.0;2
47600;BOT_TAKER;BOT_MAKER;VELVETFRUIT_EXTRACT;XIRECS;5225.0;10
47700;BOT_TAKER;BOT_MAKER;HYDROGEL_PACK;XIRECS;10018.0;3
47700;SUBMISSION;BOT_TAKER;VEV_4000;XIRECS;1269.0;1
47800;BOT_MAKER;BOT_TAKER;VEV_4000;XIRECS;1267.0;2
47900;BOT_TAKER;BOT_MAKER;VEV_4000;XIRECS;1287.0;3
47900;BOT_TAKER;BOT_MAKER;VEV_6500;XIRECS;1.0;5
48000;BOT_MAKER;BOT_TAKER;VELVETFRUIT_EXTRACT;XIRECS;5218.0;3
48000;BOT_MAKER;BOT_TAKER;VEV_6000;XIRECS;0.0;4
48200;BOT_MAKER;BOT_TAKER;HYDROGEL_PACK;XIRECS;10007.0;3
48200;BOT_TAKER;SUBMISSION;VELVETFRUIT_EXTRACT;XIRECS;5226.0;4
48300;BOT_TAKER;BOT_MAKER;VEV_6000;XIRECS;1.0;3
48300;SUBMISSION;BOT_TAKER;VELVETFRUIT_EXTRACT;XIRECS;5221.0;5
48300;BOT_MAKER;BOT_TAKER;VELVETFRUIT_EXTRACT;XIRECS;5220.0;2
48400;BOT_MAKER;BOT_TAKER;HYDROGEL_PACK;XIRECS;10004.0;3
48400;BOT_TAKER;BOT_MAKER;VEV_6500;XIRECS;1.0;3
48400;SUBMISSION;BOT_TAKER;HYDROGEL_PACK;XIRECS;10005.0;2
48500;BOT_MAKER;BOT_TAKER;VELVETFRUIT_EXTRACT;XIRECS;5218.0;5
48600;BOT_TAKER;BOT_MAKER;VELVETFRUIT_EXTRACT;XIRECS;5223.0;4
48600;BOT_TAKER;BOT_MAKER;VEV_5500;XIRECS;5.0;4
48800;BOT_MAKER;BOT_TAKER;HYDROGEL_PACK;XIRECS;9998.0;2
48900;BOT_MAKER;BOT_TAKER;HYDROGEL_PACK;XIRECS;9995.0;3
48900;BOT_MAKER;BOT_TAKER;VELVETFRUIT_EXTRACT;XIRECS;5217.0;9
48900;BOT_TAKER;BOT_MAKER;VEV_5300;XIRECS;54.0;2
49100;BOT_MAKER;BOT_TAKER;HYDROGEL_PACK;XIRECS;9992.0;5
49100;BOT_TAKER;BOT_MAKER;VELVETFRUIT_EXTRACT;XIRECS;5223.0;8
49100;BOT_TAKER;BOT_MAKER;VEV_5500;XIRECS;5.0;5
49200;BOT_MAKER;BOT_TAKER;VELVETFRUIT_EXTRACT;XIRECS;5216.0;7
49200;BOT_TAKER;BOT_MAKER;VEV_4000;XIRECS;1292.0;2
49200;BOT_TAKER;BOT_MAKER;VEV_6000;XIRECS;1.0;4
49300;BOT_TAKER;BOT_MAKER;HYDROGEL_PACK;XIRECS;10011.0;6
49300;BOT_TAKER;BOT_MAKER;VEV_4000;XIRECS;1290.0;2
49300;BOT_TAKER;BOT_MAKER;VEV_6000;XIRECS;1.0;5
49400;BOT_TAKER;BOT_MAKER;HYDROGEL_PACK;XIRECS;10010.0;6
49500;BOT_TAKER;BOT_MAKER;HYDROGEL_PACK;XIRECS;10013.0;5
49600;BOT_MAKER;BOT_TAKER;VELVETFRUIT_EXTRACT;XIRECS;5218.0;3
49700;BOT_TAKER;BOT_MAKER;VEV_6500;XIRECS;1.0;3
49900;BOT_MAKER;BOT_TAKER;VELVETFRUIT_EXTRACT;XIRECS;5216.0;8
49900;BOT_TAKER;BOT_MAKER;VEV_5500;XIRECS;5.0;3
50000;BOT_TAKER;BOT_MAKER;HYDROGEL_PACK;XIRECS;10021.0;6
50100;BOT_TAKER;BOT_MAKER;VELVETFRUIT_EXTRACT;XIRECS;5221.0;3
50100;SUBMISSION;BOT_TAKER;VELVETFRUIT_EXTRACT;XIRECS;5217.0;4
50300;BOT_TAKER;BOT_MAKER;HYDROGEL_PACK;XIRECS;10019.0;3
50500;BOT_TAKER;BOT_MAKER;VELVETFRUIT_EXTRACT;XIRECS;5221.0;7
50500;BOT_MAKER;BOT_TAKER;VEV_6000;XIRECS;0.0;4
50700;SUBMISSION;BOT_TAKER;HYDROGEL_PACK;XIRECS;10003.0;3
50800;BOT_TAKER;BOT_MAKER;VELVETFRUIT_EXTRACT;XIRECS;5225.0;7
50900;BOT_MAKER;BOT_TAKER;HYDROGEL_PACK;XIRECS;10000.0;2
51000;BOT_MAKER;BOT_TAKER;VELVETFRUIT_EXTRACT;XIRECS;5220.0;6
51100;BOT_MAKER;BOT_TAKER;VELVETFRUIT_EXTRACT;XIRECS;5220.0;8
51200;BOT_TAKER;BOT_MAKER;VEV_5300;XIRECS;52.0;3
51300;SUBMISSION;BOT_TAKER;VELVETFRUIT_EXTRACT;XIRECS;5222.0;5
51300;BOT_MAKER;BOT_TAKER;VELVETFRUIT_EXTRACT;XIRECS;5221.0;3
51400;BOT_MAKER;BOT_TAKER;VEV_6000;XIRECS;0.0;5
51500;BOT_MAKER;BOT_TAKER;HYDROGEL_PACK;XIRECS;9988.0;2
51600;BOT_TAKER;BOT_MAKER;VEV_4000;XIRECS;1280.0;2
51600;BOT_MAKER;BOT_TAKER;VEV_6500;XIRECS;0.0;5
51700;BOT_TAKER;BOT_MAKER;VEV_4000;XIRECS;1280.0;2
51800;BOT_TAKER;BOT_MAKER;VELVETFRUIT_EXTRACT;XIRECS;5228.0;5
51800;BOT_TAKER;BOT_MAKER;VEV_5400;XIRECS;19.0;3
51900;BOT_MAKER;BOT_TAKER;VELVETFRUIT_EXTRACT;XIRECS;5222.0;7
51900;BOT_TAKER;BOT_MAKER;VELVETFRUIT_EXTRACT;XIRECS;5227.0;4
51900;BOT_TAKER;BOT_MAKER;VEV_4000;XIRECS;1280.0;1
52100;BOT_TAKER;BOT_MAKER;VELVETFRUIT_EXTRACT;XIRECS;5224.0;8
52200;BOT_TAKER;BOT_MAKER;HYDROGEL_PACK;XIRECS;9999.0;6
52200;BOT_TAKER;BOT_MAKER;VELVETFRUIT_EXTRACT;XIRECS;5222.0;5
52300;BOT_TAKER;BOT_MAKER;HYDROGEL_PACK;XIRECS;10000.0;4
52400;BOT_MAKER;BOT_TAKER;VELVETFRUIT_EXTRACT;XIRECS;5215.0;14
52400;BOT_MAKER;BOT_TAKER;VEV_5500;XIRECS;4.0;4
52500;BOT_MAKER;BOT_TAKER;VEV_4000;XIRECS;1257.0;1
52500;BOT_MAKER;BOT_TAKER;VEV_5500;XIRECS;4.0;4
52600;BOT_MAKER;BOT_TAKER;HYDROGEL_PACK;XIRECS;9983.0;6
52600;BOT_MAKER;BOT_TAKER;VEV_5500;XIRECS;4.0;3
53000;BOT_MAKER;BOT_TAKER;VEV_6000;XIRECS;0.0;5
53100;BOT_MAKER;BOT_TAKER;VELVETFRUIT_EXTRACT;XIRECS;5214.0;8
53200;SUBMISSION;BOT_TAKER;VELVETFRUIT_EXTRACT;XIRECS;5215.0;3
53400;BOT_MAKER;BOT_TAKER;VELVETFRUIT_EXTRACT;XIRECS;5214.0;8
53500;BOT_TAKER;BOT_MAKER;HYDROGEL_PACK;XIRECS;9996.0;4
53700;BOT_TAKER;BOT_MAKER;HYDROGEL_PACK;XIRECS;9995.0;2
53800;BOT_TAKER;BOT_MAKER;HYDROGEL_PACK;XIRECS;9993.0;6
53800;BOT_TAKER;BOT_MAKER;VEV_5400;XIRECS;19.0;3
53900;BOT_TAKER;BOT_MAKER;HYDROGEL_PACK;XIRECS;9993.0;4
54000;BOT_MAKER;BOT_TAKER;HYDROGEL_PACK;XIRECS;9976.0;3
54000;BOT_MAKER;BOT_TAKER;VELVETFRUIT_EXTRACT;XIRECS;5217.0;5
54200;BOT_TAKER;BOT_MAKER;VEV_6500;XIRECS;1.0;4
54300;BOT_TAKER;BOT_MAKER;VEV_4000;XIRECS;1273.0;3
54300;BOT_MAKER;BOT_TAKER;VEV_5500;XIRECS;3.0;2
54300;SUBMISSION;BOT_TAKER;VEV_4000;XIRECS;1252.0;2
54400;BOT_TAKER;BOT_MAKER;VEV_4000;XIRECS;1274.0;2
54400;BOT_TAKER;BOT_MAKER;VEV_5500;XIRECS;5.0;2
54500;BOT_TAKER;SUBMISSION;HYDROGEL_PACK;XIRECS;9990.0;5
54500;BOT_TAKER;BOT_MAKER;HYDROGEL_PACK;XIRECS;9991.0;1
54600;BOT_TAKER;BOT_MAKER;VELVETFRUIT_EXTRACT;XIRECS;5224.0;3
54600;BOT_TAKER;BOT_MAKER;VEV_4000;XIRECS;1274.0;1
54800;BOT_TAKER;BOT_MAKER;HYDROGEL_PACK;XIRECS;9995.0;3
54800;BOT_TAKER;BOT_MAKER;VELVETFRUIT_EXTRACT;XIRECS;5224.0;5
54800;SUBMISSION;BOT_TAKER;VELVETFRUIT_EXTRACT;XIRECS;5219.0;4
55100;BOT_MAKER;BOT_TAKER;VEV_6000;XIRECS;0.0;5
55200;BOT_TAKER;BOT_MAKER;VEV_6000;XIRECS;1.0;2
55200;SUBMISSION;BOT_TAKER;VELVETFRUIT_EXTRACT;XIRECS;5220.0;5
55300;BOT_TAKER;BOT_MAKER;HYDROGEL_PACK;XIRECS;9989.0;4
55400;BOT_TAKER;BOT_MAKER;VELVETFRUIT_EXTRACT;XIRECS;5222.0;4
55400;BOT_MAKER;BOT_TAKER;VEV_4000;XIRECS;1251.0;2
55500;BOT_MAKER;BOT_TAKER;VEV_4500;XIRECS;725.0;1
55600;BOT_MAKER;BOT_TAKER;HYDROGEL_PACK;XIRECS;9978.0;4
55600;BOT_MAKER;BOT_TAKER;VEV_5400;XIRECS;17.0;2
55800;BOT_TAKER;BOT_MAKER;HYDROGEL_PACK;XIRECS;9989.0;3
55800;BOT_MAKER;BOT_TAKER;VELVETFRUIT_EXTRACT;XIRECS;5219.0;6
55900;BOT_MAKER;BOT_TAKER;HYDROGEL_PACK;XIRECS;9974.0;2
55900;BOT_MAKER;BOT_TAKER;VELVETFRUIT_EXTRACT;XIRECS;5218.0;8
55900;BOT_TAKER;BOT_MAKER;VEV_5500;XIRECS;5.0;4
56000;BOT_TAKER;BOT_MAKER;HYDROGEL_PACK;XIRECS;9990.0;6
56000;BOT_TAKER;BOT_MAKER;VELVETFRUIT_EXTRACT;XIRECS;5225.0;5
56000;BOT_TAKER;BOT_MAKER;VEV_4000;XIRECS;1275.0;3
56100;BOT_MAKER;BOT_TAKER;HYDROGEL_PACK;XIRECS;9974.0;2
56200;BOT_TAKER;BOT_MAKER;HYDROGEL_PACK;XIRECS;9987.0;4
56200;BOT_MAKER;BOT_TAKER;VELVETFRUIT_EXTRACT;XIRECS;5219.0;7
56200;BOT_MAKER;BOT_TAKER;VEV_5400;XIRECS;17.0;4
56300;BOT_TAKER;BOT_MAKER;HYDROGEL_PACK;XIRECS;9990.0;2
56300;BOT_MAKER;BOT_TAKER;VEV_6500;XIRECS;0.0;4
56400;BOT_TAKER;BOT_MAKER;VELVETFRUIT_EXTRACT;XIRECS;5222.0;3
56500;BOT_MAKER;BOT_TAKER;HYDROGEL_PACK;XIRECS;9974.0;2
56600;BOT_TAKER;SUBMISSION;VELVETFRUIT_EXTRACT;XIRECS;5221.0;5
56600;BOT_TAKER;BOT_MAKER;VELVETFRUIT_EXTRACT;XIRECS;5222.0;3
56700;BOT_TAKER;BOT_MAKER;HYDROGEL_PACK;XIRECS;9991.0;4
56700;BOT_MAKER;BOT_TAKER;VELVETFRUIT_EXTRACT;XIRECS;5219.0;5
56900;BOT_TAKER;BOT_MAKER;VELVETFRUIT_EXTRACT;XIRECS;5225.0;8
56900;BOT_TAKER;BOT_MAKER;VEV_5500;XIRECS;5.0;3
57000;BOT_TAKER;BOT_MAKER;HYDROGEL_PACK;XIRECS;9992.0;2
57000;BOT_MAKER;BOT_TAKER;VELVETFRUIT_EXTRACT;XIRECS;5219.0;3
57000;BOT_MAKER;BOT_TAKER;VELVETFRUIT_EXTRACT;XIRECS;5219.0;5
57000;BOT_MAKER;BOT_TAKER;VEV_4000;XIRECS;1249.0;2
57100;BOT_TAKER;BOT_MAKER;VEV_5500;XIRECS;5.0;2
57200;BOT_MAKER;BOT_TAKER;VELVETFRUIT_EXTRACT;XIRECS;5218.0;6
57300;BOT_MAKER;BOT_TAKER;VELVETFRUIT_EXTRACT;XIRECS;5218.0;5
57300;BOT_MAKER;BOT_TAKER;VEV_6500;XIRECS;0.0;2
57400;BOT_MAKER;BOT_TAKER;HYDROGEL_PACK;XIRECS;9980.0;2
57400;SUBMISSION;BOT_TAKER;VELVETFRUIT_EXTRACT;XIRECS;5219.0;5
57500;BOT_MAKER;BOT_TAKER;HYDROGEL_PACK;XIRECS;9978.0;5
57500;BOT_TAKER;BOT_MAKER;VEV_5500;XIRECS;5.0;4
57600;BOT_MAKER;BOT_TAKER;VELVETFRUIT_EXTRACT;XIRECS;5220.0;5
57600;BOT_TAKER;BOT_MAKER;VEV_4000;XIRECS;1269.0;3
57800;BOT_TAKER;BOT_MAKER;VELVETFRUIT_EXTRACT;XIRECS;5226.0;4
57800;BOT_TAKER;BOT_MAKER;VEV_4000;XIRECS;1270.0;3
57900;SUBMISSION;BOT_TAKER;VELVETFRUIT_EXTRACT;XIRECS;5222.0;5
57900;BOT_MAKER;BOT_TAKER;VELVETFRUIT_EXTRACT;XIRECS;5221.0;2
58000;BOT_TAKER;BOT_MAKER;VEV_4000;XIRECS;1272.0;2
58100;BOT_TAKER;BOT_MAKER;HYDROGEL_PACK;XIRECS;9999.0;2
58100;SUBMISSION;BOT_TAKER;VELVETFRUIT_EXTRACT;XIRECS;5223.0;3
58200;BOT_TAKER;BOT_MAKER;VEV_4000;XIRECS;1271.0;1
58200;BOT_MAKER;BOT_TAKER;VEV_5500;XIRECS;4.0;4
58300;BOT_TAKER;BOT_MAKER;HYDROGEL_PACK;XIRECS;9999.0;6
58300;BOT_TAKER;BOT_MAKER;VELVETFRUIT_EXTRACT;XIRECS;5224.0;6
58400;BOT_MAKER;BOT_TAKER;HYDROGEL_PACK;XIRECS;9984.0;5
58400;BOT_MAKER;BOT_TAKER;VELVETFRUIT_EXTRACT;XIRECS;5220.0;7
58400;BOT_MAKER;BOT_TAKER;VEV_6000;XIRECS;0.0;2
58500;BOT_TAKER;SUBMISSION;VEV_4000;XIRECS;1270.0;3
58600;BOT_TAKER;BOT_MAKER;HYDROGEL_PACK;XIRECS;10000.0;3
58600;BOT_MAKER;BOT_TAKER;VELVETFRUIT_EXTRACT;XIRECS;5221.0;6
58700;BOT_TAKER;BOT_MAKER;VELVETFRUIT_EXTRACT;XIRECS;5226.0;8
58700;BOT_TAKER;SUBMISSION;VELVETFRUIT_EXTRACT;XIRECS;5225.0;3
58900;BOT_TAKER;BOT_MAKER;HYDROGEL_PACK;XIRECS;10003.0;6
59200;BOT_MAKER;BOT_TAKER;HYDROGEL_PACK;XIRECS;9985.0;6
59500;BOT_MAKER;BOT_TAKER;VELVETFRUIT_EXTRACT;XIRECS;5225.0;4
59500;BOT_TAKER;BOT_MAKER;VELVETFRUIT_EXTRACT;XIRECS;5230.0;5
59600;BOT_TAKER;BOT_MAKER;HYDROGEL_PACK;XIRECS;10002.0;5
59600;BOT_MAKER;BOT_TAKER;VEV_4000;XIRECS;1250.0;1
59600;BOT_MAKER;BOT_TAKER;VEV_4000;XIRECS;1250.0;3
59600;BOT_MAKER;BOT_TAKER;VEV_5000;XIRECS;241.0;1
59700;BOT_TAKER;BOT_MAKER;HYDROGEL_PACK;XIRECS;10004.0;2
59800;BOT_TAKER;BOT_MAKER;HYDROGEL_PACK;XIRECS;10002.0;4
59900;BOT_TAKER;BOT_MAKER;VELVETFRUIT_EXTRACT;XIRECS;5232.0;5
60000;BOT_MAKER;BOT_TAKER;VEV_4000;XIRECS;1252.0;3
60100;BOT_MAKER;BOT_TAKER;HYDROGEL_PACK;XIRECS;9987.0;4
60100;BOT_TAKER;BOT_MAKER;VELVETFRUIT_EXTRACT;XIRECS;5233.0;5
60200;BOT_MAKER;BOT_TAKER;HYDROGEL_PACK;XIRECS;9990.0;6
60500;BOT_TAKER;BOT_MAKER;VELVETFRUIT_EXTRACT;XIRECS;5229.0;10
60500;BOT_MAKER;BOT_TAKER;VEV_4000;XIRECS;1252.0;1
60500;BOT_MAKER;BOT_TAKER;VEV_5400;XIRECS;19.0;2
60500;BOT_TAKER;SUBMISSION;VEV_5300;XIRECS;59.0;5
60600;BOT_TAKER;BOT_MAKER;VEV_4000;XIRECS;1275.0;2
60600;BOT_TAKER;SUBMISSION;HYDROGEL_PACK;XIRECS;10006.0;5
60600;BOT_TAKER;BOT_MAKER;HYDROGEL_PACK;XIRECS;10007.0;1
60700;BOT_MAKER;BOT_TAKER;HYDROGEL_PACK;XIRECS;9991.0;3
60700;BOT_MAKER;BOT_TAKER;VELVETFRUIT_EXTRACT;XIRECS;5225.0;4
60700;SUBMISSION;BOT_TAKER;VELVETFRUIT_EXTRACT;XIRECS;5226.0;5
60800;BOT_MAKER;BOT_TAKER;HYDROGEL_PACK;XIRECS;9991.0;6
60800;BOT_MAKER;BOT_TAKER;VEV_4000;XIRECS;1255.0;3
60800;SUBMISSION;BOT_TAKER;VEV_4000;XIRECS;1256.0;2
60900;BOT_MAKER;BOT_TAKER;VEV_5500;XIRECS;3.0;5
61000;BOT_MAKER;BOT_TAKER;VEV_6000;XIRECS;0.0;5
61100;BOT_TAKER;SUBMISSION;VEV_4000;XIRECS;1277.0;1
61200;BOT_MAKER;BOT_TAKER;HYDROGEL_PACK;XIRECS;9991.0;2
61200;BOT_TAKER;BOT_MAKER;VEV_5500;XIRECS;4.0;5
61300;BOT_MAKER;BOT_TAKER;HYDROGEL_PACK;XIRECS;9990.0;3
61300;BOT_TAKER;BOT_MAKER;VELVETFRUIT_EXTRACT;XIRECS;5229.0;6
61300;BOT_TAKER;BOT_MAKER;VEV_5400;XIRECS;20.0;2
61400;BOT_TAKER;BOT_MAKER;VELVETFRUIT_EXTRACT;XIRECS;5229.0;10
61400;BOT_TAKER;BOT_MAKER;VEV_4000;XIRECS;1277.0;2
61500;BOT_MAKER;BOT_TAKER;HYDROGEL_PACK;XIRECS;9989.0;2
61500;BOT_MAKER;BOT_TAKER;VELVETFRUIT_EXTRACT;XIRECS;5225.0;5
61600;BOT_TAKER;BOT_MAKER;VELVETFRUIT_EXTRACT;XIRECS;5228.0;6
61600;BOT_TAKER;BOT_MAKER;VEV_6500;XIRECS;1.0;4
61900;BOT_TAKER;BOT_MAKER;VELVETFRUIT_EXTRACT;XIRECS;5228.0;9
62000;BOT_TAKER;BOT_MAKER;VEV_5300;XIRECS;62.0;3
62000;BOT_MAKER;BOT_TAKER;VEV_5400;XIRECS;17.0;2
62000;BOT_TAKER;BOT_MAKER;VEV_5500;XIRECS;4.0;5
62100;BOT_MAKER;BOT_TAKER;HYDROGEL_PACK;XIRECS;9992.0;4
62100;BOT_TAKER;BOT_MAKER;VELVETFRUIT_EXTRACT;XIRECS;5230.0;4
62200;BOT_TAKER;BOT_MAKER;VELVETFRUIT_EXTRACT;XIRECS;5228.0;14
62300;BOT_MAKER;BOT_TAKER;HYDROGEL_PACK;XIRECS;9991.0;3
62300;BOT_MAKER;BOT_TAKER;VELVETFRUIT_EXTRACT;XIRECS;5223.0;3
62300;SUBMISSION;BOT_TAKER;HYDROGEL_PACK;XIRECS;9992.0;5
62300;BOT_MAKER;BOT_TAKER;HYDROGEL_PACK;XIRECS;9991.0;1
62400;BOT_MAKER;BOT_TAKER;VELVETFRUIT_EXTRACT;XIRECS;5223.0;8
62400;BOT_MAKER;BOT_TAKER;VEV_5500;XIRECS;3.0;4
62500;SUBMISSION;BOT_TAKER;HYDROGEL_PACK;XIRECS;9991.0;3
62600;BOT_TAKER;BOT_MAKER;HYDROGEL_PACK;XIRECS;10008.0;6
62600;BOT_MAKER;BOT_TAKER;VELVETFRUIT_EXTRACT;XIRECS;5222.0;4
62600;BOT_TAKER;BOT_MAKER;VEV_4000;XIRECS;1275.0;3
62700;BOT_TAKER;BOT_MAKER;VELVETFRUIT_EXTRACT;XIRECS;5228.0;4
63000;BOT_TAKER;BOT_MAKER;HYDROGEL_PACK;XIRECS;10013.0;5
63200;BOT_TAKER;BOT_MAKER;HYDROGEL_PACK;XIRECS;10012.0;3
63200;BOT_MAKER;BOT_TAKER;VEV_5400;XIRECS;18.0;2
63200;BOT_TAKER;BOT_MAKER;VEV_5400;XIRECS;20.0;2
63300;BOT_MAKER;BOT_TAKER;VELVETFRUIT_EXTRACT;XIRECS;5218.0;6
63300;BOT_TAKER;BOT_MAKER;VEV_5500;XIRECS;4.0;3
63400;BOT_TAKER;BOT_MAKER;HYDROGEL_PACK;XIRECS;10014.0;3
63400;BOT_TAKER;BOT_MAKER;VELVETFRUIT_EXTRACT;XIRECS;5223.0;7
63400;BOT_TAKER;BOT_MAKER;VEV_5400;XIRECS;19.0;5
63500;BOT_MAKER;BOT_TAKER;VELVETFRUIT_EXTRACT;XIRECS;5217.0;3
63600;BOT_MAKER;BOT_TAKER;HYDROGEL_PACK;XIRECS;10000.0;2
63600;BOT_MAKER;BOT_TAKER;VEV_4000;XIRECS;1248.0;3
63800;BOT_MAKER;BOT_TAKER;HYDROGEL_PACK;XIRECS;9997.0;6
63800;BOT_TAKER;BOT_MAKER;VELVETFRUIT_EXTRACT;XIRECS;5225.0;3
63900;SUBMISSION;BOT_TAKER;HYDROGEL_PACK;XIRECS;9998.0;5
63900;BOT_MAKER;BOT_TAKER;HYDROGEL_PACK;XIRECS;9997.0;1
64000;BOT_TAKER;BOT_MAKER;HYDROGEL_PACK;XIRECS;10011.0;4
64200;BOT_TAKER;SUBMISSION;VEV_4000;XIRECS;1268.0;3
64200;BOT_TAKER;SUBMISSION;VEV_5400;XIRECS;19.0;3
64300;BOT_TAKER;BOT_MAKER;VELVETFRUIT_EXTRACT;XIRECS;5225.0;4
64400;BOT_TAKER;BOT_MAKER;VEV_5300;XIRECS;61.0;4
64500;BOT_MAKER;BOT_TAKER;VEV_6000;XIRECS;0.0;3
64600;BOT_TAKER;BOT_MAKER;HYDROGEL_PACK;XIRECS;10012.0;5
64600;BOT_TAKER;BOT_MAKER;VEV_4000;XIRECS;1270.0;3
64800;BOT_MAKER;BOT_TAKER;VELVETFRUIT_EXTRACT;XIRECS;5221.0;5
64800;BOT_MAKER;BOT_TAKER;VEV_6000;XIRECS;0.0;4
64900;BOT_MAKER;BOT_TAKER;VELVETFRUIT_EXTRACT;XIRECS;5222.0;4
64900;BOT_MAKER;BOT_TAKER;VEV_6000;XIRECS;0.0;5
65000;BOT_MAKER;BOT_TAKER;VEV_5400;XIRECS;18.0;2
65000;BOT_MAKER;BOT_TAKER;VEV_6500;XIRECS;0.0;2
65100;BOT_MAKER;BOT_TAKER;VELVETFRUIT_EXTRACT;XIRECS;5222.0;14
65100;BOT_MAKER;BOT_TAKER;VEV_6500;XIRECS;0.0;3
65200;BOT_MAKER;BOT_TAKER;HYDROGEL_PACK;XIRECS;10005.0;4
65200;BOT_TAKER;BOT_MAKER;VELVETFRUIT_EXTRACT;XIRECS;5229.0;9
65300;BOT_MAKER;BOT_TAKER;HYDROGEL_PACK;XIRECS;10007.0;4
65300;BOT_TAKER;BOT_MAKER;VEV_4000;XIRECS;1271.0;2
65400;BOT_MAKER;BOT_TAKER;HYDROGEL_PACK;XIRECS;10007.0;4
65400;SUBMISSION;BOT_TAKER;VELVETFRUIT_EXTRACT;XIRECS;5226.0;5
65400;BOT_MAKER;BOT_TAKER;VELVETFRUIT_EXTRACT;XIRECS;5225.0;1
65500;BOT_MAKER;BOT_TAKER;VELVETFRUIT_EXTRACT;XIRECS;5226.0;13
65600;BOT_MAKER;BOT_TAKER;HYDROGEL_PACK;XIRECS;10010.0;5
65700;BOT_MAKER;BOT_TAKER;VELVETFRUIT_EXTRACT;XIRECS;5225.0;6
65800;BOT_TAKER;BOT_MAKER;HYDROGEL_PACK;XIRECS;10023.0;6
65900;BOT_MAKER;BOT_TAKER;VEV_5500;XIRECS;3.0;4
66000;BOT_TAKER;BOT_MAKER;VEV_4000;XIRECS;1269.0;3
66000;BOT_TAKER;BOT_MAKER;VEV_5300;XIRECS;59.0;5
66000;BOT_TAKER;BOT_MAKER;VEV_5500;XIRECS;4.0;2
66100;BOT_TAKER;BOT_MAKER;VELVETFRUIT_EXTRACT;XIRECS;5230.0;5
66100;BOT_TAKER;BOT_MAKER;VEV_6000;XIRECS;1.0;5
66100;SUBMISSION;BOT_TAKER;VELVETFRUIT_EXTRACT;XIRECS;5225.0;5
66100;BOT_MAKER;BOT_TAKER;VELVETFRUIT_EXTRACT;XIRECS;5224.0;1
66200;BOT_TAKER;BOT_MAKER;VELVETFRUIT_EXTRACT;XIRECS;5229.0;7
66300;BOT_TAKER;BOT_MAKER;HYDROGEL_PACK;XIRECS;10025.0;3
66400;BOT_TAKER;BOT_MAKER;VEV_6500;XIRECS;1.0;4
66500;BOT_TAKER;BOT_MAKER;HYDROGEL_PACK;XIRECS;10024.0;3
66500;SUBMISSION;BOT_TAKER;HYDROGEL_PACK;XIRECS;10009.0;4
66600;BOT_TAKER;BOT_MAKER;VELVETFRUIT_EXTRACT;XIRECS;5229.0;7
66700;BOT_MAKER;BOT_TAKER;VEV_5500;XIRECS;3.0;5
66700;SUBMISSION;BOT_TAKER;VEV_5200;XIRECS;138.0;5
66800;BOT_MAKER;BOT_TAKER;VELVETFRUIT_EXTRACT;XIRECS;5224.0;6
66900;BOT_TAKER;BOT_MAKER;VELVETFRUIT_EXTRACT;XIRECS;5230.0;4
67000;BOT_MAKER;BOT_TAKER;VELVETFRUIT_EXTRACT;XIRECS;5226.0;4
67000;BOT_TAKER;BOT_MAKER;VELVETFRUIT_EXTRACT;XIRECS;5231.0;8
67000;SUBMISSION;BOT_TAKER;HYDROGEL_PACK;XIRECS;10010.0;2
67300;BOT_MAKER;BOT_TAKER;VEV_6000;XIRECS;0.0;4
67300;BOT_TAKER;SUBMISSION;HYDROGEL_PACK;XIRECS;10020.0;3
67400;BOT_MAKER;BOT_TAKER;VEV_6500;XIRECS;0.0;2
67500;BOT_TAKER;BOT_MAKER;VEV_5500;XIRECS;4.0;5
67700;BOT_MAKER;BOT_TAKER;HYDROGEL_PACK;XIRECS;10003.0;4
67700;BOT_TAKER;SUBMISSION;HYDROGEL_PACK;XIRECS;10018.0;5
67700;BOT_TAKER;BOT_MAKER;HYDROGEL_PACK;XIRECS;10019.0;1
67800;BOT_MAKER;BOT_TAKER;HYDROGEL_PACK;XIRECS;10001.0;4
67800;BOT_MAKER;BOT_TAKER;VELVETFRUIT_EXTRACT;XIRECS;5226.0;6
67900;BOT_TAKER;BOT_MAKER;VEV_4000;XIRECS;1268.0;2
68000;BOT_TAKER;BOT_MAKER;HYDROGEL_PACK;XIRECS;10016.0;2
68000;BOT_TAKER;SUBMISSION;HYDROGEL_PACK;XIRECS;10015.0;5
68000;BOT_TAKER;BOT_MAKER;HYDROGEL_PACK;XIRECS;10016.0;1
68000;SUBMISSION;BOT_TAKER;VELVETFRUIT_EXTRACT;XIRECS;5228.0;5
68000;BOT_MAKER;BOT_TAKER;VELVETFRUIT_EXTRACT;XIRECS;5227.0;3
68100;BOT_TAKER;BOT_MAKER;VEV_5500;XIRECS;4.0;5
68200;BOT_TAKER;BOT_MAKER;VELVETFRUIT_EXTRACT;XIRECS;5231.0;7
68200;SUBMISSION;BOT_TAKER;HYDROGEL_PACK;XIRECS;9997.0;4
68300;BOT_TAKER;BOT_MAKER;HYDROGEL_PACK;XIRECS;10013.0;4
68300;BOT_MAKER;BOT_TAKER;VELVETFRUIT_EXTRACT;XIRECS;5225.0;5
68300;BOT_MAKER;BOT_TAKER;VEV_5500;XIRECS;3.0;5
68400;BOT_TAKER;BOT_MAKER;HYDROGEL_PACK;XIRECS;10014.0;5
68400;BOT_TAKER;BOT_MAKER;VELVETFRUIT_EXTRACT;XIRECS;5230.0;6
68500;BOT_MAKER;BOT_TAKER;HYDROGEL_PACK;XIRECS;9999.0;6
68500;BOT_MAKER;BOT_TAKER;VEV_4000;XIRECS;1246.0;3
68500;SUBMISSION;BOT_TAKER;VELVETFRUIT_EXTRACT;XIRECS;5226.0;5
68500;BOT_MAKER;BOT_TAKER;VELVETFRUIT_EXTRACT;XIRECS;5225.0;2
68600;BOT_TAKER;BOT_MAKER;VELVETFRUIT_EXTRACT;XIRECS;5230.0;5
68700;BOT_MAKER;BOT_TAKER;HYDROGEL_PACK;XIRECS;10006.0;4
68700;BOT_MAKER;BOT_TAKER;VELVETFRUIT_EXTRACT;XIRECS;5226.0;5
68700;BOT_MAKER;BOT_TAKER;VEV_5400;XIRECS;17.0;4
68800;BOT_MAKER;BOT_TAKER;HYDROGEL_PACK;XIRECS;10003.0;6
68800;BOT_MAKER;BOT_TAKER;VELVETFRUIT_EXTRACT;XIRECS;5223.0;4
68800;BOT_MAKER;BOT_TAKER;VEV_5300;XIRECS;59.0;5
68900;BOT_MAKER;BOT_TAKER;VELVETFRUIT_EXTRACT;XIRECS;5223.0;5
68900;BOT_MAKER;BOT_TAKER;VEV_5400;XIRECS;17.0;4
69000;BOT_MAKER;BOT_TAKER;HYDROGEL_PACK;XIRECS;10002.0;2
69100;BOT_MAKER;BOT_TAKER;VEV_4000;XIRECS;1249.0;3
69100;BOT_TAKER;BOT_MAKER;VEV_5300;XIRECS;61.0;2
69100;BOT_MAKER;BOT_TAKER;VEV_5400;XIRECS;17.0;4
69200;BOT_MAKER;BOT_TAKER;VEV_4000;XIRECS;1250.0;2
69200;BOT_TAKER;BOT_MAKER;VEV_5300;XIRECS;61.0;4
69300;BOT_MAKER;BOT_TAKER;VELVETFRUIT_EXTRACT;XIRECS;5225.0;4
69400;BOT_TAKER;BOT_MAKER;HYDROGEL_PACK;XIRECS;10019.0;4
69500;BOT_TAKER;BOT_MAKER;VELVETFRUIT_EXTRACT;XIRECS;5232.0;4
69500;BOT_MAKER;BOT_TAKER;VEV_4000;XIRECS;1248.0;3
69700;BOT_TAKER;BOT_MAKER;HYDROGEL_PACK;XIRECS;10018.0;6
69800;BOT_TAKER;BOT_MAKER;VEV_6000;XIRECS;1.0;5
69900;BOT_TAKER;BOT_MAKER;VELVETFRUIT_EXTRACT;XIRECS;5232.0;4
70000;BOT_MAKER;BOT_TAKER;HYDROGEL_PACK;XIRECS;10000.0;2
70000;BOT_TAKER;BOT_MAKER;VEV_4000;XIRECS;1270.0;2
70000;BOT_MAKER;BOT_TAKER;VEV_5400;XIRECS;17.0;2
70100;BOT_TAKER;BOT_MAKER;HYDROGEL_PACK;XIRECS;10014.0;4
70100;BOT_MAKER;BOT_TAKER;VEV_5400;XIRECS;17.0;2
70200;BOT_TAKER;BOT_MAKER;HYDROGEL_PACK;XIRECS;10016.0;3
70300;BOT_TAKER;BOT_MAKER;HYDROGEL_PACK;XIRECS;10013.0;2
70400;BOT_TAKER;BOT_MAKER;VELVETFRUIT_EXTRACT;XIRECS;5231.0;4
70400;BOT_TAKER;SUBMISSION;VELVETFRUIT_EXTRACT;XIRECS;5230.0;5
70400;BOT_TAKER;BOT_MAKER;VELVETFRUIT_EXTRACT;XIRECS;5231.0;1
70600;BOT_TAKER;BOT_MAKER;VELVETFRUIT_EXTRACT;XIRECS;5232.0;5
70600;BOT_TAKER;BOT_MAKER;VEV_4000;XIRECS;1269.0;3
70600;BOT_MAKER;BOT_TAKER;VEV_6500;XIRECS;0.0;5
70700;BOT_TAKER;BOT_MAKER;HYDROGEL_PACK;XIRECS;10007.0;3
70700;SUBMISSION;BOT_TAKER;VELVETFRUIT_EXTRACT;XIRECS;5229.0;4
70800;BOT_MAKER;BOT_TAKER;HYDROGEL_PACK;XIRECS;9992.0;2
70800;BOT_MAKER;BOT_TAKER;VEV_4000;XIRECS;1246.0;3
70900;BOT_TAKER;BOT_MAKER;VELVETFRUIT_EXTRACT;XIRECS;5233.0;7
70900;BOT_TAKER;BOT_MAKER;VELVETFRUIT_EXTRACT;XIRECS;5233.0;4
70900;BOT_TAKER;BOT_MAKER;VEV_5500;XIRECS;5.0;3
70900;SUBMISSION;BOT_TAKER;VELVETFRUIT_EXTRACT;XIRECS;5228.0;4
70900;BOT_TAKER;SUBMISSION;VEV_5500;XIRECS;4.0;4
71000;BOT_TAKER;BOT_MAKER;VEV_4000;XIRECS;1270.0;2
71100;BOT_TAKER;BOT_MAKER;VELVETFRUIT_EXTRACT;XIRECS;5233.0;4
71100;BOT_MAKER;BOT_TAKER;VEV_6500;XIRECS;0.0;3
71200;BOT_TAKER;BOT_MAKER;VEV_6000;XIRECS;1.0;4
71200;BOT_TAKER;BOT_MAKER;VEV_6500;XIRECS;1.0;2
71300;BOT_TAKER;BOT_MAKER;HYDROGEL_PACK;XIRECS;10008.0;3
71400;BOT_TAKER;BOT_MAKER;HYDROGEL_PACK;XIRECS;10010.0;4
71400;BOT_TAKER;BOT_MAKER;VELVETFRUIT_EXTRACT;XIRECS;5232.0;6
71400;BOT_MAKER;BOT_TAKER;VEV_4000;XIRECS;1249.0;2
71400;BOT_MAKER;BOT_TAKER;VEV_5400;XIRECS;16.0;2
71400;BOT_MAKER;BOT_TAKER;VEV_6000;XIRECS;0.0;4
71500;BOT_TAKER;BOT_MAKER;VEV_5300;XIRECS;60.0;4
71600;BOT_TAKER;BOT_MAKER;VEV_5500;XIRECS;4.0;4
71700;BOT_TAKER;BOT_MAKER;HYDROGEL_PACK;XIRECS;10016.0;5
71700;BOT_MAKER;BOT_TAKER;VELVETFRUIT_EXTRACT;XIRECS;5223.0;8
71800;BOT_TAKER;BOT_MAKER;VEV_6000;XIRECS;1.0;5
72000;BOT_MAKER;BOT_TAKER;HYDROGEL_PACK;XIRECS;9999.0;4
72100;BOT_MAKER;BOT_TAKER;HYDROGEL_PACK;XIRECS;9999.0;3
72100;BOT_MAKER;BOT_TAKER;VEV_6000;XIRECS;0.0;2
72200;BOT_MAKER;BOT_TAKER;HYDROGEL_PACK;XIRECS;10000.0;5
72200;BOT_MAKER;BOT_TAKER;VELVETFRUIT_EXTRACT;XIRECS;5224.0;6
72300;BOT_MAKER;BOT_TAKER;HYDROGEL_PACK;XIRECS;10001.0;2
72400;BOT_MAKER;BOT_TAKER;VELVETFRUIT_EXTRACT;XIRECS;5223.0;3
72500;BOT_TAKER;BOT_MAKER;VELVETFRUIT_EXTRACT;XIRECS;5228.0;7
72600;BOT_MAKER;BOT_TAKER;VELVETFRUIT_EXTRACT;XIRECS;5224.0;3
72700;BOT_MAKER;BOT_TAKER;HYDROGEL_PACK;XIRECS;10006.0;3
72700;BOT_MAKER;BOT_TAKER;VELVETFRUIT_EXTRACT;XIRECS;5225.0;4
72800;BOT_MAKER;BOT_TAKER;HYDROGEL_PACK;XIRECS;10007.0;2
72800;BOT_MAKER;BOT_TAKER;VEV_5500;XIRECS;3.0;2
72900;BOT_TAKER;BOT_MAKER;VELVETFRUIT_EXTRACT;XIRECS;5228.0;7
72900;BOT_TAKER;BOT_MAKER;VEV_6500;XIRECS;1.0;4
73100;BOT_TAKER;BOT_MAKER;VELVETFRUIT_EXTRACT;XIRECS;5229.0;5
73200;BOT_MAKER;BOT_TAKER;HYDROGEL_PACK;XIRECS;10011.0;6
73200;BOT_MAKER;BOT_TAKER;VELVETFRUIT_EXTRACT;XIRECS;5223.0;13
73200;BOT_MAKER;BOT_TAKER;VEV_4000;XIRECS;1248.0;2
73300;BOT_TAKER;BOT_MAKER;VEV_4000;XIRECS;1268.0;2
73300;BOT_MAKER;BOT_TAKER;VEV_6000;XIRECS;0.0;2
73400;BOT_TAKER;BOT_MAKER;VELVETFRUIT_EXTRACT;XIRECS;5229.0;8
73400;BOT_MAKER;BOT_TAKER;VEV_5400;XIRECS;16.0;2
73500;BOT_TAKER;BOT_MAKER;VEV_5400;XIRECS;18.0;3
73600;BOT_MAKER;BOT_TAKER;HYDROGEL_PACK;XIRECS;10015.0;3
73600;BOT_TAKER;BOT_MAKER;HYDROGEL_PACK;XIRECS;10031.0;2
73600;BOT_MAKER;BOT_TAKER;VEV_6000;XIRECS;0.0;5
73800;BOT_MAKER;BOT_TAKER;HYDROGEL_PACK;XIRECS;10013.0;4
73800;BOT_TAKER;SUBMISSION;VELVETFRUIT_EXTRACT;XIRECS;5230.0;5
73800;BOT_TAKER;BOT_MAKER;VELVETFRUIT_EXTRACT;XIRECS;5231.0;3
73900;BOT_MAKER;BOT_TAKER;VEV_6500;XIRECS;0.0;3
73900;BOT_TAKER;SUBMISSION;VEV_5400;XIRECS;18.0;5
74000;BOT_TAKER;BOT_MAKER;HYDROGEL_PACK;XIRECS;10033.0;6
74000;BOT_MAKER;BOT_TAKER;VELVETFRUIT_EXTRACT;XIRECS;5226.0;10
74000;SUBMISSION;BOT_TAKER;HYDROGEL_PACK;XIRECS;10018.0;4
74100;BOT_MAKER;BOT_TAKER;VEV_4000;XIRECS;1248.0;2
74200;BOT_MAKER;BOT_TAKER;HYDROGEL_PACK;XIRECS;10017.0;6
74300;BOT_TAKER;BOT_MAKER;HYDROGEL_PACK;XIRECS;10038.0;3
74300;BOT_MAKER;BOT_TAKER;VEV_5400;XIRECS;16.0;2
74300;BOT_TAKER;BOT_MAKER;VEV_6500;XIRECS;1.0;2
74400;BOT_TAKER;BOT_MAKER;VELVETFRUIT_EXTRACT;XIRECS;5228.0;8
74500;BOT_TAKER;BOT_MAKER;HYDROGEL_PACK;XIRECS;10042.0;2
74500;BOT_MAKER;BOT_TAKER;VELVETFRUIT_EXTRACT;XIRECS;5224.0;8
74700;BOT_TAKER;BOT_MAKER;HYDROGEL_PACK;XIRECS;10043.0;3
74800;BOT_TAKER;BOT_MAKER;VELVETFRUIT_EXTRACT;XIRECS;5227.0;6
74900;BOT_TAKER;BOT_MAKER;VELVETFRUIT_EXTRACT;XIRECS;5228.0;4
74900;BOT_TAKER;BOT_MAKER;VEV_4000;XIRECS;1272.0;3
74900;BOT_TAKER;BOT_MAKER;VEV_6000;XIRECS;1.0;2
74900;BOT_TAKER;SUBMISSION;VELVETFRUIT_EXTRACT;XIRECS;5227.0;4
75000;BOT_TAKER;BOT_MAKER;VELVETFRUIT_EXTRACT;XIRECS;5229.0;7
75000;BOT_MAKER;BOT_TAKER;VELVETFRUIT_EXTRACT;XIRECS;5224.0;5
75100;BOT_TAKER;BOT_MAKER;HYDROGEL_PACK;XIRECS;10042.0;4
75200;BOT_TAKER;BOT_MAKER;VEV_5500;XIRECS;4.0;5
75200;BOT_TAKER;BOT_MAKER;VEV_5500;XIRECS;4.0;2
75300;BOT_MAKER;BOT_TAKER;VEV_5500;XIRECS;3.0;3
75300;BOT_TAKER;SUBMISSION;VELVETFRUIT_EXTRACT;XIRECS;5228.0;5
75300;BOT_TAKER;BOT_MAKER;VELVETFRUIT_EXTRACT;XIRECS;5229.0;1
75500;BOT_MAKER;BOT_TAKER;VEV_5500;XIRECS;3.0;3
75600;BOT_MAKER;BOT_TAKER;VEV_4000;XIRECS;1250.0;2
75700;BOT_MAKER;BOT_TAKER;VEV_6500;XIRECS;0.0;2
75800;BOT_MAKER;BOT_TAKER;HYDROGEL_PACK;XIRECS;10025.0;2
75800;BOT_TAKER;BOT_MAKER;VELVETFRUIT_EXTRACT;XIRECS;5230.0;8
75800;BOT_TAKER;SUBMISSION;HYDROGEL_PACK;XIRECS;10040.0;4
75900;BOT_MAKER;BOT_TAKER;VELVETFRUIT_EXTRACT;XIRECS;5223.0;7
75900;BOT_MAKER;BOT_TAKER;VEV_5500;XIRECS;3.0;3
76000;BOT_TAKER;BOT_MAKER;HYDROGEL_PACK;XIRECS;10043.0;5
76000;BOT_TAKER;BOT_MAKER;VELVETFRUIT_EXTRACT;XIRECS;5227.0;10
76100;BOT_TAKER;SUBMISSION;VELVETFRUIT_EXTRACT;XIRECS;5226.0;5
76400;BOT_MAKER;BOT_TAKER;HYDROGEL_PACK;XIRECS;10027.0;4
76400;BOT_MAKER;BOT_TAKER;VELVETFRUIT_EXTRACT;XIRECS;5223.0;8
76400;BOT_MAKER;BOT_TAKER;VEV_6000;XIRECS;0.0;4
76400;BOT_TAKER;SUBMISSION;VEV_5400;XIRECS;17.0;4
76500;BOT_TAKER;BOT_MAKER;HYDROGEL_PACK;XIRECS;10045.0;4
76500;BOT_TAKER;BOT_MAKER;VELVETFRUIT_EXTRACT;XIRECS;5230.0;7
76500;BOT_TAKER;BOT_MAKER;VEV_5500;XIRECS;4.0;4
76500;SUBMISSION;BOT_TAKER;VELVETFRUIT_EXTRACT;XIRECS;5225.0;4
76600;BOT_TAKER;BOT_MAKER;VELVETFRUIT_EXTRACT;XIRECS;5229.0;5
76600;BOT_TAKER;BOT_MAKER;VEV_6000;XIRECS;1.0;5
76700;BOT_MAKER;BOT_TAKER;VELVETFRUIT_EXTRACT;XIRECS;5223.0;3
76800;BOT_TAKER;SUBMISSION;VELVETFRUIT_EXTRACT;XIRECS;5228.0;5
76800;BOT_TAKER;BOT_MAKER;VELVETFRUIT_EXTRACT;XIRECS;5229.0;3
76900;BOT_MAKER;BOT_TAKER;HYDROGEL_PACK;XIRECS;10027.0;3
77000;SUBMISSION;BOT_TAKER;HYDROGEL_PACK;XIRECS;10026.0;2
77100;BOT_TAKER;BOT_MAKER;HYDROGEL_PACK;XIRECS;10040.0;2
77100;BOT_TAKER;BOT_MAKER;VELVETFRUIT_EXTRACT;XIRECS;5232.0;3
77200;BOT_TAKER;BOT_MAKER;HYDROGEL_PACK;XIRECS;10042.0;2
77200;SUBMISSION;BOT_TAKER;VEV_5200;XIRECS;140.0;5
77400;BOT_MAKER;BOT_TAKER;HYDROGEL_PACK;XIRECS;10025.0;5
77500;BOT_MAKER;BOT_TAKER;HYDROGEL_PACK;XIRECS;10025.0;5
77600;BOT_TAKER;BOT_MAKER;HYDROGEL_PACK;XIRECS;10040.0;4
77600;BOT_MAKER;BOT_TAKER;VELVETFRUIT_EXTRACT;XIRECS;5226.0;7
77600;BOT_TAKER;BOT_MAKER;VEV_5400;XIRECS;17.0;3
77600;SUBMISSION;BOT_TAKER;VELVETFRUIT_EXTRACT;XIRECS;5227.0;5
77600;BOT_MAKER;BOT_TAKER;VELVETFRUIT_EXTRACT;XIRECS;5226.0;3
77700;BOT_MAKER;BOT_TAKER;VELVETFRUIT_EXTRACT;XIRECS;5227.0;7
77700;BOT_MAKER;BOT_TAKER;VEV_6500;XIRECS;0.0;4
77800;BOT_MAKER;BOT_TAKER;HYDROGEL_PACK;XIRECS;10024.0;5
77900;BOT_TAKER;BOT_MAKER;VELVETFRUIT_EXTRACT;XIRECS;5230.0;6
77900;BOT_MAKER;BOT_TAKER;VEV_4000;XIRECS;1247.0;1
78000;BOT_MAKER;BOT_TAKER;VELVETFRUIT_EXTRACT;XIRECS;5224.0;3
78000;BOT_MAKER;BOT_TAKER;VEV_5300;XIRECS;58.0;3
78100;BOT_MAKER;BOT_TAKER;VELVETFRUIT_EXTRACT;XIRECS;5223.0;3
78200;BOT_TAKER;BOT_MAKER;HYDROGEL_PACK;XIRECS;10041.0;5
78200;BOT_TAKER;BOT_MAKER;HYDROGEL_PACK;XIRECS;10041.0;4
78200;BOT_TAKER;BOT_MAKER;VEV_6000;XIRECS;1.0;2
78300;BOT_TAKER;SUBMISSION;VEV_5400;XIRECS;17.0;2
78400;BOT_MAKER;BOT_TAKER;VELVETFRUIT_EXTRACT;XIRECS;5224.0;4
78400;BOT_MAKER;BOT_TAKER;VEV_5500;XIRECS;3.0;2
78500;BOT_TAKER;BOT_MAKER;VELVETFRUIT_EXTRACT;XIRECS;5230.0;9
78600;BOT_TAKER;BOT_MAKER;VELVETFRUIT_EXTRACT;XIRECS;5229.0;5
78700;BOT_MAKER;BOT_TAKER;VELVETFRUIT_EXTRACT;XIRECS;5226.0;8
78700;BOT_MAKER;BOT_TAKER;VEV_4000;XIRECS;1249.0;1
78700;BOT_TAKER;BOT_MAKER;VEV_6000;XIRECS;1.0;4
78800;BOT_MAKER;BOT_TAKER;HYDROGEL_PACK;XIRECS;10026.0;3
78800;BOT_MAKER;BOT_TAKER;VELVETFRUIT_EXTRACT;XIRECS;5227.0;5
78800;BOT_MAKER;BOT_TAKER;VEV_5400;XIRECS;17.0;3
78900;BOT_TAKER;BOT_MAKER;VEV_6500;XIRECS;1.0;3
78900;BOT_TAKER;SUBMISSION;VELVETFRUIT_EXTRACT;XIRECS;5230.0;5
78900;BOT_TAKER;BOT_MAKER;VELVETFRUIT_EXTRACT;XIRECS;5231.0;3
79100;BOT_MAKER;BOT_TAKER;VEV_5500;XIRECS;3.0;3
79200;BOT_MAKER;BOT_TAKER;VELVETFRUIT_EXTRACT;XIRECS;5227.0;9
79200;BOT_TAKER;BOT_MAKER;VEV_4000;XIRECS;1272.0;3
79300;BOT_MAKER;BOT_TAKER;HYDROGEL_PACK;XIRECS;10027.0;5
79300;BOT_TAKER;BOT_MAKER;VEV_5500;XIRECS;4.0;2
79400;BOT_MAKER;BOT_TAKER;HYDROGEL_PACK;XIRECS;10027.0;3
79400;BOT_TAKER;BOT_MAKER;HYDROGEL_PACK;XIRECS;10046.0;4
79400;BOT_TAKER;BOT_MAKER;VELVETFRUIT_EXTRACT;XIRECS;5234.0;4
79400;BOT_TAKER;BOT_MAKER;VEV_4000;XIRECS;1273.0;3
79400;BOT_TAKER;BOT_MAKER;VEV_4000;XIRECS;1273.0;2
79500;BOT_TAKER;BOT_MAKER;VELVETFRUIT_EXTRACT;XIRECS;5234.0;8
79500;BOT_MAKER;BOT_TAKER;VELVETFRUIT_EXTRACT;XIRECS;5229.0;12
79500;BOT_TAKER;BOT_MAKER;VEV_4000;XIRECS;1273.0;1
79500;BOT_MAKER;BOT_TAKER;VEV_6000;XIRECS;0.0;5
79500;SUBMISSION;BOT_TAKER;VELVETFRUIT_EXTRACT;XIRECS;5230.0;5
79600;BOT_TAKER;SUBMISSION;HYDROGEL_PACK;XIRECS;10043.0;5
79700;BOT_TAKER;BOT_MAKER;VEV_5400;XIRECS;18.0;5
79800;BOT_TAKER;BOT_MAKER;VELVETFRUIT_EXTRACT;XIRECS;5238.0;3
80000;BOT_TAKER;BOT_MAKER;VELVETFRUIT_EXTRACT;XIRECS;5237.0;11
80100;BOT_MAKER;BOT_TAKER;HYDROGEL_PACK;XIRECS;10033.0;2
80100;BOT_TAKER;BOT_MAKER;VEV_4000;XIRECS;1275.0;3
80100;BOT_TAKER;BOT_MAKER;VEV_5300;XIRECS;56.0;4
80200;BOT_TAKER;BOT_MAKER;VEV_5400;XIRECS;18.0;5
80200;SUBMISSION;BOT_TAKER;VELVETFRUIT_EXTRACT;XIRECS;5229.0;4
80300;BOT_TAKER;BOT_MAKER;HYDROGEL_PACK;XIRECS;10054.0;2
80400;BOT_TAKER;BOT_MAKER;HYDROGEL_PACK;XIRECS;10052.0;5
80400;BOT_TAKER;BOT_MAKER;VEV_5500;XIRECS;4.0;5
80600;BOT_MAKER;BOT_TAKER;VELVETFRUIT_EXTRACT;XIRECS;5231.0;7
80600;BOT_TAKER;BOT_MAKER;VEV_4000;XIRECS;1275.0;2
80600;BOT_TAKER;BOT_MAKER;VEV_6000;XIRECS;1.0;3
80700;BOT_TAKER;BOT_MAKER;VEV_6500;XIRECS;1.0;3
80800;BOT_TAKER;BOT_MAKER;VELVETFRUIT_EXTRACT;XIRECS;5233.0;8
80800;BOT_TAKER;BOT_MAKER;VEV_5000;XIRECS;239.0;1
80800;BOT_MAKER;BOT_TAKER;VEV_6000;XIRECS;0.0;3
80800;SUBMISSION;BOT_TAKER;HYDROGEL_PACK;XIRECS;10041.0;5
80800;BOT_MAKER;BOT_TAKER;HYDROGEL_PACK;XIRECS;10040.0;1
80900;BOT_TAKER;BOT_MAKER;HYDROGEL_PACK;XIRECS;10057.0;4
80900;BOT_TAKER;BOT_MAKER;VELVETFRUIT_EXTRACT;XIRECS;5233.0;7
80900;BOT_MAKER;BOT_TAKER;VEV_5500;XIRECS;3.0;4
81000;BOT_MAKER;BOT_TAKER;VELVETFRUIT_EXTRACT;XIRECS;5228.0;6
81000;BOT_MAKER;BOT_TAKER;VEV_5400;XIRECS;16.0;5
81000;BOT_TAKER;BOT_MAKER;VEV_6000;XIRECS;1.0;3
81200;BOT_MAKER;BOT_TAKER;VEV_5400;XIRECS;16.0;4
81300;BOT_MAKER;BOT_TAKER;HYDROGEL_PACK;XIRECS;10040.0;6
81300;BOT_MAKER;BOT_TAKER;VELVETFRUIT_EXTRACT;XIRECS;5228.0;4
81300;BOT_MAKER;BOT_TAKER;VEV_4000;XIRECS;1253.0;2
81300;SUBMISSION;BOT_TAKER;VELVETFRUIT_EXTRACT;XIRECS;5229.0;5
81300;BOT_MAKER;BOT_TAKER;VELVETFRUIT_EXTRACT;XIRECS;5228.0;3
81400;BOT_MAKER;BOT_TAKER;VELVETFRUIT_EXTRACT;XIRECS;5226.0;7
81500;BOT_TAKER;BOT_MAKER;VELVETFRUIT_EXTRACT;XIRECS;5232.0;5
81600;SUBMISSION;BOT_TAKER;VELVETFRUIT_EXTRACT;XIRECS;5228.0;3
81800;BOT_TAKER;BOT_MAKER;VELVETFRUIT_EXTRACT;XIRECS;5231.0;4
81800;BOT_MAKER;BOT_TAKER;VEV_4000;XIRECS;1253.0;2
81900;BOT_MAKER;BOT_TAKER;VELVETFRUIT_EXTRACT;XIRECS;5225.0;5
82000;BOT_TAKER;BOT_MAKER;HYDROGEL_PACK;XIRECS;10054.0;6
82000;BOT_MAKER;BOT_TAKER;VEV_5400;XIRECS;15.0;2
82000;BOT_MAKER;BOT_TAKER;VEV_6000;XIRECS;0.0;2
82100;BOT_TAKER;BOT_MAKER;VEV_5400;XIRECS;16.0;2
82200;BOT_MAKER;BOT_TAKER;HYDROGEL_PACK;XIRECS;10033.0;5
82200;BOT_MAKER;BOT_TAKER;VELVETFRUIT_EXTRACT;XIRECS;5224.0;5
82200;BOT_MAKER;BOT_TAKER;VEV_6000;XIRECS;0.0;3
82200;BOT_MAKER;BOT_TAKER;VEV_6500;XIRECS;0.0;4
82300;BOT_TAKER;BOT_MAKER;VELVETFRUIT_EXTRACT;XIRECS;5233.0;3
82500;BOT_TAKER;BOT_MAKER;HYDROGEL_PACK;XIRECS;10049.0;6
82600;BOT_TAKER;BOT_MAKER;VEV_5500;XIRECS;4.0;5
82800;BOT_TAKER;BOT_MAKER;VELVETFRUIT_EXTRACT;XIRECS;5233.0;6
82800;BOT_TAKER;BOT_MAKER;VEV_4000;XIRECS;1276.0;3
82800;SUBMISSION;BOT_TAKER;VELVETFRUIT_EXTRACT;XIRECS;5228.0;5
82800;BOT_MAKER;BOT_TAKER;VELVETFRUIT_EXTRACT;XIRECS;5227.0;3
82900;BOT_MAKER;BOT_TAKER;VEV_4000;XIRECS;1255.0;1
83100;BOT_MAKER;BOT_TAKER;VELVETFRUIT_EXTRACT;XIRECS;5225.0;7
83400;BOT_TAKER;BOT_MAKER;HYDROGEL_PACK;XIRECS;10048.0;4
83400;BOT_TAKER;BOT_MAKER;VELVETFRUIT_EXTRACT;XIRECS;5229.0;8
83400;BOT_TAKER;BOT_MAKER;VELVETFRUIT_EXTRACT;XIRECS;5229.0;8
83400;BOT_TAKER;BOT_MAKER;VEV_5300;XIRECS;55.0;4
83400;BOT_MAKER;BOT_TAKER;VEV_5500;XIRECS;3.0;2
83500;BOT_TAKER;BOT_MAKER;VEV_4000;XIRECS;1276.0;2
83500;BOT_MAKER;BOT_TAKER;VEV_6500;XIRECS;0.0;2
83600;BOT_MAKER;BOT_TAKER;HYDROGEL_PACK;XIRECS;10027.0;6
83600;BOT_MAKER;BOT_TAKER;VEV_5400;XIRECS;16.0;5
83600;BOT_TAKER;BOT_MAKER;VEV_6000;XIRECS;1.0;2
83700;BOT_TAKER;BOT_MAKER;VELVETFRUIT_EXTRACT;XIRECS;5228.0;5
83700;BOT_TAKER;BOT_MAKER;VEV_6500;XIRECS;1.0;3
83700;SUBMISSION;BOT_TAKER;HYDROGEL_PACK;XIRECS;10027.0;4
83800;BOT_TAKER;BOT_MAKER;HYDROGEL_PACK;XIRECS;10039.0;2
83900;BOT_MAKER;BOT_TAKER;VELVETFRUIT_EXTRACT;XIRECS;5222.0;6
84100;BOT_MAKER;BOT_TAKER;VELVETFRUIT_EXTRACT;XIRECS;5224.0;5
84100;BOT_TAKER;BOT_MAKER;VEV_5300;XIRECS;54.0;5
84300;BOT_TAKER;BOT_MAKER;VEV_4000;XIRECS;1275.0;1
84300;BOT_MAKER;BOT_TAKER;VEV_6500;XIRECS;0.0;2
84400;BOT_TAKER;BOT_MAKER;VELVETFRUIT_EXTRACT;XIRECS;5229.0;5
84400;BOT_TAKER;BOT_MAKER;VEV_6500;XIRECS;1.0;5
84500;BOT_TAKER;BOT_MAKER;VEV_5500;XIRECS;4.0;3
84500;BOT_MAKER;BOT_TAKER;VEV_6000;XIRECS;0.0;3
84600;BOT_MAKER;BOT_TAKER;HYDROGEL_PACK;XIRECS;10018.0;2
84600;BOT_MAKER;BOT_TAKER;VELVETFRUIT_EXTRACT;XIRECS;5223.0;6
84700;BOT_TAKER;BOT_MAKER;VEV_6500;XIRECS;1.0;2
84800;BOT_TAKER;SUBMISSION;HYDROGEL_PACK;XIRECS;10035.0;3
84900;BOT_TAKER;BOT_MAKER;VEV_5400;XIRECS;17.0;2
85000;BOT_TAKER;BOT_MAKER;VELVETFRUIT_EXTRACT;XIRECS;5228.0;3
85000;BOT_MAKER;BOT_TAKER;VEV_5300;XIRECS;55.0;4
85300;BOT_MAKER;BOT_TAKER;HYDROGEL_PACK;XIRECS;10021.0;5
85400;BOT_TAKER;BOT_MAKER;VEV_5500;XIRECS;3.0;4
85500;BOT_MAKER;BOT_TAKER;VEV_5500;XIRECS;2.0;5
85600;BOT_TAKER;BOT_MAKER;VEV_5400;XIRECS;16.0;3
85600;BOT_TAKER;BOT_MAKER;VEV_6000;XIRECS;1.0;3
85600;BOT_TAKER;BOT_MAKER;VEV_6000;XIRECS;1.0;2
85700;BOT_MAKER;BOT_TAKER;VELVETFRUIT_EXTRACT;XIRECS;5220.0;4
85700;BOT_TAKER;BOT_MAKER;VEV_4000;XIRECS;1281.0;1
85900;BOT_TAKER;BOT_MAKER;HYDROGEL_PACK;XIRECS;10036.0;5
85900;BOT_TAKER;BOT_MAKER;VEV_4000;XIRECS;1282.0;2
85900;BOT_TAKER;BOT_MAKER;VEV_5400;XIRECS;18.0;2
86000;BOT_MAKER;BOT_TAKER;VELVETFRUIT_EXTRACT;XIRECS;5216.0;3
86100;BOT_MAKER;BOT_TAKER;VEV_4000;XIRECS;1259.0;3
86100;BOT_MAKER;BOT_TAKER;VEV_4000;XIRECS;1259.0;1
86100;BOT_TAKER;BOT_MAKER;VEV_6500;XIRECS;1.0;2
86200;BOT_MAKER;BOT_TAKER;VELVETFRUIT_EXTRACT;XIRECS;5217.0;6
86400;BOT_MAKER;BOT_TAKER;VELVETFRUIT_EXTRACT;XIRECS;5218.0;8
86400;BOT_TAKER;BOT_MAKER;VEV_4000;XIRECS;1285.0;3
86600;BOT_TAKER;SUBMISSION;VELVETFRUIT_EXTRACT;XIRECS;5223.0;5
86800;BOT_TAKER;SUBMISSION;VELVETFRUIT_EXTRACT;XIRECS;5223.0;5
86800;BOT_TAKER;BOT_MAKER;VELVETFRUIT_EXTRACT;XIRECS;5224.0;1
86800;BOT_TAKER;SUBMISSION;VEV_4000;XIRECS;1290.0;2
86900;BOT_MAKER;BOT_TAKER;HYDROGEL_PACK;XIRECS;10029.0;6
86900;BOT_TAKER;BOT_MAKER;VELVETFRUIT_EXTRACT;XIRECS;5224.0;5
87000;BOT_TAKER;BOT_MAKER;VELVETFRUIT_EXTRACT;XIRECS;5224.0;3
87000;BOT_TAKER;BOT_MAKER;VEV_4000;XIRECS;1291.0;1
87200;BOT_MAKER;BOT_TAKER;HYDROGEL_PACK;XIRECS;10028.0;5
87200;BOT_TAKER;BOT_MAKER;VELVETFRUIT_EXTRACT;XIRECS;5223.0;5
87200;BOT_MAKER;BOT_TAKER;VEV_5400;XIRECS;16.0;4
87300;BOT_TAKER;BOT_MAKER;HYDROGEL_PACK;XIRECS;10042.0;2
87300;BOT_MAKER;BOT_TAKER;VELVETFRUIT_EXTRACT;XIRECS;5216.0;8
87400;BOT_TAKER;BOT_MAKER;VEV_4000;XIRECS;1291.0;1
87400;BOT_TAKER;SUBMISSION;HYDROGEL_PACK;XIRECS;10042.0;2
87500;BOT_TAKER;BOT_MAKER;VELVETFRUIT_EXTRACT;XIRECS;5222.0;5
87500;BOT_TAKER;SUBMISSION;HYDROGEL_PACK;XIRECS;10040.0;2
87600;BOT_TAKER;BOT_MAKER;HYDROGEL_PACK;XIRECS;10039.0;3
87600;BOT_TAKER;BOT_MAKER;VELVETFRUIT_EXTRACT;XIRECS;5221.0;3
87600;BOT_TAKER;SUBMISSION;HYDROGEL_PACK;XIRECS;10038.0;3
87800;BOT_MAKER;BOT_TAKER;VELVETFRUIT_EXTRACT;XIRECS;5215.0;6
87800;BOT_MAKER;BOT_TAKER;VELVETFRUIT_EXTRACT;XIRECS;5215.0;4
88000;BOT_TAKER;BOT_MAKER;HYDROGEL_PACK;XIRECS;10042.0;4
88000;BOT_TAKER;BOT_MAKER;VEV_5500;XIRECS;3.0;4
88000;BOT_TAKER;BOT_MAKER;VEV_6500;XIRECS;1.0;2
88100;BOT_TAKER;BOT_MAKER;VELVETFRUIT_EXTRACT;XIRECS;5222.0;6
88300;BOT_MAKER;BOT_TAKER;HYDROGEL_PACK;XIRECS;10027.0;3
88300;BOT_TAKER;BOT_MAKER;VEV_5400;XIRECS;16.0;2
88400;BOT_MAKER;BOT_TAKER;VEV_6500;XIRECS;0.0;2
88400;SUBMISSION;BOT_TAKER;HYDROGEL_PACK;XIRECS;10030.0;2
88500;BOT_TAKER;BOT_MAKER;HYDROGEL_PACK;XIRECS;10041.0;2
88500;BOT_TAKER;BOT_MAKER;VELVETFRUIT_EXTRACT;XIRECS;5221.0;4
88500;BOT_TAKER;BOT_MAKER;VEV_4000;XIRECS;1291.0;1
88500;BOT_TAKER;BOT_MAKER;VEV_6500;XIRECS;1.0;4
88500;BOT_TAKER;BOT_MAKER;VEV_6500;XIRECS;1.0;2
88500;SUBMISSION;BOT_TAKER;VEV_4000;XIRECS;1270.0;2
88700;BOT_MAKER;BOT_TAKER;VELVETFRUIT_EXTRACT;XIRECS;5216.0;6
88700;SUBMISSION;BOT_TAKER;VELVETFRUIT_EXTRACT;XIRECS;5217.0;5
88700;BOT_MAKER;BOT_TAKER;VELVETFRUIT_EXTRACT;XIRECS;5216.0;4
88800;BOT_MAKER;BOT_TAKER;HYDROGEL_PACK;XIRECS;10026.0;4
88800;BOT_TAKER;BOT_MAKER;VEV_5300;XIRECS;60.0;4
88800;SUBMISSION;BOT_TAKER;HYDROGEL_PACK;XIRECS;10027.0;3
88900;BOT_TAKER;BOT_MAKER;HYDROGEL_PACK;XIRECS;10042.0;2
89100;BOT_TAKER;SUBMISSION;HYDROGEL_PACK;XIRECS;10040.0;5
89100;BOT_TAKER;BOT_MAKER;HYDROGEL_PACK;XIRECS;10041.0;1
89200;BOT_MAKER;BOT_TAKER;HYDROGEL_PACK;XIRECS;10023.0;2
89200;BOT_MAKER;BOT_TAKER;VELVETFRUIT_EXTRACT;XIRECS;5214.0;13
89300;BOT_MAKER;BOT_TAKER;HYDROGEL_PACK;XIRECS;10024.0;2
89300;BOT_TAKER;BOT_MAKER;VELVETFRUIT_EXTRACT;XIRECS;5219.0;8
89300;BOT_TAKER;BOT_MAKER;VEV_5300;XIRECS;60.0;5
89400;BOT_TAKER;BOT_MAKER;HYDROGEL_PACK;XIRECS;10042.0;5
89400;BOT_TAKER;BOT_MAKER;VELVETFRUIT_EXTRACT;XIRECS;5219.0;13
89400;BOT_MAKER;BOT_TAKER;VEV_5500;XIRECS;2.0;4
89500;BOT_MAKER;BOT_TAKER;HYDROGEL_PACK;XIRECS;10023.0;4
89500;BOT_TAKER;BOT_MAKER;VELVETFRUIT_EXTRACT;XIRECS;5220.0;6
89500;BOT_TAKER;BOT_MAKER;VEV_4000;XIRECS;1295.0;2
89600;BOT_MAKER;BOT_TAKER;HYDROGEL_PACK;XIRECS;10025.0;2
89700;BOT_TAKER;BOT_MAKER;HYDROGEL_PACK;XIRECS;10038.0;2
89700;BOT_TAKER;BOT_MAKER;VELVETFRUIT_EXTRACT;XIRECS;5219.0;3
89700;BOT_TAKER;BOT_MAKER;VEV_4000;XIRECS;1295.0;1
89700;BOT_MAKER;BOT_TAKER;VEV_6000;XIRECS;0.0;5
89800;BOT_MAKER;BOT_TAKER;VELVETFRUIT_EXTRACT;XIRECS;5212.0;7
89800;BOT_MAKER;BOT_TAKER;VEV_5500;XIRECS;2.0;5
89800;BOT_TAKER;SUBMISSION;VEV_4000;XIRECS;1293.0;2
89900;BOT_TAKER;BOT_MAKER;HYDROGEL_PACK;XIRECS;10037.0;4
89900;BOT_MAKER;BOT_TAKER;VEV_4000;XIRECS;1274.0;3
90000;BOT_TAKER;BOT_MAKER;HYDROGEL_PACK;XIRECS;10036.0;3
90300;BOT_TAKER;BOT_MAKER;VEV_5400;XIRECS;15.0;4
90300;BOT_TAKER;BOT_MAKER;VEV_5400;XIRECS;15.0;2
90300;BOT_TAKER;BOT_MAKER;VEV_5500;XIRECS;3.0;5
90300;BOT_MAKER;BOT_TAKER;VEV_6000;XIRECS;0.0;2
90400;BOT_TAKER;BOT_MAKER;HYDROGEL_PACK;XIRECS;10035.0;3
90400;BOT_TAKER;BOT_MAKER;VELVETFRUIT_EXTRACT;XIRECS;5219.0;5
90500;BOT_TAKER;BOT_MAKER;HYDROGEL_PACK;XIRECS;10039.0;2
90500;BOT_TAKER;BOT_MAKER;VELVETFRUIT_EXTRACT;XIRECS;5218.0;8
90500;BOT_TAKER;BOT_MAKER;VEV_4000;XIRECS;1294.0;3
90500;BOT_TAKER;BOT_MAKER;VEV_5500;XIRECS;3.0;3
90500;SUBMISSION;BOT_TAKER;VELVETFRUIT_EXTRACT;XIRECS;5214.0;3
90600;BOT_MAKER;BOT_TAKER;VEV_5400;XIRECS;15.0;3
90700;BOT_MAKER;BOT_TAKER;HYDROGEL_PACK;XIRECS;10020.0;6
90700;BOT_MAKER;BOT_TAKER;VELVETFRUIT_EXTRACT;XIRECS;5214.0;4
90700;BOT_MAKER;BOT_TAKER;VEV_4000;XIRECS;1272.0;3
90900;BOT_MAKER;BOT_TAKER;VEV_4000;XIRECS;1270.0;2
90900;BOT_TAKER;BOT_MAKER;VEV_5500;XIRECS;3.0;5
90900;BOT_TAKER;BOT_MAKER;VEV_5500;XIRECS;3.0;4
91000;BOT_TAKER;BOT_MAKER;VEV_6000;XIRECS;1.0;3
91000;BOT_MAKER;BOT_TAKER;VEV_6500;XIRECS;0.0;4
91100;BOT_TAKER;BOT_MAKER;HYDROGEL_PACK;XIRECS;10037.0;2
91100;BOT_MAKER;BOT_TAKER;VEV_6000;XIRECS;0.0;5
91200;BOT_TAKER;BOT_MAKER;VEV_6000;XIRECS;1.0;4
91300;BOT_TAKER;BOT_MAKER;HYDROGEL_PACK;XIRECS;10035.0;5
91300;BOT_MAKER;BOT_TAKER;VELVETFRUIT_EXTRACT;XIRECS;5215.0;4
91300;BOT_MAKER;BOT_TAKER;VEV_6500;XIRECS;0.0;2
91400;SUBMISSION;BOT_TAKER;VELVETFRUIT_EXTRACT;XIRECS;5216.0;5
91400;BOT_MAKER;BOT_TAKER;VELVETFRUIT_EXTRACT;XIRECS;5215.0;3
91400;SUBMISSION;BOT_TAKER;VEV_5300;XIRECS;60.0;4
91500;BOT_MAKER;BOT_TAKER;VELVETFRUIT_EXTRACT;XIRECS;5214.0;6
91500;BOT_MAKER;BOT_TAKER;VEV_4000;XIRECS;1269.0;3
91600;BOT_TAKER;BOT_MAKER;HYDROGEL_PACK;XIRECS;10036.0;3
91600;BOT_TAKER;BOT_MAKER;VELVETFRUIT_EXTRACT;XIRECS;5221.0;3
91700;BOT_TAKER;BOT_MAKER;HYDROGEL_PACK;XIRECS;10037.0;6
91700;BOT_MAKER;BOT_TAKER;VEV_5500;XIRECS;2.0;4
91700;BOT_MAKER;BOT_TAKER;VEV_6000;XIRECS;0.0;5
91800;BOT_MAKER;BOT_TAKER;HYDROGEL_PACK;XIRECS;10023.0;4
91900;BOT_MAKER;BOT_TAKER;VELVETFRUIT_EXTRACT;XIRECS;5213.0;4
92000;BOT_MAKER;BOT_TAKER;VEV_4000;XIRECS;1266.0;2
92000;SUBMISSION;BOT_TAKER;HYDROGEL_PACK;XIRECS;10021.0;5
92000;BOT_MAKER;BOT_TAKER;HYDROGEL_PACK;XIRECS;10020.0;1
92100;BOT_TAKER;BOT_MAKER;HYDROGEL_PACK;XIRECS;10036.0;2
92100;BOT_TAKER;SUBMISSION;VELVETFRUIT_EXTRACT;XIRECS;5218.0;5
92300;BOT_MAKER;BOT_TAKER;HYDROGEL_PACK;XIRECS;10022.0;4
92300;BOT_TAKER;BOT_MAKER;VELVETFRUIT_EXTRACT;XIRECS;5220.0;8
92300;BOT_MAKER;BOT_TAKER;VEV_5500;XIRECS;2.0;3
92400;BOT_TAKER;BOT_MAKER;HYDROGEL_PACK;XIRECS;10038.0;2
92400;BOT_TAKER;BOT_MAKER;HYDROGEL_PACK;XIRECS;10038.0;4
92400;BOT_TAKER;BOT_MAKER;VEV_5400;XIRECS;17.0;4
92400;BOT_TAKER;SUBMISSION;HYDROGEL_PACK;XIRECS;10037.0;5
92500;BOT_MAKER;BOT_TAKER;VEV_4000;XIRECS;1264.0;1
92500;BOT_TAKER;BOT_MAKER;VEV_6000;XIRECS;1.0;3
92600;BOT_TAKER;BOT_MAKER;VELVETFRUIT_EXTRACT;XIRECS;5219.0;8
92600;BOT_MAKER;BOT_TAKER;VEV_4000;XIRECS;1263.0;3
92600;BOT_TAKER;BOT_MAKER;VEV_5300;XIRECS;62.0;5
92700;BOT_MAKER;BOT_TAKER;VELVETFRUIT_EXTRACT;XIRECS;5214.0;5
92700;BOT_MAKER;BOT_TAKER;VELVETFRUIT_EXTRACT;XIRECS;5214.0;6
92800;BOT_MAKER;BOT_TAKER;VELVETFRUIT_EXTRACT;XIRECS;5214.0;8
92900;BOT_MAKER;BOT_TAKER;VELVETFRUIT_EXTRACT;XIRECS;5214.0;5
92900;BOT_MAKER;BOT_TAKER;VEV_5500;XIRECS;2.0;4
93000;BOT_TAKER;BOT_MAKER;VEV_4000;XIRECS;1282.0;1
93000;BOT_TAKER;SUBMISSION;HYDROGEL_PACK;XIRECS;10035.0;3
93100;BOT_MAKER;BOT_TAKER;HYDROGEL_PACK;XIRECS;10021.0;4
93100;BOT_TAKER;BOT_MAKER;HYDROGEL_PACK;XIRECS;10037.0;3
93100;BOT_MAKER;BOT_TAKER;VEV_5400;XIRECS;15.0;3
93200;BOT_MAKER;BOT_TAKER;VEV_5500;XIRECS;2.0;3
93300;BOT_MAKER;BOT_TAKER;VELVETFRUIT_EXTRACT;XIRECS;5213.0;6
93300;BOT_TAKER;BOT_MAKER;VEV_6000;XIRECS;1.0;3
93300;BOT_TAKER;SUBMISSION;VELVETFRUIT_EXTRACT;XIRECS;5216.0;3
93300;BOT_TAKER;SUBMISSION;VEV_4000;XIRECS;1283.0;1
93600;BOT_MAKER;BOT_TAKER;VELVETFRUIT_EXTRACT;XIRECS;5212.0;7
93800;BOT_MAKER;BOT_TAKER;HYDROGEL_PACK;XIRECS;10023.0;2
93800;BOT_TAKER;BOT_MAKER;VELVETFRUIT_EXTRACT;XIRECS;5217.0;4
93800;BOT_TAKER;BOT_MAKER;VEV_6000;XIRECS;1.0;5
93900;BOT_MAKER;BOT_TAKER;HYDROGEL_PACK;XIRECS;10023.0;5
93900;BOT_MAKER;BOT_TAKER;VEV_5300;XIRECS;60.0;5
94000;BOT_TAKER;BOT_MAKER;HYDROGEL_PACK;XIRECS;10037.0;3
94000;BOT_TAKER;BOT_MAKER;VEV_5200;XIRECS;143.0;1
94100;BOT_MAKER;BOT_TAKER;HYDROGEL_PACK;XIRECS;10021.0;4
94200;BOT_TAKER;BOT_MAKER;VEV_5500;XIRECS;3.0;3
94300;SUBMISSION;BOT_TAKER;VELVETFRUIT_EXTRACT;XIRECS;5210.0;5
94300;BOT_MAKER;BOT_TAKER;VELVETFRUIT_EXTRACT;XIRECS;5209.0;2
94600;BOT_MAKER;BOT_TAKER;VELVETFRUIT_EXTRACT;XIRECS;5210.0;7
94600;BOT_TAKER;SUBMISSION;HYDROGEL_PACK;XIRECS;10034.0;3
94700;BOT_TAKER;BOT_MAKER;HYDROGEL_PACK;XIRECS;10036.0;3
94700;BOT_MAKER;BOT_TAKER;VEV_4000;XIRECS;1261.0;1
94800;BOT_TAKER;BOT_MAKER;VELVETFRUIT_EXTRACT;XIRECS;5214.0;4
94900;BOT_TAKER;BOT_MAKER;HYDROGEL_PACK;XIRECS;10035.0;3
94900;BOT_MAKER;BOT_TAKER;HYDROGEL_PACK;XIRECS;10019.0;3
94900;BOT_MAKER;BOT_TAKER;VELVETFRUIT_EXTRACT;XIRECS;5207.0;6
94900;BOT_MAKER;BOT_TAKER;VEV_6500;XIRECS;0.0;4
94900;BOT_TAKER;SUBMISSION;VELVETFRUIT_EXTRACT;XIRECS;5212.0;4
95100;BOT_TAKER;BOT_MAKER;HYDROGEL_PACK;XIRECS;10036.0;3
95200;BOT_TAKER;BOT_MAKER;VELVETFRUIT_EXTRACT;XIRECS;5216.0;5
95200;BOT_TAKER;BOT_MAKER;VELVETFRUIT_EXTRACT;XIRECS;5216.0;8
95400;BOT_MAKER;BOT_TAKER;VELVETFRUIT_EXTRACT;XIRECS;5210.0;5
95600;BOT_MAKER;BOT_TAKER;HYDROGEL_PACK;XIRECS;10009.0;3
95600;BOT_MAKER;BOT_TAKER;VELVETFRUIT_EXTRACT;XIRECS;5212.0;7
95600;BOT_TAKER;BOT_MAKER;VEV_5500;XIRECS;3.0;5
95600;BOT_TAKER;SUBMISSION;HYDROGEL_PACK;XIRECS;10024.0;2
95700;BOT_TAKER;BOT_MAKER;VEV_6500;XIRECS;1.0;2
95700;SUBMISSION;BOT_TAKER;VEV_4000;XIRECS;1263.0;2
95900;BOT_MAKER;BOT_TAKER;VELVETFRUIT_EXTRACT;XIRECS;5212.0;6
95900;BOT_MAKER;BOT_TAKER;VEV_6000;XIRECS;0.0;4
96000;BOT_TAKER;BOT_MAKER;VELVETFRUIT_EXTRACT;XIRECS;5215.0;5
96000;BOT_TAKER;BOT_MAKER;VEV_4000;XIRECS;1284.0;3
96100;BOT_MAKER;BOT_TAKER;HYDROGEL_PACK;XIRECS;10013.0;4
96100;BOT_TAKER;SUBMISSION;HYDROGEL_PACK;XIRECS;10031.0;3
96300;BOT_TAKER;BOT_MAKER;VELVETFRUIT_EXTRACT;XIRECS;5216.0;5
96400;BOT_MAKER;BOT_TAKER;VELVETFRUIT_EXTRACT;XIRECS;5212.0;4
96400;BOT_TAKER;BOT_MAKER;VELVETFRUIT_EXTRACT;XIRECS;5217.0;4
96400;BOT_TAKER;BOT_MAKER;VEV_6000;XIRECS;1.0;3
96400;BOT_TAKER;SUBMISSION;VELVETFRUIT_EXTRACT;XIRECS;5216.0;5
96400;BOT_TAKER;BOT_MAKER;VELVETFRUIT_EXTRACT;XIRECS;5217.0;1
96600;BOT_TAKER;BOT_MAKER;VEV_6500;XIRECS;1.0;3
96700;BOT_MAKER;BOT_TAKER;HYDROGEL_PACK;XIRECS;10010.0;3
96700;BOT_MAKER;BOT_TAKER;VELVETFRUIT_EXTRACT;XIRECS;5211.0;3
96800;BOT_TAKER;BOT_MAKER;VELVETFRUIT_EXTRACT;XIRECS;5214.0;4
96800;BOT_MAKER;BOT_TAKER;VEV_4000;XIRECS;1267.0;2
96800;BOT_MAKER;BOT_TAKER;VEV_5500;XIRECS;1.0;4
96800;BOT_TAKER;SUBMISSION;HYDROGEL_PACK;XIRECS;10026.0;5
96800;BOT_TAKER;BOT_MAKER;HYDROGEL_PACK;XIRECS;10027.0;1
96900;BOT_MAKER;BOT_TAKER;HYDROGEL_PACK;XIRECS;10010.0;6
96900;BOT_TAKER;BOT_MAKER;HYDROGEL_PACK;XIRECS;10026.0;3
96900;BOT_TAKER;BOT_MAKER;VEV_5300;XIRECS;61.0;4
96900;BOT_TAKER;BOT_MAKER;VEV_6000;XIRECS;1.0;3
97000;BOT_TAKER;BOT_MAKER;HYDROGEL_PACK;XIRECS;10026.0;6
97000;BOT_TAKER;BOT_MAKER;VEV_5500;XIRECS;2.0;2
97000;BOT_TAKER;SUBMISSION;VELVETFRUIT_EXTRACT;XIRECS;5210.0;5
97000;BOT_TAKER;BOT_MAKER;VELVETFRUIT_EXTRACT;XIRECS;5211.0;4
97100;BOT_TAKER;BOT_MAKER;VELVETFRUIT_EXTRACT;XIRECS;5214.0;5
97200;BOT_TAKER;BOT_MAKER;HYDROGEL_PACK;XIRECS;10030.0;2
97200;BOT_MAKER;BOT_TAKER;VELVETFRUIT_EXTRACT;XIRECS;5209.0;5
97400;BOT_MAKER;BOT_TAKER;VELVETFRUIT_EXTRACT;XIRECS;5207.0;5
97400;BOT_TAKER;BOT_MAKER;VEV_4000;XIRECS;1287.0;3
97500;BOT_TAKER;BOT_MAKER;HYDROGEL_PACK;XIRECS;10035.0;6
97700;BOT_MAKER;BOT_TAKER;VEV_5400;XIRECS;14.0;4
97700;BOT_TAKER;BOT_MAKER;VEV_5500;XIRECS;2.0;5
97800;BOT_MAKER;BOT_TAKER;HYDROGEL_PACK;XIRECS;10018.0;4
97800;BOT_MAKER;BOT_TAKER;VELVETFRUIT_EXTRACT;XIRECS;5209.0;7
97900;BOT_MAKER;BOT_TAKER;HYDROGEL_PACK;XIRECS;10020.0;6
97900;BOT_TAKER;BOT_MAKER;VEV_4000;XIRECS;1284.0;3
98000;BOT_MAKER;BOT_TAKER;VELVETFRUIT_EXTRACT;XIRECS;5209.0;8
98000;BOT_MAKER;BOT_TAKER;VELVETFRUIT_EXTRACT;XIRECS;5209.0;6
98000;BOT_TAKER;BOT_MAKER;VEV_4000;XIRECS;1284.0;1
98000;BOT_TAKER;BOT_MAKER;VEV_6000;XIRECS;1.0;5
98100;BOT_TAKER;BOT_MAKER;HYDROGEL_PACK;XIRECS;10036.0;4
98100;BOT_TAKER;BOT_MAKER;VEV_4000;XIRECS;1286.0;1
98100;BOT_MAKER;BOT_TAKER;VEV_6500;XIRECS;0.0;4
98200;BOT_TAKER;SUBMISSION;VELVETFRUIT_EXTRACT;XIRECS;5215.0;5
98200;BOT_TAKER;BOT_MAKER;VELVETFRUIT_EXTRACT;XIRECS;5216.0;1
98300;BOT_MAKER;BOT_TAKER;HYDROGEL_PACK;XIRECS;10020.0;2
98300;BOT_MAKER;BOT_TAKER;VELVETFRUIT_EXTRACT;XIRECS;5210.0;7
98300;SUBMISSION;BOT_TAKER;HYDROGEL_PACK;XIRECS;10021.0;3
98400;BOT_TAKER;BOT_MAKER;HYDROGEL_PACK;XIRECS;10037.0;4
98400;BOT_TAKER;BOT_MAKER;VELVETFRUIT_EXTRACT;XIRECS;5216.0;7
98500;SUBMISSION;BOT_TAKER;HYDROGEL_PACK;XIRECS;10019.0;5
98500;BOT_MAKER;BOT_TAKER;HYDROGEL_PACK;XIRECS;10018.0;1
98600;BOT_MAKER;BOT_TAKER;HYDROGEL_PACK;XIRECS;10013.0;3
98600;BOT_MAKER;BOT_TAKER;VELVETFRUIT_EXTRACT;XIRECS;5210.0;3
98600;BOT_MAKER;BOT_TAKER;VEV_6500;XIRECS;0.0;4
98700;BOT_TAKER;BOT_MAKER;HYDROGEL_PACK;XIRECS;10032.0;2
98700;BOT_MAKER;BOT_TAKER;VEV_5200;XIRECS;136.0;2
98800;BOT_MAKER;BOT_TAKER;VEV_4000;XIRECS;1264.0;2
98900;BOT_TAKER;BOT_MAKER;HYDROGEL_PACK;XIRECS;10031.0;4
98900;BOT_MAKER;BOT_TAKER;VELVETFRUIT_EXTRACT;XIRECS;5211.0;10
99100;BOT_MAKER;BOT_TAKER;VEV_5300;XIRECS;58.0;3
99200;BOT_TAKER;BOT_MAKER;HYDROGEL_PACK;XIRECS;10025.0;5
99200;BOT_TAKER;BOT_MAKER;VELVETFRUIT_EXTRACT;XIRECS;5215.0;3
99200;BOT_MAKER;BOT_TAKER;VEV_5300;XIRECS;58.0;2
99300;BOT_TAKER;SUBMISSION;VEV_4000;XIRECS;1283.0;1
99400;BOT_MAKER;BOT_TAKER;VELVETFRUIT_EXTRACT;XIRECS;5212.0;8
99400;SUBMISSION;BOT_TAKER;VEV_4000;XIRECS;1263.0;3
99500;BOT_MAKER;BOT_TAKER;HYDROGEL_PACK;XIRECS;10005.0;5
99500;BOT_TAKER;SUBMISSION;VELVETFRUIT_EXTRACT;XIRECS;5216.0;5
99500;BOT_TAKER;BOT_MAKER;VELVETFRUIT_EXTRACT;XIRECS;5217.0;3
99600;BOT_MAKER;BOT_TAKER;HYDROGEL_PACK;XIRECS;10007.0;6
99600;BOT_TAKER;BOT_MAKER;VELVETFRUIT_EXTRACT;XIRECS;5218.0;7
99700;BOT_TAKER;BOT_MAKER;HYDROGEL_PACK;XIRECS;10027.0;5
99800;BOT_MAKER;BOT_TAKER;HYDROGEL_PACK;XIRECS;10008.0;3
99800;BOT_TAKER;BOT_MAKER;VELVETFRUIT_EXTRACT;XIRECS;5216.0;6
99800;BOT_MAKER;BOT_TAKER;VEV_4000;XIRECS;1262.0;3
99900;BOT_MAKER;BOT_TAKER;HYDROGEL_PACK;XIRECS;10007.0;5
99900;BOT_MAKER;BOT_TAKER;VELVETFRUIT_EXTRACT;XIRECS;5210.0;4
100000;BOT_MAKER;BOT_TAKER;VELVETFRUIT_EXTRACT;XIRECS;5210.0;5
100000;BOT_TAKER;SUBMISSION;VEV_4000;XIRECS;1282.0;3
100100;BOT_TAKER;BOT_MAKER;VEV_5500;XIRECS;2.0;3
100200;BOT_MAKER;BOT_TAKER;HYDROGEL_PACK;XIRECS;10007.0;3
100200;BOT_TAKER;BOT_MAKER;VELVETFRUIT_EXTRACT;XIRECS;5215.0;8
100200;BOT_MAKER;BOT_TAKER;VEV_6000;XIRECS;0.0;3
100300;BOT_MAKER;BOT_TAKER;HYDROGEL_PACK;XIRECS;10004.0;3
100300;BOT_MAKER;BOT_TAKER;HYDROGEL_PACK;XIRECS;10004.0;5
100300;BOT_TAKER;BOT_MAKER;VELVETFRUIT_EXTRACT;XIRECS;5215.0;7
100300;BOT_MAKER;BOT_TAKER;VEV_6500;XIRECS;0.0;3
100300;BOT_TAKER;SUBMISSION;HYDROGEL_PACK;XIRECS;10019.0;5
100400;BOT_TAKER;BOT_MAKER;VELVETFRUIT_EXTRACT;XIRECS;5215.0;8
100400;BOT_TAKER;BOT_MAKER;VEV_6000;XIRECS;1.0;3
100500;BOT_TAKER;BOT_MAKER;VELVETFRUIT_EXTRACT;XIRECS;5215.0;8
100500;BOT_MAKER;BOT_TAKER;VEV_5300;XIRECS;58.0;3
100500;BOT_MAKER;BOT_TAKER;VEV_6000;XIRECS;0.0;2
100700;BOT_MAKER;BOT_TAKER;VELVETFRUIT_EXTRACT;XIRECS;5211.0;5
100700;BOT_TAKER;BOT_MAKER;VEV_6000;XIRECS;1.0;2
100900;BOT_MAKER;BOT_TAKER;HYDROGEL_PACK;XIRECS;10003.0;2
101000;BOT_TAKER;BOT_MAKER;VELVETFRUIT_EXTRACT;XIRECS;5216.0;4
101000;BOT_TAKER;BOT_MAKER;VELVETFRUIT_EXTRACT;XIRECS;5216.0;3
101000;BOT_TAKER;BOT_MAKER;VEV_5300;XIRECS;61.0;2
101100;BOT_MAKER;BOT_TAKER;HYDROGEL_PACK;XIRECS;10002.0;3
101100;BOT_MAKER;BOT_TAKER;VELVETFRUIT_EXTRACT;XIRECS;5212.0;3
101100;BOT_MAKER;BOT_TAKER;VEV_5300;XIRECS;59.0;5
101200;BOT_MAKER;BOT_TAKER;VELVETFRUIT_EXTRACT;XIRECS;5212.0;5
101300;BOT_TAKER;BOT_MAKER;HYDROGEL_PACK;XIRECS;10014.0;5
101300;BOT_TAKER;BOT_MAKER;VELVETFRUIT_EXTRACT;XIRECS;5219.0;8
101300;BOT_MAKER;BOT_TAKER;VEV_4000;XIRECS;1261.0;1
101400;BOT_MAKER;BOT_TAKER;VEV_6500;XIRECS;0.0;5
101500;BOT_MAKER;BOT_TAKER;VELVETFRUIT_EXTRACT;XIRECS;5213.0;3
101500;BOT_MAKER;BOT_TAKER;VEV_4000;XIRECS;1263.0;3
101700;BOT_TAKER;BOT_MAKER;VEV_6000;XIRECS;1.0;2
101800;BOT_TAKER;BOT_MAKER;VEV_4000;XIRECS;1286.0;1
102000;BOT_TAKER;BOT_MAKER;VELVETFRUIT_EXTRACT;XIRECS;5217.0;10
102000;BOT_TAKER;BOT_MAKER;VEV_4000;XIRECS;1287.0;1
102000;SUBMISSION;BOT_TAKER;VELVETFRUIT_EXTRACT;XIRECS;5212.0;5
102000;BOT_MAKER;BOT_TAKER;VELVETFRUIT_EXTRACT;XIRECS;5211.0;1
102200;BOT_TAKER;BOT_MAKER;VELVETFRUIT_EXTRACT;XIRECS;5218.0;5
102500;BOT_TAKER;BOT_MAKER;VELVETFRUIT_EXTRACT;XIRECS;5218.0;4
102600;BOT_TAKER;BOT_MAKER;VELVETFRUIT_EXTRACT;XIRECS;5219.0;5
102700;BOT_MAKER;BOT_TAKER;VELVETFRUIT_EXTRACT;XIRECS;5214.0;6
102900;BOT_TAKER;BOT_MAKER;HYDROGEL_PACK;XIRECS;10028.0;3
102900;BOT_TAKER;BOT_MAKER;VELVETFRUIT_EXTRACT;XIRECS;5217.0;5
102900;BOT_TAKER;BOT_MAKER;VEV_4000;XIRECS;1294.0;3
102900;BOT_TAKER;BOT_MAKER;VEV_6000;XIRECS;1.0;5
103000;BOT_TAKER;BOT_MAKER;VEV_4000;XIRECS;1295.0;1
103100;BOT_TAKER;BOT_MAKER;HYDROGEL_PACK;XIRECS;10027.0;3
103100;BOT_TAKER;BOT_MAKER;VEV_4000;XIRECS;1294.0;1
103300;BOT_MAKER;BOT_TAKER;VEV_4000;XIRECS;1272.0;3
103300;BOT_TAKER;BOT_MAKER;VEV_5400;XIRECS;15.0;4
103400;BOT_TAKER;BOT_MAKER;VELVETFRUIT_EXTRACT;XIRECS;5215.0;6
103500;BOT_MAKER;BOT_TAKER;HYDROGEL_PACK;XIRECS;10013.0;4
103500;BOT_TAKER;SUBMISSION;VELVETFRUIT_EXTRACT;XIRECS;5214.0;5
103500;BOT_TAKER;BOT_MAKER;VELVETFRUIT_EXTRACT;XIRECS;5215.0;2
103600;BOT_TAKER;BOT_MAKER;VEV_4000;XIRECS;1295.0;3
103600;SUBMISSION;BOT_TAKER;VELVETFRUIT_EXTRACT;XIRECS;5212.0;5
103600;BOT_MAKER;BOT_TAKER;VELVETFRUIT_EXTRACT;XIRECS;5211.0;3
103700;BOT_MAKER;BOT_TAKER;VELVETFRUIT_EXTRACT;XIRECS;5211.0;5
103800;BOT_MAKER;BOT_TAKER;VELVETFRUIT_EXTRACT;XIRECS;5211.0;7
103800;BOT_TAKER;BOT_MAKER;VELVETFRUIT_EXTRACT;XIRECS;5216.0;3
103800;BOT_MAKER;BOT_TAKER;VEV_5500;XIRECS;1.0;2
104100;BOT_MAKER;BOT_TAKER;HYDROGEL_PACK;XIRECS;10017.0;2
104100;BOT_MAKER;BOT_TAKER;VELVETFRUIT_EXTRACT;XIRECS;5211.0;6
104300;BOT_MAKER;BOT_TAKER;VEV_4000;XIRECS;1271.0;1
104400;BOT_TAKER;BOT_MAKER;VEV_4000;XIRECS;1293.0;2
104500;BOT_TAKER;BOT_MAKER;HYDROGEL_PACK;XIRECS;10028.0;6
104500;BOT_TAKER;BOT_MAKER;VELVETFRUIT_EXTRACT;XIRECS;5216.0;5
104600;BOT_TAKER;BOT_MAKER;VEV_5500;XIRECS;2.0;2
104700;BOT_TAKER;BOT_MAKER;VELVETFRUIT_EXTRACT;XIRECS;5216.0;8
104800;BOT_TAKER;BOT_MAKER;VELVETFRUIT_EXTRACT;XIRECS;5215.0;6
104800;BOT_MAKER;BOT_TAKER;VEV_6500;XIRECS;0.0;4
104900;BOT_TAKER;BOT_MAKER;HYDROGEL_PACK;XIRECS;10027.0;4
104900;BOT_TAKER;BOT_MAKER;VELVETFRUIT_EXTRACT;XIRECS;5215.0;7
104900;SUBMISSION;BOT_TAKER;VEV_5200;XIRECS;141.0;3
105000;BOT_TAKER;BOT_MAKER;VELVETFRUIT_EXTRACT;XIRECS;5213.0;8
105100;BOT_TAKER;BOT_MAKER;VEV_6500;XIRECS;1.0;3
105300;BOT_MAKER;BOT_TAKER;HYDROGEL_PACK;XIRECS;10014.0;2
105300;BOT_TAKER;BOT_MAKER;VEV_5500;XIRECS;2.0;2
105500;BOT_TAKER;SUBMISSION;VELVETFRUIT_EXTRACT;XIRECS;5214.0;4
105700;BOT_TAKER;BOT_MAKER;VELVETFRUIT_EXTRACT;XIRECS;5215.0;8
105800;BOT_TAKER;BOT_MAKER;VELVETFRUIT_EXTRACT;XIRECS;5215.0;6
105800;BOT_MAKER;BOT_TAKER;VEV_4000;XIRECS;1271.0;2
106000;BOT_TAKER;BOT_MAKER;HYDROGEL_PACK;XIRECS;10032.0;3
106000;BOT_MAKER;BOT_TAKER;VEV_4000;XIRECS;1269.0;1
106200;BOT_TAKER;BOT_MAKER;VELVETFRUIT_EXTRACT;XIRECS;5212.0;3
106200;SUBMISSION;BOT_TAKER;VELVETFRUIT_EXTRACT;XIRECS;5209.0;5
106200;BOT_MAKER;BOT_TAKER;VELVETFRUIT_EXTRACT;XIRECS;5208.0;1
106300;BOT_MAKER;BOT_TAKER;VELVETFRUIT_EXTRACT;XIRECS;5205.0;5
106400;BOT_MAKER;BOT_TAKER;HYDROGEL_PACK;XIRECS;10016.0;6
106400;BOT_TAKER;BOT_MAKER;VELVETFRUIT_EXTRACT;XIRECS;5211.0;8
106500;BOT_MAKER;BOT_TAKER;VELVETFRUIT_EXTRACT;XIRECS;5206.0;3
106600;BOT_TAKER;BOT_MAKER;HYDROGEL_PACK;XIRECS;10029.0;6
106600;BOT_TAKER;BOT_MAKER;VEV_5200;XIRECS;142.0;5
106700;BOT_TAKER;BOT_MAKER;VELVETFRUIT_EXTRACT;XIRECS;5212.0;6
106800;BOT_MAKER;BOT_TAKER;VELVETFRUIT_EXTRACT;XIRECS;5207.0;7
106900;BOT_TAKER;BOT_MAKER;VEV_4000;XIRECS;1294.0;1
106900;BOT_MAKER;BOT_TAKER;VEV_6000;XIRECS;0.0;3
107000;BOT_MAKER;BOT_TAKER;VELVETFRUIT_EXTRACT;XIRECS;5206.0;3
107100;BOT_MAKER;BOT_TAKER;VELVETFRUIT_EXTRACT;XIRECS;5204.0;6
107100;BOT_TAKER;BOT_MAKER;VEV_6500;XIRECS;1.0;2
107200;BOT_TAKER;BOT_MAKER;HYDROGEL_PACK;XIRECS;10040.0;3
107200;BOT_TAKER;BOT_MAKER;VELVETFRUIT_EXTRACT;XIRECS;5210.0;7
107200;BOT_TAKER;SUBMISSION;HYDROGEL_PACK;XIRECS;10039.0;3
107300;BOT_MAKER;BOT_TAKER;HYDROGEL_PACK;XIRECS;10024.0;6
107300;BOT_MAKER;BOT_TAKER;VEV_5500;XIRECS;1.0;3
107500;BOT_MAKER;BOT_TAKER;VELVETFRUIT_EXTRACT;XIRECS;5209.0;5
107700;BOT_TAKER;BOT_MAKER;VEV_5400;XIRECS;12.0;4
107800;BOT_MAKER;BOT_TAKER;VEV_4000;XIRECS;1272.0;1
107800;BOT_TAKER;BOT_MAKER;VEV_5400;XIRECS;13.0;3
107800;BOT_TAKER;SUBMISSION;VELVETFRUIT_EXTRACT;XIRECS;5211.0;5
107800;BOT_TAKER;BOT_MAKER;VELVETFRUIT_EXTRACT;XIRECS;5212.0;1
108000;BOT_MAKER;BOT_TAKER;HYDROGEL_PACK;XIRECS;10025.0;5
108100;BOT_TAKER;BOT_MAKER;VEV_6000;XIRECS;1.0;3
108200;BOT_MAKER;BOT_TAKER;VELVETFRUIT_EXTRACT;XIRECS;5207.0;7
108200;BOT_MAKER;BOT_TAKER;VEV_6000;XIRECS;0.0;4
108200;SUBMISSION;BOT_TAKER;VELVETFRUIT_EXTRACT;XIRECS;5208.0;5
108300;BOT_TAKER;BOT_MAKER;VEV_6000;XIRECS;1.0;2
108400;BOT_TAKER;BOT_MAKER;HYDROGEL_PACK;XIRECS;10038.0;5
108400;BOT_MAKER;BOT_TAKER;VELVETFRUIT_EXTRACT;XIRECS;5204.0;4
108400;BOT_TAKER;BOT_MAKER;VEV_4000;XIRECS;1297.0;1
108400;SUBMISSION;BOT_TAKER;VELVETFRUIT_EXTRACT;XIRECS;5205.0;5
108400;BOT_MAKER;BOT_TAKER;VELVETFRUIT_EXTRACT;XIRECS;5204.0;2
108500;BOT_TAKER;BOT_MAKER;VELVETFRUIT_EXTRACT;XIRECS;5210.0;9
108500;BOT_MAKER;BOT_TAKER;VELVETFRUIT_EXTRACT;XIRECS;5206.0;5
108500;SUBMISSION;BOT_TAKER;HYDROGEL_PACK;XIRECS;10022.0;5
108600;BOT_MAKER;BOT_TAKER;VEV_4000;XIRECS;1274.0;2
108700;BOT_TAKER;BOT_MAKER;VELVETFRUIT_EXTRACT;XIRECS;5210.0;8
108700;BOT_TAKER;BOT_MAKER;VEV_4000;XIRECS;1295.0;3
108800;BOT_TAKER;BOT_MAKER;HYDROGEL_PACK;XIRECS;10040.0;6
108800;SUBMISSION;BOT_TAKER;HYDROGEL_PACK;XIRECS;10025.0;2
108900;BOT_MAKER;BOT_TAKER;HYDROGEL_PACK;XIRECS;10023.0;5
108900;BOT_TAKER;BOT_MAKER;VEV_6000;XIRECS;1.0;4
109000;BOT_TAKER;BOT_MAKER;VELVETFRUIT_EXTRACT;XIRECS;5212.0;8
109100;SUBMISSION;BOT_TAKER;VELVETFRUIT_EXTRACT;XIRECS;5207.0;5
109100;BOT_MAKER;BOT_TAKER;VELVETFRUIT_EXTRACT;XIRECS;5206.0;3
109300;BOT_TAKER;BOT_MAKER;HYDROGEL_PACK;XIRECS;10040.0;3
109400;BOT_MAKER;BOT_TAKER;HYDROGEL_PACK;XIRECS;10026.0;3
109400;BOT_TAKER;BOT_MAKER;VELVETFRUIT_EXTRACT;XIRECS;5213.0;3
109400;BOT_TAKER;BOT_MAKER;VEV_6500;XIRECS;1.0;4
109600;BOT_MAKER;BOT_TAKER;HYDROGEL_PACK;XIRECS;10025.0;4
109600;BOT_MAKER;BOT_TAKER;VELVETFRUIT_EXTRACT;XIRECS;5208.0;5
109600;BOT_MAKER;BOT_TAKER;VEV_5500;XIRECS;1.0;4
109700;BOT_TAKER;SUBMISSION;VELVETFRUIT_EXTRACT;XIRECS;5212.0;5
109700;BOT_TAKER;BOT_MAKER;VELVETFRUIT_EXTRACT;XIRECS;5213.0;2
109900;BOT_TAKER;BOT_MAKER;HYDROGEL_PACK;XIRECS;10044.0;4
109900;BOT_TAKER;BOT_MAKER;VELVETFRUIT_EXTRACT;XIRECS;5212.0;7
109900;SUBMISSION;BOT_TAKER;VELVETFRUIT_EXTRACT;XIRECS;5207.0;3
110000;BOT_MAKER;BOT_TAKER;HYDROGEL_PACK;XIRECS;10025.0;5
110000;BOT_TAKER;BOT_MAKER;VEV_4000;XIRECS;1290.0;2
110100;BOT_MAKER;BOT_TAKER;HYDROGEL_PACK;XIRECS;10022.0;3
110100;BOT_MAKER;BOT_TAKER;VEV_5500;XIRECS;1.0;5
110200;BOT_MAKER;BOT_TAKER;VEV_5500;XIRECS;1.0;4
110300;BOT_MAKER;BOT_TAKER;VELVETFRUIT_EXTRACT;XIRECS;5206.0;4
110400;BOT_MAKER;BOT_TAKER;VEV_6000;XIRECS;0.0;4
110500;BOT_MAKER;BOT_TAKER;VELVETFRUIT_EXTRACT;XIRECS;5206.0;3
110500;BOT_MAKER;BOT_TAKER;VEV_4000;XIRECS;1267.0;2
110500;BOT_TAKER;SUBMISSION;VEV_4000;XIRECS;1288.0;2
110600;BOT_TAKER;BOT_MAKER;VELVETFRUIT_EXTRACT;XIRECS;5212.0;4
110900;BOT_TAKER;BOT_MAKER;VEV_5500;XIRECS;2.0;3
111000;BOT_TAKER;BOT_MAKER;HYDROGEL_PACK;XIRECS;10043.0;5
111100;BOT_TAKER;BOT_MAKER;HYDROGEL_PACK;XIRECS;10041.0;3
111100;BOT_MAKER;BOT_TAKER;VEV_6000;XIRECS;0.0;4
111300;BOT_MAKER;BOT_TAKER;HYDROGEL_PACK;XIRECS;10027.0;2
111300;BOT_MAKER;BOT_TAKER;VELVETFRUIT_EXTRACT;XIRECS;5208.0;5
111400;BOT_MAKER;BOT_TAKER;VELVETFRUIT_EXTRACT;XIRECS;5208.0;3
111500;BOT_MAKER;BOT_TAKER;VEV_5500;XIRECS;1.0;5
111600;BOT_TAKER;BOT_MAKER;HYDROGEL_PACK;XIRECS;10043.0;5
111600;BOT_TAKER;BOT_MAKER;VELVETFRUIT_EXTRACT;XIRECS;5212.0;4
111700;BOT_MAKER;BOT_TAKER;HYDROGEL_PACK;XIRECS;10027.0;3
111700;BOT_TAKER;BOT_MAKER;VELVETFRUIT_EXTRACT;XIRECS;5213.0;9
111700;BOT_TAKER;BOT_MAKER;VEV_6500;XIRECS;1.0;3
111800;BOT_MAKER;BOT_TAKER;HYDROGEL_PACK;XIRECS;10026.0;4
111800;BOT_TAKER;BOT_MAKER;VEV_4000;XIRECS;1291.0;2
111900;BOT_TAKER;BOT_MAKER;VELVETFRUIT_EXTRACT;XIRECS;5214.0;13
111900;BOT_MAKER;BOT_TAKER;VEV_4000;XIRECS;1269.0;1
112000;BOT_TAKER;BOT_MAKER;VELVETFRUIT_EXTRACT;XIRECS;5214.0;13
112000;BOT_TAKER;BOT_MAKER;VEV_5500;XIRECS;2.0;4
