timestamp;buyer;seller;symbol;currency;price;quantity
100;BOT_TAKER;SUBMISSION;MICROCHIP_CIRCLE;XIRECS;8538.0;3
100;BOT_TAKER;SUBMISSION;MICROCHIP_OVAL;XIRECS;7438.0;3
100;BOT_TAKER;SUBMISSION;MICROCHIP_SQUARE;XIRECS;15933.0;3
100;BOT_TAKER;SUBMISSION;MICROCHIP_RECTANGLE;XIRECS;7839.0;2
100;BOT_TAKER;BOT_MAKER;MICROCHIP_RECTANGLE;XIRECS;7840.0;1
100;BOT_TAKER;SUBMISSION;MICROCHIP_TRIANGLE;XIRECS;9052.0;3
700;BOT_TAKER;SUBMISSION;MICROCHIP_CIRCLE;XIRECS;8575.0;1
700;BOT_TAKER;SUBMISSION;MICROCHIP_OVAL;XIRECS;7491.0;1
700;BOT_TAKER;SUBMISSION;MICROCHIP_SQUARE;XIRECS;15912.0;1
700;BOT_TAKER;BOT_MAKER;MICROCHIP_RECTANGLE;XIRECS;7809.0;1
700;BOT_TAKER;SUBMISSION;MICROCHIP_TRIANGLE;XIRECS;9047.0;1
800;BOT_TAKER;SUBMISSION;PEBBLES_XS;XIRECS;6947.0;2
800;BOT_TAKER;SUBMISSION;PEBBLES_S;XIRECS;9046.0;2
800;BOT_TAKER;SUBMISSION;PEBBLES_M;XIRECS;11094.0;2
800;BOT_TAKER;SUBMISSION;PEBBLES_L;XIRECS;10971.0;2
800;BOT_TAKER;BOT_MAKER;PEBBLES_XL;XIRECS;11969.0;2
2000;SUBMISSION;BOT_TAKER;MICROCHIP_CIRCLE;XIRECS;8518.0;2
2000;SUBMISSION;BOT_TAKER;MICROCHIP_OVAL;XIRECS;7535.0;2
2000;SUBMISSION;BOT_TAKER;MICROCHIP_SQUARE;XIRECS;15789.0;2
2000;SUBMISSION;BOT_TAKER;MICROCHIP_RECTANGLE;XIRECS;7788.0;2
2000;BOT_MAKER;BOT_TAKER;MICROCHIP_TRIANGLE;XIRECS;9029.0;2
3900;BOT_TAKER;SUBMISSION;PEBBLES_XS;XIRECS;6945.0;2
3900;BOT_TAKER;BOT_MAKER;PEBBLES_XS;XIRECS;6946.0;3
3900;BOT_TAKER;SUBMISSION;PEBBLES_S;XIRECS;9091.0;5
3900;BOT_TAKER;SUBMISSION;PEBBLES_M;XIRECS;11095.0;4
3900;BOT_TAKER;BOT_MAKER;PEBBLES_M;XIRECS;11096.0;1
3900;BOT_TAKER;SUBMISSION;PEBBLES_L;XIRECS;11061.0;2
3900;BOT_TAKER;BOT_MAKER;PEBBLES_L;XIRECS;11062.0;3
3900;BOT_TAKER;BOT_MAKER;PEBBLES_XL;XIRECS;11835.0;5
4000;BOT_TAKER;SUBMISSION;GALAXY_SOUNDS_DARK_MATTER;XIRECS;10884.0;1
4000;BOT_TAKER;BOT_MAKER;GALAXY_SOUNDS_DARK_MATTER;XIRECS;10885.0;3
4000;BOT_TAKER;SUBMISSION;GALAXY_SOUNDS_BLACK_HOLES;XIRECS;12177.0;4
4000;BOT_TAKER;SUBMISSION;GALAXY_SOUNDS_PLANETARY_RINGS;XIRECS;11377.0;4
4000;BOT_TAKER;SUBMISSION;GALAXY_SOUNDS_SOLAR_WINDS;XIRECS;10750.0;4
4000;BOT_TAKER;SUBMISSION;GALAXY_SOUNDS_SOLAR_FLAMES;XIRECS;10678.0;4
4000;BOT_TAKER;BOT_MAKER;SLEEP_POD_SUEDE;XIRECS;12098.0;4
4000;BOT_TAKER;SUBMISSION;SLEEP_POD_LAMB_WOOL;XIRECS;10861.0;4
4000;BOT_TAKER;SUBMISSION;SLEEP_POD_POLYESTER;XIRECS;12951.0;4
4000;BOT_TAKER;SUBMISSION;SLEEP_POD_NYLON;XIRECS;9721.0;1
4000;BOT_TAKER;BOT_MAKER;SLEEP_POD_NYLON;XIRECS;9722.0;3
4000;BOT_TAKER;SUBMISSION;SLEEP_POD_COTTON;XIRECS;12170.0;4
4000;BOT_TAKER;BOT_MAKER;ROBOT_VACUUMING;XIRECS;8572.0;4
4000;BOT_TAKER;SUBMISSION;ROBOT_MOPPING;XIRECS;12240.0;4
4000;BOT_TAKER;BOT_MAKER;ROBOT_DISHES;XIRECS;10098.0;4
4000;BOT_TAKER;BOT_MAKER;ROBOT_LAUNDRY;XIRECS;9422.0;4
4000;BOT_TAKER;SUBMISSION;ROBOT_IRONING;XIRECS;7425.0;4
4000;BOT_TAKER;SUBMISSION;UV_VISOR_YELLOW;XIRECS;12050.0;4
4000;BOT_TAKER;SUBMISSION;UV_VISOR_AMBER;XIRECS;7452.0;4
4000;BOT_TAKER;SUBMISSION;UV_VISOR_ORANGE;XIRECS;10261.0;4
4000;BOT_TAKER;BOT_MAKER;UV_VISOR_RED;XIRECS;10975.0;4
4000;BOT_TAKER;SUBMISSION;UV_VISOR_MAGENTA;XIRECS;11599.0;4
4000;BOT_TAKER;SUBMISSION;TRANSLATOR_SPACE_GRAY;XIRECS;10028.0;4
4000;BOT_TAKER;BOT_MAKER;TRANSLATOR_ASTRO_BLACK;XIRECS;9117.0;4
4000;BOT_TAKER;SUBMISSION;TRANSLATOR_ECLIPSE_CHARCOAL;XIRECS;9667.0;4
4000;BOT_TAKER;SUBMISSION;TRANSLATOR_GRAPHITE_MIST;XIRECS;10954.0;4
4000;BOT_TAKER;BOT_MAKER;TRANSLATOR_VOID_BLUE;XIRECS;10692.0;4
4000;BOT_TAKER;SUBMISSION;PANEL_1X2;XIRECS;8891.0;4
4000;BOT_TAKER;SUBMISSION;PANEL_2X2;XIRECS;9185.0;4
4000;BOT_TAKER;SUBMISSION;PANEL_1X4;XIRECS;8772.0;4
4000;BOT_TAKER;BOT_MAKER;PANEL_2X4;XIRECS;11457.0;4
4000;BOT_TAKER;SUBMISSION;PANEL_4X4;XIRECS;10210.0;4
4000;BOT_TAKER;SUBMISSION;OXYGEN_SHAKE_MORNING_BREATH;XIRECS;9557.0;4
4000;BOT_TAKER;SUBMISSION;OXYGEN_SHAKE_EVENING_BREATH;XIRECS;9495.0;4
4000;BOT_TAKER;SUBMISSION;OXYGEN_SHAKE_MINT;XIRECS;9803.0;4
4000;BOT_TAKER;BOT_MAKER;OXYGEN_SHAKE_CHOCOLATE;XIRECS;9293.0;4
4000;BOT_TAKER;SUBMISSION;OXYGEN_SHAKE_GARLIC;XIRECS;12048.0;4
4000;BOT_TAKER;BOT_MAKER;SNACKPACK_CHOCOLATE;XIRECS;9848.0;4
4000;BOT_TAKER;SUBMISSION;SNACKPACK_VANILLA;XIRECS;10043.0;1
4000;BOT_TAKER;BOT_MAKER;SNACKPACK_VANILLA;XIRECS;10044.0;3
4000;BOT_TAKER;BOT_MAKER;SNACKPACK_PISTACHIO;XIRECS;9306.0;4
4000;BOT_TAKER;BOT_MAKER;SNACKPACK_STRAWBERRY;XIRECS;10670.0;4
4000;BOT_TAKER;SUBMISSION;SNACKPACK_RASPBERRY;XIRECS;10261.0;3
4000;BOT_TAKER;BOT_MAKER;SNACKPACK_RASPBERRY;XIRECS;10262.0;1
5200;SUBMISSION;BOT_TAKER;GALAXY_SOUNDS_DARK_MATTER;XIRECS;10842.0;3
5200;SUBMISSION;BOT_TAKER;GALAXY_SOUNDS_BLACK_HOLES;XIRECS;12166.0;3
5200;SUBMISSION;BOT_TAKER;GALAXY_SOUNDS_PLANETARY_RINGS;XIRECS;11393.0;3
5200;SUBMISSION;BOT_TAKER;GALAXY_SOUNDS_SOLAR_WINDS;XIRECS;10750.0;3
5200;BOT_MAKER;BOT_TAKER;GALAXY_SOUNDS_SOLAR_FLAMES;XIRECS;10668.0;3
5200;SUBMISSION;BOT_TAKER;SLEEP_POD_SUEDE;XIRECS;12043.0;3
5200;BOT_MAKER;BOT_TAKER;SLEEP_POD_LAMB_WOOL;XIRECS;10917.0;3
5200;SUBMISSION;BOT_TAKER;SLEEP_POD_POLYESTER;XIRECS;12967.0;3
5200;SUBMISSION;BOT_TAKER;SLEEP_POD_NYLON;XIRECS;9695.0;3
5200;SUBMISSION;BOT_TAKER;SLEEP_POD_COTTON;XIRECS;12187.0;3
5200;SUBMISSION;BOT_TAKER;ROBOT_VACUUMING;XIRECS;8576.0;3
5200;SUBMISSION;BOT_TAKER;ROBOT_MOPPING;XIRECS;12238.0;3
5200;SUBMISSION;BOT_TAKER;ROBOT_DISHES;XIRECS;10028.0;3
5200;SUBMISSION;BOT_TAKER;ROBOT_LAUNDRY;XIRECS;9462.0;3
5200;SUBMISSION;BOT_TAKER;ROBOT_IRONING;XIRECS;7447.0;3
5200;SUBMISSION;BOT_TAKER;UV_VISOR_YELLOW;XIRECS;12050.0;3
5200;SUBMISSION;BOT_TAKER;UV_VISOR_AMBER;XIRECS;7389.0;3
5200;SUBMISSION;BOT_TAKER;UV_VISOR_ORANGE;XIRECS;10305.0;3
5200;SUBMISSION;BOT_TAKER;UV_VISOR_RED;XIRECS;10933.0;3
5200;BOT_MAKER;BOT_TAKER;UV_VISOR_MAGENTA;XIRECS;11634.0;3
5200;SUBMISSION;BOT_TAKER;TRANSLATOR_SPACE_GRAY;XIRECS;10014.0;3
5200;SUBMISSION;BOT_TAKER;TRANSLATOR_ASTRO_BLACK;XIRECS;9118.0;3
5200;BOT_MAKER;BOT_TAKER;TRANSLATOR_ECLIPSE_CHARCOAL;XIRECS;9667.0;3
5200;SUBMISSION;BOT_TAKER;TRANSLATOR_GRAPHITE_MIST;XIRECS;10916.0;3
5200;SUBMISSION;BOT_TAKER;TRANSLATOR_VOID_BLUE;XIRECS;10662.0;3
5200;SUBMISSION;BOT_TAKER;PANEL_1X2;XIRECS;8852.0;3
5200;SUBMISSION;BOT_TAKER;PANEL_2X2;XIRECS;9208.0;3
5200;SUBMISSION;BOT_TAKER;PANEL_1X4;XIRECS;8764.0;3
5200;BOT_MAKER;BOT_TAKER;PANEL_2X4;XIRECS;11502.0;3
5200;SUBMISSION;BOT_TAKER;PANEL_4X4;XIRECS;10222.0;3
5200;SUBMISSION;BOT_TAKER;OXYGEN_SHAKE_MORNING_BREATH;XIRECS;9451.0;3
5200;SUBMISSION;BOT_TAKER;OXYGEN_SHAKE_EVENING_BREATH;XIRECS;9471.0;3
5200;SUBMISSION;BOT_TAKER;OXYGEN_SHAKE_MINT;XIRECS;9848.0;3
5200;SUBMISSION;BOT_TAKER;OXYGEN_SHAKE_CHOCOLATE;XIRECS;9301.0;3
5200;SUBMISSION;BOT_TAKER;OXYGEN_SHAKE_GARLIC;XIRECS;12086.0;3
5200;BOT_MAKER;BOT_TAKER;SNACKPACK_CHOCOLATE;XIRECS;9877.0;3
5200;SUBMISSION;BOT_TAKER;SNACKPACK_VANILLA;XIRECS;10009.0;3
5200;SUBMISSION;BOT_TAKER;SNACKPACK_PISTACHIO;XIRECS;9278.0;3
5200;SUBMISSION;BOT_TAKER;SNACKPACK_STRAWBERRY;XIRECS;10633.0;3
5200;BOT_MAKER;BOT_TAKER;SNACKPACK_RASPBERRY;XIRECS;10265.0;3
6500;SUBMISSION;BOT_TAKER;MICROCHIP_CIRCLE;XIRECS;8579.0;3
6500;SUBMISSION;BOT_TAKER;MICROCHIP_OVAL;XIRECS;7397.0;3
6500;SUBMISSION;BOT_TAKER;MICROCHIP_SQUARE;XIRECS;15451.0;3
6500;BOT_MAKER;BOT_TAKER;MICROCHIP_RECTANGLE;XIRECS;7879.0;3
6500;BOT_MAKER;BOT_TAKER;MICROCHIP_TRIANGLE;XIRECS;9108.0;3
9000;BOT_TAKER;SUBMISSION;PEBBLES_XS;XIRECS;6862.0;2
9000;BOT_TAKER;BOT_MAKER;PEBBLES_XS;XIRECS;6863.0;1
9000;BOT_TAKER;SUBMISSION;PEBBLES_S;XIRECS;9206.0;3
9000;BOT_TAKER;BOT_MAKER;PEBBLES_M;XIRECS;10965.0;3
9000;BOT_TAKER;SUBMISSION;PEBBLES_L;XIRECS;11019.0;2
9000;BOT_TAKER;BOT_MAKER;PEBBLES_L;XIRECS;11020.0;1
9000;BOT_TAKER;BOT_MAKER;PEBBLES_XL;XIRECS;11975.0;3
9500;SUBMISSION;BOT_TAKER;GALAXY_SOUNDS_DARK_MATTER;XIRECS;10823.0;3
9500;SUBMISSION;BOT_TAKER;GALAXY_SOUNDS_BLACK_HOLES;XIRECS;12181.0;3
9500;SUBMISSION;BOT_TAKER;GALAXY_SOUNDS_PLANETARY_RINGS;XIRECS;11380.0;3
9500;SUBMISSION;BOT_TAKER;GALAXY_SOUNDS_SOLAR_WINDS;XIRECS;10801.0;3
9500;BOT_MAKER;BOT_TAKER;GALAXY_SOUNDS_SOLAR_FLAMES;XIRECS;10715.0;3
9500;SUBMISSION;BOT_TAKER;SLEEP_POD_SUEDE;XIRECS;12122.0;1
9500;BOT_MAKER;BOT_TAKER;SLEEP_POD_SUEDE;XIRECS;12121.0;2
9500;BOT_MAKER;BOT_TAKER;SLEEP_POD_LAMB_WOOL;XIRECS;10892.0;3
9500;SUBMISSION;BOT_TAKER;SLEEP_POD_POLYESTER;XIRECS;12930.0;3
9500;SUBMISSION;BOT_TAKER;SLEEP_POD_NYLON;XIRECS;9677.0;3
9500;SUBMISSION;BOT_TAKER;SLEEP_POD_COTTON;XIRECS;12132.0;3
9500;BOT_MAKER;BOT_TAKER;ROBOT_VACUUMING;XIRECS;8662.0;3
9500;SUBMISSION;BOT_TAKER;ROBOT_MOPPING;XIRECS;12171.0;3
9500;SUBMISSION;BOT_TAKER;ROBOT_DISHES;XIRECS;10077.0;3
9500;SUBMISSION;BOT_TAKER;ROBOT_LAUNDRY;XIRECS;9460.0;1
9500;BOT_MAKER;BOT_TAKER;ROBOT_LAUNDRY;XIRECS;9459.0;2
9500;SUBMISSION;BOT_TAKER;ROBOT_IRONING;XIRECS;7387.0;3
9500;SUBMISSION;BOT_TAKER;UV_VISOR_YELLOW;XIRECS;12033.0;3
9500;SUBMISSION;BOT_TAKER;UV_VISOR_AMBER;XIRECS;7427.0;3
9500;SUBMISSION;BOT_TAKER;UV_VISOR_ORANGE;XIRECS;10334.0;3
9500;SUBMISSION;BOT_TAKER;UV_VISOR_RED;XIRECS;10903.0;3
9500;BOT_MAKER;BOT_TAKER;UV_VISOR_MAGENTA;XIRECS;11689.0;3
9500;SUBMISSION;BOT_TAKER;TRANSLATOR_SPACE_GRAY;XIRECS;9994.0;3
9500;SUBMISSION;BOT_TAKER;TRANSLATOR_ASTRO_BLACK;XIRECS;9043.0;3
9500;BOT_MAKER;BOT_TAKER;TRANSLATOR_ECLIPSE_CHARCOAL;XIRECS;9724.0;3
9500;SUBMISSION;BOT_TAKER;TRANSLATOR_GRAPHITE_MIST;XIRECS;10934.0;3
9500;BOT_MAKER;BOT_TAKER;TRANSLATOR_VOID_BLUE;XIRECS;10788.0;3
9500;SUBMISSION;BOT_TAKER;PANEL_1X2;XIRECS;8913.0;3
9500;SUBMISSION;BOT_TAKER;PANEL_2X2;XIRECS;9259.0;3
9500;SUBMISSION;BOT_TAKER;PANEL_1X4;XIRECS;8737.0;3
9500;BOT_MAKER;BOT_TAKER;PANEL_2X4;XIRECS;11581.0;3
9500;SUBMISSION;BOT_TAKER;PANEL_4X4;XIRECS;10268.0;3
9500;SUBMISSION;BOT_TAKER;OXYGEN_SHAKE_MORNING_BREATH;XIRECS;9467.0;3
9500;SUBMISSION;BOT_TAKER;OXYGEN_SHAKE_EVENING_BREATH;XIRECS;9396.0;3
9500;SUBMISSION;BOT_TAKER;OXYGEN_SHAKE_MINT;XIRECS;9787.0;3
9500;BOT_MAKER;BOT_TAKER;OXYGEN_SHAKE_CHOCOLATE;XIRECS;9350.0;3
9500;SUBMISSION;BOT_TAKER;OXYGEN_SHAKE_GARLIC;XIRECS;12129.0;3
9500;BOT_MAKER;BOT_TAKER;SNACKPACK_CHOCOLATE;XIRECS;9878.0;3
9500;BOT_MAKER;BOT_TAKER;SNACKPACK_VANILLA;XIRECS;10042.0;3
9500;BOT_MAKER;BOT_TAKER;SNACKPACK_PISTACHIO;XIRECS;9319.0;3
9500;BOT_MAKER;BOT_TAKER;SNACKPACK_STRAWBERRY;XIRECS;10717.0;3
9500;SUBMISSION;BOT_TAKER;SNACKPACK_RASPBERRY;XIRECS;10187.0;3
10400;BOT_MAKER;BOT_TAKER;GALAXY_SOUNDS_DARK_MATTER;XIRECS;10893.0;1
10400;SUBMISSION;BOT_TAKER;GALAXY_SOUNDS_BLACK_HOLES;XIRECS;12169.0;1
10400;SUBMISSION;BOT_TAKER;GALAXY_SOUNDS_PLANETARY_RINGS;XIRECS;11378.0;1
10400;SUBMISSION;BOT_TAKER;GALAXY_SOUNDS_SOLAR_WINDS;XIRECS;10786.0;1
10400;BOT_MAKER;BOT_TAKER;GALAXY_SOUNDS_SOLAR_FLAMES;XIRECS;10764.0;1
10400;SUBMISSION;BOT_TAKER;SLEEP_POD_SUEDE;XIRECS;12117.0;1
10400;BOT_MAKER;BOT_TAKER;SLEEP_POD_LAMB_WOOL;XIRECS;10863.0;1
10400;SUBMISSION;BOT_TAKER;SLEEP_POD_POLYESTER;XIRECS;12956.0;1
10400;BOT_MAKER;BOT_TAKER;SLEEP_POD_NYLON;XIRECS;9710.0;1
10400;SUBMISSION;BOT_TAKER;SLEEP_POD_COTTON;XIRECS;12142.0;1
10400;BOT_MAKER;BOT_TAKER;ROBOT_VACUUMING;XIRECS;8681.0;1
10400;SUBMISSION;BOT_TAKER;ROBOT_MOPPING;XIRECS;12159.0;1
10400;BOT_MAKER;BOT_TAKER;ROBOT_DISHES;XIRECS;10162.0;1
10400;SUBMISSION;BOT_TAKER;ROBOT_LAUNDRY;XIRECS;9423.0;1
10400;SUBMISSION;BOT_TAKER;ROBOT_IRONING;XIRECS;7420.0;1
10400;SUBMISSION;BOT_TAKER;UV_VISOR_YELLOW;XIRECS;12065.0;1
10400;SUBMISSION;BOT_TAKER;UV_VISOR_AMBER;XIRECS;7414.0;1
10400;SUBMISSION;BOT_TAKER;UV_VISOR_ORANGE;XIRECS;10387.0;1
10400;SUBMISSION;BOT_TAKER;UV_VISOR_RED;XIRECS;10885.0;1
10400;BOT_MAKER;BOT_TAKER;UV_VISOR_MAGENTA;XIRECS;11717.0;1
10400;SUBMISSION;BOT_TAKER;TRANSLATOR_SPACE_GRAY;XIRECS;9974.0;1
10400;SUBMISSION;BOT_TAKER;TRANSLATOR_ASTRO_BLACK;XIRECS;9059.0;1
10400;BOT_MAKER;BOT_TAKER;TRANSLATOR_ECLIPSE_CHARCOAL;XIRECS;9716.0;1
10400;SUBMISSION;BOT_TAKER;TRANSLATOR_GRAPHITE_MIST;XIRECS;10921.0;1
10400;BOT_MAKER;BOT_TAKER;TRANSLATOR_VOID_BLUE;XIRECS;10785.0;1
10400;SUBMISSION;BOT_TAKER;PANEL_1X2;XIRECS;8897.0;1
10400;SUBMISSION;BOT_TAKER;PANEL_2X2;XIRECS;9255.0;1
10400;SUBMISSION;BOT_TAKER;PANEL_1X4;XIRECS;8718.0;1
10400;BOT_MAKER;BOT_TAKER;PANEL_2X4;XIRECS;11609.0;1
10400;SUBMISSION;BOT_TAKER;PANEL_4X4;XIRECS;10249.0;1
10400;SUBMISSION;BOT_TAKER;OXYGEN_SHAKE_MORNING_BREATH;XIRECS;9487.0;1
10400;SUBMISSION;BOT_TAKER;OXYGEN_SHAKE_EVENING_BREATH;XIRECS;9476.0;1
10400;SUBMISSION;BOT_TAKER;OXYGEN_SHAKE_MINT;XIRECS;9732.0;1
10400;BOT_MAKER;BOT_TAKER;OXYGEN_SHAKE_CHOCOLATE;XIRECS;9408.0;1
10400;SUBMISSION;BOT_TAKER;OXYGEN_SHAKE_GARLIC;XIRECS;12145.0;1
10400;BOT_MAKER;BOT_TAKER;SNACKPACK_CHOCOLATE;XIRECS;9870.0;1
10400;BOT_MAKER;BOT_TAKER;SNACKPACK_VANILLA;XIRECS;10053.0;1
10400;BOT_MAKER;BOT_TAKER;SNACKPACK_PISTACHIO;XIRECS;9327.0;1
10400;BOT_MAKER;BOT_TAKER;SNACKPACK_STRAWBERRY;XIRECS;10733.0;1
10400;SUBMISSION;BOT_TAKER;SNACKPACK_RASPBERRY;XIRECS;10175.0;1
11200;BOT_TAKER;BOT_MAKER;GALAXY_SOUNDS_DARK_MATTER;XIRECS;10864.0;2
11200;BOT_TAKER;SUBMISSION;GALAXY_SOUNDS_BLACK_HOLES;XIRECS;12191.0;2
11200;BOT_TAKER;SUBMISSION;GALAXY_SOUNDS_PLANETARY_RINGS;XIRECS;11382.0;2
11200;BOT_TAKER;SUBMISSION;GALAXY_SOUNDS_SOLAR_WINDS;XIRECS;10728.0;2
11200;BOT_TAKER;SUBMISSION;GALAXY_SOUNDS_SOLAR_FLAMES;XIRECS;10804.0;2
11200;BOT_TAKER;BOT_MAKER;SLEEP_POD_SUEDE;XIRECS;12065.0;2
11200;BOT_TAKER;SUBMISSION;SLEEP_POD_LAMB_WOOL;XIRECS;10858.0;2
11200;BOT_TAKER;SUBMISSION;SLEEP_POD_POLYESTER;XIRECS;12976.0;2
11200;BOT_TAKER;SUBMISSION;SLEEP_POD_NYLON;XIRECS;9719.0;2
11200;BOT_TAKER;SUBMISSION;SLEEP_POD_COTTON;XIRECS;12124.0;2
11200;BOT_TAKER;SUBMISSION;ROBOT_VACUUMING;XIRECS;8651.0;2
11200;BOT_TAKER;SUBMISSION;ROBOT_MOPPING;XIRECS;12114.0;2
11200;BOT_TAKER;SUBMISSION;ROBOT_DISHES;XIRECS;10252.0;2
11200;BOT_TAKER;BOT_MAKER;ROBOT_LAUNDRY;XIRECS;9451.0;2
11200;BOT_TAKER;SUBMISSION;ROBOT_IRONING;XIRECS;7377.0;2
11200;BOT_TAKER;SUBMISSION;UV_VISOR_YELLOW;XIRECS;12047.0;2
11200;BOT_TAKER;SUBMISSION;UV_VISOR_AMBER;XIRECS;7404.0;2
11200;BOT_TAKER;SUBMISSION;UV_VISOR_ORANGE;XIRECS;10405.0;2
11200;BOT_TAKER;BOT_MAKER;UV_VISOR_RED;XIRECS;10849.0;2
11200;BOT_TAKER;SUBMISSION;UV_VISOR_MAGENTA;XIRECS;11759.0;2
11200;BOT_TAKER;SUBMISSION;TRANSLATOR_SPACE_GRAY;XIRECS;10007.0;2
11200;BOT_TAKER;BOT_MAKER;TRANSLATOR_ASTRO_BLACK;XIRECS;9028.0;2
11200;BOT_TAKER;SUBMISSION;TRANSLATOR_ECLIPSE_CHARCOAL;XIRECS;9745.0;2
11200;BOT_TAKER;SUBMISSION;TRANSLATOR_GRAPHITE_MIST;XIRECS;10893.0;2
11200;BOT_TAKER;SUBMISSION;TRANSLATOR_VOID_BLUE;XIRECS;10776.0;2
11200;BOT_TAKER;SUBMISSION;PANEL_1X2;XIRECS;8886.0;2
11200;BOT_TAKER;SUBMISSION;PANEL_2X2;XIRECS;9260.0;2
11200;BOT_TAKER;SUBMISSION;PANEL_1X4;XIRECS;8753.0;2
11200;BOT_TAKER;SUBMISSION;PANEL_2X4;XIRECS;11620.0;2
11200;BOT_TAKER;SUBMISSION;PANEL_4X4;XIRECS;10309.0;2
11200;BOT_TAKER;SUBMISSION;OXYGEN_SHAKE_MORNING_BREATH;XIRECS;9503.0;2
11200;BOT_TAKER;SUBMISSION;OXYGEN_SHAKE_EVENING_BREATH;XIRECS;9493.0;2
11200;BOT_TAKER;SUBMISSION;OXYGEN_SHAKE_MINT;XIRECS;9721.0;2
11200;BOT_TAKER;SUBMISSION;OXYGEN_SHAKE_CHOCOLATE;XIRECS;9367.0;2
11200;BOT_TAKER;SUBMISSION;OXYGEN_SHAKE_GARLIC;XIRECS;12220.0;2
11200;BOT_TAKER;SUBMISSION;SNACKPACK_CHOCOLATE;XIRECS;9910.0;2
11200;BOT_TAKER;SUBMISSION;SNACKPACK_VANILLA;XIRECS;10034.0;2
11200;BOT_TAKER;SUBMISSION;SNACKPACK_PISTACHIO;XIRECS;9338.0;2
11200;BOT_TAKER;SUBMISSION;SNACKPACK_STRAWBERRY;XIRECS;10756.0;2
11200;BOT_TAKER;BOT_MAKER;SNACKPACK_RASPBERRY;XIRECS;10187.0;2
12700;BOT_TAKER;BOT_MAKER;GALAXY_SOUNDS_DARK_MATTER;XIRECS;10864.0;4
12700;BOT_TAKER;SUBMISSION;GALAXY_SOUNDS_BLACK_HOLES;XIRECS;12090.0;4
12700;BOT_TAKER;SUBMISSION;GALAXY_SOUNDS_PLANETARY_RINGS;XIRECS;11443.0;4
12700;BOT_TAKER;SUBMISSION;GALAXY_SOUNDS_SOLAR_WINDS;XIRECS;10710.0;4
12700;BOT_TAKER;SUBMISSION;GALAXY_SOUNDS_SOLAR_FLAMES;XIRECS;10764.0;4
12700;BOT_TAKER;BOT_MAKER;SLEEP_POD_SUEDE;XIRECS;12027.0;4
12700;BOT_TAKER;SUBMISSION;SLEEP_POD_LAMB_WOOL;XIRECS;10902.0;4
12700;BOT_TAKER;SUBMISSION;SLEEP_POD_POLYESTER;XIRECS;13022.0;4
12700;BOT_TAKER;SUBMISSION;SLEEP_POD_NYLON;XIRECS;9723.0;4
12700;BOT_TAKER;SUBMISSION;SLEEP_POD_COTTON;XIRECS;12093.0;4
12700;BOT_TAKER;SUBMISSION;ROBOT_VACUUMING;XIRECS;8634.0;4
12700;BOT_TAKER;SUBMISSION;ROBOT_MOPPING;XIRECS;12101.0;4
12700;BOT_TAKER;SUBMISSION;ROBOT_DISHES;XIRECS;10295.0;4
12700;BOT_TAKER;BOT_MAKER;ROBOT_LAUNDRY;XIRECS;9443.0;4
12700;BOT_TAKER;SUBMISSION;ROBOT_IRONING;XIRECS;7323.0;4
12700;BOT_TAKER;SUBMISSION;UV_VISOR_YELLOW;XIRECS;12021.0;4
12700;BOT_TAKER;SUBMISSION;UV_VISOR_AMBER;XIRECS;7430.0;4
12700;BOT_TAKER;SUBMISSION;UV_VISOR_ORANGE;XIRECS;10373.0;4
12700;BOT_TAKER;BOT_MAKER;UV_VISOR_RED;XIRECS;10820.0;4
12700;BOT_TAKER;SUBMISSION;UV_VISOR_MAGENTA;XIRECS;11732.0;4
12700;BOT_TAKER;SUBMISSION;TRANSLATOR_SPACE_GRAY;XIRECS;10000.0;4
12700;BOT_TAKER;BOT_MAKER;TRANSLATOR_ASTRO_BLACK;XIRECS;9009.0;4
12700;BOT_TAKER;SUBMISSION;TRANSLATOR_ECLIPSE_CHARCOAL;XIRECS;9792.0;4
12700;BOT_TAKER;SUBMISSION;TRANSLATOR_GRAPHITE_MIST;XIRECS;10894.0;4
12700;BOT_TAKER;SUBMISSION;TRANSLATOR_VOID_BLUE;XIRECS;10784.0;4
12700;BOT_TAKER;SUBMISSION;PANEL_1X2;XIRECS;8933.0;4
12700;BOT_TAKER;SUBMISSION;PANEL_2X2;XIRECS;9292.0;4
12700;BOT_TAKER;SUBMISSION;PANEL_1X4;XIRECS;8803.0;4
12700;BOT_TAKER;SUBMISSION;PANEL_2X4;XIRECS;11636.0;4
12700;BOT_TAKER;SUBMISSION;PANEL_4X4;XIRECS;10362.0;4
12700;BOT_TAKER;SUBMISSION;OXYGEN_SHAKE_MORNING_BREATH;XIRECS;9555.0;4
12700;BOT_TAKER;SUBMISSION;OXYGEN_SHAKE_EVENING_BREATH;XIRECS;9484.0;4
12700;BOT_TAKER;SUBMISSION;OXYGEN_SHAKE_MINT;XIRECS;9719.0;4
12700;BOT_TAKER;SUBMISSION;OXYGEN_SHAKE_CHOCOLATE;XIRECS;9441.0;4
12700;BOT_TAKER;SUBMISSION;OXYGEN_SHAKE_GARLIC;XIRECS;12294.0;4
12700;BOT_TAKER;SUBMISSION;SNACKPACK_CHOCOLATE;XIRECS;9961.0;4
12700;BOT_TAKER;BOT_MAKER;SNACKPACK_VANILLA;XIRECS;9986.0;4
12700;BOT_TAKER;SUBMISSION;SNACKPACK_PISTACHIO;XIRECS;9346.0;4
12700;BOT_TAKER;SUBMISSION;SNACKPACK_STRAWBERRY;XIRECS;10761.0;4
12700;BOT_TAKER;BOT_MAKER;SNACKPACK_RASPBERRY;XIRECS;10167.0;4
15600;SUBMISSION;BOT_TAKER;MICROCHIP_CIRCLE;XIRECS;8630.0;2
15600;SUBMISSION;BOT_TAKER;MICROCHIP_OVAL;XIRECS;7260.0;2
15600;SUBMISSION;BOT_TAKER;MICROCHIP_SQUARE;XIRECS;15514.0;2
15600;BOT_MAKER;BOT_TAKER;MICROCHIP_RECTANGLE;XIRECS;7828.0;2
15600;SUBMISSION;BOT_TAKER;MICROCHIP_TRIANGLE;XIRECS;9012.0;2
16200;SUBMISSION;BOT_TAKER;GALAXY_SOUNDS_DARK_MATTER;XIRECS;10781.0;2
16200;SUBMISSION;BOT_TAKER;GALAXY_SOUNDS_BLACK_HOLES;XIRECS;12108.0;2
16200;SUBMISSION;BOT_TAKER;GALAXY_SOUNDS_PLANETARY_RINGS;XIRECS;11473.0;2
16200;SUBMISSION;BOT_TAKER;GALAXY_SOUNDS_SOLAR_WINDS;XIRECS;10632.0;2
16200;BOT_MAKER;BOT_TAKER;GALAXY_SOUNDS_SOLAR_FLAMES;XIRECS;10792.0;2
16200;SUBMISSION;BOT_TAKER;SLEEP_POD_SUEDE;XIRECS;12034.0;2
16200;BOT_MAKER;BOT_TAKER;SLEEP_POD_LAMB_WOOL;XIRECS;10858.0;2
16200;SUBMISSION;BOT_TAKER;SLEEP_POD_POLYESTER;XIRECS;12950.0;2
16200;BOT_MAKER;BOT_TAKER;SLEEP_POD_NYLON;XIRECS;9716.0;2
16200;SUBMISSION;BOT_TAKER;SLEEP_POD_COTTON;XIRECS;12098.0;2
16200;BOT_MAKER;BOT_TAKER;ROBOT_VACUUMING;XIRECS;8638.0;2
16200;SUBMISSION;BOT_TAKER;ROBOT_MOPPING;XIRECS;12151.0;2
16200;BOT_MAKER;BOT_TAKER;ROBOT_DISHES;XIRECS;10346.0;2
16200;SUBMISSION;BOT_TAKER;ROBOT_LAUNDRY;XIRECS;9406.0;2
16200;SUBMISSION;BOT_TAKER;ROBOT_IRONING;XIRECS;7327.0;2
16200;SUBMISSION;BOT_TAKER;UV_VISOR_YELLOW;XIRECS;12023.0;2
16200;SUBMISSION;BOT_TAKER;UV_VISOR_AMBER;XIRECS;7460.0;2
16200;SUBMISSION;BOT_TAKER;UV_VISOR_ORANGE;XIRECS;10470.0;2
16200;SUBMISSION;BOT_TAKER;UV_VISOR_RED;XIRECS;10931.0;2
16200;BOT_MAKER;BOT_TAKER;UV_VISOR_MAGENTA;XIRECS;11779.0;2
16200;SUBMISSION;BOT_TAKER;TRANSLATOR_SPACE_GRAY;XIRECS;9981.0;2
16200;SUBMISSION;BOT_TAKER;TRANSLATOR_ASTRO_BLACK;XIRECS;9058.0;2
16200;BOT_MAKER;BOT_TAKER;TRANSLATOR_ECLIPSE_CHARCOAL;XIRECS;9774.0;2
16200;SUBMISSION;BOT_TAKER;TRANSLATOR_GRAPHITE_MIST;XIRECS;10968.0;2
16200;BOT_MAKER;BOT_TAKER;TRANSLATOR_VOID_BLUE;XIRECS;10748.0;2
16200;SUBMISSION;BOT_TAKER;PANEL_1X2;XIRECS;8947.0;2
16200;SUBMISSION;BOT_TAKER;PANEL_2X2;XIRECS;9308.0;2
16200;SUBMISSION;BOT_TAKER;PANEL_1X4;XIRECS;8913.0;2
16200;BOT_MAKER;BOT_TAKER;PANEL_2X4;XIRECS;11638.0;2
16200;SUBMISSION;BOT_TAKER;PANEL_4X4;XIRECS;10373.0;2
16200;SUBMISSION;BOT_TAKER;OXYGEN_SHAKE_MORNING_BREATH;XIRECS;9655.0;2
16200;SUBMISSION;BOT_TAKER;OXYGEN_SHAKE_EVENING_BREATH;XIRECS;9495.0;2
16200;SUBMISSION;BOT_TAKER;OXYGEN_SHAKE_MINT;XIRECS;9737.0;2
16200;BOT_MAKER;BOT_TAKER;OXYGEN_SHAKE_CHOCOLATE;XIRECS;9478.0;2
16200;SUBMISSION;BOT_TAKER;OXYGEN_SHAKE_GARLIC;XIRECS;12365.0;2
16200;BOT_MAKER;BOT_TAKER;SNACKPACK_CHOCOLATE;XIRECS;9980.0;2
16200;SUBMISSION;BOT_TAKER;SNACKPACK_VANILLA;XIRECS;9930.0;2
16200;SUBMISSION;BOT_TAKER;SNACKPACK_PISTACHIO;XIRECS;9307.0;2
16200;BOT_MAKER;BOT_TAKER;SNACKPACK_STRAWBERRY;XIRECS;10712.0;2
16200;SUBMISSION;BOT_TAKER;SNACKPACK_RASPBERRY;XIRECS;10196.0;2
25200;BOT_MAKER;BOT_TAKER;GALAXY_SOUNDS_DARK_MATTER;XIRECS;10861.0;4
25200;SUBMISSION;BOT_TAKER;GALAXY_SOUNDS_BLACK_HOLES;XIRECS;12188.0;4
25200;SUBMISSION;BOT_TAKER;GALAXY_SOUNDS_PLANETARY_RINGS;XIRECS;11504.0;4
25200;SUBMISSION;BOT_TAKER;GALAXY_SOUNDS_SOLAR_WINDS;XIRECS;10667.0;4
25200;BOT_MAKER;BOT_TAKER;GALAXY_SOUNDS_SOLAR_FLAMES;XIRECS;10846.0;4
25200;SUBMISSION;BOT_TAKER;SLEEP_POD_SUEDE;XIRECS;11961.0;3
25200;BOT_MAKER;BOT_TAKER;SLEEP_POD_SUEDE;XIRECS;11960.0;1
25200;BOT_MAKER;BOT_TAKER;SLEEP_POD_LAMB_WOOL;XIRECS;10968.0;4
25200;SUBMISSION;BOT_TAKER;SLEEP_POD_POLYESTER;XIRECS;12975.0;4
25200;SUBMISSION;BOT_TAKER;SLEEP_POD_NYLON;XIRECS;9640.0;4
25200;SUBMISSION;BOT_TAKER;SLEEP_POD_COTTON;XIRECS;12233.0;4
25200;BOT_MAKER;BOT_TAKER;ROBOT_VACUUMING;XIRECS;8673.0;4
25200;SUBMISSION;BOT_TAKER;ROBOT_MOPPING;XIRECS;12257.0;4
25200;BOT_MAKER;BOT_TAKER;ROBOT_DISHES;XIRECS;10766.0;4
25200;SUBMISSION;BOT_TAKER;ROBOT_LAUNDRY;XIRECS;9304.0;3
25200;BOT_MAKER;BOT_TAKER;ROBOT_LAUNDRY;XIRECS;9303.0;1
25200;SUBMISSION;BOT_TAKER;ROBOT_IRONING;XIRECS;7377.0;4
25200;SUBMISSION;BOT_TAKER;UV_VISOR_YELLOW;XIRECS;12070.0;4
25200;SUBMISSION;BOT_TAKER;UV_VISOR_AMBER;XIRECS;7527.0;4
25200;SUBMISSION;BOT_TAKER;UV_VISOR_ORANGE;XIRECS;10514.0;4
25200;BOT_MAKER;BOT_TAKER;UV_VISOR_RED;XIRECS;11187.0;4
25200;BOT_MAKER;BOT_TAKER;UV_VISOR_MAGENTA;XIRECS;11671.0;4
25200;SUBMISSION;BOT_TAKER;TRANSLATOR_SPACE_GRAY;XIRECS;10057.0;4
25200;SUBMISSION;BOT_TAKER;TRANSLATOR_ASTRO_BLACK;XIRECS;9101.0;1
25200;BOT_MAKER;BOT_TAKER;TRANSLATOR_ASTRO_BLACK;XIRECS;9100.0;3
25200;BOT_MAKER;BOT_TAKER;TRANSLATOR_ECLIPSE_CHARCOAL;XIRECS;9854.0;4
25200;SUBMISSION;BOT_TAKER;TRANSLATOR_GRAPHITE_MIST;XIRECS;10920.0;4
25200;BOT_MAKER;BOT_TAKER;TRANSLATOR_VOID_BLUE;XIRECS;10722.0;4
25200;SUBMISSION;BOT_TAKER;PANEL_1X2;XIRECS;9052.0;4
25200;SUBMISSION;BOT_TAKER;PANEL_2X2;XIRECS;9367.0;4
25200;SUBMISSION;BOT_TAKER;PANEL_1X4;XIRECS;8938.0;4
25200;BOT_MAKER;BOT_TAKER;PANEL_2X4;XIRECS;11585.0;4
25200;SUBMISSION;BOT_TAKER;PANEL_4X4;XIRECS;10347.0;4
25200;SUBMISSION;BOT_TAKER;OXYGEN_SHAKE_MORNING_BREATH;XIRECS;9637.0;4
25200;SUBMISSION;BOT_TAKER;OXYGEN_SHAKE_EVENING_BREATH;XIRECS;9426.0;4
25200;SUBMISSION;BOT_TAKER;OXYGEN_SHAKE_MINT;XIRECS;9883.0;4
25200;BOT_MAKER;BOT_TAKER;OXYGEN_SHAKE_CHOCOLATE;XIRECS;9497.0;4
25200;SUBMISSION;BOT_TAKER;OXYGEN_SHAKE_GARLIC;XIRECS;12362.0;4
25200;BOT_MAKER;BOT_TAKER;SNACKPACK_CHOCOLATE;XIRECS;9901.0;4
25200;BOT_MAKER;BOT_TAKER;SNACKPACK_VANILLA;XIRECS;10055.0;4
25200;SUBMISSION;BOT_TAKER;SNACKPACK_PISTACHIO;XIRECS;9273.0;4
25200;BOT_MAKER;BOT_TAKER;SNACKPACK_STRAWBERRY;XIRECS;10723.0;4
25200;SUBMISSION;BOT_TAKER;SNACKPACK_RASPBERRY;XIRECS;10177.0;4
25400;SUBMISSION;BOT_TAKER;PEBBLES_XS;XIRECS;6708.0;3
25400;SUBMISSION;BOT_TAKER;PEBBLES_S;XIRECS;8817.0;3
25400;SUBMISSION;BOT_TAKER;PEBBLES_M;XIRECS;10866.0;3
25400;SUBMISSION;BOT_TAKER;PEBBLES_L;XIRECS;11047.0;3
25400;BOT_MAKER;BOT_TAKER;PEBBLES_XL;XIRECS;12535.0;3
27500;SUBMISSION;BOT_TAKER;GALAXY_SOUNDS_DARK_MATTER;XIRECS;10843.0;1
27500;SUBMISSION;BOT_TAKER;GALAXY_SOUNDS_BLACK_HOLES;XIRECS;12112.0;1
27500;SUBMISSION;BOT_TAKER;GALAXY_SOUNDS_PLANETARY_RINGS;XIRECS;11534.0;1
27500;SUBMISSION;BOT_TAKER;GALAXY_SOUNDS_SOLAR_WINDS;XIRECS;10718.0;1
27500;BOT_MAKER;BOT_TAKER;GALAXY_SOUNDS_SOLAR_FLAMES;XIRECS;10790.0;1
27500;BOT_MAKER;BOT_TAKER;SLEEP_POD_SUEDE;XIRECS;11993.0;1
27500;BOT_MAKER;BOT_TAKER;SLEEP_POD_LAMB_WOOL;XIRECS;11008.0;1
27500;SUBMISSION;BOT_TAKER;SLEEP_POD_POLYESTER;XIRECS;12905.0;1
27500;SUBMISSION;BOT_TAKER;SLEEP_POD_NYLON;XIRECS;9631.0;1
27500;SUBMISSION;BOT_TAKER;SLEEP_POD_COTTON;XIRECS;12197.0;1
27500;BOT_MAKER;BOT_TAKER;ROBOT_VACUUMING;XIRECS;8649.0;1
27500;SUBMISSION;BOT_TAKER;ROBOT_MOPPING;XIRECS;12237.0;1
27500;BOT_MAKER;BOT_TAKER;ROBOT_DISHES;XIRECS;10789.0;1
27500;BOT_MAKER;BOT_TAKER;ROBOT_LAUNDRY;XIRECS;9354.0;1
27500;SUBMISSION;BOT_TAKER;ROBOT_IRONING;XIRECS;7334.0;1
27500;SUBMISSION;BOT_TAKER;UV_VISOR_YELLOW;XIRECS;12153.0;1
27500;SUBMISSION;BOT_TAKER;UV_VISOR_AMBER;XIRECS;7589.0;1
27500;SUBMISSION;BOT_TAKER;UV_VISOR_ORANGE;XIRECS;10452.0;1
27500;BOT_MAKER;BOT_TAKER;UV_VISOR_RED;XIRECS;11209.0;1
27500;BOT_MAKER;BOT_TAKER;UV_VISOR_MAGENTA;XIRECS;11686.0;1
27500;SUBMISSION;BOT_TAKER;TRANSLATOR_SPACE_GRAY;XIRECS;10128.0;1
27500;BOT_MAKER;BOT_TAKER;TRANSLATOR_ASTRO_BLACK;XIRECS;9060.0;1
27500;BOT_MAKER;BOT_TAKER;TRANSLATOR_ECLIPSE_CHARCOAL;XIRECS;9875.0;1
27500;SUBMISSION;BOT_TAKER;TRANSLATOR_GRAPHITE_MIST;XIRECS;10934.0;1
27500;BOT_MAKER;BOT_TAKER;TRANSLATOR_VOID_BLUE;XIRECS;10799.0;1
27500;SUBMISSION;BOT_TAKER;PANEL_1X2;XIRECS;8983.0;1
27500;SUBMISSION;BOT_TAKER;PANEL_2X2;XIRECS;9341.0;1
27500;SUBMISSION;BOT_TAKER;PANEL_1X4;XIRECS;8909.0;1
27500;BOT_MAKER;BOT_TAKER;PANEL_2X4;XIRECS;11611.0;1
27500;SUBMISSION;BOT_TAKER;PANEL_4X4;XIRECS;10331.0;1
27500;SUBMISSION;BOT_TAKER;OXYGEN_SHAKE_MORNING_BREATH;XIRECS;9633.0;1
27500;SUBMISSION;BOT_TAKER;OXYGEN_SHAKE_EVENING_BREATH;XIRECS;9479.0;1
27500;SUBMISSION;BOT_TAKER;OXYGEN_SHAKE_MINT;XIRECS;9840.0;1
27500;BOT_MAKER;BOT_TAKER;OXYGEN_SHAKE_CHOCOLATE;XIRECS;9462.0;1
27500;SUBMISSION;BOT_TAKER;OXYGEN_SHAKE_GARLIC;XIRECS;12353.0;1
27500;BOT_MAKER;BOT_TAKER;SNACKPACK_CHOCOLATE;XIRECS;9853.0;1
27500;BOT_MAKER;BOT_TAKER;SNACKPACK_VANILLA;XIRECS;10112.0;1
27500;BOT_MAKER;BOT_TAKER;SNACKPACK_PISTACHIO;XIRECS;9328.0;1
27500;BOT_MAKER;BOT_TAKER;SNACKPACK_STRAWBERRY;XIRECS;10813.0;1
27500;SUBMISSION;BOT_TAKER;SNACKPACK_RASPBERRY;XIRECS;10079.0;1
28400;BOT_TAKER;SUBMISSION;PEBBLES_XS;XIRECS;6555.0;2
28400;BOT_TAKER;BOT_MAKER;PEBBLES_XS;XIRECS;6556.0;3
28400;BOT_TAKER;BOT_MAKER;PEBBLES_S;XIRECS;8942.0;5
28400;BOT_TAKER;BOT_MAKER;PEBBLES_M;XIRECS;10844.0;5
28400;BOT_TAKER;SUBMISSION;PEBBLES_L;XIRECS;10990.0;2
28400;BOT_TAKER;BOT_MAKER;PEBBLES_L;XIRECS;10991.0;3
28400;BOT_TAKER;SUBMISSION;PEBBLES_XL;XIRECS;12696.0;5
29300;SUBMISSION;BOT_TAKER;MICROCHIP_CIRCLE;XIRECS;8956.0;2
29300;SUBMISSION;BOT_TAKER;MICROCHIP_OVAL;XIRECS;7055.0;2
29300;SUBMISSION;BOT_TAKER;MICROCHIP_SQUARE;XIRECS;15438.0;2
29300;SUBMISSION;BOT_TAKER;MICROCHIP_RECTANGLE;XIRECS;7761.0;2
29300;SUBMISSION;BOT_TAKER;MICROCHIP_TRIANGLE;XIRECS;8946.0;2
29700;BOT_TAKER;SUBMISSION;PEBBLES_XS;XIRECS;6545.0;2
29700;BOT_TAKER;BOT_MAKER;PEBBLES_XS;XIRECS;6546.0;3
29700;BOT_TAKER;BOT_MAKER;PEBBLES_S;XIRECS;8936.0;5
29700;BOT_TAKER;BOT_MAKER;PEBBLES_M;XIRECS;10858.0;5
29700;BOT_TAKER;SUBMISSION;PEBBLES_L;XIRECS;11046.0;2
29700;BOT_TAKER;BOT_MAKER;PEBBLES_L;XIRECS;11047.0;3
29700;BOT_TAKER;SUBMISSION;PEBBLES_XL;XIRECS;12643.0;5
30300;SUBMISSION;BOT_TAKER;MICROCHIP_CIRCLE;XIRECS;8977.0;1
30300;SUBMISSION;BOT_TAKER;MICROCHIP_OVAL;XIRECS;7031.0;1
30300;SUBMISSION;BOT_TAKER;MICROCHIP_SQUARE;XIRECS;15401.0;1
30300;BOT_MAKER;BOT_TAKER;MICROCHIP_RECTANGLE;XIRECS;7840.0;1
30300;SUBMISSION;BOT_TAKER;MICROCHIP_TRIANGLE;XIRECS;8941.0;1
32200;SUBMISSION;BOT_TAKER;MICROCHIP_CIRCLE;XIRECS;9028.0;2
32200;SUBMISSION;BOT_TAKER;MICROCHIP_OVAL;XIRECS;7047.0;2
32200;SUBMISSION;BOT_TAKER;MICROCHIP_SQUARE;XIRECS;15392.0;2
32200;SUBMISSION;BOT_TAKER;MICROCHIP_RECTANGLE;XIRECS;7754.0;2
32200;SUBMISSION;BOT_TAKER;MICROCHIP_TRIANGLE;XIRECS;8800.0;2
32300;SUBMISSION;BOT_TAKER;GALAXY_SOUNDS_DARK_MATTER;XIRECS;10830.0;2
32300;BOT_MAKER;BOT_TAKER;GALAXY_SOUNDS_DARK_MATTER;XIRECS;10829.0;1
32300;SUBMISSION;BOT_TAKER;GALAXY_SOUNDS_BLACK_HOLES;XIRECS;12066.0;2
32300;BOT_MAKER;BOT_TAKER;GALAXY_SOUNDS_BLACK_HOLES;XIRECS;12065.0;1
32300;SUBMISSION;BOT_TAKER;GALAXY_SOUNDS_PLANETARY_RINGS;XIRECS;11532.0;2
32300;BOT_MAKER;BOT_TAKER;GALAXY_SOUNDS_PLANETARY_RINGS;XIRECS;11531.0;1
32300;SUBMISSION;BOT_TAKER;GALAXY_SOUNDS_SOLAR_WINDS;XIRECS;10685.0;2
32300;BOT_MAKER;BOT_TAKER;GALAXY_SOUNDS_SOLAR_WINDS;XIRECS;10684.0;1
32300;BOT_MAKER;BOT_TAKER;GALAXY_SOUNDS_SOLAR_FLAMES;XIRECS;10830.0;3
32300;BOT_MAKER;BOT_TAKER;SLEEP_POD_SUEDE;XIRECS;12039.0;3
32300;BOT_MAKER;BOT_TAKER;SLEEP_POD_LAMB_WOOL;XIRECS;11002.0;3
32300;SUBMISSION;BOT_TAKER;SLEEP_POD_POLYESTER;XIRECS;13026.0;2
32300;BOT_MAKER;BOT_TAKER;SLEEP_POD_POLYESTER;XIRECS;13025.0;1
32300;SUBMISSION;BOT_TAKER;SLEEP_POD_NYLON;XIRECS;9610.0;3
32300;SUBMISSION;BOT_TAKER;SLEEP_POD_COTTON;XIRECS;12169.0;2
32300;BOT_MAKER;BOT_TAKER;SLEEP_POD_COTTON;XIRECS;12168.0;1
32300;BOT_MAKER;BOT_TAKER;ROBOT_VACUUMING;XIRECS;8679.0;3
32300;SUBMISSION;BOT_TAKER;ROBOT_MOPPING;XIRECS;12293.0;2
32300;BOT_MAKER;BOT_TAKER;ROBOT_MOPPING;XIRECS;12292.0;1
32300;BOT_MAKER;BOT_TAKER;ROBOT_DISHES;XIRECS;10863.0;3
32300;BOT_MAKER;BOT_TAKER;ROBOT_LAUNDRY;XIRECS;9366.0;3
32300;SUBMISSION;BOT_TAKER;ROBOT_IRONING;XIRECS;7448.0;2
32300;BOT_MAKER;BOT_TAKER;ROBOT_IRONING;XIRECS;7447.0;1
32300;SUBMISSION;BOT_TAKER;UV_VISOR_YELLOW;XIRECS;12116.0;2
32300;BOT_MAKER;BOT_TAKER;UV_VISOR_YELLOW;XIRECS;12115.0;1
32300;SUBMISSION;BOT_TAKER;UV_VISOR_AMBER;XIRECS;7552.0;2
32300;BOT_MAKER;BOT_TAKER;UV_VISOR_AMBER;XIRECS;7551.0;1
32300;SUBMISSION;BOT_TAKER;UV_VISOR_ORANGE;XIRECS;10369.0;2
32300;BOT_MAKER;BOT_TAKER;UV_VISOR_ORANGE;XIRECS;10368.0;1
32300;BOT_MAKER;BOT_TAKER;UV_VISOR_RED;XIRECS;11156.0;3
32300;BOT_MAKER;BOT_TAKER;UV_VISOR_MAGENTA;XIRECS;11648.0;3
32300;SUBMISSION;BOT_TAKER;TRANSLATOR_SPACE_GRAY;XIRECS;10133.0;2
32300;BOT_MAKER;BOT_TAKER;TRANSLATOR_SPACE_GRAY;XIRECS;10132.0;1
32300;BOT_MAKER;BOT_TAKER;TRANSLATOR_ASTRO_BLACK;XIRECS;9056.0;3
32300;BOT_MAKER;BOT_TAKER;TRANSLATOR_ECLIPSE_CHARCOAL;XIRECS;9912.0;3
32300;SUBMISSION;BOT_TAKER;TRANSLATOR_GRAPHITE_MIST;XIRECS;11019.0;2
32300;BOT_MAKER;BOT_TAKER;TRANSLATOR_GRAPHITE_MIST;XIRECS;11018.0;1
32300;BOT_MAKER;BOT_TAKER;TRANSLATOR_VOID_BLUE;XIRECS;10956.0;3
32300;SUBMISSION;BOT_TAKER;PANEL_1X2;XIRECS;9093.0;2
32300;BOT_MAKER;BOT_TAKER;PANEL_1X2;XIRECS;9092.0;1
32300;SUBMISSION;BOT_TAKER;PANEL_2X2;XIRECS;9269.0;2
32300;BOT_MAKER;BOT_TAKER;PANEL_2X2;XIRECS;9268.0;1
32300;SUBMISSION;BOT_TAKER;PANEL_1X4;XIRECS;8985.0;2
32300;BOT_MAKER;BOT_TAKER;PANEL_1X4;XIRECS;8984.0;1
32300;SUBMISSION;BOT_TAKER;PANEL_2X4;XIRECS;11424.0;3
32300;SUBMISSION;BOT_TAKER;PANEL_4X4;XIRECS;10315.0;2
32300;BOT_MAKER;BOT_TAKER;PANEL_4X4;XIRECS;10314.0;1
32300;SUBMISSION;BOT_TAKER;OXYGEN_SHAKE_MORNING_BREATH;XIRECS;9562.0;2
32300;BOT_MAKER;BOT_TAKER;OXYGEN_SHAKE_MORNING_BREATH;XIRECS;9561.0;1
32300;SUBMISSION;BOT_TAKER;OXYGEN_SHAKE_EVENING_BREATH;XIRECS;9471.0;2
32300;BOT_MAKER;BOT_TAKER;OXYGEN_SHAKE_EVENING_BREATH;XIRECS;9470.0;1
32300;SUBMISSION;BOT_TAKER;OXYGEN_SHAKE_MINT;XIRECS;9852.0;2
32300;BOT_MAKER;BOT_TAKER;OXYGEN_SHAKE_MINT;XIRECS;9851.0;1
32300;BOT_MAKER;BOT_TAKER;OXYGEN_SHAKE_CHOCOLATE;XIRECS;9505.0;3
32300;SUBMISSION;BOT_TAKER;OXYGEN_SHAKE_GARLIC;XIRECS;12540.0;2
32300;BOT_MAKER;BOT_TAKER;OXYGEN_SHAKE_GARLIC;XIRECS;12539.0;1
32300;BOT_MAKER;BOT_TAKER;SNACKPACK_CHOCOLATE;XIRECS;9856.0;3
32300;BOT_MAKER;BOT_TAKER;SNACKPACK_VANILLA;XIRECS;10140.0;3
32300;SUBMISSION;BOT_TAKER;SNACKPACK_PISTACHIO;XIRECS;9299.0;3
32300;BOT_MAKER;BOT_TAKER;SNACKPACK_STRAWBERRY;XIRECS;10767.0;3
32300;SUBMISSION;BOT_TAKER;SNACKPACK_RASPBERRY;XIRECS;10123.0;2
32300;BOT_MAKER;BOT_TAKER;SNACKPACK_RASPBERRY;XIRECS;10122.0;1
33200;BOT_TAKER;BOT_MAKER;GALAXY_SOUNDS_DARK_MATTER;XIRECS;10811.0;1
33200;BOT_TAKER;SUBMISSION;GALAXY_SOUNDS_BLACK_HOLES;XIRECS;12121.0;1
33200;BOT_TAKER;SUBMISSION;GALAXY_SOUNDS_PLANETARY_RINGS;XIRECS;11531.0;1
33200;BOT_TAKER;SUBMISSION;GALAXY_SOUNDS_SOLAR_WINDS;XIRECS;10732.0;1
33200;BOT_TAKER;BOT_MAKER;GALAXY_SOUNDS_SOLAR_FLAMES;XIRECS;10825.0;1
33200;BOT_TAKER;BOT_MAKER;SLEEP_POD_SUEDE;XIRECS;12027.0;1
33200;BOT_TAKER;BOT_MAKER;SLEEP_POD_LAMB_WOOL;XIRECS;11033.0;1
33200;BOT_TAKER;SUBMISSION;SLEEP_POD_POLYESTER;XIRECS;13018.0;1
33200;BOT_TAKER;BOT_MAKER;SLEEP_POD_NYLON;XIRECS;9598.0;1
33200;BOT_TAKER;SUBMISSION;SLEEP_POD_COTTON;XIRECS;12136.0;1
33200;BOT_TAKER;SUBMISSION;ROBOT_VACUUMING;XIRECS;8670.0;1
33200;BOT_TAKER;SUBMISSION;ROBOT_MOPPING;XIRECS;12300.0;1
33200;BOT_TAKER;SUBMISSION;ROBOT_DISHES;XIRECS;10907.0;1
33200;BOT_TAKER;BOT_MAKER;ROBOT_LAUNDRY;XIRECS;9418.0;1
33200;BOT_TAKER;SUBMISSION;ROBOT_IRONING;XIRECS;7476.0;1
33200;BOT_TAKER;SUBMISSION;UV_VISOR_YELLOW;XIRECS;12145.0;1
33200;BOT_TAKER;SUBMISSION;UV_VISOR_AMBER;XIRECS;7534.0;1
33200;BOT_TAKER;SUBMISSION;UV_VISOR_ORANGE;XIRECS;10367.0;1
33200;BOT_TAKER;SUBMISSION;UV_VISOR_RED;XIRECS;11181.0;1
33200;BOT_TAKER;BOT_MAKER;UV_VISOR_MAGENTA;XIRECS;11609.0;1
33200;BOT_TAKER;SUBMISSION;TRANSLATOR_SPACE_GRAY;XIRECS;10126.0;1
33200;BOT_TAKER;BOT_MAKER;TRANSLATOR_ASTRO_BLACK;XIRECS;9108.0;1
33200;BOT_TAKER;BOT_MAKER;TRANSLATOR_ECLIPSE_CHARCOAL;XIRECS;9877.0;1
33200;BOT_TAKER;SUBMISSION;TRANSLATOR_GRAPHITE_MIST;XIRECS;11074.0;1
33200;BOT_TAKER;SUBMISSION;TRANSLATOR_VOID_BLUE;XIRECS;10994.0;1
33200;BOT_TAKER;SUBMISSION;PANEL_1X2;XIRECS;9099.0;1
33200;BOT_TAKER;SUBMISSION;PANEL_2X2;XIRECS;9262.0;1
33200;BOT_TAKER;SUBMISSION;PANEL_1X4;XIRECS;9031.0;1
33200;BOT_TAKER;BOT_MAKER;PANEL_2X4;XIRECS;11388.0;1
33200;BOT_TAKER;SUBMISSION;PANEL_4X4;XIRECS;10379.0;1
33200;BOT_TAKER;SUBMISSION;OXYGEN_SHAKE_MORNING_BREATH;XIRECS;9564.0;1
33200;BOT_TAKER;SUBMISSION;OXYGEN_SHAKE_EVENING_BREATH;XIRECS;9493.0;1
33200;BOT_TAKER;SUBMISSION;OXYGEN_SHAKE_MINT;XIRECS;9864.0;1
33200;BOT_TAKER;SUBMISSION;OXYGEN_SHAKE_CHOCOLATE;XIRECS;9463.0;1
33200;BOT_TAKER;SUBMISSION;OXYGEN_SHAKE_GARLIC;XIRECS;12548.0;1
33200;BOT_TAKER;SUBMISSION;SNACKPACK_CHOCOLATE;XIRECS;9885.0;1
33200;BOT_TAKER;SUBMISSION;SNACKPACK_VANILLA;XIRECS;10130.0;1
33200;BOT_TAKER;BOT_MAKER;SNACKPACK_PISTACHIO;XIRECS;9314.0;1
33200;BOT_TAKER;SUBMISSION;SNACKPACK_STRAWBERRY;XIRECS;10790.0;1
33200;BOT_TAKER;BOT_MAKER;SNACKPACK_RASPBERRY;XIRECS;10129.0;1
34800;BOT_MAKER;BOT_TAKER;GALAXY_SOUNDS_DARK_MATTER;XIRECS;10790.0;2
34800;SUBMISSION;BOT_TAKER;GALAXY_SOUNDS_BLACK_HOLES;XIRECS;12164.0;2
34800;SUBMISSION;BOT_TAKER;GALAXY_SOUNDS_PLANETARY_RINGS;XIRECS;11530.0;2
34800;SUBMISSION;BOT_TAKER;GALAXY_SOUNDS_SOLAR_WINDS;XIRECS;10756.0;2
34800;BOT_MAKER;BOT_TAKER;GALAXY_SOUNDS_SOLAR_FLAMES;XIRECS;10772.0;2
34800;BOT_MAKER;BOT_TAKER;SLEEP_POD_SUEDE;XIRECS;11946.0;2
34800;BOT_MAKER;BOT_TAKER;SLEEP_POD_LAMB_WOOL;XIRECS;11053.0;2
34800;SUBMISSION;BOT_TAKER;SLEEP_POD_POLYESTER;XIRECS;13029.0;2
34800;SUBMISSION;BOT_TAKER;SLEEP_POD_NYLON;XIRECS;9574.0;2
34800;SUBMISSION;BOT_TAKER;SLEEP_POD_COTTON;XIRECS;12195.0;2
34800;BOT_MAKER;BOT_TAKER;ROBOT_VACUUMING;XIRECS;8663.0;2
34800;SUBMISSION;BOT_TAKER;ROBOT_MOPPING;XIRECS;12257.0;2
34800;BOT_MAKER;BOT_TAKER;ROBOT_DISHES;XIRECS;10914.0;2
34800;BOT_MAKER;BOT_TAKER;ROBOT_LAUNDRY;XIRECS;9399.0;2
34800;SUBMISSION;BOT_TAKER;ROBOT_IRONING;XIRECS;7427.0;2
34800;SUBMISSION;BOT_TAKER;UV_VISOR_YELLOW;XIRECS;12086.0;2
34800;SUBMISSION;BOT_TAKER;UV_VISOR_AMBER;XIRECS;7542.0;2
34800;SUBMISSION;BOT_TAKER;UV_VISOR_ORANGE;XIRECS;10395.0;2
34800;BOT_MAKER;BOT_TAKER;UV_VISOR_RED;XIRECS;11213.0;2
34800;SUBMISSION;BOT_TAKER;UV_VISOR_MAGENTA;XIRECS;11611.0;2
34800;SUBMISSION;BOT_TAKER;TRANSLATOR_SPACE_GRAY;XIRECS;10117.0;2
34800;BOT_MAKER;BOT_TAKER;TRANSLATOR_ASTRO_BLACK;XIRECS;9136.0;2
34800;BOT_MAKER;BOT_TAKER;TRANSLATOR_ECLIPSE_CHARCOAL;XIRECS;9851.0;2
34800;SUBMISSION;BOT_TAKER;TRANSLATOR_GRAPHITE_MIST;XIRECS;11083.0;2
34800;BOT_MAKER;BOT_TAKER;TRANSLATOR_VOID_BLUE;XIRECS;10913.0;2
34800;SUBMISSION;BOT_TAKER;PANEL_1X2;XIRECS;9068.0;2
34800;SUBMISSION;BOT_TAKER;PANEL_2X2;XIRECS;9214.0;2
34800;SUBMISSION;BOT_TAKER;PANEL_1X4;XIRECS;9006.0;2
34800;SUBMISSION;BOT_TAKER;PANEL_2X4;XIRECS;11292.0;2
34800;SUBMISSION;BOT_TAKER;PANEL_4X4;XIRECS;10366.0;2
34800;SUBMISSION;BOT_TAKER;OXYGEN_SHAKE_MORNING_BREATH;XIRECS;9518.0;2
34800;SUBMISSION;BOT_TAKER;OXYGEN_SHAKE_EVENING_BREATH;XIRECS;9567.0;2
34800;SUBMISSION;BOT_TAKER;OXYGEN_SHAKE_MINT;XIRECS;9872.0;2
34800;BOT_MAKER;BOT_TAKER;OXYGEN_SHAKE_CHOCOLATE;XIRECS;9415.0;2
34800;SUBMISSION;BOT_TAKER;OXYGEN_SHAKE_GARLIC;XIRECS;12525.0;2
34800;BOT_MAKER;BOT_TAKER;SNACKPACK_CHOCOLATE;XIRECS;9849.0;2
34800;BOT_MAKER;BOT_TAKER;SNACKPACK_VANILLA;XIRECS;10124.0;2
34800;BOT_MAKER;BOT_TAKER;SNACKPACK_PISTACHIO;XIRECS;9308.0;2
34800;BOT_MAKER;BOT_TAKER;SNACKPACK_STRAWBERRY;XIRECS;10803.0;2
34800;BOT_MAKER;BOT_TAKER;SNACKPACK_RASPBERRY;XIRECS;10110.0;2
39400;SUBMISSION;BOT_TAKER;PEBBLES_XS;XIRECS;6476.0;5
39400;SUBMISSION;BOT_TAKER;PEBBLES_S;XIRECS;8743.0;5
39400;SUBMISSION;BOT_TAKER;PEBBLES_M;XIRECS;10924.0;5
39400;SUBMISSION;BOT_TAKER;PEBBLES_L;XIRECS;11125.0;5
39400;BOT_MAKER;BOT_TAKER;PEBBLES_XL;XIRECS;12706.0;5
40300;SUBMISSION;BOT_TAKER;PEBBLES_XS;XIRECS;6427.0;2
40300;SUBMISSION;BOT_TAKER;PEBBLES_S;XIRECS;8734.0;2
40300;SUBMISSION;BOT_TAKER;PEBBLES_M;XIRECS;10909.0;2
40300;SUBMISSION;BOT_TAKER;PEBBLES_L;XIRECS;11201.0;2
40300;BOT_MAKER;BOT_TAKER;PEBBLES_XL;XIRECS;12702.0;2
42500;BOT_MAKER;BOT_TAKER;GALAXY_SOUNDS_DARK_MATTER;XIRECS;10725.0;2
42500;SUBMISSION;BOT_TAKER;GALAXY_SOUNDS_BLACK_HOLES;XIRECS;12169.0;2
42500;SUBMISSION;BOT_TAKER;GALAXY_SOUNDS_PLANETARY_RINGS;XIRECS;11471.0;2
42500;SUBMISSION;BOT_TAKER;GALAXY_SOUNDS_SOLAR_WINDS;XIRECS;10800.0;2
42500;BOT_MAKER;BOT_TAKER;GALAXY_SOUNDS_SOLAR_FLAMES;XIRECS;10740.0;2
42500;BOT_MAKER;BOT_TAKER;SLEEP_POD_SUEDE;XIRECS;11887.0;2
42500;BOT_MAKER;BOT_TAKER;SLEEP_POD_LAMB_WOOL;XIRECS;11028.0;2
42500;SUBMISSION;BOT_TAKER;SLEEP_POD_POLYESTER;XIRECS;12924.0;2
42500;SUBMISSION;BOT_TAKER;SLEEP_POD_NYLON;XIRECS;9619.0;1
42500;BOT_MAKER;BOT_TAKER;SLEEP_POD_NYLON;XIRECS;9618.0;1
42500;SUBMISSION;BOT_TAKER;SLEEP_POD_COTTON;XIRECS;12252.0;2
42500;BOT_MAKER;BOT_TAKER;ROBOT_VACUUMING;XIRECS;8886.0;2
42500;SUBMISSION;BOT_TAKER;ROBOT_MOPPING;XIRECS;12182.0;2
42500;BOT_MAKER;BOT_TAKER;ROBOT_DISHES;XIRECS;10822.0;2
42500;BOT_MAKER;BOT_TAKER;ROBOT_LAUNDRY;XIRECS;9377.0;2
42500;SUBMISSION;BOT_TAKER;ROBOT_IRONING;XIRECS;7421.0;2
42500;SUBMISSION;BOT_TAKER;UV_VISOR_YELLOW;XIRECS;12040.0;2
42500;SUBMISSION;BOT_TAKER;UV_VISOR_AMBER;XIRECS;7563.0;2
42500;SUBMISSION;BOT_TAKER;UV_VISOR_ORANGE;XIRECS;10415.0;2
42500;BOT_MAKER;BOT_TAKER;UV_VISOR_RED;XIRECS;11138.0;2
42500;BOT_MAKER;BOT_TAKER;UV_VISOR_MAGENTA;XIRECS;11750.0;2
42500;SUBMISSION;BOT_TAKER;TRANSLATOR_SPACE_GRAY;XIRECS;10053.0;2
42500;BOT_MAKER;BOT_TAKER;TRANSLATOR_ASTRO_BLACK;XIRECS;9121.0;2
42500;BOT_MAKER;BOT_TAKER;TRANSLATOR_ECLIPSE_CHARCOAL;XIRECS;9913.0;2
42500;SUBMISSION;BOT_TAKER;TRANSLATOR_GRAPHITE_MIST;XIRECS;11047.0;2
42500;BOT_MAKER;BOT_TAKER;TRANSLATOR_VOID_BLUE;XIRECS;10916.0;2
42500;SUBMISSION;BOT_TAKER;PANEL_1X2;XIRECS;9042.0;2
42500;SUBMISSION;BOT_TAKER;PANEL_2X2;XIRECS;9318.0;2
42500;SUBMISSION;BOT_TAKER;PANEL_1X4;XIRECS;9012.0;2
42500;SUBMISSION;BOT_TAKER;PANEL_2X4;XIRECS;11171.0;2
42500;SUBMISSION;BOT_TAKER;PANEL_4X4;XIRECS;10202.0;2
42500;SUBMISSION;BOT_TAKER;OXYGEN_SHAKE_MORNING_BREATH;XIRECS;9494.0;2
42500;SUBMISSION;BOT_TAKER;OXYGEN_SHAKE_EVENING_BREATH;XIRECS;9595.0;2
42500;SUBMISSION;BOT_TAKER;OXYGEN_SHAKE_MINT;XIRECS;9950.0;2
42500;BOT_MAKER;BOT_TAKER;OXYGEN_SHAKE_CHOCOLATE;XIRECS;9368.0;2
42500;SUBMISSION;BOT_TAKER;OXYGEN_SHAKE_GARLIC;XIRECS;12653.0;2
42500;SUBMISSION;BOT_TAKER;SNACKPACK_CHOCOLATE;XIRECS;9831.0;1
42500;BOT_MAKER;BOT_TAKER;SNACKPACK_CHOCOLATE;XIRECS;9830.0;1
42500;BOT_MAKER;BOT_TAKER;SNACKPACK_VANILLA;XIRECS;10135.0;2
42500;BOT_MAKER;BOT_TAKER;SNACKPACK_PISTACHIO;XIRECS;9331.0;2
42500;BOT_MAKER;BOT_TAKER;SNACKPACK_STRAWBERRY;XIRECS;10826.0;2
42500;BOT_MAKER;BOT_TAKER;SNACKPACK_RASPBERRY;XIRECS;10090.0;2
46200;SUBMISSION;BOT_TAKER;PEBBLES_XS;XIRECS;6302.0;2
46200;SUBMISSION;BOT_TAKER;PEBBLES_S;XIRECS;8799.0;2
46200;SUBMISSION;BOT_TAKER;PEBBLES_M;XIRECS;11021.0;2
46200;SUBMISSION;BOT_TAKER;PEBBLES_L;XIRECS;11180.0;2
46200;BOT_MAKER;BOT_TAKER;PEBBLES_XL;XIRECS;12671.0;2
46800;SUBMISSION;BOT_TAKER;PEBBLES_XS;XIRECS;6314.0;2
46800;SUBMISSION;BOT_TAKER;PEBBLES_S;XIRECS;8803.0;2
46800;BOT_MAKER;BOT_TAKER;PEBBLES_M;XIRECS;11028.0;2
46800;SUBMISSION;BOT_TAKER;PEBBLES_L;XIRECS;11186.0;2
46800;BOT_MAKER;BOT_TAKER;PEBBLES_XL;XIRECS;12642.0;2
47200;BOT_TAKER;SUBMISSION;MICROCHIP_CIRCLE;XIRECS;8920.0;1
47200;BOT_TAKER;SUBMISSION;MICROCHIP_OVAL;XIRECS;7056.0;1
47200;BOT_TAKER;SUBMISSION;MICROCHIP_SQUARE;XIRECS;15415.0;1
47200;BOT_TAKER;BOT_MAKER;MICROCHIP_RECTANGLE;XIRECS;7732.0;1
47200;BOT_TAKER;BOT_MAKER;MICROCHIP_TRIANGLE;XIRECS;8750.0;1
48900;BOT_TAKER;SUBMISSION;PEBBLES_XS;XIRECS;6307.0;4
48900;BOT_TAKER;BOT_MAKER;PEBBLES_S;XIRECS;8847.0;4
48900;BOT_TAKER;SUBMISSION;PEBBLES_M;XIRECS;11066.0;4
48900;BOT_TAKER;SUBMISSION;PEBBLES_L;XIRECS;11204.0;4
48900;BOT_TAKER;BOT_MAKER;PEBBLES_XL;XIRECS;12604.0;4
52300;BOT_TAKER;BOT_MAKER;GALAXY_SOUNDS_DARK_MATTER;XIRECS;10768.0;1
52300;BOT_TAKER;SUBMISSION;GALAXY_SOUNDS_BLACK_HOLES;XIRECS;12200.0;1
52300;BOT_TAKER;SUBMISSION;GALAXY_SOUNDS_PLANETARY_RINGS;XIRECS;11592.0;1
52300;BOT_TAKER;SUBMISSION;GALAXY_SOUNDS_SOLAR_WINDS;XIRECS;10711.0;1
52300;BOT_TAKER;BOT_MAKER;GALAXY_SOUNDS_SOLAR_FLAMES;XIRECS;10776.0;1
52300;BOT_TAKER;BOT_MAKER;SLEEP_POD_SUEDE;XIRECS;11745.0;1
52300;BOT_TAKER;BOT_MAKER;SLEEP_POD_LAMB_WOOL;XIRECS;11164.0;1
52300;BOT_TAKER;SUBMISSION;SLEEP_POD_POLYESTER;XIRECS;13023.0;1
52300;BOT_TAKER;BOT_MAKER;SLEEP_POD_NYLON;XIRECS;9590.0;1
52300;BOT_TAKER;SUBMISSION;SLEEP_POD_COTTON;XIRECS;12358.0;1
52300;BOT_TAKER;SUBMISSION;ROBOT_VACUUMING;XIRECS;8860.0;1
52300;BOT_TAKER;SUBMISSION;ROBOT_MOPPING;XIRECS;12427.0;1
52300;BOT_TAKER;SUBMISSION;ROBOT_DISHES;XIRECS;10692.0;1
52300;BOT_TAKER;BOT_MAKER;ROBOT_LAUNDRY;XIRECS;9344.0;1
52300;BOT_TAKER;SUBMISSION;ROBOT_IRONING;XIRECS;7479.0;1
52300;BOT_TAKER;SUBMISSION;UV_VISOR_YELLOW;XIRECS;11965.0;1
52300;BOT_TAKER;SUBMISSION;UV_VISOR_AMBER;XIRECS;7639.0;1
52300;BOT_TAKER;SUBMISSION;UV_VISOR_ORANGE;XIRECS;10385.0;1
52300;BOT_TAKER;SUBMISSION;UV_VISOR_RED;XIRECS;11185.0;1
52300;BOT_TAKER;SUBMISSION;UV_VISOR_MAGENTA;XIRECS;11807.0;1
52300;BOT_TAKER;SUBMISSION;TRANSLATOR_SPACE_GRAY;XIRECS;9964.0;1
52300;BOT_TAKER;SUBMISSION;TRANSLATOR_ASTRO_BLACK;XIRECS;9139.0;1
52300;BOT_TAKER;BOT_MAKER;TRANSLATOR_ECLIPSE_CHARCOAL;XIRECS;9927.0;1
52300;BOT_TAKER;SUBMISSION;TRANSLATOR_GRAPHITE_MIST;XIRECS;11065.0;1
52300;BOT_TAKER;SUBMISSION;TRANSLATOR_VOID_BLUE;XIRECS;11030.0;1
52300;BOT_TAKER;SUBMISSION;PANEL_1X2;XIRECS;9017.0;1
52300;BOT_TAKER;SUBMISSION;PANEL_2X2;XIRECS;9482.0;1
52300;BOT_TAKER;SUBMISSION;PANEL_1X4;XIRECS;9095.0;1
52300;BOT_TAKER;BOT_MAKER;PANEL_2X4;XIRECS;11346.0;1
52300;BOT_TAKER;SUBMISSION;PANEL_4X4;XIRECS;10069.0;1
52300;BOT_TAKER;SUBMISSION;OXYGEN_SHAKE_MORNING_BREATH;XIRECS;9521.0;1
52300;BOT_TAKER;SUBMISSION;OXYGEN_SHAKE_EVENING_BREATH;XIRECS;9513.0;1
52300;BOT_TAKER;SUBMISSION;OXYGEN_SHAKE_MINT;XIRECS;9952.0;1
52300;BOT_TAKER;BOT_MAKER;OXYGEN_SHAKE_CHOCOLATE;XIRECS;9280.0;1
52300;BOT_TAKER;SUBMISSION;OXYGEN_SHAKE_GARLIC;XIRECS;12645.0;1
52300;BOT_TAKER;SUBMISSION;SNACKPACK_CHOCOLATE;XIRECS;9947.0;1
52300;BOT_TAKER;SUBMISSION;SNACKPACK_VANILLA;XIRECS;10045.0;1
52300;BOT_TAKER;SUBMISSION;SNACKPACK_PISTACHIO;XIRECS;9322.0;1
52300;BOT_TAKER;SUBMISSION;SNACKPACK_STRAWBERRY;XIRECS;10823.0;1
52300;BOT_TAKER;BOT_MAKER;SNACKPACK_RASPBERRY;XIRECS;10151.0;1
54000;BOT_TAKER;SUBMISSION;MICROCHIP_CIRCLE;XIRECS;9017.0;2
54000;BOT_TAKER;SUBMISSION;MICROCHIP_OVAL;XIRECS;7027.0;2
54000;BOT_TAKER;SUBMISSION;MICROCHIP_SQUARE;XIRECS;15455.0;2
54000;BOT_TAKER;SUBMISSION;MICROCHIP_RECTANGLE;XIRECS;7814.0;1
54000;BOT_TAKER;BOT_MAKER;MICROCHIP_RECTANGLE;XIRECS;7815.0;1
54000;BOT_TAKER;BOT_MAKER;MICROCHIP_TRIANGLE;XIRECS;8770.0;2
57000;BOT_TAKER;SUBMISSION;GALAXY_SOUNDS_DARK_MATTER;XIRECS;10847.0;4
57000;BOT_TAKER;SUBMISSION;GALAXY_SOUNDS_BLACK_HOLES;XIRECS;12253.0;4
57000;BOT_TAKER;SUBMISSION;GALAXY_SOUNDS_PLANETARY_RINGS;XIRECS;11458.0;4
57000;BOT_TAKER;SUBMISSION;GALAXY_SOUNDS_SOLAR_WINDS;XIRECS;10691.0;4
57000;BOT_TAKER;BOT_MAKER;GALAXY_SOUNDS_SOLAR_FLAMES;XIRECS;10761.0;4
57000;BOT_TAKER;BOT_MAKER;SLEEP_POD_SUEDE;XIRECS;11828.0;4
57000;BOT_TAKER;BOT_MAKER;SLEEP_POD_LAMB_WOOL;XIRECS;11123.0;4
57000;BOT_TAKER;SUBMISSION;SLEEP_POD_POLYESTER;XIRECS;13043.0;4
57000;BOT_TAKER;BOT_MAKER;SLEEP_POD_NYLON;XIRECS;9531.0;4
57000;BOT_TAKER;SUBMISSION;SLEEP_POD_COTTON;XIRECS;12451.0;4
57000;BOT_TAKER;SUBMISSION;ROBOT_VACUUMING;XIRECS;8860.0;4
57000;BOT_TAKER;SUBMISSION;ROBOT_MOPPING;XIRECS;12259.0;4
57000;BOT_TAKER;SUBMISSION;ROBOT_DISHES;XIRECS;10635.0;4
57000;BOT_TAKER;BOT_MAKER;ROBOT_LAUNDRY;XIRECS;9257.0;4
57000;BOT_TAKER;SUBMISSION;ROBOT_IRONING;XIRECS;7529.0;4
57000;BOT_TAKER;SUBMISSION;UV_VISOR_YELLOW;XIRECS;11942.0;4
57000;BOT_TAKER;SUBMISSION;UV_VISOR_AMBER;XIRECS;7583.0;4
57000;BOT_TAKER;SUBMISSION;UV_VISOR_ORANGE;XIRECS;10448.0;4
57000;BOT_TAKER;SUBMISSION;UV_VISOR_RED;XIRECS;11151.0;4
57000;BOT_TAKER;SUBMISSION;UV_VISOR_MAGENTA;XIRECS;11800.0;1
57000;BOT_TAKER;BOT_MAKER;UV_VISOR_MAGENTA;XIRECS;11801.0;3
57000;BOT_TAKER;SUBMISSION;TRANSLATOR_SPACE_GRAY;XIRECS;10000.0;4
57000;BOT_TAKER;SUBMISSION;TRANSLATOR_ASTRO_BLACK;XIRECS;9231.0;4
57000;BOT_TAKER;BOT_MAKER;TRANSLATOR_ECLIPSE_CHARCOAL;XIRECS;10006.0;4
57000;BOT_TAKER;SUBMISSION;TRANSLATOR_GRAPHITE_MIST;XIRECS;11151.0;4
57000;BOT_TAKER;SUBMISSION;TRANSLATOR_VOID_BLUE;XIRECS;11024.0;4
57000;BOT_TAKER;SUBMISSION;PANEL_1X2;XIRECS;8975.0;4
57000;BOT_TAKER;SUBMISSION;PANEL_2X2;XIRECS;9585.0;4
57000;BOT_TAKER;SUBMISSION;PANEL_1X4;XIRECS;9075.0;4
57000;BOT_TAKER;BOT_MAKER;PANEL_2X4;XIRECS;11282.0;4
57000;BOT_TAKER;SUBMISSION;PANEL_4X4;XIRECS;10074.0;4
57000;BOT_TAKER;SUBMISSION;OXYGEN_SHAKE_MORNING_BREATH;XIRECS;9553.0;4
57000;BOT_TAKER;SUBMISSION;OXYGEN_SHAKE_EVENING_BREATH;XIRECS;9535.0;4
57000;BOT_TAKER;SUBMISSION;OXYGEN_SHAKE_MINT;XIRECS;9912.0;4
57000;BOT_TAKER;BOT_MAKER;OXYGEN_SHAKE_CHOCOLATE;XIRECS;9350.0;4
57000;BOT_TAKER;SUBMISSION;OXYGEN_SHAKE_GARLIC;XIRECS;12568.0;4
57000;BOT_TAKER;SUBMISSION;SNACKPACK_CHOCOLATE;XIRECS;9939.0;3
57000;BOT_TAKER;BOT_MAKER;SNACKPACK_CHOCOLATE;XIRECS;9940.0;1
57000;BOT_TAKER;SUBMISSION;SNACKPACK_VANILLA;XIRECS;10042.0;4
57000;BOT_TAKER;SUBMISSION;SNACKPACK_PISTACHIO;XIRECS;9348.0;4
57000;BOT_TAKER;SUBMISSION;SNACKPACK_STRAWBERRY;XIRECS;10831.0;4
57000;BOT_TAKER;BOT_MAKER;SNACKPACK_RASPBERRY;XIRECS;10147.0;4
58000;SUBMISSION;BOT_TAKER;MICROCHIP_CIRCLE;XIRECS;9049.0;2
58000;BOT_MAKER;BOT_TAKER;MICROCHIP_CIRCLE;XIRECS;9048.0;1
58000;SUBMISSION;BOT_TAKER;MICROCHIP_OVAL;XIRECS;6903.0;2
58000;BOT_MAKER;BOT_TAKER;MICROCHIP_OVAL;XIRECS;6902.0;1
58000;SUBMISSION;BOT_TAKER;MICROCHIP_SQUARE;XIRECS;15313.0;2
58000;BOT_MAKER;BOT_TAKER;MICROCHIP_SQUARE;XIRECS;15312.0;1
58000;SUBMISSION;BOT_TAKER;MICROCHIP_RECTANGLE;XIRECS;7749.0;3
58000;SUBMISSION;BOT_TAKER;MICROCHIP_TRIANGLE;XIRECS;8872.0;3
58500;BOT_TAKER;SUBMISSION;PEBBLES_XS;XIRECS;6047.0;2
58500;BOT_TAKER;BOT_MAKER;PEBBLES_S;XIRECS;8569.0;2
58500;BOT_TAKER;BOT_MAKER;PEBBLES_M;XIRECS;10847.0;2
58500;BOT_TAKER;SUBMISSION;PEBBLES_L;XIRECS;11129.0;2
58500;BOT_TAKER;BOT_MAKER;PEBBLES_XL;XIRECS;13436.0;2
58900;BOT_TAKER;BOT_MAKER;GALAXY_SOUNDS_DARK_MATTER;XIRECS;10817.0;2
58900;BOT_TAKER;SUBMISSION;GALAXY_SOUNDS_BLACK_HOLES;XIRECS;12286.0;2
58900;BOT_TAKER;SUBMISSION;GALAXY_SOUNDS_PLANETARY_RINGS;XIRECS;11481.0;2
58900;BOT_TAKER;SUBMISSION;GALAXY_SOUNDS_SOLAR_WINDS;XIRECS;10721.0;2
58900;BOT_TAKER;BOT_MAKER;GALAXY_SOUNDS_SOLAR_FLAMES;XIRECS;10710.0;2
58900;BOT_TAKER;BOT_MAKER;SLEEP_POD_SUEDE;XIRECS;11812.0;2
58900;BOT_TAKER;BOT_MAKER;SLEEP_POD_LAMB_WOOL;XIRECS;11052.0;2
58900;BOT_TAKER;SUBMISSION;SLEEP_POD_POLYESTER;XIRECS;13015.0;2
58900;BOT_TAKER;BOT_MAKER;SLEEP_POD_NYLON;XIRECS;9485.0;2
58900;BOT_TAKER;SUBMISSION;SLEEP_POD_COTTON;XIRECS;12515.0;2
58900;BOT_TAKER;SUBMISSION;ROBOT_VACUUMING;XIRECS;8900.0;1
58900;BOT_TAKER;BOT_MAKER;ROBOT_VACUUMING;XIRECS;8901.0;1
58900;BOT_TAKER;SUBMISSION;ROBOT_MOPPING;XIRECS;12165.0;2
58900;BOT_TAKER;SUBMISSION;ROBOT_DISHES;XIRECS;10760.0;2
58900;BOT_TAKER;BOT_MAKER;ROBOT_LAUNDRY;XIRECS;9195.0;2
58900;BOT_TAKER;SUBMISSION;ROBOT_IRONING;XIRECS;7550.0;2
58900;BOT_TAKER;SUBMISSION;UV_VISOR_YELLOW;XIRECS;12039.0;2
58900;BOT_TAKER;SUBMISSION;UV_VISOR_AMBER;XIRECS;7607.0;2
58900;BOT_TAKER;SUBMISSION;UV_VISOR_ORANGE;XIRECS;10373.0;2
58900;BOT_TAKER;SUBMISSION;UV_VISOR_RED;XIRECS;11289.0;2
58900;BOT_TAKER;BOT_MAKER;UV_VISOR_MAGENTA;XIRECS;11769.0;2
58900;BOT_TAKER;SUBMISSION;TRANSLATOR_SPACE_GRAY;XIRECS;10026.0;2
58900;BOT_TAKER;SUBMISSION;TRANSLATOR_ASTRO_BLACK;XIRECS;9234.0;2
58900;BOT_TAKER;BOT_MAKER;TRANSLATOR_ECLIPSE_CHARCOAL;XIRECS;10022.0;2
58900;BOT_TAKER;SUBMISSION;TRANSLATOR_GRAPHITE_MIST;XIRECS;11199.0;2
58900;BOT_TAKER;SUBMISSION;TRANSLATOR_VOID_BLUE;XIRECS;11030.0;1
58900;BOT_TAKER;BOT_MAKER;TRANSLATOR_VOID_BLUE;XIRECS;11031.0;1
58900;BOT_TAKER;SUBMISSION;PANEL_1X2;XIRECS;8934.0;2
58900;BOT_TAKER;SUBMISSION;PANEL_2X2;XIRECS;9600.0;2
58900;BOT_TAKER;SUBMISSION;PANEL_1X4;XIRECS;9108.0;2
58900;BOT_TAKER;BOT_MAKER;PANEL_2X4;XIRECS;11306.0;2
58900;BOT_TAKER;SUBMISSION;PANEL_4X4;XIRECS;10027.0;2
58900;BOT_TAKER;SUBMISSION;OXYGEN_SHAKE_MORNING_BREATH;XIRECS;9479.0;2
58900;BOT_TAKER;SUBMISSION;OXYGEN_SHAKE_EVENING_BREATH;XIRECS;9493.0;2
58900;BOT_TAKER;SUBMISSION;OXYGEN_SHAKE_MINT;XIRECS;9846.0;2
58900;BOT_TAKER;SUBMISSION;OXYGEN_SHAKE_CHOCOLATE;XIRECS;9360.0;1
58900;BOT_TAKER;BOT_MAKER;OXYGEN_SHAKE_CHOCOLATE;XIRECS;9361.0;1
58900;BOT_TAKER;SUBMISSION;OXYGEN_SHAKE_GARLIC;XIRECS;12592.0;2
58900;BOT_TAKER;BOT_MAKER;SNACKPACK_CHOCOLATE;XIRECS;9900.0;2
58900;BOT_TAKER;SUBMISSION;SNACKPACK_VANILLA;XIRECS;10065.0;2
58900;BOT_TAKER;SUBMISSION;SNACKPACK_PISTACHIO;XIRECS;9342.0;2
58900;BOT_TAKER;SUBMISSION;SNACKPACK_STRAWBERRY;XIRECS;10813.0;1
58900;BOT_TAKER;BOT_MAKER;SNACKPACK_STRAWBERRY;XIRECS;10814.0;1
58900;BOT_TAKER;BOT_MAKER;SNACKPACK_RASPBERRY;XIRECS;10169.0;2
60600;BOT_TAKER;BOT_MAKER;GALAXY_SOUNDS_DARK_MATTER;XIRECS;10785.0;4
60600;BOT_TAKER;SUBMISSION;GALAXY_SOUNDS_BLACK_HOLES;XIRECS;12203.0;4
60600;BOT_TAKER;SUBMISSION;GALAXY_SOUNDS_PLANETARY_RINGS;XIRECS;11562.0;4
60600;BOT_TAKER;SUBMISSION;GALAXY_SOUNDS_SOLAR_WINDS;XIRECS;10691.0;4
60600;BOT_TAKER;BOT_MAKER;GALAXY_SOUNDS_SOLAR_FLAMES;XIRECS;10745.0;4
60600;BOT_TAKER;BOT_MAKER;SLEEP_POD_SUEDE;XIRECS;11887.0;4
60600;BOT_TAKER;BOT_MAKER;SLEEP_POD_LAMB_WOOL;XIRECS;11023.0;4
60600;BOT_TAKER;SUBMISSION;SLEEP_POD_POLYESTER;XIRECS;13081.0;4
60600;BOT_TAKER;BOT_MAKER;SLEEP_POD_NYLON;XIRECS;9436.0;4
60600;BOT_TAKER;SUBMISSION;SLEEP_POD_COTTON;XIRECS;12622.0;4
60600;BOT_TAKER;BOT_MAKER;ROBOT_VACUUMING;XIRECS;8822.0;4
60600;BOT_TAKER;SUBMISSION;ROBOT_MOPPING;XIRECS;12111.0;4
60600;BOT_TAKER;SUBMISSION;ROBOT_DISHES;XIRECS;10747.0;2
60600;BOT_TAKER;BOT_MAKER;ROBOT_DISHES;XIRECS;10748.0;2
60600;BOT_TAKER;BOT_MAKER;ROBOT_LAUNDRY;XIRECS;9175.0;4
60600;BOT_TAKER;SUBMISSION;ROBOT_IRONING;XIRECS;7502.0;4
60600;BOT_TAKER;SUBMISSION;UV_VISOR_YELLOW;XIRECS;12040.0;4
60600;BOT_TAKER;SUBMISSION;UV_VISOR_AMBER;XIRECS;7615.0;4
60600;BOT_TAKER;SUBMISSION;UV_VISOR_ORANGE;XIRECS;10359.0;4
60600;BOT_TAKER;SUBMISSION;UV_VISOR_RED;XIRECS;11253.0;4
60600;BOT_TAKER;BOT_MAKER;UV_VISOR_MAGENTA;XIRECS;11779.0;4
60600;BOT_TAKER;SUBMISSION;TRANSLATOR_SPACE_GRAY;XIRECS;10078.0;4
60600;BOT_TAKER;SUBMISSION;TRANSLATOR_ASTRO_BLACK;XIRECS;9243.0;4
60600;BOT_TAKER;BOT_MAKER;TRANSLATOR_ECLIPSE_CHARCOAL;XIRECS;10002.0;4
60600;BOT_TAKER;SUBMISSION;TRANSLATOR_GRAPHITE_MIST;XIRECS;11195.0;4
60600;BOT_TAKER;BOT_MAKER;TRANSLATOR_VOID_BLUE;XIRECS;11046.0;4
60600;BOT_TAKER;SUBMISSION;PANEL_1X2;XIRECS;8949.0;4
60600;BOT_TAKER;SUBMISSION;PANEL_2X2;XIRECS;9525.0;4
60600;BOT_TAKER;SUBMISSION;PANEL_1X4;XIRECS;9084.0;4
60600;BOT_TAKER;BOT_MAKER;PANEL_2X4;XIRECS;11318.0;4
60600;BOT_TAKER;SUBMISSION;PANEL_4X4;XIRECS;10075.0;4
60600;BOT_TAKER;SUBMISSION;OXYGEN_SHAKE_MORNING_BREATH;XIRECS;9531.0;4
60600;BOT_TAKER;SUBMISSION;OXYGEN_SHAKE_EVENING_BREATH;XIRECS;9526.0;4
60600;BOT_TAKER;SUBMISSION;OXYGEN_SHAKE_MINT;XIRECS;9790.0;4
60600;BOT_TAKER;BOT_MAKER;OXYGEN_SHAKE_CHOCOLATE;XIRECS;9355.0;4
60600;BOT_TAKER;SUBMISSION;OXYGEN_SHAKE_GARLIC;XIRECS;12585.0;4
60600;BOT_TAKER;BOT_MAKER;SNACKPACK_CHOCOLATE;XIRECS;9868.0;4
60600;BOT_TAKER;SUBMISSION;SNACKPACK_VANILLA;XIRECS;10095.0;4
60600;BOT_TAKER;SUBMISSION;SNACKPACK_PISTACHIO;XIRECS;9331.0;4
60600;BOT_TAKER;BOT_MAKER;SNACKPACK_STRAWBERRY;XIRECS;10821.0;4
60600;BOT_TAKER;BOT_MAKER;SNACKPACK_RASPBERRY;XIRECS;10176.0;4
60900;BOT_TAKER;BOT_MAKER;GALAXY_SOUNDS_DARK_MATTER;XIRECS;10798.0;3
60900;BOT_TAKER;SUBMISSION;GALAXY_SOUNDS_BLACK_HOLES;XIRECS;12188.0;2
60900;BOT_TAKER;BOT_MAKER;GALAXY_SOUNDS_BLACK_HOLES;XIRECS;12189.0;1
60900;BOT_TAKER;SUBMISSION;GALAXY_SOUNDS_PLANETARY_RINGS;XIRECS;11547.0;2
60900;BOT_TAKER;BOT_MAKER;GALAXY_SOUNDS_PLANETARY_RINGS;XIRECS;11548.0;1
60900;BOT_TAKER;SUBMISSION;GALAXY_SOUNDS_SOLAR_WINDS;XIRECS;10696.0;2
60900;BOT_TAKER;BOT_MAKER;GALAXY_SOUNDS_SOLAR_WINDS;XIRECS;10697.0;1
60900;BOT_TAKER;BOT_MAKER;GALAXY_SOUNDS_SOLAR_FLAMES;XIRECS;10747.0;3
60900;BOT_TAKER;BOT_MAKER;SLEEP_POD_SUEDE;XIRECS;11891.0;3
60900;BOT_TAKER;BOT_MAKER;SLEEP_POD_LAMB_WOOL;XIRECS;11036.0;3
60900;BOT_TAKER;SUBMISSION;SLEEP_POD_POLYESTER;XIRECS;13079.0;2
60900;BOT_TAKER;BOT_MAKER;SLEEP_POD_POLYESTER;XIRECS;13080.0;1
60900;BOT_TAKER;BOT_MAKER;SLEEP_POD_NYLON;XIRECS;9461.0;3
60900;BOT_TAKER;SUBMISSION;SLEEP_POD_COTTON;XIRECS;12661.0;2
60900;BOT_TAKER;BOT_MAKER;SLEEP_POD_COTTON;XIRECS;12662.0;1
60900;BOT_TAKER;BOT_MAKER;ROBOT_VACUUMING;XIRECS;8840.0;3
60900;BOT_TAKER;SUBMISSION;ROBOT_MOPPING;XIRECS;12148.0;2
60900;BOT_TAKER;BOT_MAKER;ROBOT_MOPPING;XIRECS;12149.0;1
60900;BOT_TAKER;BOT_MAKER;ROBOT_DISHES;XIRECS;10711.0;3
60900;BOT_TAKER;BOT_MAKER;ROBOT_LAUNDRY;XIRECS;9153.0;3
60900;BOT_TAKER;SUBMISSION;ROBOT_IRONING;XIRECS;7501.0;2
60900;BOT_TAKER;BOT_MAKER;ROBOT_IRONING;XIRECS;7502.0;1
60900;BOT_TAKER;SUBMISSION;UV_VISOR_YELLOW;XIRECS;12086.0;2
60900;BOT_TAKER;BOT_MAKER;UV_VISOR_YELLOW;XIRECS;12087.0;1
60900;BOT_TAKER;SUBMISSION;UV_VISOR_AMBER;XIRECS;7622.0;2
60900;BOT_TAKER;BOT_MAKER;UV_VISOR_AMBER;XIRECS;7623.0;1
60900;BOT_TAKER;SUBMISSION;UV_VISOR_ORANGE;XIRECS;10323.0;2
60900;BOT_TAKER;BOT_MAKER;UV_VISOR_ORANGE;XIRECS;10324.0;1
60900;BOT_TAKER;SUBMISSION;UV_VISOR_RED;XIRECS;11260.0;3
60900;BOT_TAKER;BOT_MAKER;UV_VISOR_MAGENTA;XIRECS;11748.0;3
60900;BOT_TAKER;SUBMISSION;TRANSLATOR_SPACE_GRAY;XIRECS;10073.0;2
60900;BOT_TAKER;BOT_MAKER;TRANSLATOR_SPACE_GRAY;XIRECS;10074.0;1
60900;BOT_TAKER;SUBMISSION;TRANSLATOR_ASTRO_BLACK;XIRECS;9259.0;3
60900;BOT_TAKER;BOT_MAKER;TRANSLATOR_ECLIPSE_CHARCOAL;XIRECS;10005.0;3
60900;BOT_TAKER;SUBMISSION;TRANSLATOR_GRAPHITE_MIST;XIRECS;11177.0;2
60900;BOT_TAKER;BOT_MAKER;TRANSLATOR_GRAPHITE_MIST;XIRECS;11178.0;1
60900;BOT_TAKER;BOT_MAKER;TRANSLATOR_VOID_BLUE;XIRECS;11054.0;3
60900;BOT_TAKER;SUBMISSION;PANEL_1X2;XIRECS;8951.0;2
60900;BOT_TAKER;BOT_MAKER;PANEL_1X2;XIRECS;8952.0;1
60900;BOT_TAKER;SUBMISSION;PANEL_2X2;XIRECS;9542.0;2
60900;BOT_TAKER;BOT_MAKER;PANEL_2X2;XIRECS;9543.0;1
60900;BOT_TAKER;SUBMISSION;PANEL_1X4;XIRECS;9089.0;2
60900;BOT_TAKER;BOT_MAKER;PANEL_1X4;XIRECS;9090.0;1
60900;BOT_TAKER;BOT_MAKER;PANEL_2X4;XIRECS;11324.0;3
60900;BOT_TAKER;SUBMISSION;PANEL_4X4;XIRECS;10096.0;2
60900;BOT_TAKER;BOT_MAKER;PANEL_4X4;XIRECS;10097.0;1
60900;BOT_TAKER;SUBMISSION;OXYGEN_SHAKE_MORNING_BREATH;XIRECS;9524.0;2
60900;BOT_TAKER;BOT_MAKER;OXYGEN_SHAKE_MORNING_BREATH;XIRECS;9525.0;1
60900;BOT_TAKER;SUBMISSION;OXYGEN_SHAKE_EVENING_BREATH;XIRECS;9488.0;2
60900;BOT_TAKER;BOT_MAKER;OXYGEN_SHAKE_EVENING_BREATH;XIRECS;9489.0;1
60900;BOT_TAKER;SUBMISSION;OXYGEN_SHAKE_MINT;XIRECS;9797.0;2
60900;BOT_TAKER;BOT_MAKER;OXYGEN_SHAKE_MINT;XIRECS;9798.0;1
60900;BOT_TAKER;BOT_MAKER;OXYGEN_SHAKE_CHOCOLATE;XIRECS;9351.0;3
60900;BOT_TAKER;SUBMISSION;OXYGEN_SHAKE_GARLIC;XIRECS;12587.0;2
60900;BOT_TAKER;BOT_MAKER;OXYGEN_SHAKE_GARLIC;XIRECS;12588.0;1
60900;BOT_TAKER;BOT_MAKER;SNACKPACK_CHOCOLATE;XIRECS;9884.0;3
60900;BOT_TAKER;BOT_MAKER;SNACKPACK_VANILLA;XIRECS;10073.0;3
60900;BOT_TAKER;SUBMISSION;SNACKPACK_PISTACHIO;XIRECS;9334.0;3
60900;BOT_TAKER;BOT_MAKER;SNACKPACK_STRAWBERRY;XIRECS;10835.0;3
60900;BOT_TAKER;BOT_MAKER;SNACKPACK_RASPBERRY;XIRECS;10163.0;3
61500;SUBMISSION;BOT_TAKER;PEBBLES_XS;XIRECS;6015.0;3
61500;SUBMISSION;BOT_TAKER;PEBBLES_S;XIRECS;8478.0;3
61500;SUBMISSION;BOT_TAKER;PEBBLES_M;XIRECS;10781.0;3
61500;SUBMISSION;BOT_TAKER;PEBBLES_L;XIRECS;11142.0;3
61500;BOT_MAKER;BOT_TAKER;PEBBLES_XL;XIRECS;13558.0;3
63100;BOT_TAKER;SUBMISSION;MICROCHIP_CIRCLE;XIRECS;9003.0;2
63100;BOT_TAKER;SUBMISSION;MICROCHIP_OVAL;XIRECS;6850.0;2
63100;BOT_TAKER;SUBMISSION;MICROCHIP_SQUARE;XIRECS;15474.0;2
63100;BOT_TAKER;SUBMISSION;MICROCHIP_RECTANGLE;XIRECS;7871.0;2
63100;BOT_TAKER;BOT_MAKER;MICROCHIP_TRIANGLE;XIRECS;8764.0;2
65600;BOT_TAKER;SUBMISSION;PEBBLES_XS;XIRECS;5974.0;4
65600;BOT_TAKER;BOT_MAKER;PEBBLES_S;XIRECS;8435.0;4
65600;BOT_TAKER;BOT_MAKER;PEBBLES_M;XIRECS;10848.0;4
65600;BOT_TAKER;SUBMISSION;PEBBLES_L;XIRECS;11273.0;4
65600;BOT_TAKER;BOT_MAKER;PEBBLES_XL;XIRECS;13499.0;4
66100;BOT_TAKER;BOT_MAKER;GALAXY_SOUNDS_DARK_MATTER;XIRECS;10775.0;4
66100;BOT_TAKER;SUBMISSION;GALAXY_SOUNDS_BLACK_HOLES;XIRECS;12278.0;2
66100;BOT_TAKER;BOT_MAKER;GALAXY_SOUNDS_BLACK_HOLES;XIRECS;12279.0;2
66100;BOT_TAKER;SUBMISSION;GALAXY_SOUNDS_PLANETARY_RINGS;XIRECS;11445.0;2
66100;BOT_TAKER;BOT_MAKER;GALAXY_SOUNDS_PLANETARY_RINGS;XIRECS;11446.0;2
66100;BOT_TAKER;SUBMISSION;GALAXY_SOUNDS_SOLAR_WINDS;XIRECS;10679.0;2
66100;BOT_TAKER;BOT_MAKER;GALAXY_SOUNDS_SOLAR_WINDS;XIRECS;10680.0;2
66100;BOT_TAKER;BOT_MAKER;GALAXY_SOUNDS_SOLAR_FLAMES;XIRECS;10722.0;4
66100;BOT_TAKER;BOT_MAKER;SLEEP_POD_SUEDE;XIRECS;11919.0;4
66100;BOT_TAKER;BOT_MAKER;SLEEP_POD_LAMB_WOOL;XIRECS;10942.0;4
66100;BOT_TAKER;SUBMISSION;SLEEP_POD_POLYESTER;XIRECS;13106.0;2
66100;BOT_TAKER;BOT_MAKER;SLEEP_POD_POLYESTER;XIRECS;13107.0;2
66100;BOT_TAKER;BOT_MAKER;SLEEP_POD_NYLON;XIRECS;9536.0;4
66100;BOT_TAKER;SUBMISSION;SLEEP_POD_COTTON;XIRECS;12512.0;2
66100;BOT_TAKER;BOT_MAKER;SLEEP_POD_COTTON;XIRECS;12513.0;2
66100;BOT_TAKER;BOT_MAKER;ROBOT_VACUUMING;XIRECS;8814.0;4
66100;BOT_TAKER;SUBMISSION;ROBOT_MOPPING;XIRECS;12178.0;2
66100;BOT_TAKER;BOT_MAKER;ROBOT_MOPPING;XIRECS;12179.0;2
66100;BOT_TAKER;BOT_MAKER;ROBOT_DISHES;XIRECS;10756.0;4
66100;BOT_TAKER;BOT_MAKER;ROBOT_LAUNDRY;XIRECS;9249.0;4
66100;BOT_TAKER;SUBMISSION;ROBOT_IRONING;XIRECS;7545.0;2
66100;BOT_TAKER;BOT_MAKER;ROBOT_IRONING;XIRECS;7546.0;2
66100;BOT_TAKER;SUBMISSION;UV_VISOR_YELLOW;XIRECS;12152.0;2
66100;BOT_TAKER;BOT_MAKER;UV_VISOR_YELLOW;XIRECS;12153.0;2
66100;BOT_TAKER;SUBMISSION;UV_VISOR_AMBER;XIRECS;7679.0;2
66100;BOT_TAKER;BOT_MAKER;UV_VISOR_AMBER;XIRECS;7680.0;2
66100;BOT_TAKER;SUBMISSION;UV_VISOR_ORANGE;XIRECS;10347.0;2
66100;BOT_TAKER;BOT_MAKER;UV_VISOR_ORANGE;XIRECS;10348.0;2
66100;BOT_TAKER;SUBMISSION;UV_VISOR_RED;XIRECS;11263.0;4
66100;BOT_TAKER;BOT_MAKER;UV_VISOR_MAGENTA;XIRECS;11672.0;4
66100;BOT_TAKER;SUBMISSION;TRANSLATOR_SPACE_GRAY;XIRECS;10045.0;2
66100;BOT_TAKER;BOT_MAKER;TRANSLATOR_SPACE_GRAY;XIRECS;10046.0;2
66100;BOT_TAKER;BOT_MAKER;TRANSLATOR_ASTRO_BLACK;XIRECS;9123.0;4
66100;BOT_TAKER;BOT_MAKER;TRANSLATOR_ECLIPSE_CHARCOAL;XIRECS;10044.0;4
66100;BOT_TAKER;SUBMISSION;TRANSLATOR_GRAPHITE_MIST;XIRECS;11230.0;2
66100;BOT_TAKER;BOT_MAKER;TRANSLATOR_GRAPHITE_MIST;XIRECS;11231.0;2
66100;BOT_TAKER;BOT_MAKER;TRANSLATOR_VOID_BLUE;XIRECS;11069.0;4
66100;BOT_TAKER;SUBMISSION;PANEL_1X2;XIRECS;9045.0;2
66100;BOT_TAKER;BOT_MAKER;PANEL_1X2;XIRECS;9046.0;2
66100;BOT_TAKER;SUBMISSION;PANEL_2X2;XIRECS;9524.0;2
66100;BOT_TAKER;BOT_MAKER;PANEL_2X2;XIRECS;9525.0;2
66100;BOT_TAKER;SUBMISSION;PANEL_1X4;XIRECS;9097.0;2
66100;BOT_TAKER;BOT_MAKER;PANEL_1X4;XIRECS;9098.0;2
66100;BOT_TAKER;BOT_MAKER;PANEL_2X4;XIRECS;11307.0;4
66100;BOT_TAKER;SUBMISSION;PANEL_4X4;XIRECS;10113.0;2
66100;BOT_TAKER;BOT_MAKER;PANEL_4X4;XIRECS;10114.0;2
66100;BOT_TAKER;SUBMISSION;OXYGEN_SHAKE_MORNING_BREATH;XIRECS;9401.0;2
66100;BOT_TAKER;BOT_MAKER;OXYGEN_SHAKE_MORNING_BREATH;XIRECS;9402.0;2
66100;BOT_TAKER;SUBMISSION;OXYGEN_SHAKE_EVENING_BREATH;XIRECS;9621.0;2
66100;BOT_TAKER;BOT_MAKER;OXYGEN_SHAKE_EVENING_BREATH;XIRECS;9622.0;2
66100;BOT_TAKER;SUBMISSION;OXYGEN_SHAKE_MINT;XIRECS;9874.0;2
66100;BOT_TAKER;BOT_MAKER;OXYGEN_SHAKE_MINT;XIRECS;9875.0;2
66100;BOT_TAKER;SUBMISSION;OXYGEN_SHAKE_CHOCOLATE;XIRECS;9518.0;4
66100;BOT_TAKER;SUBMISSION;OXYGEN_SHAKE_GARLIC;XIRECS;12704.0;2
66100;BOT_TAKER;BOT_MAKER;OXYGEN_SHAKE_GARLIC;XIRECS;12705.0;2
66100;BOT_TAKER;BOT_MAKER;SNACKPACK_CHOCOLATE;XIRECS;9878.0;4
66100;BOT_TAKER;BOT_MAKER;SNACKPACK_VANILLA;XIRECS;10071.0;4
66100;BOT_TAKER;BOT_MAKER;SNACKPACK_PISTACHIO;XIRECS;9323.0;4
66100;BOT_TAKER;BOT_MAKER;SNACKPACK_STRAWBERRY;XIRECS;10812.0;4
66100;BOT_TAKER;SUBMISSION;SNACKPACK_RASPBERRY;XIRECS;10216.0;4
67600;BOT_TAKER;BOT_MAKER;GALAXY_SOUNDS_DARK_MATTER;XIRECS;10801.0;3
67600;BOT_TAKER;SUBMISSION;GALAXY_SOUNDS_BLACK_HOLES;XIRECS;12284.0;2
67600;BOT_TAKER;BOT_MAKER;GALAXY_SOUNDS_BLACK_HOLES;XIRECS;12285.0;1
67600;BOT_TAKER;SUBMISSION;GALAXY_SOUNDS_PLANETARY_RINGS;XIRECS;11440.0;2
67600;BOT_TAKER;BOT_MAKER;GALAXY_SOUNDS_PLANETARY_RINGS;XIRECS;11441.0;1
67600;BOT_TAKER;SUBMISSION;GALAXY_SOUNDS_SOLAR_WINDS;XIRECS;10652.0;2
67600;BOT_TAKER;BOT_MAKER;GALAXY_SOUNDS_SOLAR_WINDS;XIRECS;10653.0;1
67600;BOT_TAKER;BOT_MAKER;GALAXY_SOUNDS_SOLAR_FLAMES;XIRECS;10724.0;3
67600;BOT_TAKER;BOT_MAKER;SLEEP_POD_SUEDE;XIRECS;11969.0;3
67600;BOT_TAKER;BOT_MAKER;SLEEP_POD_LAMB_WOOL;XIRECS;10913.0;3
67600;BOT_TAKER;SUBMISSION;SLEEP_POD_POLYESTER;XIRECS;13132.0;2
67600;BOT_TAKER;BOT_MAKER;SLEEP_POD_POLYESTER;XIRECS;13133.0;1
67600;BOT_TAKER;BOT_MAKER;SLEEP_POD_NYLON;XIRECS;9651.0;3
67600;BOT_TAKER;SUBMISSION;SLEEP_POD_COTTON;XIRECS;12516.0;2
67600;BOT_TAKER;BOT_MAKER;SLEEP_POD_COTTON;XIRECS;12517.0;1
67600;BOT_TAKER;BOT_MAKER;ROBOT_VACUUMING;XIRECS;8854.0;3
67600;BOT_TAKER;SUBMISSION;ROBOT_MOPPING;XIRECS;12176.0;2
67600;BOT_TAKER;BOT_MAKER;ROBOT_MOPPING;XIRECS;12177.0;1
67600;BOT_TAKER;BOT_MAKER;ROBOT_DISHES;XIRECS;10650.0;3
67600;BOT_TAKER;BOT_MAKER;ROBOT_LAUNDRY;XIRECS;9305.0;3
67600;BOT_TAKER;SUBMISSION;ROBOT_IRONING;XIRECS;7529.0;2
67600;BOT_TAKER;BOT_MAKER;ROBOT_IRONING;XIRECS;7530.0;1
67600;BOT_TAKER;SUBMISSION;UV_VISOR_YELLOW;XIRECS;12141.0;2
67600;BOT_TAKER;BOT_MAKER;UV_VISOR_YELLOW;XIRECS;12142.0;1
67600;BOT_TAKER;SUBMISSION;UV_VISOR_AMBER;XIRECS;7674.0;2
67600;BOT_TAKER;BOT_MAKER;UV_VISOR_AMBER;XIRECS;7675.0;1
67600;BOT_TAKER;SUBMISSION;UV_VISOR_ORANGE;XIRECS;10404.0;2
67600;BOT_TAKER;BOT_MAKER;UV_VISOR_ORANGE;XIRECS;10405.0;1
67600;BOT_TAKER;BOT_MAKER;UV_VISOR_RED;XIRECS;11326.0;3
67600;BOT_TAKER;BOT_MAKER;UV_VISOR_MAGENTA;XIRECS;11666.0;3
67600;BOT_TAKER;SUBMISSION;TRANSLATOR_SPACE_GRAY;XIRECS;10134.0;2
67600;BOT_TAKER;BOT_MAKER;TRANSLATOR_SPACE_GRAY;XIRECS;10135.0;1
67600;BOT_TAKER;SUBMISSION;TRANSLATOR_ASTRO_BLACK;XIRECS;9166.0;3
67600;BOT_TAKER;BOT_MAKER;TRANSLATOR_ECLIPSE_CHARCOAL;XIRECS;10002.0;3
67600;BOT_TAKER;SUBMISSION;TRANSLATOR_GRAPHITE_MIST;XIRECS;11203.0;2
67600;BOT_TAKER;BOT_MAKER;TRANSLATOR_GRAPHITE_MIST;XIRECS;11204.0;1
67600;BOT_TAKER;BOT_MAKER;TRANSLATOR_VOID_BLUE;XIRECS;11028.0;3
67600;BOT_TAKER;SUBMISSION;PANEL_1X2;XIRECS;9050.0;2
67600;BOT_TAKER;BOT_MAKER;PANEL_1X2;XIRECS;9051.0;1
67600;BOT_TAKER;SUBMISSION;PANEL_2X2;XIRECS;9487.0;2
67600;BOT_TAKER;BOT_MAKER;PANEL_2X2;XIRECS;9488.0;1
67600;BOT_TAKER;SUBMISSION;PANEL_1X4;XIRECS;9098.0;2
67600;BOT_TAKER;BOT_MAKER;PANEL_1X4;XIRECS;9099.0;1
67600;BOT_TAKER;BOT_MAKER;PANEL_2X4;XIRECS;11247.0;3
67600;BOT_TAKER;SUBMISSION;PANEL_4X4;XIRECS;10150.0;2
67600;BOT_TAKER;BOT_MAKER;PANEL_4X4;XIRECS;10151.0;1
67600;BOT_TAKER;SUBMISSION;OXYGEN_SHAKE_MORNING_BREATH;XIRECS;9357.0;2
67600;BOT_TAKER;BOT_MAKER;OXYGEN_SHAKE_MORNING_BREATH;XIRECS;9358.0;1
67600;BOT_TAKER;SUBMISSION;OXYGEN_SHAKE_EVENING_BREATH;XIRECS;9627.0;2
67600;BOT_TAKER;BOT_MAKER;OXYGEN_SHAKE_EVENING_BREATH;XIRECS;9628.0;1
67600;BOT_TAKER;SUBMISSION;OXYGEN_SHAKE_MINT;XIRECS;9942.0;2
67600;BOT_TAKER;BOT_MAKER;OXYGEN_SHAKE_MINT;XIRECS;9943.0;1
67600;BOT_TAKER;SUBMISSION;OXYGEN_SHAKE_CHOCOLATE;XIRECS;9517.0;1
67600;BOT_TAKER;BOT_MAKER;OXYGEN_SHAKE_CHOCOLATE;XIRECS;9518.0;2
67600;BOT_TAKER;SUBMISSION;OXYGEN_SHAKE_GARLIC;XIRECS;12756.0;2
67600;BOT_TAKER;BOT_MAKER;OXYGEN_SHAKE_GARLIC;XIRECS;12757.0;1
67600;BOT_TAKER;BOT_MAKER;SNACKPACK_CHOCOLATE;XIRECS;9869.0;3
67600;BOT_TAKER;BOT_MAKER;SNACKPACK_VANILLA;XIRECS;10069.0;3
67600;BOT_TAKER;BOT_MAKER;SNACKPACK_PISTACHIO;XIRECS;9308.0;3
67600;BOT_TAKER;BOT_MAKER;SNACKPACK_STRAWBERRY;XIRECS;10786.0;3
67600;BOT_TAKER;SUBMISSION;SNACKPACK_RASPBERRY;XIRECS;10247.0;3
70500;BOT_TAKER;SUBMISSION;PEBBLES_XS;XIRECS;5906.0;2
70500;BOT_TAKER;BOT_MAKER;PEBBLES_XS;XIRECS;5907.0;1
70500;BOT_TAKER;BOT_MAKER;PEBBLES_S;XIRECS;8386.0;3
70500;BOT_TAKER;BOT_MAKER;PEBBLES_M;XIRECS;10894.0;3
70500;BOT_TAKER;SUBMISSION;PEBBLES_L;XIRECS;11207.0;2
70500;BOT_TAKER;BOT_MAKER;PEBBLES_L;XIRECS;11208.0;1
70500;BOT_TAKER;BOT_MAKER;PEBBLES_XL;XIRECS;13635.0;3
71100;SUBMISSION;BOT_TAKER;GALAXY_SOUNDS_DARK_MATTER;XIRECS;10749.0;4
71100;SUBMISSION;BOT_TAKER;GALAXY_SOUNDS_BLACK_HOLES;XIRECS;12362.0;4
71100;SUBMISSION;BOT_TAKER;GALAXY_SOUNDS_PLANETARY_RINGS;XIRECS;11297.0;4
71100;SUBMISSION;BOT_TAKER;GALAXY_SOUNDS_SOLAR_WINDS;XIRECS;10608.0;4
71100;SUBMISSION;BOT_TAKER;GALAXY_SOUNDS_SOLAR_FLAMES;XIRECS;10641.0;4
71100;BOT_MAKER;BOT_TAKER;SLEEP_POD_SUEDE;XIRECS;11973.0;4
71100;SUBMISSION;BOT_TAKER;SLEEP_POD_LAMB_WOOL;XIRECS;10854.0;4
71100;SUBMISSION;BOT_TAKER;SLEEP_POD_POLYESTER;XIRECS;13120.0;4
71100;BOT_MAKER;BOT_TAKER;SLEEP_POD_NYLON;XIRECS;9690.0;4
71100;SUBMISSION;BOT_TAKER;SLEEP_POD_COTTON;XIRECS;12626.0;4
71100;BOT_MAKER;BOT_TAKER;ROBOT_VACUUMING;XIRECS;8903.0;4
71100;SUBMISSION;BOT_TAKER;ROBOT_MOPPING;XIRECS;12127.0;4
71100;BOT_MAKER;BOT_TAKER;ROBOT_DISHES;XIRECS;10715.0;4
71100;BOT_MAKER;BOT_TAKER;ROBOT_LAUNDRY;XIRECS;9163.0;4
71100;SUBMISSION;BOT_TAKER;ROBOT_IRONING;XIRECS;7441.0;4
71100;SUBMISSION;BOT_TAKER;UV_VISOR_YELLOW;XIRECS;12090.0;4
71100;SUBMISSION;BOT_TAKER;UV_VISOR_AMBER;XIRECS;7621.0;4
71100;SUBMISSION;BOT_TAKER;UV_VISOR_ORANGE;XIRECS;10321.0;4
71100;BOT_MAKER;BOT_TAKER;UV_VISOR_RED;XIRECS;11287.0;4
71100;SUBMISSION;BOT_TAKER;UV_VISOR_MAGENTA;XIRECS;11606.0;4
71100;SUBMISSION;BOT_TAKER;TRANSLATOR_SPACE_GRAY;XIRECS;10080.0;4
71100;BOT_MAKER;BOT_TAKER;TRANSLATOR_ASTRO_BLACK;XIRECS;9203.0;4
71100;BOT_MAKER;BOT_TAKER;TRANSLATOR_ECLIPSE_CHARCOAL;XIRECS;10042.0;4
71100;SUBMISSION;BOT_TAKER;TRANSLATOR_GRAPHITE_MIST;XIRECS;11186.0;4
71100;BOT_MAKER;BOT_TAKER;TRANSLATOR_VOID_BLUE;XIRECS;11024.0;4
71100;SUBMISSION;BOT_TAKER;PANEL_1X2;XIRECS;9082.0;4
71100;SUBMISSION;BOT_TAKER;PANEL_2X2;XIRECS;9416.0;4
71100;SUBMISSION;BOT_TAKER;PANEL_1X4;XIRECS;9113.0;4
71100;SUBMISSION;BOT_TAKER;PANEL_2X4;XIRECS;11391.0;4
71100;SUBMISSION;BOT_TAKER;PANEL_4X4;XIRECS;10161.0;4
71100;SUBMISSION;BOT_TAKER;OXYGEN_SHAKE_MORNING_BREATH;XIRECS;9322.0;4
71100;SUBMISSION;BOT_TAKER;OXYGEN_SHAKE_EVENING_BREATH;XIRECS;9707.0;4
71100;SUBMISSION;BOT_TAKER;OXYGEN_SHAKE_MINT;XIRECS;9966.0;4
71100;BOT_MAKER;BOT_TAKER;OXYGEN_SHAKE_CHOCOLATE;XIRECS;9543.0;4
71100;SUBMISSION;BOT_TAKER;OXYGEN_SHAKE_GARLIC;XIRECS;12883.0;4
71100;SUBMISSION;BOT_TAKER;SNACKPACK_CHOCOLATE;XIRECS;9870.0;1
71100;BOT_MAKER;BOT_TAKER;SNACKPACK_CHOCOLATE;XIRECS;9869.0;3
71100;SUBMISSION;BOT_TAKER;SNACKPACK_VANILLA;XIRECS;10008.0;4
71100;SUBMISSION;BOT_TAKER;SNACKPACK_PISTACHIO;XIRECS;9295.0;4
71100;BOT_MAKER;BOT_TAKER;SNACKPACK_STRAWBERRY;XIRECS;10778.0;4
71100;BOT_MAKER;BOT_TAKER;SNACKPACK_RASPBERRY;XIRECS;10224.0;4
71600;BOT_TAKER;BOT_MAKER;GALAXY_SOUNDS_DARK_MATTER;XIRECS;10692.0;1
71600;BOT_TAKER;SUBMISSION;GALAXY_SOUNDS_BLACK_HOLES;XIRECS;12405.0;1
71600;BOT_TAKER;SUBMISSION;GALAXY_SOUNDS_PLANETARY_RINGS;XIRECS;11312.0;1
71600;BOT_TAKER;SUBMISSION;GALAXY_SOUNDS_SOLAR_WINDS;XIRECS;10600.0;1
71600;BOT_TAKER;BOT_MAKER;GALAXY_SOUNDS_SOLAR_FLAMES;XIRECS;10648.0;1
71600;BOT_TAKER;BOT_MAKER;SLEEP_POD_SUEDE;XIRECS;11945.0;1
71600;BOT_TAKER;SUBMISSION;SLEEP_POD_LAMB_WOOL;XIRECS;10863.0;1
71600;BOT_TAKER;SUBMISSION;SLEEP_POD_POLYESTER;XIRECS;13114.0;1
71600;BOT_TAKER;SUBMISSION;SLEEP_POD_NYLON;XIRECS;9698.0;1
71600;BOT_TAKER;SUBMISSION;SLEEP_POD_COTTON;XIRECS;12640.0;1
71600;BOT_TAKER;BOT_MAKER;ROBOT_VACUUMING;XIRECS;8880.0;1
71600;BOT_TAKER;SUBMISSION;ROBOT_MOPPING;XIRECS;12092.0;1
71600;BOT_TAKER;BOT_MAKER;ROBOT_DISHES;XIRECS;10718.0;1
71600;BOT_TAKER;BOT_MAKER;ROBOT_LAUNDRY;XIRECS;9152.0;1
71600;BOT_TAKER;SUBMISSION;ROBOT_IRONING;XIRECS;7445.0;1
71600;BOT_TAKER;SUBMISSION;UV_VISOR_YELLOW;XIRECS;12139.0;1
71600;BOT_TAKER;SUBMISSION;UV_VISOR_AMBER;XIRECS;7619.0;1
71600;BOT_TAKER;SUBMISSION;UV_VISOR_ORANGE;XIRECS;10343.0;1
71600;BOT_TAKER;BOT_MAKER;UV_VISOR_RED;XIRECS;11281.0;1
71600;BOT_TAKER;BOT_MAKER;UV_VISOR_MAGENTA;XIRECS;11615.0;1
71600;BOT_TAKER;SUBMISSION;TRANSLATOR_SPACE_GRAY;XIRECS;10069.0;1
71600;BOT_TAKER;SUBMISSION;TRANSLATOR_ASTRO_BLACK;XIRECS;9218.0;1
71600;BOT_TAKER;BOT_MAKER;TRANSLATOR_ECLIPSE_CHARCOAL;XIRECS;10030.0;1
71600;BOT_TAKER;SUBMISSION;TRANSLATOR_GRAPHITE_MIST;XIRECS;11168.0;1
71600;BOT_TAKER;BOT_MAKER;TRANSLATOR_VOID_BLUE;XIRECS;11029.0;1
71600;BOT_TAKER;SUBMISSION;PANEL_1X2;XIRECS;9102.0;1
71600;BOT_TAKER;SUBMISSION;PANEL_2X2;XIRECS;9421.0;1
71600;BOT_TAKER;SUBMISSION;PANEL_1X4;XIRECS;9111.0;1
71600;BOT_TAKER;SUBMISSION;PANEL_2X4;XIRECS;11436.0;1
71600;BOT_TAKER;SUBMISSION;PANEL_4X4;XIRECS;10148.0;1
71600;BOT_TAKER;SUBMISSION;OXYGEN_SHAKE_MORNING_BREATH;XIRECS;9355.0;1
71600;BOT_TAKER;SUBMISSION;OXYGEN_SHAKE_EVENING_BREATH;XIRECS;9748.0;1
71600;BOT_TAKER;SUBMISSION;OXYGEN_SHAKE_MINT;XIRECS;9970.0;1
71600;BOT_TAKER;BOT_MAKER;OXYGEN_SHAKE_CHOCOLATE;XIRECS;9567.0;1
71600;BOT_TAKER;SUBMISSION;OXYGEN_SHAKE_GARLIC;XIRECS;12901.0;1
71600;BOT_TAKER;BOT_MAKER;SNACKPACK_CHOCOLATE;XIRECS;9870.0;1
71600;BOT_TAKER;BOT_MAKER;SNACKPACK_VANILLA;XIRECS;10036.0;1
71600;BOT_TAKER;BOT_MAKER;SNACKPACK_PISTACHIO;XIRECS;9310.0;1
71600;BOT_TAKER;BOT_MAKER;SNACKPACK_STRAWBERRY;XIRECS;10780.0;1
71600;BOT_TAKER;SUBMISSION;SNACKPACK_RASPBERRY;XIRECS;10253.0;1
72300;BOT_TAKER;BOT_MAKER;GALAXY_SOUNDS_DARK_MATTER;XIRECS;10637.0;3
72300;BOT_TAKER;SUBMISSION;GALAXY_SOUNDS_BLACK_HOLES;XIRECS;12390.0;2
72300;BOT_TAKER;BOT_MAKER;GALAXY_SOUNDS_BLACK_HOLES;XIRECS;12391.0;1
72300;BOT_TAKER;SUBMISSION;GALAXY_SOUNDS_PLANETARY_RINGS;XIRECS;11321.0;2
72300;BOT_TAKER;BOT_MAKER;GALAXY_SOUNDS_PLANETARY_RINGS;XIRECS;11322.0;1
72300;BOT_TAKER;SUBMISSION;GALAXY_SOUNDS_SOLAR_WINDS;XIRECS;10621.0;2
72300;BOT_TAKER;BOT_MAKER;GALAXY_SOUNDS_SOLAR_WINDS;XIRECS;10622.0;1
72300;BOT_TAKER;BOT_MAKER;GALAXY_SOUNDS_SOLAR_FLAMES;XIRECS;10656.0;3
72300;BOT_TAKER;BOT_MAKER;SLEEP_POD_SUEDE;XIRECS;11965.0;3
72300;BOT_TAKER;BOT_MAKER;SLEEP_POD_LAMB_WOOL;XIRECS;10825.0;3
72300;BOT_TAKER;SUBMISSION;SLEEP_POD_POLYESTER;XIRECS;13121.0;2
72300;BOT_TAKER;BOT_MAKER;SLEEP_POD_POLYESTER;XIRECS;13122.0;1
72300;BOT_TAKER;SUBMISSION;SLEEP_POD_NYLON;XIRECS;9692.0;3
72300;BOT_TAKER;SUBMISSION;SLEEP_POD_COTTON;XIRECS;12626.0;2
72300;BOT_TAKER;BOT_MAKER;SLEEP_POD_COTTON;XIRECS;12627.0;1
72300;BOT_TAKER;BOT_MAKER;ROBOT_VACUUMING;XIRECS;8861.0;3
72300;BOT_TAKER;SUBMISSION;ROBOT_MOPPING;XIRECS;12125.0;2
72300;BOT_TAKER;BOT_MAKER;ROBOT_MOPPING;XIRECS;12126.0;1
72300;BOT_TAKER;BOT_MAKER;ROBOT_DISHES;XIRECS;10774.0;3
72300;BOT_TAKER;BOT_MAKER;ROBOT_LAUNDRY;XIRECS;9158.0;3
72300;BOT_TAKER;SUBMISSION;ROBOT_IRONING;XIRECS;7429.0;2
72300;BOT_TAKER;BOT_MAKER;ROBOT_IRONING;XIRECS;7430.0;1
72300;BOT_TAKER;SUBMISSION;UV_VISOR_YELLOW;XIRECS;12136.0;2
72300;BOT_TAKER;BOT_MAKER;UV_VISOR_YELLOW;XIRECS;12137.0;1
72300;BOT_TAKER;SUBMISSION;UV_VISOR_AMBER;XIRECS;7611.0;2
72300;BOT_TAKER;BOT_MAKER;UV_VISOR_AMBER;XIRECS;7612.0;1
72300;BOT_TAKER;SUBMISSION;UV_VISOR_ORANGE;XIRECS;10378.0;2
72300;BOT_TAKER;BOT_MAKER;UV_VISOR_ORANGE;XIRECS;10379.0;1
72300;BOT_TAKER;BOT_MAKER;UV_VISOR_RED;XIRECS;11290.0;3
72300;BOT_TAKER;BOT_MAKER;UV_VISOR_MAGENTA;XIRECS;11603.0;3
72300;BOT_TAKER;SUBMISSION;TRANSLATOR_SPACE_GRAY;XIRECS;10102.0;2
72300;BOT_TAKER;BOT_MAKER;TRANSLATOR_SPACE_GRAY;XIRECS;10103.0;1
72300;BOT_TAKER;SUBMISSION;TRANSLATOR_ASTRO_BLACK;XIRECS;9223.0;2
72300;BOT_TAKER;BOT_MAKER;TRANSLATOR_ASTRO_BLACK;XIRECS;9224.0;1
72300;BOT_TAKER;BOT_MAKER;TRANSLATOR_ECLIPSE_CHARCOAL;XIRECS;10061.0;3
72300;BOT_TAKER;SUBMISSION;TRANSLATOR_GRAPHITE_MIST;XIRECS;11159.0;2
72300;BOT_TAKER;BOT_MAKER;TRANSLATOR_GRAPHITE_MIST;XIRECS;11160.0;1
72300;BOT_TAKER;BOT_MAKER;TRANSLATOR_VOID_BLUE;XIRECS;11046.0;3
72300;BOT_TAKER;SUBMISSION;PANEL_1X2;XIRECS;9057.0;2
72300;BOT_TAKER;BOT_MAKER;PANEL_1X2;XIRECS;9058.0;1
72300;BOT_TAKER;SUBMISSION;PANEL_2X2;XIRECS;9444.0;2
72300;BOT_TAKER;BOT_MAKER;PANEL_2X2;XIRECS;9445.0;1
72300;BOT_TAKER;SUBMISSION;PANEL_1X4;XIRECS;9076.0;2
72300;BOT_TAKER;BOT_MAKER;PANEL_1X4;XIRECS;9077.0;1
72300;BOT_TAKER;BOT_MAKER;PANEL_2X4;XIRECS;11403.0;3
72300;BOT_TAKER;SUBMISSION;PANEL_4X4;XIRECS;10165.0;2
72300;BOT_TAKER;BOT_MAKER;PANEL_4X4;XIRECS;10166.0;1
72300;BOT_TAKER;SUBMISSION;OXYGEN_SHAKE_MORNING_BREATH;XIRECS;9345.0;2
72300;BOT_TAKER;BOT_MAKER;OXYGEN_SHAKE_MORNING_BREATH;XIRECS;9346.0;1
72300;BOT_TAKER;SUBMISSION;OXYGEN_SHAKE_EVENING_BREATH;XIRECS;9817.0;2
72300;BOT_TAKER;BOT_MAKER;OXYGEN_SHAKE_EVENING_BREATH;XIRECS;9818.0;1
72300;BOT_TAKER;SUBMISSION;OXYGEN_SHAKE_MINT;XIRECS;9965.0;2
72300;BOT_TAKER;BOT_MAKER;OXYGEN_SHAKE_MINT;XIRECS;9966.0;1
72300;BOT_TAKER;BOT_MAKER;OXYGEN_SHAKE_CHOCOLATE;XIRECS;9620.0;3
72300;BOT_TAKER;SUBMISSION;OXYGEN_SHAKE_GARLIC;XIRECS;12890.0;2
72300;BOT_TAKER;BOT_MAKER;OXYGEN_SHAKE_GARLIC;XIRECS;12891.0;1
72300;BOT_TAKER;BOT_MAKER;SNACKPACK_CHOCOLATE;XIRECS;9852.0;3
72300;BOT_TAKER;BOT_MAKER;SNACKPACK_VANILLA;XIRECS;10049.0;3
72300;BOT_TAKER;BOT_MAKER;SNACKPACK_PISTACHIO;XIRECS;9313.0;3
72300;BOT_TAKER;BOT_MAKER;SNACKPACK_STRAWBERRY;XIRECS;10791.0;3
72300;BOT_TAKER;SUBMISSION;SNACKPACK_RASPBERRY;XIRECS;10242.0;3
76600;SUBMISSION;BOT_TAKER;PEBBLES_XS;XIRECS;5663.0;2
76600;SUBMISSION;BOT_TAKER;PEBBLES_S;XIRECS;8370.0;2
76600;SUBMISSION;BOT_TAKER;PEBBLES_M;XIRECS;10784.0;2
76600;SUBMISSION;BOT_TAKER;PEBBLES_L;XIRECS;11187.0;2
76600;BOT_MAKER;BOT_TAKER;PEBBLES_XL;XIRECS;13968.0;2
77600;BOT_TAKER;BOT_MAKER;GALAXY_SOUNDS_DARK_MATTER;XIRECS;10709.0;4
77600;BOT_TAKER;SUBMISSION;GALAXY_SOUNDS_BLACK_HOLES;XIRECS;12487.0;2
77600;BOT_TAKER;BOT_MAKER;GALAXY_SOUNDS_BLACK_HOLES;XIRECS;12488.0;2
77600;BOT_TAKER;SUBMISSION;GALAXY_SOUNDS_PLANETARY_RINGS;XIRECS;11199.0;2
77600;BOT_TAKER;BOT_MAKER;GALAXY_SOUNDS_PLANETARY_RINGS;XIRECS;11200.0;2
77600;BOT_TAKER;SUBMISSION;GALAXY_SOUNDS_SOLAR_WINDS;XIRECS;10513.0;2
77600;BOT_TAKER;BOT_MAKER;GALAXY_SOUNDS_SOLAR_WINDS;XIRECS;10514.0;2
77600;BOT_TAKER;SUBMISSION;GALAXY_SOUNDS_SOLAR_FLAMES;XIRECS;10741.0;4
77600;BOT_TAKER;BOT_MAKER;SLEEP_POD_SUEDE;XIRECS;11855.0;4
77600;BOT_TAKER;BOT_MAKER;SLEEP_POD_LAMB_WOOL;XIRECS;10810.0;4
77600;BOT_TAKER;SUBMISSION;SLEEP_POD_POLYESTER;XIRECS;13157.0;2
77600;BOT_TAKER;BOT_MAKER;SLEEP_POD_POLYESTER;XIRECS;13158.0;2
77600;BOT_TAKER;BOT_MAKER;SLEEP_POD_NYLON;XIRECS;9671.0;4
77600;BOT_TAKER;SUBMISSION;SLEEP_POD_COTTON;XIRECS;12655.0;2
77600;BOT_TAKER;BOT_MAKER;SLEEP_POD_COTTON;XIRECS;12656.0;2
77600;BOT_TAKER;BOT_MAKER;ROBOT_VACUUMING;XIRECS;8881.0;4
77600;BOT_TAKER;SUBMISSION;ROBOT_MOPPING;XIRECS;12257.0;2
77600;BOT_TAKER;BOT_MAKER;ROBOT_MOPPING;XIRECS;12258.0;2
77600;BOT_TAKER;BOT_MAKER;ROBOT_DISHES;XIRECS;10745.0;4
77600;BOT_TAKER;BOT_MAKER;ROBOT_LAUNDRY;XIRECS;9223.0;4
77600;BOT_TAKER;SUBMISSION;ROBOT_IRONING;XIRECS;7329.0;2
77600;BOT_TAKER;BOT_MAKER;ROBOT_IRONING;XIRECS;7330.0;2
77600;BOT_TAKER;SUBMISSION;UV_VISOR_YELLOW;XIRECS;12102.0;2
77600;BOT_TAKER;BOT_MAKER;UV_VISOR_YELLOW;XIRECS;12103.0;2
77600;BOT_TAKER;SUBMISSION;UV_VISOR_AMBER;XIRECS;7527.0;2
77600;BOT_TAKER;BOT_MAKER;UV_VISOR_AMBER;XIRECS;7528.0;2
77600;BOT_TAKER;SUBMISSION;UV_VISOR_ORANGE;XIRECS;10405.0;2
77600;BOT_TAKER;BOT_MAKER;UV_VISOR_ORANGE;XIRECS;10406.0;2
77600;BOT_TAKER;BOT_MAKER;UV_VISOR_RED;XIRECS;11168.0;4
77600;BOT_TAKER;BOT_MAKER;UV_VISOR_MAGENTA;XIRECS;11504.0;4
77600;BOT_TAKER;SUBMISSION;TRANSLATOR_SPACE_GRAY;XIRECS;9998.0;2
77600;BOT_TAKER;BOT_MAKER;TRANSLATOR_SPACE_GRAY;XIRECS;9999.0;2
77600;BOT_TAKER;BOT_MAKER;TRANSLATOR_ASTRO_BLACK;XIRECS;9278.0;4
77600;BOT_TAKER;BOT_MAKER;TRANSLATOR_ECLIPSE_CHARCOAL;XIRECS;10032.0;4
77600;BOT_TAKER;SUBMISSION;TRANSLATOR_GRAPHITE_MIST;XIRECS;11196.0;2
77600;BOT_TAKER;BOT_MAKER;TRANSLATOR_GRAPHITE_MIST;XIRECS;11197.0;2
77600;BOT_TAKER;BOT_MAKER;TRANSLATOR_VOID_BLUE;XIRECS;11085.0;4
77600;BOT_TAKER;SUBMISSION;PANEL_1X2;XIRECS;9172.0;2
77600;BOT_TAKER;BOT_MAKER;PANEL_1X2;XIRECS;9173.0;2
77600;BOT_TAKER;SUBMISSION;PANEL_2X2;XIRECS;9313.0;2
77600;BOT_TAKER;BOT_MAKER;PANEL_2X2;XIRECS;9314.0;2
77600;BOT_TAKER;SUBMISSION;PANEL_1X4;XIRECS;9173.0;2
77600;BOT_TAKER;BOT_MAKER;PANEL_1X4;XIRECS;9174.0;2
77600;BOT_TAKER;SUBMISSION;PANEL_2X4;XIRECS;11518.0;4
77600;BOT_TAKER;SUBMISSION;PANEL_4X4;XIRECS;10191.0;2
77600;BOT_TAKER;BOT_MAKER;PANEL_4X4;XIRECS;10192.0;2
77600;BOT_TAKER;SUBMISSION;OXYGEN_SHAKE_MORNING_BREATH;XIRECS;9340.0;2
77600;BOT_TAKER;BOT_MAKER;OXYGEN_SHAKE_MORNING_BREATH;XIRECS;9341.0;2
77600;BOT_TAKER;SUBMISSION;OXYGEN_SHAKE_EVENING_BREATH;XIRECS;9917.0;2
77600;BOT_TAKER;BOT_MAKER;OXYGEN_SHAKE_EVENING_BREATH;XIRECS;9918.0;2
77600;BOT_TAKER;SUBMISSION;OXYGEN_SHAKE_MINT;XIRECS;9922.0;2
77600;BOT_TAKER;BOT_MAKER;OXYGEN_SHAKE_MINT;XIRECS;9923.0;2
77600;BOT_TAKER;BOT_MAKER;OXYGEN_SHAKE_CHOCOLATE;XIRECS;9584.0;4
77600;BOT_TAKER;SUBMISSION;OXYGEN_SHAKE_GARLIC;XIRECS;13071.0;2
77600;BOT_TAKER;BOT_MAKER;OXYGEN_SHAKE_GARLIC;XIRECS;13072.0;2
77600;BOT_TAKER;BOT_MAKER;SNACKPACK_CHOCOLATE;XIRECS;9874.0;4
77600;BOT_TAKER;BOT_MAKER;SNACKPACK_VANILLA;XIRECS;9990.0;4
77600;BOT_TAKER;BOT_MAKER;SNACKPACK_PISTACHIO;XIRECS;9261.0;4
77600;BOT_TAKER;BOT_MAKER;SNACKPACK_STRAWBERRY;XIRECS;10731.0;4
77600;BOT_TAKER;SUBMISSION;SNACKPACK_RASPBERRY;XIRECS;10288.0;4
78600;BOT_MAKER;BOT_TAKER;GALAXY_SOUNDS_DARK_MATTER;XIRECS;10719.0;2
78600;SUBMISSION;BOT_TAKER;GALAXY_SOUNDS_BLACK_HOLES;XIRECS;12391.0;2
78600;SUBMISSION;BOT_TAKER;GALAXY_SOUNDS_PLANETARY_RINGS;XIRECS;11179.0;2
78600;SUBMISSION;BOT_TAKER;GALAXY_SOUNDS_SOLAR_WINDS;XIRECS;10495.0;2
78600;BOT_MAKER;BOT_TAKER;GALAXY_SOUNDS_SOLAR_FLAMES;XIRECS;10792.0;2
78600;BOT_MAKER;BOT_TAKER;SLEEP_POD_SUEDE;XIRECS;11897.0;2
78600;SUBMISSION;BOT_TAKER;SLEEP_POD_LAMB_WOOL;XIRECS;10786.0;2
78600;SUBMISSION;BOT_TAKER;SLEEP_POD_POLYESTER;XIRECS;13168.0;2
78600;SUBMISSION;BOT_TAKER;SLEEP_POD_NYLON;XIRECS;9654.0;2
78600;SUBMISSION;BOT_TAKER;SLEEP_POD_COTTON;XIRECS;12689.0;2
78600;BOT_MAKER;BOT_TAKER;ROBOT_VACUUMING;XIRECS;8908.0;2
78600;SUBMISSION;BOT_TAKER;ROBOT_MOPPING;XIRECS;12274.0;2
78600;BOT_MAKER;BOT_TAKER;ROBOT_DISHES;XIRECS;10787.0;2
78600;BOT_MAKER;BOT_TAKER;ROBOT_LAUNDRY;XIRECS;9239.0;2
78600;SUBMISSION;BOT_TAKER;ROBOT_IRONING;XIRECS;7327.0;2
78600;SUBMISSION;BOT_TAKER;UV_VISOR_YELLOW;XIRECS;12108.0;2
78600;SUBMISSION;BOT_TAKER;UV_VISOR_AMBER;XIRECS;7567.0;2
78600;SUBMISSION;BOT_TAKER;UV_VISOR_ORANGE;XIRECS;10334.0;2
78600;BOT_MAKER;BOT_TAKER;UV_VISOR_RED;XIRECS;11142.0;2
78600;SUBMISSION;BOT_TAKER;UV_VISOR_MAGENTA;XIRECS;11538.0;2
78600;SUBMISSION;BOT_TAKER;TRANSLATOR_SPACE_GRAY;XIRECS;9925.0;2
78600;BOT_MAKER;BOT_TAKER;TRANSLATOR_ASTRO_BLACK;XIRECS;9293.0;2
78600;BOT_MAKER;BOT_TAKER;TRANSLATOR_ECLIPSE_CHARCOAL;XIRECS;9962.0;2
78600;SUBMISSION;BOT_TAKER;TRANSLATOR_GRAPHITE_MIST;XIRECS;11226.0;2
78600;BOT_MAKER;BOT_TAKER;TRANSLATOR_VOID_BLUE;XIRECS;11065.0;2
78600;SUBMISSION;BOT_TAKER;PANEL_1X2;XIRECS;9181.0;2
78600;SUBMISSION;BOT_TAKER;PANEL_2X2;XIRECS;9260.0;2
78600;SUBMISSION;BOT_TAKER;PANEL_1X4;XIRECS;9194.0;2
78600;BOT_MAKER;BOT_TAKER;PANEL_2X4;XIRECS;11545.0;2
78600;SUBMISSION;BOT_TAKER;PANEL_4X4;XIRECS;10217.0;2
78600;SUBMISSION;BOT_TAKER;OXYGEN_SHAKE_MORNING_BREATH;XIRECS;9290.0;2
78600;SUBMISSION;BOT_TAKER;OXYGEN_SHAKE_EVENING_BREATH;XIRECS;9905.0;2
78600;SUBMISSION;BOT_TAKER;OXYGEN_SHAKE_MINT;XIRECS;9940.0;2
78600;BOT_MAKER;BOT_TAKER;OXYGEN_SHAKE_CHOCOLATE;XIRECS;9595.0;2
78600;SUBMISSION;BOT_TAKER;OXYGEN_SHAKE_GARLIC;XIRECS;13100.0;2
78600;SUBMISSION;BOT_TAKER;SNACKPACK_CHOCOLATE;XIRECS;9821.0;2
78600;SUBMISSION;BOT_TAKER;SNACKPACK_VANILLA;XIRECS;10008.0;2
78600;SUBMISSION;BOT_TAKER;SNACKPACK_PISTACHIO;XIRECS;9270.0;2
78600;BOT_MAKER;BOT_TAKER;SNACKPACK_STRAWBERRY;XIRECS;10735.0;2
78600;BOT_MAKER;BOT_TAKER;SNACKPACK_RASPBERRY;XIRECS;10247.0;2
82700;BOT_TAKER;SUBMISSION;MICROCHIP_CIRCLE;XIRECS;8978.0;2
82700;BOT_TAKER;SUBMISSION;MICROCHIP_OVAL;XIRECS;6671.0;2
82700;BOT_TAKER;SUBMISSION;MICROCHIP_SQUARE;XIRECS;15361.0;2
82700;BOT_TAKER;SUBMISSION;MICROCHIP_RECTANGLE;XIRECS;7962.0;2
82700;BOT_TAKER;SUBMISSION;MICROCHIP_TRIANGLE;XIRECS;8974.0;2
84000;SUBMISSION;BOT_TAKER;PEBBLES_XS;XIRECS;5605.0;2
84000;SUBMISSION;BOT_TAKER;PEBBLES_S;XIRECS;8281.0;1
84000;BOT_MAKER;BOT_TAKER;PEBBLES_S;XIRECS;8280.0;1
84000;SUBMISSION;BOT_TAKER;PEBBLES_M;XIRECS;10800.0;2
84000;SUBMISSION;BOT_TAKER;PEBBLES_L;XIRECS;11346.0;2
84000;BOT_MAKER;BOT_TAKER;PEBBLES_XL;XIRECS;13942.0;2
86700;BOT_TAKER;BOT_MAKER;GALAXY_SOUNDS_DARK_MATTER;XIRECS;10533.0;3
86700;BOT_TAKER;SUBMISSION;GALAXY_SOUNDS_BLACK_HOLES;XIRECS;12408.0;2
86700;BOT_TAKER;BOT_MAKER;GALAXY_SOUNDS_BLACK_HOLES;XIRECS;12409.0;1
86700;BOT_TAKER;SUBMISSION;GALAXY_SOUNDS_PLANETARY_RINGS;XIRECS;11265.0;2
86700;BOT_TAKER;BOT_MAKER;GALAXY_SOUNDS_PLANETARY_RINGS;XIRECS;11266.0;1
86700;BOT_TAKER;SUBMISSION;GALAXY_SOUNDS_SOLAR_WINDS;XIRECS;10601.0;2
86700;BOT_TAKER;BOT_MAKER;GALAXY_SOUNDS_SOLAR_WINDS;XIRECS;10602.0;1
86700;BOT_TAKER;BOT_MAKER;GALAXY_SOUNDS_SOLAR_FLAMES;XIRECS;10575.0;3
86700;BOT_TAKER;BOT_MAKER;SLEEP_POD_SUEDE;XIRECS;12004.0;3
86700;BOT_TAKER;BOT_MAKER;SLEEP_POD_LAMB_WOOL;XIRECS;10775.0;3
86700;BOT_TAKER;SUBMISSION;SLEEP_POD_POLYESTER;XIRECS;13023.0;2
86700;BOT_TAKER;BOT_MAKER;SLEEP_POD_POLYESTER;XIRECS;13024.0;1
86700;BOT_TAKER;SUBMISSION;SLEEP_POD_NYLON;XIRECS;9742.0;3
86700;BOT_TAKER;SUBMISSION;SLEEP_POD_COTTON;XIRECS;12741.0;2
86700;BOT_TAKER;BOT_MAKER;SLEEP_POD_COTTON;XIRECS;12742.0;1
86700;BOT_TAKER;BOT_MAKER;ROBOT_VACUUMING;XIRECS;8880.0;3
86700;BOT_TAKER;SUBMISSION;ROBOT_MOPPING;XIRECS;12354.0;2
86700;BOT_TAKER;BOT_MAKER;ROBOT_MOPPING;XIRECS;12355.0;1
86700;BOT_TAKER;BOT_MAKER;ROBOT_DISHES;XIRECS;10883.0;3
86700;BOT_TAKER;BOT_MAKER;ROBOT_LAUNDRY;XIRECS;9285.0;3
86700;BOT_TAKER;SUBMISSION;ROBOT_IRONING;XIRECS;7693.0;2
86700;BOT_TAKER;BOT_MAKER;ROBOT_IRONING;XIRECS;7694.0;1
86700;BOT_TAKER;SUBMISSION;UV_VISOR_YELLOW;XIRECS;12046.0;2
86700;BOT_TAKER;BOT_MAKER;UV_VISOR_YELLOW;XIRECS;12047.0;1
86700;BOT_TAKER;SUBMISSION;UV_VISOR_AMBER;XIRECS;7665.0;2
86700;BOT_TAKER;BOT_MAKER;UV_VISOR_AMBER;XIRECS;7666.0;1
86700;BOT_TAKER;SUBMISSION;UV_VISOR_ORANGE;XIRECS;10250.0;2
86700;BOT_TAKER;BOT_MAKER;UV_VISOR_ORANGE;XIRECS;10251.0;1
86700;BOT_TAKER;BOT_MAKER;UV_VISOR_RED;XIRECS;11297.0;3
86700;BOT_TAKER;BOT_MAKER;UV_VISOR_MAGENTA;XIRECS;11493.0;3
86700;BOT_TAKER;SUBMISSION;TRANSLATOR_SPACE_GRAY;XIRECS;9882.0;2
86700;BOT_TAKER;BOT_MAKER;TRANSLATOR_SPACE_GRAY;XIRECS;9883.0;1
86700;BOT_TAKER;BOT_MAKER;TRANSLATOR_ASTRO_BLACK;XIRECS;9243.0;3
86700;BOT_TAKER;BOT_MAKER;TRANSLATOR_ECLIPSE_CHARCOAL;XIRECS;10074.0;3
86700;BOT_TAKER;SUBMISSION;TRANSLATOR_GRAPHITE_MIST;XIRECS;11094.0;2
86700;BOT_TAKER;BOT_MAKER;TRANSLATOR_GRAPHITE_MIST;XIRECS;11095.0;1
86700;BOT_TAKER;BOT_MAKER;TRANSLATOR_VOID_BLUE;XIRECS;11187.0;3
86700;BOT_TAKER;SUBMISSION;PANEL_1X2;XIRECS;9230.0;2
86700;BOT_TAKER;BOT_MAKER;PANEL_1X2;XIRECS;9231.0;1
86700;BOT_TAKER;SUBMISSION;PANEL_2X2;XIRECS;9245.0;2
86700;BOT_TAKER;BOT_MAKER;PANEL_2X2;XIRECS;9246.0;1
86700;BOT_TAKER;SUBMISSION;PANEL_1X4;XIRECS;9219.0;2
86700;BOT_TAKER;BOT_MAKER;PANEL_1X4;XIRECS;9220.0;1
86700;BOT_TAKER;SUBMISSION;PANEL_2X4;XIRECS;11565.0;3
86700;BOT_TAKER;SUBMISSION;PANEL_4X4;XIRECS;10086.0;2
86700;BOT_TAKER;BOT_MAKER;PANEL_4X4;XIRECS;10087.0;1
86700;BOT_TAKER;SUBMISSION;OXYGEN_SHAKE_MORNING_BREATH;XIRECS;9140.0;2
86700;BOT_TAKER;BOT_MAKER;OXYGEN_SHAKE_MORNING_BREATH;XIRECS;9141.0;1
86700;BOT_TAKER;SUBMISSION;OXYGEN_SHAKE_EVENING_BREATH;XIRECS;9709.0;2
86700;BOT_TAKER;BOT_MAKER;OXYGEN_SHAKE_EVENING_BREATH;XIRECS;9710.0;1
86700;BOT_TAKER;SUBMISSION;OXYGEN_SHAKE_MINT;XIRECS;9855.0;2
86700;BOT_TAKER;BOT_MAKER;OXYGEN_SHAKE_MINT;XIRECS;9856.0;1
86700;BOT_TAKER;BOT_MAKER;OXYGEN_SHAKE_CHOCOLATE;XIRECS;9645.0;3
86700;BOT_TAKER;SUBMISSION;OXYGEN_SHAKE_GARLIC;XIRECS;13023.0;2
86700;BOT_TAKER;BOT_MAKER;OXYGEN_SHAKE_GARLIC;XIRECS;13024.0;1
86700;BOT_TAKER;BOT_MAKER;SNACKPACK_CHOCOLATE;XIRECS;9875.0;3
86700;BOT_TAKER;BOT_MAKER;SNACKPACK_VANILLA;XIRECS;9971.0;3
86700;BOT_TAKER;SUBMISSION;SNACKPACK_PISTACHIO;XIRECS;9354.0;3
86700;BOT_TAKER;BOT_MAKER;SNACKPACK_STRAWBERRY;XIRECS;10856.0;3
86700;BOT_TAKER;BOT_MAKER;SNACKPACK_RASPBERRY;XIRECS;10196.0;3
87100;BOT_TAKER;SUBMISSION;MICROCHIP_CIRCLE;XIRECS;8985.0;3
87100;BOT_TAKER;SUBMISSION;MICROCHIP_OVAL;XIRECS;6682.0;3
87100;BOT_TAKER;SUBMISSION;MICROCHIP_SQUARE;XIRECS;15322.0;3
87100;BOT_TAKER;SUBMISSION;MICROCHIP_RECTANGLE;XIRECS;7958.0;3
87100;BOT_TAKER;BOT_MAKER;MICROCHIP_TRIANGLE;XIRECS;8903.0;3
88300;BOT_TAKER;SUBMISSION;PEBBLES_XS;XIRECS;5511.0;2
88300;BOT_TAKER;BOT_MAKER;PEBBLES_XS;XIRECS;5512.0;2
88300;BOT_TAKER;BOT_MAKER;PEBBLES_S;XIRECS;8455.0;4
88300;BOT_TAKER;BOT_MAKER;PEBBLES_M;XIRECS;10801.0;4
88300;BOT_TAKER;SUBMISSION;PEBBLES_L;XIRECS;11223.0;2
88300;BOT_TAKER;BOT_MAKER;PEBBLES_L;XIRECS;11224.0;2
88300;BOT_TAKER;BOT_MAKER;PEBBLES_XL;XIRECS;14038.0;4
88900;BOT_TAKER;SUBMISSION;PEBBLES_XS;XIRECS;5428.0;2
88900;BOT_TAKER;BOT_MAKER;PEBBLES_S;XIRECS;8451.0;2
88900;BOT_TAKER;BOT_MAKER;PEBBLES_M;XIRECS;10818.0;2
88900;BOT_TAKER;SUBMISSION;PEBBLES_L;XIRECS;11189.0;2
88900;BOT_TAKER;BOT_MAKER;PEBBLES_XL;XIRECS;14142.0;2
91100;SUBMISSION;BOT_TAKER;PEBBLES_XS;XIRECS;5476.0;2
91100;BOT_MAKER;BOT_TAKER;PEBBLES_S;XIRECS;8347.0;2
91100;SUBMISSION;BOT_TAKER;PEBBLES_M;XIRECS;10782.0;1
91100;BOT_MAKER;BOT_TAKER;PEBBLES_M;XIRECS;10781.0;1
91100;SUBMISSION;BOT_TAKER;PEBBLES_L;XIRECS;11181.0;2
91100;BOT_MAKER;BOT_TAKER;PEBBLES_XL;XIRECS;14186.0;2
93000;BOT_TAKER;BOT_MAKER;GALAXY_SOUNDS_DARK_MATTER;XIRECS;10473.0;2
93000;BOT_TAKER;SUBMISSION;GALAXY_SOUNDS_BLACK_HOLES;XIRECS;12426.0;1
93000;BOT_TAKER;BOT_MAKER;GALAXY_SOUNDS_BLACK_HOLES;XIRECS;12427.0;1
93000;BOT_TAKER;SUBMISSION;GALAXY_SOUNDS_PLANETARY_RINGS;XIRECS;11161.0;1
93000;BOT_TAKER;BOT_MAKER;GALAXY_SOUNDS_PLANETARY_RINGS;XIRECS;11162.0;1
93000;BOT_TAKER;SUBMISSION;GALAXY_SOUNDS_SOLAR_WINDS;XIRECS;10780.0;1
93000;BOT_TAKER;BOT_MAKER;GALAXY_SOUNDS_SOLAR_WINDS;XIRECS;10781.0;1
93000;BOT_TAKER;BOT_MAKER;GALAXY_SOUNDS_SOLAR_FLAMES;XIRECS;10772.0;2
93000;BOT_TAKER;BOT_MAKER;SLEEP_POD_SUEDE;XIRECS;12052.0;2
93000;BOT_TAKER;SUBMISSION;SLEEP_POD_LAMB_WOOL;XIRECS;10869.0;2
93000;BOT_TAKER;SUBMISSION;SLEEP_POD_POLYESTER;XIRECS;13030.0;1
93000;BOT_TAKER;BOT_MAKER;SLEEP_POD_POLYESTER;XIRECS;13031.0;1
93000;BOT_TAKER;SUBMISSION;SLEEP_POD_NYLON;XIRECS;9807.0;2
93000;BOT_TAKER;SUBMISSION;SLEEP_POD_COTTON;XIRECS;12818.0;1
93000;BOT_TAKER;BOT_MAKER;SLEEP_POD_COTTON;XIRECS;12819.0;1
93000;BOT_TAKER;BOT_MAKER;ROBOT_VACUUMING;XIRECS;8925.0;2
93000;BOT_TAKER;SUBMISSION;ROBOT_MOPPING;XIRECS;12343.0;1
93000;BOT_TAKER;BOT_MAKER;ROBOT_MOPPING;XIRECS;12344.0;1
93000;BOT_TAKER;BOT_MAKER;ROBOT_DISHES;XIRECS;10871.0;2
93000;BOT_TAKER;BOT_MAKER;ROBOT_LAUNDRY;XIRECS;9281.0;2
93000;BOT_TAKER;SUBMISSION;ROBOT_IRONING;XIRECS;7620.0;1
93000;BOT_TAKER;BOT_MAKER;ROBOT_IRONING;XIRECS;7621.0;1
93000;BOT_TAKER;SUBMISSION;UV_VISOR_YELLOW;XIRECS;11947.0;1
93000;BOT_TAKER;BOT_MAKER;UV_VISOR_YELLOW;XIRECS;11948.0;1
93000;BOT_TAKER;SUBMISSION;UV_VISOR_AMBER;XIRECS;7693.0;1
93000;BOT_TAKER;BOT_MAKER;UV_VISOR_AMBER;XIRECS;7694.0;1
93000;BOT_TAKER;SUBMISSION;UV_VISOR_ORANGE;XIRECS;10203.0;1
93000;BOT_TAKER;BOT_MAKER;UV_VISOR_ORANGE;XIRECS;10204.0;1
93000;BOT_TAKER;BOT_MAKER;UV_VISOR_RED;XIRECS;11234.0;2
93000;BOT_TAKER;BOT_MAKER;UV_VISOR_MAGENTA;XIRECS;11531.0;2
93000;BOT_TAKER;SUBMISSION;TRANSLATOR_SPACE_GRAY;XIRECS;9899.0;1
93000;BOT_TAKER;BOT_MAKER;TRANSLATOR_SPACE_GRAY;XIRECS;9900.0;1
93000;BOT_TAKER;BOT_MAKER;TRANSLATOR_ASTRO_BLACK;XIRECS;9211.0;2
93000;BOT_TAKER;BOT_MAKER;TRANSLATOR_ECLIPSE_CHARCOAL;XIRECS;10085.0;2
93000;BOT_TAKER;SUBMISSION;TRANSLATOR_GRAPHITE_MIST;XIRECS;10995.0;1
93000;BOT_TAKER;BOT_MAKER;TRANSLATOR_GRAPHITE_MIST;XIRECS;10996.0;1
93000;BOT_TAKER;BOT_MAKER;TRANSLATOR_VOID_BLUE;XIRECS;11186.0;2
93000;BOT_TAKER;SUBMISSION;PANEL_1X2;XIRECS;9217.0;1
93000;BOT_TAKER;BOT_MAKER;PANEL_1X2;XIRECS;9218.0;1
93000;BOT_TAKER;SUBMISSION;PANEL_2X2;XIRECS;9424.0;1
93000;BOT_TAKER;BOT_MAKER;PANEL_2X2;XIRECS;9425.0;1
93000;BOT_TAKER;SUBMISSION;PANEL_1X4;XIRECS;9077.0;1
93000;BOT_TAKER;BOT_MAKER;PANEL_1X4;XIRECS;9078.0;1
93000;BOT_TAKER;SUBMISSION;PANEL_2X4;XIRECS;11564.0;2
93000;BOT_TAKER;SUBMISSION;PANEL_4X4;XIRECS;10184.0;1
93000;BOT_TAKER;BOT_MAKER;PANEL_4X4;XIRECS;10185.0;1
93000;BOT_TAKER;SUBMISSION;OXYGEN_SHAKE_MORNING_BREATH;XIRECS;9024.0;1
93000;BOT_TAKER;BOT_MAKER;OXYGEN_SHAKE_MORNING_BREATH;XIRECS;9025.0;1
93000;BOT_TAKER;SUBMISSION;OXYGEN_SHAKE_EVENING_BREATH;XIRECS;9721.0;1
93000;BOT_TAKER;BOT_MAKER;OXYGEN_SHAKE_EVENING_BREATH;XIRECS;9722.0;1
93000;BOT_TAKER;SUBMISSION;OXYGEN_SHAKE_MINT;XIRECS;9898.0;1
93000;BOT_TAKER;BOT_MAKER;OXYGEN_SHAKE_MINT;XIRECS;9899.0;1
93000;BOT_TAKER;BOT_MAKER;OXYGEN_SHAKE_CHOCOLATE;XIRECS;9643.0;2
93000;BOT_TAKER;SUBMISSION;OXYGEN_SHAKE_GARLIC;XIRECS;13064.0;1
93000;BOT_TAKER;BOT_MAKER;OXYGEN_SHAKE_GARLIC;XIRECS;13065.0;1
93000;BOT_TAKER;BOT_MAKER;SNACKPACK_CHOCOLATE;XIRECS;9922.0;2
93000;BOT_TAKER;BOT_MAKER;SNACKPACK_VANILLA;XIRECS;9941.0;2
93000;BOT_TAKER;SUBMISSION;SNACKPACK_PISTACHIO;XIRECS;9384.0;2
93000;BOT_TAKER;BOT_MAKER;SNACKPACK_STRAWBERRY;XIRECS;10911.0;2
93000;BOT_TAKER;BOT_MAKER;SNACKPACK_RASPBERRY;XIRECS;10160.0;2
93800;SUBMISSION;BOT_TAKER;MICROCHIP_CIRCLE;XIRECS;9130.0;1
93800;SUBMISSION;BOT_TAKER;MICROCHIP_OVAL;XIRECS;6622.0;1
93800;SUBMISSION;BOT_TAKER;MICROCHIP_SQUARE;XIRECS;15094.0;1
93800;BOT_MAKER;BOT_TAKER;MICROCHIP_RECTANGLE;XIRECS;7996.0;1
93800;SUBMISSION;BOT_TAKER;MICROCHIP_TRIANGLE;XIRECS;8861.0;1
94900;BOT_TAKER;BOT_MAKER;GALAXY_SOUNDS_DARK_MATTER;XIRECS;10469.0;3
94900;BOT_TAKER;BOT_MAKER;GALAXY_SOUNDS_BLACK_HOLES;XIRECS;12406.0;3
94900;BOT_TAKER;BOT_MAKER;GALAXY_SOUNDS_PLANETARY_RINGS;XIRECS;11124.0;3
94900;BOT_TAKER;BOT_MAKER;GALAXY_SOUNDS_SOLAR_WINDS;XIRECS;10816.0;3
94900;BOT_TAKER;BOT_MAKER;GALAXY_SOUNDS_SOLAR_FLAMES;XIRECS;10768.0;3
94900;BOT_TAKER;SUBMISSION;SLEEP_POD_SUEDE;XIRECS;12060.0;2
94900;BOT_TAKER;BOT_MAKER;SLEEP_POD_SUEDE;XIRECS;12061.0;1
94900;BOT_TAKER;BOT_MAKER;SLEEP_POD_LAMB_WOOL;XIRECS;10787.0;3
94900;BOT_TAKER;BOT_MAKER;SLEEP_POD_POLYESTER;XIRECS;12976.0;3
94900;BOT_TAKER;SUBMISSION;SLEEP_POD_NYLON;XIRECS;9803.0;3
94900;BOT_TAKER;BOT_MAKER;SLEEP_POD_COTTON;XIRECS;12824.0;3
94900;BOT_TAKER;BOT_MAKER;ROBOT_VACUUMING;XIRECS;8832.0;3
94900;BOT_TAKER;BOT_MAKER;ROBOT_MOPPING;XIRECS;12399.0;3
94900;BOT_TAKER;BOT_MAKER;ROBOT_DISHES;XIRECS;10897.0;3
94900;BOT_TAKER;BOT_MAKER;ROBOT_LAUNDRY;XIRECS;9334.0;3
94900;BOT_TAKER;BOT_MAKER;ROBOT_IRONING;XIRECS;7635.0;3
94900;BOT_TAKER;BOT_MAKER;UV_VISOR_YELLOW;XIRECS;11949.0;3
94900;BOT_TAKER;BOT_MAKER;UV_VISOR_AMBER;XIRECS;7697.0;3
94900;BOT_TAKER;BOT_MAKER;UV_VISOR_ORANGE;XIRECS;10181.0;3
94900;BOT_TAKER;BOT_MAKER;UV_VISOR_RED;XIRECS;11281.0;3
94900;BOT_TAKER;BOT_MAKER;UV_VISOR_MAGENTA;XIRECS;11489.0;3
94900;BOT_TAKER;BOT_MAKER;TRANSLATOR_SPACE_GRAY;XIRECS;9807.0;3
94900;BOT_TAKER;BOT_MAKER;TRANSLATOR_ASTRO_BLACK;XIRECS;9229.0;3
94900;BOT_TAKER;BOT_MAKER;TRANSLATOR_ECLIPSE_CHARCOAL;XIRECS;10143.0;3
94900;BOT_TAKER;BOT_MAKER;TRANSLATOR_GRAPHITE_MIST;XIRECS;11021.0;3
94900;BOT_TAKER;BOT_MAKER;TRANSLATOR_VOID_BLUE;XIRECS;11168.0;3
94900;BOT_TAKER;BOT_MAKER;PANEL_1X2;XIRECS;9239.0;3
94900;BOT_TAKER;BOT_MAKER;PANEL_2X2;XIRECS;9467.0;3
94900;BOT_TAKER;BOT_MAKER;PANEL_1X4;XIRECS;9159.0;3
94900;BOT_TAKER;SUBMISSION;PANEL_2X4;XIRECS;11640.0;3
94900;BOT_TAKER;BOT_MAKER;PANEL_4X4;XIRECS;10177.0;3
94900;BOT_TAKER;BOT_MAKER;OXYGEN_SHAKE_MORNING_BREATH;XIRECS;9036.0;3
94900;BOT_TAKER;BOT_MAKER;OXYGEN_SHAKE_EVENING_BREATH;XIRECS;9823.0;3
94900;BOT_TAKER;BOT_MAKER;OXYGEN_SHAKE_MINT;XIRECS;9900.0;3
94900;BOT_TAKER;BOT_MAKER;OXYGEN_SHAKE_CHOCOLATE;XIRECS;9650.0;3
94900;BOT_TAKER;BOT_MAKER;OXYGEN_SHAKE_GARLIC;XIRECS;13134.0;3
94900;BOT_TAKER;BOT_MAKER;SNACKPACK_CHOCOLATE;XIRECS;9898.0;3
94900;BOT_TAKER;BOT_MAKER;SNACKPACK_VANILLA;XIRECS;9958.0;3
94900;BOT_TAKER;SUBMISSION;SNACKPACK_PISTACHIO;XIRECS;9360.0;3
94900;BOT_TAKER;BOT_MAKER;SNACKPACK_STRAWBERRY;XIRECS;10864.0;3
94900;BOT_TAKER;BOT_MAKER;SNACKPACK_RASPBERRY;XIRECS;10200.0;3
95600;BOT_TAKER;SUBMISSION;PEBBLES_XS;XIRECS;5480.0;2
95600;BOT_TAKER;BOT_MAKER;PEBBLES_XS;XIRECS;5481.0;1
95600;BOT_TAKER;BOT_MAKER;PEBBLES_S;XIRECS;8228.0;3
95600;BOT_TAKER;BOT_MAKER;PEBBLES_M;XIRECS;10757.0;3
95600;BOT_TAKER;SUBMISSION;PEBBLES_L;XIRECS;11303.0;2
95600;BOT_TAKER;BOT_MAKER;PEBBLES_L;XIRECS;11304.0;1
95600;BOT_TAKER;BOT_MAKER;PEBBLES_XL;XIRECS;14261.0;3
95900;BOT_TAKER;SUBMISSION;PEBBLES_XS;XIRECS;5442.0;2
95900;BOT_TAKER;BOT_MAKER;PEBBLES_XS;XIRECS;5443.0;3
95900;BOT_TAKER;BOT_MAKER;PEBBLES_S;XIRECS;8185.0;5
95900;BOT_TAKER;BOT_MAKER;PEBBLES_M;XIRECS;10813.0;5
95900;BOT_TAKER;SUBMISSION;PEBBLES_L;XIRECS;11319.0;2
95900;BOT_TAKER;BOT_MAKER;PEBBLES_L;XIRECS;11320.0;3
95900;BOT_TAKER;BOT_MAKER;PEBBLES_XL;XIRECS;14269.0;5
96000;SUBMISSION;BOT_TAKER;PEBBLES_XS;XIRECS;5438.0;4
96000;BOT_MAKER;BOT_TAKER;PEBBLES_S;XIRECS;8189.0;4
96000;BOT_MAKER;BOT_TAKER;PEBBLES_M;XIRECS;10806.0;4
96000;SUBMISSION;BOT_TAKER;PEBBLES_L;XIRECS;11308.0;4
96000;BOT_MAKER;BOT_TAKER;PEBBLES_XL;XIRECS;14230.0;4
96900;BOT_TAKER;SUBMISSION;PEBBLES_XS;XIRECS;5480.0;2
96900;BOT_TAKER;BOT_MAKER;PEBBLES_S;XIRECS;8178.0;2
96900;BOT_TAKER;BOT_MAKER;PEBBLES_M;XIRECS;10867.0;2
96900;BOT_TAKER;SUBMISSION;PEBBLES_L;XIRECS;11304.0;2
96900;BOT_TAKER;BOT_MAKER;PEBBLES_XL;XIRECS;14200.0;2
97900;BOT_TAKER;SUBMISSION;PEBBLES_XS;XIRECS;5435.0;2
97900;BOT_TAKER;BOT_MAKER;PEBBLES_XS;XIRECS;5436.0;3
97900;BOT_TAKER;BOT_MAKER;PEBBLES_S;XIRECS;8175.0;5
97900;BOT_TAKER;BOT_MAKER;PEBBLES_M;XIRECS;10811.0;5
97900;BOT_TAKER;SUBMISSION;PEBBLES_L;XIRECS;11312.0;2
97900;BOT_TAKER;BOT_MAKER;PEBBLES_L;XIRECS;11313.0;3
97900;BOT_TAKER;BOT_MAKER;PEBBLES_XL;XIRECS;14297.0;5
98200;SUBMISSION;BOT_TAKER;MICROCHIP_CIRCLE;XIRECS;9160.0;2
98200;BOT_MAKER;BOT_TAKER;MICROCHIP_CIRCLE;XIRECS;9159.0;1
98200;SUBMISSION;BOT_TAKER;MICROCHIP_OVAL;XIRECS;6540.0;2
98200;BOT_MAKER;BOT_TAKER;MICROCHIP_OVAL;XIRECS;6539.0;1
98200;SUBMISSION;BOT_TAKER;MICROCHIP_SQUARE;XIRECS;15059.0;2
98200;BOT_MAKER;BOT_TAKER;MICROCHIP_SQUARE;XIRECS;15058.0;1
98200;BOT_MAKER;BOT_TAKER;MICROCHIP_RECTANGLE;XIRECS;7878.0;3
98200;SUBMISSION;BOT_TAKER;MICROCHIP_TRIANGLE;XIRECS;8877.0;3
99300;BOT_TAKER;SUBMISSION;PEBBLES_XS;XIRECS;5427.0;2
99300;BOT_TAKER;BOT_MAKER;PEBBLES_XS;XIRECS;5428.0;1
99300;BOT_TAKER;BOT_MAKER;PEBBLES_S;XIRECS;8257.0;3
99300;BOT_TAKER;BOT_MAKER;PEBBLES_M;XIRECS;10765.0;3
99300;BOT_TAKER;SUBMISSION;PEBBLES_L;XIRECS;11220.0;2
99300;BOT_TAKER;BOT_MAKER;PEBBLES_L;XIRECS;11221.0;1
99300;BOT_TAKER;BOT_MAKER;PEBBLES_XL;XIRECS;14360.0;3
99400;BOT_TAKER;SUBMISSION;MICROCHIP_CIRCLE;XIRECS;9230.0;1
99400;BOT_TAKER;SUBMISSION;MICROCHIP_OVAL;XIRECS;6467.0;1
99400;BOT_TAKER;SUBMISSION;MICROCHIP_SQUARE;XIRECS;15058.0;1
99400;BOT_TAKER;SUBMISSION;MICROCHIP_RECTANGLE;XIRECS;7871.0;1
99400;BOT_TAKER;BOT_MAKER;MICROCHIP_TRIANGLE;XIRECS;8844.0;1
100000;BOT_TAKER;SUBMISSION;MICROCHIP_CIRCLE;XIRECS;9223.0;1
100000;BOT_TAKER;SUBMISSION;MICROCHIP_OVAL;XIRECS;6475.0;1
100000;BOT_TAKER;SUBMISSION;MICROCHIP_SQUARE;XIRECS;15059.0;1
100000;BOT_TAKER;BOT_MAKER;MICROCHIP_RECTANGLE;XIRECS;7832.0;1
100000;BOT_TAKER;BOT_MAKER;MICROCHIP_TRIANGLE;XIRECS;8866.0;1
100400;BOT_TAKER;SUBMISSION;PEBBLES_XS;XIRECS;5446.0;1
100400;BOT_TAKER;BOT_MAKER;PEBBLES_XS;XIRECS;5447.0;2
100400;BOT_TAKER;BOT_MAKER;PEBBLES_S;XIRECS;8262.0;3
100400;BOT_TAKER;BOT_MAKER;PEBBLES_M;XIRECS;10838.0;3
100400;BOT_TAKER;SUBMISSION;PEBBLES_L;XIRECS;11244.0;1
100400;BOT_TAKER;BOT_MAKER;PEBBLES_L;XIRECS;11245.0;2
100400;BOT_TAKER;BOT_MAKER;PEBBLES_XL;XIRECS;14239.0;3
101200;BOT_TAKER;BOT_MAKER;GALAXY_SOUNDS_DARK_MATTER;XIRECS;10509.0;1
101200;BOT_TAKER;BOT_MAKER;GALAXY_SOUNDS_BLACK_HOLES;XIRECS;12446.0;1
101200;BOT_TAKER;BOT_MAKER;GALAXY_SOUNDS_PLANETARY_RINGS;XIRECS;11154.0;1
101200;BOT_TAKER;BOT_MAKER;GALAXY_SOUNDS_SOLAR_WINDS;XIRECS;10729.0;1
101200;BOT_TAKER;BOT_MAKER;GALAXY_SOUNDS_SOLAR_FLAMES;XIRECS;10810.0;1
101200;BOT_TAKER;SUBMISSION;SLEEP_POD_SUEDE;XIRECS;12170.0;1
101200;BOT_TAKER;BOT_MAKER;SLEEP_POD_LAMB_WOOL;XIRECS;10803.0;1
101200;BOT_TAKER;BOT_MAKER;SLEEP_POD_POLYESTER;XIRECS;12870.0;1
101200;BOT_TAKER;SUBMISSION;SLEEP_POD_NYLON;XIRECS;9825.0;1
101200;BOT_TAKER;BOT_MAKER;SLEEP_POD_COTTON;XIRECS;12871.0;1
101200;BOT_TAKER;BOT_MAKER;ROBOT_VACUUMING;XIRECS;8767.0;1
101200;BOT_TAKER;BOT_MAKER;ROBOT_MOPPING;XIRECS;12297.0;1
101200;BOT_TAKER;BOT_MAKER;ROBOT_DISHES;XIRECS;10822.0;1
101200;BOT_TAKER;BOT_MAKER;ROBOT_LAUNDRY;XIRECS;9197.0;1
101200;BOT_TAKER;BOT_MAKER;ROBOT_IRONING;XIRECS;7544.0;1
101200;BOT_TAKER;BOT_MAKER;UV_VISOR_YELLOW;XIRECS;11955.0;1
101200;BOT_TAKER;BOT_MAKER;UV_VISOR_AMBER;XIRECS;7698.0;1
101200;BOT_TAKER;BOT_MAKER;UV_VISOR_ORANGE;XIRECS;10165.0;1
101200;BOT_TAKER;BOT_MAKER;UV_VISOR_RED;XIRECS;11304.0;1
101200;BOT_TAKER;BOT_MAKER;UV_VISOR_MAGENTA;XIRECS;11419.0;1
101200;BOT_TAKER;BOT_MAKER;TRANSLATOR_SPACE_GRAY;XIRECS;9796.0;1
101200;BOT_TAKER;BOT_MAKER;TRANSLATOR_ASTRO_BLACK;XIRECS;9096.0;1
101200;BOT_TAKER;BOT_MAKER;TRANSLATOR_ECLIPSE_CHARCOAL;XIRECS;10111.0;1
101200;BOT_TAKER;BOT_MAKER;TRANSLATOR_GRAPHITE_MIST;XIRECS;10957.0;1
101200;BOT_TAKER;BOT_MAKER;TRANSLATOR_VOID_BLUE;XIRECS;11382.0;1
101200;BOT_TAKER;BOT_MAKER;PANEL_1X2;XIRECS;9248.0;1
101200;BOT_TAKER;BOT_MAKER;PANEL_2X2;XIRECS;9413.0;1
101200;BOT_TAKER;BOT_MAKER;PANEL_1X4;XIRECS;9308.0;1
101200;BOT_TAKER;SUBMISSION;PANEL_2X4;XIRECS;11666.0;1
101200;BOT_TAKER;BOT_MAKER;PANEL_4X4;XIRECS;10131.0;1
101200;BOT_TAKER;BOT_MAKER;OXYGEN_SHAKE_MORNING_BREATH;XIRECS;9010.0;1
101200;BOT_TAKER;BOT_MAKER;OXYGEN_SHAKE_EVENING_BREATH;XIRECS;9762.0;1
101200;BOT_TAKER;BOT_MAKER;OXYGEN_SHAKE_MINT;XIRECS;9857.0;1
101200;BOT_TAKER;BOT_MAKER;OXYGEN_SHAKE_CHOCOLATE;XIRECS;9551.0;1
101200;BOT_TAKER;BOT_MAKER;OXYGEN_SHAKE_GARLIC;XIRECS;13236.0;1
101200;BOT_TAKER;BOT_MAKER;SNACKPACK_CHOCOLATE;XIRECS;9862.0;1
101200;BOT_TAKER;BOT_MAKER;SNACKPACK_VANILLA;XIRECS;9999.0;1
101200;BOT_TAKER;BOT_MAKER;SNACKPACK_PISTACHIO;XIRECS;9365.0;1
101200;BOT_TAKER;BOT_MAKER;SNACKPACK_STRAWBERRY;XIRECS;10848.0;1
101200;BOT_TAKER;BOT_MAKER;SNACKPACK_RASPBERRY;XIRECS;10229.0;1
101800;BOT_TAKER;BOT_MAKER;GALAXY_SOUNDS_DARK_MATTER;XIRECS;10507.0;1
101800;BOT_TAKER;BOT_MAKER;GALAXY_SOUNDS_BLACK_HOLES;XIRECS;12457.0;1
101800;BOT_TAKER;BOT_MAKER;GALAXY_SOUNDS_PLANETARY_RINGS;XIRECS;11150.0;1
101800;BOT_TAKER;BOT_MAKER;GALAXY_SOUNDS_SOLAR_WINDS;XIRECS;10781.0;1
101800;BOT_TAKER;BOT_MAKER;GALAXY_SOUNDS_SOLAR_FLAMES;XIRECS;10861.0;1
101800;BOT_TAKER;SUBMISSION;SLEEP_POD_SUEDE;XIRECS;12104.0;1
101800;BOT_TAKER;BOT_MAKER;SLEEP_POD_LAMB_WOOL;XIRECS;10778.0;1
101800;BOT_TAKER;BOT_MAKER;SLEEP_POD_POLYESTER;XIRECS;12901.0;1
101800;BOT_TAKER;SUBMISSION;SLEEP_POD_NYLON;XIRECS;9812.0;1
101800;BOT_TAKER;BOT_MAKER;SLEEP_POD_COTTON;XIRECS;12824.0;1
101800;BOT_TAKER;BOT_MAKER;ROBOT_VACUUMING;XIRECS;8735.0;1
101800;BOT_TAKER;BOT_MAKER;ROBOT_MOPPING;XIRECS;12285.0;1
101800;BOT_TAKER;BOT_MAKER;ROBOT_DISHES;XIRECS;10778.0;1
101800;BOT_TAKER;BOT_MAKER;ROBOT_LAUNDRY;XIRECS;9180.0;1
101800;BOT_TAKER;BOT_MAKER;ROBOT_IRONING;XIRECS;7543.0;1
101800;BOT_TAKER;BOT_MAKER;UV_VISOR_YELLOW;XIRECS;11951.0;1
101800;BOT_TAKER;BOT_MAKER;UV_VISOR_AMBER;XIRECS;7710.0;1
101800;BOT_TAKER;BOT_MAKER;UV_VISOR_ORANGE;XIRECS;10124.0;1
101800;BOT_TAKER;BOT_MAKER;UV_VISOR_RED;XIRECS;11302.0;1
101800;BOT_TAKER;BOT_MAKER;UV_VISOR_MAGENTA;XIRECS;11384.0;1
101800;BOT_TAKER;BOT_MAKER;TRANSLATOR_SPACE_GRAY;XIRECS;9760.0;1
101800;BOT_TAKER;BOT_MAKER;TRANSLATOR_ASTRO_BLACK;XIRECS;9091.0;1
101800;BOT_TAKER;BOT_MAKER;TRANSLATOR_ECLIPSE_CHARCOAL;XIRECS;10160.0;1
101800;BOT_TAKER;BOT_MAKER;TRANSLATOR_GRAPHITE_MIST;XIRECS;10955.0;1
101800;BOT_TAKER;BOT_MAKER;TRANSLATOR_VOID_BLUE;XIRECS;11357.0;1
101800;BOT_TAKER;BOT_MAKER;PANEL_1X2;XIRECS;9237.0;1
101800;BOT_TAKER;BOT_MAKER;PANEL_2X2;XIRECS;9394.0;1
101800;BOT_TAKER;BOT_MAKER;PANEL_1X4;XIRECS;9304.0;1
101800;BOT_TAKER;SUBMISSION;PANEL_2X4;XIRECS;11672.0;1
101800;BOT_TAKER;BOT_MAKER;PANEL_4X4;XIRECS;10142.0;1
101800;BOT_TAKER;BOT_MAKER;OXYGEN_SHAKE_MORNING_BREATH;XIRECS;9013.0;1
101800;BOT_TAKER;BOT_MAKER;OXYGEN_SHAKE_EVENING_BREATH;XIRECS;9775.0;1
101800;BOT_TAKER;BOT_MAKER;OXYGEN_SHAKE_MINT;XIRECS;9848.0;1
101800;BOT_TAKER;BOT_MAKER;OXYGEN_SHAKE_CHOCOLATE;XIRECS;9563.0;1
101800;BOT_TAKER;BOT_MAKER;OXYGEN_SHAKE_GARLIC;XIRECS;13254.0;1
