timestamp;buyer;seller;symbol;currency;price;quantity
200;BOT_TAKER;BOT_MAKER;VELVETFRUIT_EXTRACT;XIRECS;5266.0;7
300;BOT_TAKER;BOT_MAKER;HYDROGEL_PACK;XIRECS;9992.0;4
300;BOT_TAKER;BOT_MAKER;VEV_6500;XIRECS;1.0;5
400;BOT_MAKER;BOT_TAKER;VELVETFRUIT_EXTRACT;XIRECS;5260.0;7
400;BOT_TAKER;BOT_MAKER;VELVETFRUIT_EXTRACT;XIRECS;5265.0;7
400;BOT_TAKER;BOT_MAKER;VEV_6000;XIRECS;1.0;3
500;BOT_MAKER;BOT_TAKER;HYDROGEL_PACK;XIRECS;9974.0;3
500;BOT_TAKER;BOT_MAKER;VELVETFRUIT_EXTRACT;XIRECS;5266.0;7
600;BOT_MAKER;BOT_TAKER;HYDROGEL_PACK;XIRECS;9973.0;6
700;BOT_MAKER;BOT_TAKER;VELVETFRUIT_EXTRACT;XIRECS;5261.0;10
800;BOT_MAKER;BOT_TAKER;VELVETFRUIT_EXTRACT;XIRECS;5261.0;6
800;SUBMISSION;BOT_TAKER;VEV_4000;XIRECS;1258.0;1
1000;BOT_MAKER;BOT_TAKER;VELVETFRUIT_EXTRACT;XIRECS;5262.0;3
1000;BOT_TAKER;BOT_MAKER;VEV_4000;XIRECS;1281.0;2
1100;BOT_TAKER;BOT_MAKER;VELVETFRUIT_EXTRACT;XIRECS;5267.0;8
1200;BOT_TAKER;BOT_MAKER;VELVETFRUIT_EXTRACT;XIRECS;5267.0;3
1300;SUBMISSION;BOT_TAKER;HYDROGEL_PACK;XIRECS;9978.0;3
1300;SUBMISSION;BOT_TAKER;VELVETFRUIT_EXTRACT;XIRECS;5264.0;5
1300;BOT_MAKER;BOT_TAKER;VELVETFRUIT_EXTRACT;XIRECS;5263.0;3
1600;BOT_MAKER;BOT_TAKER;VELVETFRUIT_EXTRACT;XIRECS;5262.0;6
1700;BOT_TAKER;BOT_MAKER;HYDROGEL_PACK;XIRECS;9995.0;6
1700;BOT_TAKER;SUBMISSION;VELVETFRUIT_EXTRACT;XIRECS;5268.0;5
1700;BOT_TAKER;BOT_MAKER;VELVETFRUIT_EXTRACT;XIRECS;5269.0;2
1800;BOT_TAKER;BOT_MAKER;VEV_4000;XIRECS;1279.0;3
1800;BOT_MAKER;BOT_TAKER;VEV_6500;XIRECS;0.0;3
1900;BOT_MAKER;BOT_TAKER;HYDROGEL_PACK;XIRECS;9984.0;3
2000;BOT_MAKER;BOT_TAKER;HYDROGEL_PACK;XIRECS;9985.0;2
2000;BOT_TAKER;BOT_MAKER;VELVETFRUIT_EXTRACT;XIRECS;5269.0;5
2200;BOT_TAKER;BOT_MAKER;VELVETFRUIT_EXTRACT;XIRECS;5269.0;6
2300;BOT_TAKER;BOT_MAKER;HYDROGEL_PACK;XIRECS;10001.0;5
2300;BOT_MAKER;BOT_TAKER;VEV_5500;XIRECS;6.0;4
2400;BOT_TAKER;BOT_MAKER;VELVETFRUIT_EXTRACT;XIRECS;5269.0;8
2400;SUBMISSION;BOT_TAKER;VEV_4000;XIRECS;1256.0;1
2500;BOT_TAKER;BOT_MAKER;HYDROGEL_PACK;XIRECS;10005.0;3
2600;BOT_TAKER;BOT_MAKER;VELVETFRUIT_EXTRACT;XIRECS;5269.0;9
2600;BOT_MAKER;BOT_TAKER;VEV_6000;XIRECS;0.0;4
2600;SUBMISSION;BOT_TAKER;HYDROGEL_PACK;XIRECS;9989.0;5
2700;BOT_TAKER;BOT_MAKER;HYDROGEL_PACK;XIRECS;10003.0;5
2700;BOT_TAKER;BOT_MAKER;VELVETFRUIT_EXTRACT;XIRECS;5270.0;5
2800;BOT_TAKER;BOT_MAKER;VELVETFRUIT_EXTRACT;XIRECS;5268.0;6
2800;BOT_MAKER;BOT_TAKER;VEV_5400;XIRECS;13.0;2
3100;BOT_TAKER;BOT_MAKER;HYDROGEL_PACK;XIRECS;10004.0;4
3100;BOT_MAKER;BOT_TAKER;VELVETFRUIT_EXTRACT;XIRECS;5261.0;5
3100;SUBMISSION;BOT_TAKER;VEV_5300;XIRECS;52.0;4
3200;BOT_TAKER;BOT_MAKER;HYDROGEL_PACK;XIRECS;10000.0;3
3200;BOT_TAKER;BOT_MAKER;VELVETFRUIT_EXTRACT;XIRECS;5266.0;7
3300;BOT_MAKER;BOT_TAKER;VELVETFRUIT_EXTRACT;XIRECS;5259.0;7
3500;BOT_MAKER;BOT_TAKER;HYDROGEL_PACK;XIRECS;9988.0;5
3500;BOT_TAKER;BOT_MAKER;VELVETFRUIT_EXTRACT;XIRECS;5264.0;8
3500;BOT_TAKER;BOT_MAKER;VEV_5300;XIRECS;52.0;2
3500;BOT_TAKER;BOT_MAKER;VEV_6000;XIRECS;1.0;3
3500;SUBMISSION;BOT_TAKER;HYDROGEL_PACK;XIRECS;9989.0;3
3600;BOT_TAKER;BOT_MAKER;HYDROGEL_PACK;XIRECS;10002.0;2
3700;BOT_MAKER;BOT_TAKER;VEV_5300;XIRECS;50.0;4
3800;BOT_TAKER;BOT_MAKER;HYDROGEL_PACK;XIRECS;10008.0;6
3800;BOT_MAKER;BOT_TAKER;VELVETFRUIT_EXTRACT;XIRECS;5258.0;8
3800;BOT_TAKER;BOT_MAKER;VEV_4000;XIRECS;1279.0;2
3900;BOT_TAKER;BOT_MAKER;HYDROGEL_PACK;XIRECS;10004.0;2
3900;BOT_TAKER;BOT_MAKER;VEV_4000;XIRECS;1280.0;3
3900;BOT_MAKER;BOT_TAKER;VEV_5400;XIRECS;14.0;2
3900;BOT_MAKER;BOT_TAKER;VEV_5500;XIRECS;6.0;5
4000;BOT_TAKER;SUBMISSION;HYDROGEL_PACK;XIRECS;10006.0;4
4000;BOT_TAKER;SUBMISSION;VEV_4000;XIRECS;1280.0;1
4100;BOT_MAKER;BOT_TAKER;HYDROGEL_PACK;XIRECS;9992.0;5
4100;BOT_TAKER;BOT_MAKER;VEV_4000;XIRECS;1280.0;1
4100;BOT_TAKER;SUBMISSION;HYDROGEL_PACK;XIRECS;10007.0;5
4300;BOT_MAKER;BOT_TAKER;HYDROGEL_PACK;XIRECS;9992.0;5
4400;BOT_TAKER;BOT_MAKER;VELVETFRUIT_EXTRACT;XIRECS;5264.0;6
4400;BOT_MAKER;BOT_TAKER;VEV_4000;XIRECS;1256.0;2
4500;BOT_TAKER;SUBMISSION;VELVETFRUIT_EXTRACT;XIRECS;5265.0;3
4600;BOT_MAKER;BOT_TAKER;HYDROGEL_PACK;XIRECS;9992.0;4
4600;BOT_TAKER;BOT_MAKER;VELVETFRUIT_EXTRACT;XIRECS;5264.0;9
4600;BOT_TAKER;BOT_MAKER;VEV_5500;XIRECS;7.0;4
4700;BOT_TAKER;BOT_MAKER;HYDROGEL_PACK;XIRECS;10008.0;3
4700;BOT_TAKER;BOT_MAKER;VEV_4000;XIRECS;1276.0;2
4700;BOT_MAKER;BOT_TAKER;VEV_5500;XIRECS;6.0;2
4800;BOT_TAKER;BOT_MAKER;HYDROGEL_PACK;XIRECS;10010.0;5
4800;BOT_MAKER;BOT_TAKER;VELVETFRUIT_EXTRACT;XIRECS;5260.0;5
4800;BOT_TAKER;SUBMISSION;VEV_5400;XIRECS;15.0;3
4900;SUBMISSION;BOT_TAKER;HYDROGEL_PACK;XIRECS;9994.0;5
4900;BOT_MAKER;BOT_TAKER;HYDROGEL_PACK;XIRECS;9993.0;1
4900;SUBMISSION;BOT_TAKER;VELVETFRUIT_EXTRACT;XIRECS;5260.0;5
5200;BOT_TAKER;BOT_MAKER;HYDROGEL_PACK;XIRECS;10011.0;3
5200;BOT_TAKER;BOT_MAKER;VELVETFRUIT_EXTRACT;XIRECS;5265.0;8
5200;BOT_MAKER;BOT_TAKER;VEV_5400;XIRECS;13.0;2
5300;BOT_MAKER;BOT_TAKER;HYDROGEL_PACK;XIRECS;9996.0;4
5600;BOT_TAKER;BOT_MAKER;VEV_4000;XIRECS;1277.0;1
5700;BOT_TAKER;BOT_MAKER;VELVETFRUIT_EXTRACT;XIRECS;5266.0;4
5700;BOT_MAKER;BOT_TAKER;VELVETFRUIT_EXTRACT;XIRECS;5261.0;5
5700;BOT_MAKER;BOT_TAKER;VEV_6000;XIRECS;0.0;5
5800;BOT_TAKER;BOT_MAKER;HYDROGEL_PACK;XIRECS;10015.0;3
6000;BOT_MAKER;BOT_TAKER;VEV_4000;XIRECS;1259.0;2
6100;BOT_MAKER;BOT_TAKER;HYDROGEL_PACK;XIRECS;9999.0;5
6100;BOT_TAKER;SUBMISSION;HYDROGEL_PACK;XIRECS;10014.0;5
6100;BOT_TAKER;BOT_MAKER;HYDROGEL_PACK;XIRECS;10015.0;1
6200;BOT_TAKER;BOT_MAKER;HYDROGEL_PACK;XIRECS;10014.0;2
6200;BOT_TAKER;BOT_MAKER;VELVETFRUIT_EXTRACT;XIRECS;5263.0;5
6200;BOT_MAKER;BOT_TAKER;VEV_4000;XIRECS;1255.0;1
6300;BOT_TAKER;BOT_MAKER;HYDROGEL_PACK;XIRECS;10015.0;5
6300;BOT_TAKER;BOT_MAKER;VELVETFRUIT_EXTRACT;XIRECS;5264.0;3
6300;SUBMISSION;BOT_TAKER;VELVETFRUIT_EXTRACT;XIRECS;5259.0;5
6500;BOT_MAKER;BOT_TAKER;VEV_6500;XIRECS;0.0;2
6500;SUBMISSION;BOT_TAKER;VEV_4000;XIRECS;1256.0;3
6600;BOT_TAKER;BOT_MAKER;VELVETFRUIT_EXTRACT;XIRECS;5266.0;7
6700;BOT_MAKER;BOT_TAKER;VELVETFRUIT_EXTRACT;XIRECS;5260.0;5
6700;BOT_TAKER;BOT_MAKER;VEV_6500;XIRECS;1.0;2
6800;BOT_TAKER;SUBMISSION;VELVETFRUIT_EXTRACT;XIRECS;5265.0;4
6900;BOT_TAKER;BOT_MAKER;VEV_5400;XIRECS;15.0;2
6900;BOT_TAKER;BOT_MAKER;VEV_6000;XIRECS;1.0;2
6900;BOT_TAKER;SUBMISSION;VEV_4000;XIRECS;1275.0;3
7000;BOT_TAKER;BOT_MAKER;HYDROGEL_PACK;XIRECS;10011.0;2
7000;BOT_MAKER;BOT_TAKER;VELVETFRUIT_EXTRACT;XIRECS;5258.0;6
7000;SUBMISSION;BOT_TAKER;VELVETFRUIT_EXTRACT;XIRECS;5259.0;5
7000;BOT_MAKER;BOT_TAKER;VELVETFRUIT_EXTRACT;XIRECS;5258.0;1
7100;BOT_TAKER;BOT_MAKER;VELVETFRUIT_EXTRACT;XIRECS;5262.0;8
7200;BOT_MAKER;BOT_TAKER;VELVETFRUIT_EXTRACT;XIRECS;5260.0;4
7200;BOT_TAKER;BOT_MAKER;VEV_5400;XIRECS;15.0;4
7300;BOT_TAKER;BOT_MAKER;VEV_4000;XIRECS;1276.0;1
7400;BOT_MAKER;BOT_TAKER;HYDROGEL_PACK;XIRECS;9998.0;6
7400;BOT_TAKER;BOT_MAKER;VEV_5500;XIRECS;6.0;3
7400;SUBMISSION;BOT_TAKER;VELVETFRUIT_EXTRACT;XIRECS;5261.0;5
7400;BOT_MAKER;BOT_TAKER;VELVETFRUIT_EXTRACT;XIRECS;5260.0;1
7500;BOT_TAKER;BOT_MAKER;HYDROGEL_PACK;XIRECS;10014.0;2
7500;BOT_TAKER;BOT_MAKER;VELVETFRUIT_EXTRACT;XIRECS;5265.0;5
7500;BOT_MAKER;BOT_TAKER;VEV_6500;XIRECS;0.0;2
7600;BOT_MAKER;BOT_TAKER;VELVETFRUIT_EXTRACT;XIRECS;5259.0;4
7700;BOT_TAKER;BOT_MAKER;VELVETFRUIT_EXTRACT;XIRECS;5264.0;7
7800;BOT_TAKER;BOT_MAKER;VEV_5300;XIRECS;52.0;3
8100;BOT_TAKER;BOT_MAKER;HYDROGEL_PACK;XIRECS;10010.0;3
8200;BOT_TAKER;BOT_MAKER;VELVETFRUIT_EXTRACT;XIRECS;5257.0;8
8200;BOT_MAKER;BOT_TAKER;VEV_4000;XIRECS;1256.0;3
8300;BOT_TAKER;BOT_MAKER;VELVETFRUIT_EXTRACT;XIRECS;5259.0;6
8300;BOT_TAKER;BOT_MAKER;VEV_5300;XIRECS;52.0;4
8400;SUBMISSION;BOT_TAKER;VELVETFRUIT_EXTRACT;XIRECS;5253.0;5
8400;BOT_MAKER;BOT_TAKER;VELVETFRUIT_EXTRACT;XIRECS;5252.0;5
8500;BOT_MAKER;BOT_TAKER;HYDROGEL_PACK;XIRECS;10002.0;3
8500;BOT_MAKER;BOT_TAKER;VELVETFRUIT_EXTRACT;XIRECS;5251.0;6
8500;BOT_MAKER;BOT_TAKER;VEV_6500;XIRECS;0.0;4
8600;BOT_MAKER;BOT_TAKER;VEV_6500;XIRECS;0.0;5
8600;BOT_TAKER;SUBMISSION;HYDROGEL_PACK;XIRECS;10017.0;3
8700;BOT_TAKER;BOT_MAKER;VELVETFRUIT_EXTRACT;XIRECS;5255.0;8
8700;BOT_TAKER;BOT_MAKER;VEV_5500;XIRECS;6.0;2
8700;BOT_MAKER;BOT_TAKER;VEV_5500;XIRECS;5.0;3
8800;BOT_MAKER;BOT_TAKER;HYDROGEL_PACK;XIRECS;9998.0;6
8800;BOT_TAKER;BOT_MAKER;VEV_5500;XIRECS;6.0;3
8900;BOT_TAKER;BOT_MAKER;VELVETFRUIT_EXTRACT;XIRECS;5253.0;5
8900;BOT_MAKER;BOT_TAKER;VEV_4000;XIRECS;1257.0;3
9000;BOT_TAKER;BOT_MAKER;VELVETFRUIT_EXTRACT;XIRECS;5254.0;7
9100;BOT_MAKER;BOT_TAKER;HYDROGEL_PACK;XIRECS;10000.0;3
9100;BOT_TAKER;BOT_MAKER;HYDROGEL_PACK;XIRECS;10016.0;3
9300;BOT_MAKER;BOT_TAKER;HYDROGEL_PACK;XIRECS;9997.0;5
9300;BOT_TAKER;BOT_MAKER;VELVETFRUIT_EXTRACT;XIRECS;5255.0;7
9300;SUBMISSION;BOT_TAKER;VELVETFRUIT_EXTRACT;XIRECS;5250.0;5
9300;BOT_MAKER;BOT_TAKER;VELVETFRUIT_EXTRACT;XIRECS;5249.0;1
9600;BOT_TAKER;BOT_MAKER;VELVETFRUIT_EXTRACT;XIRECS;5256.0;6
9700;BOT_MAKER;BOT_TAKER;VELVETFRUIT_EXTRACT;XIRECS;5252.0;6
9700;BOT_TAKER;SUBMISSION;HYDROGEL_PACK;XIRECS;10015.0;5
9700;BOT_TAKER;BOT_MAKER;HYDROGEL_PACK;XIRECS;10016.0;1
9800;BOT_TAKER;BOT_MAKER;VELVETFRUIT_EXTRACT;XIRECS;5258.0;7
9800;SUBMISSION;BOT_TAKER;HYDROGEL_PACK;XIRECS;9996.0;3
9900;BOT_TAKER;BOT_MAKER;HYDROGEL_PACK;XIRECS;10010.0;5
9900;BOT_TAKER;BOT_MAKER;HYDROGEL_PACK;XIRECS;10010.0;2
9900;BOT_TAKER;BOT_MAKER;VELVETFRUIT_EXTRACT;XIRECS;5259.0;5
9900;BOT_TAKER;BOT_MAKER;VEV_5400;XIRECS;15.0;5
9900;BOT_TAKER;BOT_MAKER;VEV_6500;XIRECS;1.0;3
9900;SUBMISSION;BOT_TAKER;VEV_5400;XIRECS;14.0;4
10000;BOT_MAKER;BOT_TAKER;VELVETFRUIT_EXTRACT;XIRECS;5255.0;5
10100;BOT_MAKER;BOT_TAKER;VELVETFRUIT_EXTRACT;XIRECS;5255.0;8
10200;BOT_MAKER;BOT_TAKER;VELVETFRUIT_EXTRACT;XIRECS;5255.0;5
10200;BOT_MAKER;BOT_TAKER;VEV_6000;XIRECS;0.0;3
10300;BOT_MAKER;BOT_TAKER;VEV_5500;XIRECS;5.0;2
10300;BOT_MAKER;BOT_TAKER;VEV_5500;XIRECS;5.0;3
10400;BOT_TAKER;BOT_MAKER;VELVETFRUIT_EXTRACT;XIRECS;5259.0;8
10400;BOT_TAKER;BOT_MAKER;VEV_6500;XIRECS;1.0;5
10500;BOT_TAKER;BOT_MAKER;VEV_4000;XIRECS;1287.0;2
10600;BOT_MAKER;BOT_TAKER;VELVETFRUIT_EXTRACT;XIRECS;5251.0;6
10600;BOT_TAKER;BOT_MAKER;VEV_4000;XIRECS;1286.0;1
10700;BOT_MAKER;BOT_TAKER;HYDROGEL_PACK;XIRECS;9992.0;6
10700;SUBMISSION;BOT_TAKER;HYDROGEL_PACK;XIRECS;9993.0;3
10700;SUBMISSION;BOT_TAKER;VELVETFRUIT_EXTRACT;XIRECS;5252.0;5
10800;BOT_MAKER;BOT_TAKER;HYDROGEL_PACK;XIRECS;9991.0;5
10800;BOT_TAKER;SUBMISSION;VELVETFRUIT_EXTRACT;XIRECS;5256.0;5
10800;BOT_TAKER;BOT_MAKER;VELVETFRUIT_EXTRACT;XIRECS;5257.0;2
10900;BOT_MAKER;BOT_TAKER;VEV_4000;XIRECS;1265.0;3
11000;BOT_MAKER;BOT_TAKER;HYDROGEL_PACK;XIRECS;9987.0;4
11000;BOT_MAKER;BOT_TAKER;VELVETFRUIT_EXTRACT;XIRECS;5252.0;7
11100;BOT_MAKER;BOT_TAKER;VELVETFRUIT_EXTRACT;XIRECS;5253.0;7
11100;BOT_MAKER;BOT_TAKER;VEV_5300;XIRECS;48.0;2
11100;BOT_MAKER;BOT_TAKER;VEV_5400;XIRECS;13.0;2
11200;BOT_TAKER;BOT_MAKER;HYDROGEL_PACK;XIRECS;10005.0;5
11200;BOT_MAKER;BOT_TAKER;VELVETFRUIT_EXTRACT;XIRECS;5253.0;4
11400;BOT_TAKER;BOT_MAKER;HYDROGEL_PACK;XIRECS;10005.0;2
11400;BOT_TAKER;BOT_MAKER;VELVETFRUIT_EXTRACT;XIRECS;5258.0;5
11600;BOT_MAKER;BOT_TAKER;HYDROGEL_PACK;XIRECS;9993.0;2
11600;BOT_TAKER;BOT_MAKER;VELVETFRUIT_EXTRACT;XIRECS;5258.0;7
11800;BOT_MAKER;BOT_TAKER;VELVETFRUIT_EXTRACT;XIRECS;5252.0;4
11900;BOT_TAKER;BOT_MAKER;VEV_6500;XIRECS;1.0;4
12000;BOT_MAKER;BOT_TAKER;HYDROGEL_PACK;XIRECS;9998.0;4
12100;BOT_TAKER;BOT_MAKER;VEV_5400;XIRECS;13.0;4
12200;BOT_MAKER;BOT_TAKER;VEV_6000;XIRECS;0.0;5
12400;BOT_MAKER;BOT_TAKER;HYDROGEL_PACK;XIRECS;9994.0;6
12500;BOT_TAKER;BOT_MAKER;VEV_4000;XIRECS;1291.0;2
12700;BOT_MAKER;BOT_TAKER;HYDROGEL_PACK;XIRECS;9991.0;4
12800;BOT_MAKER;BOT_TAKER;VELVETFRUIT_EXTRACT;XIRECS;5255.0;8
12900;BOT_TAKER;BOT_MAKER;VELVETFRUIT_EXTRACT;XIRECS;5260.0;5
12900;BOT_TAKER;BOT_MAKER;VEV_5300;XIRECS;51.0;4
13000;BOT_TAKER;BOT_MAKER;VELVETFRUIT_EXTRACT;XIRECS;5260.0;11
13000;SUBMISSION;BOT_TAKER;VEV_4000;XIRECS;1269.0;3
13300;BOT_MAKER;BOT_TAKER;HYDROGEL_PACK;XIRECS;9994.0;4
13300;BOT_TAKER;BOT_MAKER;VELVETFRUIT_EXTRACT;XIRECS;5258.0;3
13400;BOT_TAKER;BOT_MAKER;HYDROGEL_PACK;XIRECS;10010.0;3
13400;BOT_TAKER;BOT_MAKER;VEV_4000;XIRECS;1287.0;1
13400;BOT_MAKER;BOT_TAKER;VEV_6000;XIRECS;0.0;2
13500;BOT_TAKER;BOT_MAKER;VEV_5300;XIRECS;52.0;4
13500;BOT_TAKER;BOT_MAKER;VEV_5400;XIRECS;14.0;5
13500;BOT_MAKER;BOT_TAKER;VEV_5500;XIRECS;4.0;3
13600;BOT_MAKER;BOT_TAKER;HYDROGEL_PACK;XIRECS;9993.0;4
13600;BOT_TAKER;BOT_MAKER;HYDROGEL_PACK;XIRECS;10009.0;3
13700;BOT_TAKER;BOT_MAKER;HYDROGEL_PACK;XIRECS;10010.0;6
13800;BOT_TAKER;BOT_MAKER;VELVETFRUIT_EXTRACT;XIRECS;5258.0;7
13900;BOT_MAKER;BOT_TAKER;VEV_5400;XIRECS;13.0;5
14000;BOT_MAKER;BOT_TAKER;HYDROGEL_PACK;XIRECS;9994.0;4
14000;BOT_TAKER;BOT_MAKER;VEV_6500;XIRECS;1.0;4
14100;BOT_MAKER;BOT_TAKER;VELVETFRUIT_EXTRACT;XIRECS;5253.0;6
14100;BOT_MAKER;BOT_TAKER;VEV_5400;XIRECS;13.0;5
14200;BOT_MAKER;BOT_TAKER;VELVETFRUIT_EXTRACT;XIRECS;5252.0;3
14300;BOT_MAKER;BOT_TAKER;HYDROGEL_PACK;XIRECS;9995.0;5
14300;BOT_MAKER;BOT_TAKER;VEV_4000;XIRECS;1266.0;1
14300;BOT_TAKER;SUBMISSION;VELVETFRUIT_EXTRACT;XIRECS;5256.0;3
14500;BOT_TAKER;BOT_MAKER;VEV_4000;XIRECS;1287.0;1
14600;BOT_TAKER;SUBMISSION;HYDROGEL_PACK;XIRECS;10015.0;5
14700;BOT_TAKER;BOT_MAKER;VEV_5500;XIRECS;5.0;2
14800;SUBMISSION;BOT_TAKER;VELVETFRUIT_EXTRACT;XIRECS;5252.0;5
14800;BOT_MAKER;BOT_TAKER;VELVETFRUIT_EXTRACT;XIRECS;5251.0;2
14900;BOT_MAKER;BOT_TAKER;VELVETFRUIT_EXTRACT;XIRECS;5251.0;5
15000;BOT_TAKER;BOT_MAKER;HYDROGEL_PACK;XIRECS;10012.0;5
15000;BOT_MAKER;BOT_TAKER;VELVETFRUIT_EXTRACT;XIRECS;5252.0;5
15000;BOT_TAKER;BOT_MAKER;VEV_6500;XIRECS;1.0;4
15200;BOT_MAKER;BOT_TAKER;HYDROGEL_PACK;XIRECS;9994.0;2
15300;BOT_TAKER;BOT_MAKER;HYDROGEL_PACK;XIRECS;10010.0;6
15500;BOT_TAKER;BOT_MAKER;HYDROGEL_PACK;XIRECS;10011.0;5
15600;BOT_MAKER;BOT_TAKER;HYDROGEL_PACK;XIRECS;9997.0;6
15700;BOT_TAKER;BOT_MAKER;HYDROGEL_PACK;XIRECS;10015.0;4
15700;BOT_TAKER;BOT_MAKER;VELVETFRUIT_EXTRACT;XIRECS;5260.0;6
15700;BOT_MAKER;BOT_TAKER;VEV_5300;XIRECS;49.0;2
15800;BOT_MAKER;BOT_TAKER;VEV_6000;XIRECS;0.0;3
15900;BOT_MAKER;BOT_TAKER;VELVETFRUIT_EXTRACT;XIRECS;5252.0;6
15900;BOT_MAKER;BOT_TAKER;VEV_5400;XIRECS;13.0;4
16000;BOT_TAKER;BOT_MAKER;HYDROGEL_PACK;XIRECS;10019.0;3
16100;BOT_MAKER;BOT_TAKER;VEV_6000;XIRECS;0.0;4
16200;BOT_MAKER;BOT_TAKER;HYDROGEL_PACK;XIRECS;10002.0;2
16300;BOT_MAKER;BOT_TAKER;VEV_4000;XIRECS;1265.0;2
16300;BOT_TAKER;SUBMISSION;VELVETFRUIT_EXTRACT;XIRECS;5256.0;5
16300;BOT_TAKER;BOT_MAKER;VELVETFRUIT_EXTRACT;XIRECS;5257.0;3
16400;BOT_TAKER;BOT_MAKER;VELVETFRUIT_EXTRACT;XIRECS;5256.0;10
16400;BOT_TAKER;BOT_MAKER;VEV_5500;XIRECS;5.0;2
16500;BOT_TAKER;BOT_MAKER;VELVETFRUIT_EXTRACT;XIRECS;5255.0;6
16500;BOT_TAKER;SUBMISSION;HYDROGEL_PACK;XIRECS;10013.0;5
16600;BOT_MAKER;BOT_TAKER;HYDROGEL_PACK;XIRECS;10000.0;3
16600;BOT_TAKER;BOT_MAKER;HYDROGEL_PACK;XIRECS;10016.0;5
16600;BOT_MAKER;BOT_TAKER;VELVETFRUIT_EXTRACT;XIRECS;5252.0;3
16600;BOT_TAKER;BOT_MAKER;VEV_4000;XIRECS;1289.0;3
16700;BOT_TAKER;SUBMISSION;VELVETFRUIT_EXTRACT;XIRECS;5255.0;5
16700;BOT_TAKER;BOT_MAKER;VELVETFRUIT_EXTRACT;XIRECS;5256.0;1
16800;BOT_TAKER;BOT_MAKER;HYDROGEL_PACK;XIRECS;10020.0;4
16900;BOT_TAKER;BOT_MAKER;HYDROGEL_PACK;XIRECS;10017.0;3
16900;BOT_TAKER;BOT_MAKER;VELVETFRUIT_EXTRACT;XIRECS;5257.0;5
17000;BOT_TAKER;BOT_MAKER;VELVETFRUIT_EXTRACT;XIRECS;5257.0;6
17100;BOT_TAKER;BOT_MAKER;HYDROGEL_PACK;XIRECS;10021.0;6
17200;BOT_TAKER;BOT_MAKER;HYDROGEL_PACK;XIRECS;10021.0;3
17200;BOT_MAKER;BOT_TAKER;VELVETFRUIT_EXTRACT;XIRECS;5251.0;6
17300;BOT_TAKER;BOT_MAKER;VEV_6500;XIRECS;1.0;3
17400;BOT_MAKER;BOT_TAKER;HYDROGEL_PACK;XIRECS;9998.0;4
17400;BOT_MAKER;BOT_TAKER;VELVETFRUIT_EXTRACT;XIRECS;5253.0;5
17400;BOT_MAKER;BOT_TAKER;VEV_4000;XIRECS;1264.0;1
17400;BOT_TAKER;SUBMISSION;VELVETFRUIT_EXTRACT;XIRECS;5257.0;3
17500;BOT_MAKER;BOT_TAKER;HYDROGEL_PACK;XIRECS;10000.0;4
17600;BOT_TAKER;BOT_MAKER;VEV_6000;XIRECS;1.0;3
17800;BOT_TAKER;BOT_MAKER;HYDROGEL_PACK;XIRECS;10015.0;4
17900;BOT_TAKER;BOT_MAKER;VELVETFRUIT_EXTRACT;XIRECS;5255.0;8
17900;BOT_MAKER;BOT_TAKER;VEV_6500;XIRECS;0.0;5
18100;BOT_MAKER;BOT_TAKER;VELVETFRUIT_EXTRACT;XIRECS;5252.0;4
18100;BOT_TAKER;BOT_MAKER;VEV_6000;XIRECS;1.0;3
18100;BOT_TAKER;SUBMISSION;HYDROGEL_PACK;XIRECS;10020.0;5
18300;BOT_MAKER;BOT_TAKER;VELVETFRUIT_EXTRACT;XIRECS;5253.0;4
18300;BOT_TAKER;BOT_MAKER;VEV_5300;XIRECS;54.0;4
18300;BOT_TAKER;BOT_MAKER;VEV_5500;XIRECS;6.0;3
18300;BOT_MAKER;BOT_TAKER;VEV_6500;XIRECS;0.0;3
18300;BOT_TAKER;SUBMISSION;VELVETFRUIT_EXTRACT;XIRECS;5257.0;4
18400;SUBMISSION;BOT_TAKER;VELVETFRUIT_EXTRACT;XIRECS;5253.0;5
18400;BOT_MAKER;BOT_TAKER;VELVETFRUIT_EXTRACT;XIRECS;5252.0;3
18500;BOT_TAKER;BOT_MAKER;HYDROGEL_PACK;XIRECS;10015.0;3
18500;BOT_TAKER;BOT_MAKER;VELVETFRUIT_EXTRACT;XIRECS;5256.0;4
18500;BOT_TAKER;BOT_MAKER;VEV_4000;XIRECS;1284.0;3
18600;BOT_MAKER;BOT_TAKER;VELVETFRUIT_EXTRACT;XIRECS;5249.0;5
18700;BOT_MAKER;BOT_TAKER;VELVETFRUIT_EXTRACT;XIRECS;5249.0;6
18700;BOT_TAKER;BOT_MAKER;VEV_5500;XIRECS;6.0;4
18900;BOT_TAKER;BOT_MAKER;VEV_4000;XIRECS;1283.0;3
19000;BOT_MAKER;BOT_TAKER;HYDROGEL_PACK;XIRECS;9998.0;5
19000;BOT_TAKER;BOT_MAKER;VELVETFRUIT_EXTRACT;XIRECS;5253.0;3
19100;BOT_MAKER;BOT_TAKER;VELVETFRUIT_EXTRACT;XIRECS;5248.0;5
19300;BOT_MAKER;BOT_TAKER;VELVETFRUIT_EXTRACT;XIRECS;5248.0;5
19300;BOT_TAKER;BOT_MAKER;VEV_5200;XIRECS;101.0;4
19400;BOT_MAKER;BOT_TAKER;HYDROGEL_PACK;XIRECS;9998.0;3
19400;BOT_TAKER;BOT_MAKER;VEV_5400;XIRECS;15.0;5
19600;BOT_MAKER;BOT_TAKER;HYDROGEL_PACK;XIRECS;9999.0;5
19600;BOT_MAKER;BOT_TAKER;VELVETFRUIT_EXTRACT;XIRECS;5245.0;5
19700;BOT_TAKER;BOT_MAKER;VEV_5400;XIRECS;15.0;4
19900;BOT_TAKER;BOT_MAKER;VELVETFRUIT_EXTRACT;XIRECS;5250.0;4
19900;BOT_TAKER;SUBMISSION;VEV_5400;XIRECS;14.0;4
20000;BOT_MAKER;BOT_TAKER;HYDROGEL_PACK;XIRECS;9996.0;6
20000;BOT_MAKER;BOT_TAKER;VELVETFRUIT_EXTRACT;XIRECS;5245.0;6
20000;BOT_MAKER;BOT_TAKER;VEV_6000;XIRECS;0.0;3
20100;BOT_TAKER;BOT_MAKER;VEV_5400;XIRECS;16.0;4
20200;BOT_MAKER;BOT_TAKER;HYDROGEL_PACK;XIRECS;9998.0;6
20200;BOT_TAKER;BOT_MAKER;VEV_4000;XIRECS;1285.0;3
20200;BOT_TAKER;BOT_MAKER;VEV_5400;XIRECS;15.0;4
20200;BOT_MAKER;BOT_TAKER;VEV_6000;XIRECS;0.0;5
20300;SUBMISSION;BOT_TAKER;VEV_5500;XIRECS;5.0;3
20400;BOT_MAKER;BOT_TAKER;HYDROGEL_PACK;XIRECS;9995.0;3
20400;BOT_MAKER;BOT_TAKER;VELVETFRUIT_EXTRACT;XIRECS;5248.0;6
20500;BOT_TAKER;BOT_MAKER;HYDROGEL_PACK;XIRECS;10013.0;2
20500;BOT_MAKER;BOT_TAKER;VEV_6500;XIRECS;0.0;2
20500;BOT_TAKER;SUBMISSION;VELVETFRUIT_EXTRACT;XIRECS;5253.0;5
20500;BOT_TAKER;BOT_MAKER;VELVETFRUIT_EXTRACT;XIRECS;5254.0;9
20600;BOT_MAKER;BOT_TAKER;VELVETFRUIT_EXTRACT;XIRECS;5249.0;3
20600;BOT_TAKER;BOT_MAKER;VEV_4000;XIRECS;1288.0;2
20600;SUBMISSION;BOT_TAKER;VEV_5300;XIRECS;53.0;4
20700;BOT_MAKER;BOT_TAKER;VELVETFRUIT_EXTRACT;XIRECS;5250.0;8
20800;BOT_TAKER;BOT_MAKER;VELVETFRUIT_EXTRACT;XIRECS;5256.0;3
20800;BOT_TAKER;SUBMISSION;HYDROGEL_PACK;XIRECS;10012.0;2
20900;BOT_MAKER;BOT_TAKER;VEV_5300;XIRECS;54.0;4
21000;BOT_MAKER;BOT_TAKER;VELVETFRUIT_EXTRACT;XIRECS;5250.0;4
21000;BOT_MAKER;BOT_TAKER;VEV_5500;XIRECS;4.0;5
21100;BOT_TAKER;BOT_MAKER;HYDROGEL_PACK;XIRECS;10015.0;2
21100;BOT_TAKER;BOT_MAKER;VELVETFRUIT_EXTRACT;XIRECS;5255.0;7
21100;BOT_TAKER;BOT_MAKER;VEV_5300;XIRECS;56.0;2
21200;BOT_TAKER;BOT_MAKER;HYDROGEL_PACK;XIRECS;10013.0;2
21200;BOT_MAKER;BOT_TAKER;VELVETFRUIT_EXTRACT;XIRECS;5251.0;7
21300;BOT_TAKER;BOT_MAKER;HYDROGEL_PACK;XIRECS;10014.0;2
21300;BOT_MAKER;BOT_TAKER;VELVETFRUIT_EXTRACT;XIRECS;5250.0;7
21300;BOT_TAKER;BOT_MAKER;VEV_6500;XIRECS;1.0;5
21500;BOT_TAKER;BOT_MAKER;HYDROGEL_PACK;XIRECS;10012.0;6
21500;BOT_TAKER;SUBMISSION;HYDROGEL_PACK;XIRECS;10011.0;5
21500;BOT_TAKER;BOT_MAKER;HYDROGEL_PACK;XIRECS;10012.0;1
21600;BOT_TAKER;BOT_MAKER;HYDROGEL_PACK;XIRECS;10013.0;3
21600;BOT_MAKER;BOT_TAKER;VELVETFRUIT_EXTRACT;XIRECS;5249.0;4
21700;BOT_MAKER;BOT_TAKER;HYDROGEL_PACK;XIRECS;9991.0;6
21700;BOT_TAKER;BOT_MAKER;VELVETFRUIT_EXTRACT;XIRECS;5253.0;8
21700;BOT_TAKER;BOT_MAKER;VEV_6000;XIRECS;1.0;2
21800;BOT_TAKER;BOT_MAKER;VELVETFRUIT_EXTRACT;XIRECS;5254.0;6
21900;BOT_TAKER;BOT_MAKER;VELVETFRUIT_EXTRACT;XIRECS;5255.0;5
21900;BOT_TAKER;BOT_MAKER;VEV_4000;XIRECS;1286.0;1
21900;BOT_TAKER;BOT_MAKER;VEV_5400;XIRECS;16.0;4
22000;BOT_TAKER;BOT_MAKER;HYDROGEL_PACK;XIRECS;10005.0;2
22000;BOT_TAKER;BOT_MAKER;VELVETFRUIT_EXTRACT;XIRECS;5255.0;8
22000;SUBMISSION;BOT_TAKER;HYDROGEL_PACK;XIRECS;9990.0;3
22100;BOT_MAKER;BOT_TAKER;HYDROGEL_PACK;XIRECS;9992.0;6
22100;BOT_MAKER;BOT_TAKER;VEV_5500;XIRECS;5.0;5
22200;BOT_MAKER;BOT_TAKER;HYDROGEL_PACK;XIRECS;9990.0;6
22200;BOT_MAKER;BOT_TAKER;VELVETFRUIT_EXTRACT;XIRECS;5248.0;12
22200;BOT_MAKER;BOT_TAKER;VEV_4000;XIRECS;1264.0;2
22400;BOT_TAKER;BOT_MAKER;VELVETFRUIT_EXTRACT;XIRECS;5254.0;6
22600;BOT_MAKER;BOT_TAKER;HYDROGEL_PACK;XIRECS;9988.0;6
22700;SUBMISSION;BOT_TAKER;VEV_5300;XIRECS;52.0;2
22800;BOT_TAKER;BOT_MAKER;HYDROGEL_PACK;XIRECS;10009.0;3
22800;BOT_MAKER;BOT_TAKER;VELVETFRUIT_EXTRACT;XIRECS;5249.0;8
22800;SUBMISSION;BOT_TAKER;VELVETFRUIT_EXTRACT;XIRECS;5250.0;5
22800;BOT_MAKER;BOT_TAKER;VELVETFRUIT_EXTRACT;XIRECS;5249.0;1
23100;BOT_TAKER;BOT_MAKER;HYDROGEL_PACK;XIRECS;10009.0;5
23100;BOT_TAKER;BOT_MAKER;VEV_4000;XIRECS;1289.0;2
23400;BOT_MAKER;BOT_TAKER;VEV_4000;XIRECS;1267.0;3
23500;BOT_MAKER;BOT_TAKER;HYDROGEL_PACK;XIRECS;9994.0;4
23500;BOT_MAKER;BOT_TAKER;VELVETFRUIT_EXTRACT;XIRECS;5253.0;3
23500;BOT_MAKER;BOT_TAKER;VELVETFRUIT_EXTRACT;XIRECS;5253.0;8
23500;BOT_TAKER;SUBMISSION;VELVETFRUIT_EXTRACT;XIRECS;5257.0;5
23500;BOT_TAKER;BOT_MAKER;VELVETFRUIT_EXTRACT;XIRECS;5258.0;1
23600;BOT_TAKER;BOT_MAKER;HYDROGEL_PACK;XIRECS;10010.0;2
23600;BOT_TAKER;BOT_MAKER;VEV_6500;XIRECS;1.0;2
23700;BOT_TAKER;BOT_MAKER;VEV_5500;XIRECS;6.0;5
23700;BOT_TAKER;SUBMISSION;HYDROGEL_PACK;XIRECS;10012.0;5
23700;BOT_TAKER;BOT_MAKER;HYDROGEL_PACK;XIRECS;10013.0;1
23800;BOT_TAKER;BOT_MAKER;HYDROGEL_PACK;XIRECS;10010.0;6
23800;BOT_TAKER;BOT_MAKER;VEV_4000;XIRECS;1288.0;3
24000;BOT_MAKER;BOT_TAKER;HYDROGEL_PACK;XIRECS;9995.0;4
24000;BOT_MAKER;BOT_TAKER;VELVETFRUIT_EXTRACT;XIRECS;5255.0;9
24100;BOT_MAKER;BOT_TAKER;HYDROGEL_PACK;XIRECS;9994.0;2
24100;BOT_MAKER;BOT_TAKER;VELVETFRUIT_EXTRACT;XIRECS;5254.0;8
24100;BOT_TAKER;BOT_MAKER;VEV_4000;XIRECS;1288.0;2
24100;BOT_MAKER;BOT_TAKER;VEV_6500;XIRECS;0.0;3
24400;BOT_MAKER;BOT_TAKER;HYDROGEL_PACK;XIRECS;9995.0;4
24400;BOT_MAKER;BOT_TAKER;VEV_4000;XIRECS;1268.0;3
24500;BOT_MAKER;BOT_TAKER;HYDROGEL_PACK;XIRECS;9995.0;4
24600;BOT_MAKER;BOT_TAKER;VELVETFRUIT_EXTRACT;XIRECS;5254.0;6
24700;BOT_MAKER;BOT_TAKER;VELVETFRUIT_EXTRACT;XIRECS;5253.0;3
24800;BOT_MAKER;BOT_TAKER;VELVETFRUIT_EXTRACT;XIRECS;5252.0;5
24800;BOT_TAKER;BOT_MAKER;VEV_5300;XIRECS;52.0;4
24800;BOT_MAKER;BOT_TAKER;VEV_5400;XIRECS;13.0;4
25000;BOT_MAKER;BOT_TAKER;VEV_4000;XIRECS;1266.0;1
25100;BOT_MAKER;BOT_TAKER;VELVETFRUIT_EXTRACT;XIRECS;5252.0;5
25200;BOT_MAKER;BOT_TAKER;HYDROGEL_PACK;XIRECS;10000.0;6
25200;BOT_MAKER;BOT_TAKER;VELVETFRUIT_EXTRACT;XIRECS;5254.0;3
25200;BOT_MAKER;BOT_TAKER;VEV_5400;XIRECS;14.0;2
25300;BOT_TAKER;SUBMISSION;VELVETFRUIT_EXTRACT;XIRECS;5259.0;5
25300;BOT_TAKER;BOT_MAKER;VELVETFRUIT_EXTRACT;XIRECS;5260.0;2
25400;BOT_MAKER;BOT_TAKER;VELVETFRUIT_EXTRACT;XIRECS;5252.0;8
25500;BOT_TAKER;BOT_MAKER;HYDROGEL_PACK;XIRECS;10025.0;6
25500;SUBMISSION;BOT_TAKER;VELVETFRUIT_EXTRACT;XIRECS;5251.0;5
25500;BOT_MAKER;BOT_TAKER;VELVETFRUIT_EXTRACT;XIRECS;5250.0;3
25600;BOT_TAKER;BOT_MAKER;VELVETFRUIT_EXTRACT;XIRECS;5255.0;7
25600;BOT_MAKER;BOT_TAKER;VEV_5400;XIRECS;14.0;3
25700;BOT_MAKER;BOT_TAKER;VEV_6500;XIRECS;0.0;2
25800;BOT_MAKER;BOT_TAKER;HYDROGEL_PACK;XIRECS;10012.0;2
25800;BOT_TAKER;BOT_MAKER;VEV_4000;XIRECS;1294.0;2
25800;BOT_TAKER;BOT_MAKER;VEV_6000;XIRECS;1.0;2
25800;BOT_TAKER;BOT_MAKER;VEV_6500;XIRECS;1.0;2
25900;BOT_MAKER;BOT_TAKER;HYDROGEL_PACK;XIRECS;10013.0;3
26100;BOT_TAKER;BOT_MAKER;VELVETFRUIT_EXTRACT;XIRECS;5255.0;9
26100;BOT_TAKER;BOT_MAKER;VEV_6000;XIRECS;1.0;5
26200;BOT_MAKER;BOT_TAKER;VEV_5400;XIRECS;14.0;4
26300;BOT_TAKER;BOT_MAKER;HYDROGEL_PACK;XIRECS;10032.0;2
26300;SUBMISSION;BOT_TAKER;HYDROGEL_PACK;XIRECS;10017.0;2
26600;BOT_TAKER;BOT_MAKER;HYDROGEL_PACK;XIRECS;10035.0;3
26800;BOT_MAKER;BOT_TAKER;VELVETFRUIT_EXTRACT;XIRECS;5247.0;10
26900;BOT_MAKER;BOT_TAKER;HYDROGEL_PACK;XIRECS;10019.0;4
26900;BOT_TAKER;BOT_MAKER;VELVETFRUIT_EXTRACT;XIRECS;5252.0;5
26900;BOT_TAKER;BOT_MAKER;VEV_5400;XIRECS;15.0;3
27000;BOT_TAKER;BOT_MAKER;VELVETFRUIT_EXTRACT;XIRECS;5251.0;5
27100;BOT_MAKER;BOT_TAKER;VELVETFRUIT_EXTRACT;XIRECS;5245.0;6
27200;BOT_MAKER;BOT_TAKER;HYDROGEL_PACK;XIRECS;10021.0;4
27200;BOT_TAKER;BOT_MAKER;VEV_6000;XIRECS;1.0;4
27300;BOT_MAKER;BOT_TAKER;HYDROGEL_PACK;XIRECS;10023.0;4
27300;BOT_TAKER;BOT_MAKER;VELVETFRUIT_EXTRACT;XIRECS;5252.0;6
27500;BOT_MAKER;BOT_TAKER;VELVETFRUIT_EXTRACT;XIRECS;5248.0;10
27500;BOT_TAKER;BOT_MAKER;VEV_4000;XIRECS;1288.0;3
27500;BOT_MAKER;BOT_TAKER;VEV_5500;XIRECS;4.0;2
27600;BOT_MAKER;BOT_TAKER;VELVETFRUIT_EXTRACT;XIRECS;5247.0;4
27600;BOT_MAKER;BOT_TAKER;VEV_5500;XIRECS;4.0;2
27600;BOT_TAKER;BOT_MAKER;VEV_6500;XIRECS;1.0;4
27700;BOT_MAKER;BOT_TAKER;VELVETFRUIT_EXTRACT;XIRECS;5249.0;5
27700;BOT_MAKER;BOT_TAKER;VEV_4000;XIRECS;1268.0;3
27800;BOT_MAKER;BOT_TAKER;VEV_5500;XIRECS;4.0;4
27800;BOT_TAKER;SUBMISSION;HYDROGEL_PACK;XIRECS;10033.0;3
27900;BOT_MAKER;BOT_TAKER;VEV_6000;XIRECS;0.0;5
28100;BOT_MAKER;BOT_TAKER;VELVETFRUIT_EXTRACT;XIRECS;5245.0;13
28100;BOT_TAKER;BOT_MAKER;VEV_5400;XIRECS;15.0;2
28200;BOT_MAKER;BOT_TAKER;HYDROGEL_PACK;XIRECS;10014.0;2
28200;SUBMISSION;BOT_TAKER;VELVETFRUIT_EXTRACT;XIRECS;5246.0;5
28200;BOT_MAKER;BOT_TAKER;VELVETFRUIT_EXTRACT;XIRECS;5245.0;5
28300;BOT_TAKER;BOT_MAKER;VELVETFRUIT_EXTRACT;XIRECS;5248.0;6
28300;BOT_MAKER;BOT_TAKER;VEV_5500;XIRECS;4.0;5
28300;BOT_TAKER;SUBMISSION;VELVETFRUIT_EXTRACT;XIRECS;5247.0;5
28300;BOT_TAKER;BOT_MAKER;VELVETFRUIT_EXTRACT;XIRECS;5248.0;1
28400;BOT_TAKER;BOT_MAKER;VELVETFRUIT_EXTRACT;XIRECS;5250.0;7
28500;BOT_TAKER;BOT_MAKER;VEV_4000;XIRECS;1288.0;3
28600;BOT_MAKER;BOT_TAKER;VELVETFRUIT_EXTRACT;XIRECS;5244.0;5
28700;BOT_TAKER;BOT_MAKER;HYDROGEL_PACK;XIRECS;10024.0;3
28800;BOT_TAKER;BOT_MAKER;VEV_5500;XIRECS;5.0;5
28900;BOT_MAKER;BOT_TAKER;HYDROGEL_PACK;XIRECS;10010.0;4
28900;BOT_TAKER;SUBMISSION;HYDROGEL_PACK;XIRECS;10025.0;2
29000;BOT_TAKER;BOT_MAKER;HYDROGEL_PACK;XIRECS;10027.0;3
29000;BOT_MAKER;BOT_TAKER;VELVETFRUIT_EXTRACT;XIRECS;5241.0;7
29000;BOT_TAKER;BOT_MAKER;VEV_6500;XIRECS;1.0;5
29100;BOT_MAKER;BOT_TAKER;HYDROGEL_PACK;XIRECS;10013.0;4
29200;BOT_TAKER;BOT_MAKER;HYDROGEL_PACK;XIRECS;10027.0;6
29300;BOT_MAKER;BOT_TAKER;HYDROGEL_PACK;XIRECS;10011.0;3
29300;BOT_TAKER;BOT_MAKER;VELVETFRUIT_EXTRACT;XIRECS;5246.0;6
29300;BOT_TAKER;BOT_MAKER;VEV_4000;XIRECS;1282.0;3
29400;BOT_TAKER;BOT_MAKER;VEV_5400;XIRECS;14.0;3
29400;BOT_TAKER;BOT_MAKER;VEV_5500;XIRECS;5.0;4
29500;BOT_TAKER;BOT_MAKER;HYDROGEL_PACK;XIRECS;10026.0;2
29500;BOT_TAKER;BOT_MAKER;VELVETFRUIT_EXTRACT;XIRECS;5246.0;3
29600;BOT_TAKER;BOT_MAKER;HYDROGEL_PACK;XIRECS;10024.0;5
29600;BOT_TAKER;BOT_MAKER;VELVETFRUIT_EXTRACT;XIRECS;5246.0;8
29800;BOT_TAKER;BOT_MAKER;HYDROGEL_PACK;XIRECS;10023.0;5
29800;BOT_TAKER;BOT_MAKER;VELVETFRUIT_EXTRACT;XIRECS;5248.0;8
29800;BOT_MAKER;BOT_TAKER;VEV_4000;XIRECS;1259.0;3
29800;BOT_MAKER;BOT_TAKER;VEV_6500;XIRECS;0.0;2
29900;BOT_TAKER;BOT_MAKER;HYDROGEL_PACK;XIRECS;10021.0;6
29900;BOT_TAKER;BOT_MAKER;VELVETFRUIT_EXTRACT;XIRECS;5248.0;5
29900;BOT_TAKER;BOT_MAKER;VEV_6000;XIRECS;1.0;2
30000;BOT_TAKER;BOT_MAKER;VELVETFRUIT_EXTRACT;XIRECS;5247.0;3
30000;BOT_TAKER;SUBMISSION;HYDROGEL_PACK;XIRECS;10020.0;5
30000;BOT_TAKER;BOT_MAKER;HYDROGEL_PACK;XIRECS;10021.0;1
30100;BOT_MAKER;BOT_TAKER;VELVETFRUIT_EXTRACT;XIRECS;5241.0;4
30100;SUBMISSION;BOT_TAKER;VELVETFRUIT_EXTRACT;XIRECS;5242.0;5
30100;BOT_MAKER;BOT_TAKER;VELVETFRUIT_EXTRACT;XIRECS;5241.0;3
30200;BOT_TAKER;BOT_MAKER;VELVETFRUIT_EXTRACT;XIRECS;5247.0;8
30200;BOT_MAKER;BOT_TAKER;VEV_4000;XIRECS;1259.0;1
30200;BOT_MAKER;BOT_TAKER;VEV_6000;XIRECS;0.0;4
30300;BOT_MAKER;BOT_TAKER;VELVETFRUIT_EXTRACT;XIRECS;5241.0;6
30300;SUBMISSION;BOT_TAKER;HYDROGEL_PACK;XIRECS;10009.0;2
30400;BOT_MAKER;BOT_TAKER;HYDROGEL_PACK;XIRECS;10010.0;4
30400;BOT_MAKER;BOT_TAKER;VELVETFRUIT_EXTRACT;XIRECS;5242.0;8
30700;BOT_TAKER;BOT_MAKER;VELVETFRUIT_EXTRACT;XIRECS;5244.0;7
30700;SUBMISSION;BOT_TAKER;VELVETFRUIT_EXTRACT;XIRECS;5239.0;5
30700;BOT_MAKER;BOT_TAKER;VELVETFRUIT_EXTRACT;XIRECS;5238.0;6
30800;BOT_MAKER;BOT_TAKER;HYDROGEL_PACK;XIRECS;10010.0;4
30800;BOT_TAKER;BOT_MAKER;VEV_5500;XIRECS;5.0;4
30900;BOT_MAKER;BOT_TAKER;VELVETFRUIT_EXTRACT;XIRECS;5240.0;7
30900;BOT_TAKER;SUBMISSION;HYDROGEL_PACK;XIRECS;10029.0;4
31000;BOT_TAKER;BOT_MAKER;VELVETFRUIT_EXTRACT;XIRECS;5246.0;7
31100;BOT_TAKER;BOT_MAKER;HYDROGEL_PACK;XIRECS;10032.0;5
31100;BOT_TAKER;BOT_MAKER;VELVETFRUIT_EXTRACT;XIRECS;5246.0;7
31200;BOT_MAKER;BOT_TAKER;HYDROGEL_PACK;XIRECS;10017.0;6
31200;BOT_TAKER;BOT_MAKER;VELVETFRUIT_EXTRACT;XIRECS;5246.0;3
31300;BOT_TAKER;BOT_MAKER;HYDROGEL_PACK;XIRECS;10034.0;3
31500;BOT_MAKER;BOT_TAKER;VELVETFRUIT_EXTRACT;XIRECS;5238.0;7
31700;BOT_TAKER;BOT_MAKER;VELVETFRUIT_EXTRACT;XIRECS;5243.0;7
31800;BOT_MAKER;BOT_TAKER;HYDROGEL_PACK;XIRECS;10016.0;6
31800;BOT_TAKER;BOT_MAKER;VELVETFRUIT_EXTRACT;XIRECS;5243.0;3
31800;BOT_TAKER;BOT_MAKER;VEV_6000;XIRECS;1.0;3
31900;BOT_TAKER;BOT_MAKER;VELVETFRUIT_EXTRACT;XIRECS;5243.0;7
32000;BOT_MAKER;BOT_TAKER;VEV_4000;XIRECS;1257.0;2
32100;BOT_TAKER;BOT_MAKER;HYDROGEL_PACK;XIRECS;10028.0;6
32100;BOT_MAKER;BOT_TAKER;VELVETFRUIT_EXTRACT;XIRECS;5238.0;10
32200;BOT_TAKER;BOT_MAKER;HYDROGEL_PACK;XIRECS;10028.0;6
32200;BOT_TAKER;SUBMISSION;HYDROGEL_PACK;XIRECS;10027.0;3
32300;BOT_TAKER;BOT_MAKER;HYDROGEL_PACK;XIRECS;10029.0;6
32300;BOT_TAKER;BOT_MAKER;VEV_4000;XIRECS;1278.0;1
32400;BOT_MAKER;BOT_TAKER;VELVETFRUIT_EXTRACT;XIRECS;5237.0;4
32500;BOT_MAKER;BOT_TAKER;VELVETFRUIT_EXTRACT;XIRECS;5238.0;4
32600;BOT_MAKER;BOT_TAKER;HYDROGEL_PACK;XIRECS;10012.0;3
32700;BOT_TAKER;BOT_MAKER;HYDROGEL_PACK;XIRECS;10026.0;2
32700;BOT_MAKER;BOT_TAKER;VEV_6000;XIRECS;0.0;3
32900;BOT_MAKER;BOT_TAKER;VEV_4000;XIRECS;1255.0;1
33000;BOT_TAKER;BOT_MAKER;VELVETFRUIT_EXTRACT;XIRECS;5244.0;10
33200;BOT_MAKER;BOT_TAKER;HYDROGEL_PACK;XIRECS;10008.0;3
33200;SUBMISSION;BOT_TAKER;HYDROGEL_PACK;XIRECS;10009.0;2
33300;BOT_MAKER;BOT_TAKER;HYDROGEL_PACK;XIRECS;10007.0;2
33300;BOT_MAKER;BOT_TAKER;VELVETFRUIT_EXTRACT;XIRECS;5237.0;6
33300;BOT_TAKER;BOT_MAKER;VEV_5500;XIRECS;5.0;2
33300;BOT_MAKER;BOT_TAKER;VEV_6000;XIRECS;0.0;4
33400;BOT_MAKER;BOT_TAKER;HYDROGEL_PACK;XIRECS;10007.0;5
33500;BOT_MAKER;BOT_TAKER;HYDROGEL_PACK;XIRECS;10010.0;3
33600;BOT_TAKER;BOT_MAKER;VELVETFRUIT_EXTRACT;XIRECS;5244.0;8
33700;BOT_TAKER;BOT_MAKER;VELVETFRUIT_EXTRACT;XIRECS;5244.0;4
33800;BOT_TAKER;BOT_MAKER;HYDROGEL_PACK;XIRECS;10024.0;2
33900;BOT_TAKER;BOT_MAKER;HYDROGEL_PACK;XIRECS;10022.0;4
33900;BOT_TAKER;BOT_MAKER;VEV_6500;XIRECS;1.0;4
34000;BOT_MAKER;BOT_TAKER;HYDROGEL_PACK;XIRECS;10003.0;4
34100;BOT_MAKER;BOT_TAKER;VELVETFRUIT_EXTRACT;XIRECS;5237.0;8
34200;BOT_MAKER;BOT_TAKER;VELVETFRUIT_EXTRACT;XIRECS;5237.0;7
34400;BOT_MAKER;BOT_TAKER;VELVETFRUIT_EXTRACT;XIRECS;5237.0;7
34400;BOT_TAKER;BOT_MAKER;VEV_4000;XIRECS;1274.0;1
34400;BOT_MAKER;BOT_TAKER;VEV_5400;XIRECS;14.0;2
34400;BOT_TAKER;BOT_MAKER;VEV_5500;XIRECS;5.0;2
34600;BOT_MAKER;BOT_TAKER;VELVETFRUIT_EXTRACT;XIRECS;5237.0;8
34700;BOT_TAKER;BOT_MAKER;HYDROGEL_PACK;XIRECS;10017.0;2
34700;BOT_TAKER;BOT_MAKER;VELVETFRUIT_EXTRACT;XIRECS;5242.0;7
34700;SUBMISSION;BOT_TAKER;VELVETFRUIT_EXTRACT;XIRECS;5238.0;5
34700;BOT_MAKER;BOT_TAKER;VELVETFRUIT_EXTRACT;XIRECS;5237.0;7
34800;BOT_MAKER;BOT_TAKER;HYDROGEL_PACK;XIRECS;9997.0;5
34800;BOT_TAKER;BOT_MAKER;VELVETFRUIT_EXTRACT;XIRECS;5242.0;6
35000;BOT_TAKER;BOT_MAKER;VELVETFRUIT_EXTRACT;XIRECS;5240.0;8
35100;BOT_MAKER;BOT_TAKER;HYDROGEL_PACK;XIRECS;9996.0;6
35100;BOT_MAKER;BOT_TAKER;VELVETFRUIT_EXTRACT;XIRECS;5235.0;8
35100;BOT_TAKER;BOT_MAKER;VEV_5500;XIRECS;5.0;2
35300;BOT_MAKER;BOT_TAKER;VEV_4000;XIRECS;1256.0;3
35400;BOT_TAKER;BOT_MAKER;HYDROGEL_PACK;XIRECS;10013.0;5
35500;BOT_MAKER;BOT_TAKER;VELVETFRUIT_EXTRACT;XIRECS;5236.0;8
35600;SUBMISSION;BOT_TAKER;VELVETFRUIT_EXTRACT;XIRECS;5236.0;5
35600;BOT_MAKER;BOT_TAKER;VELVETFRUIT_EXTRACT;XIRECS;5235.0;2
35800;BOT_MAKER;BOT_TAKER;VELVETFRUIT_EXTRACT;XIRECS;5235.0;8
35900;BOT_TAKER;BOT_MAKER;VEV_6000;XIRECS;1.0;2
36000;BOT_TAKER;BOT_MAKER;HYDROGEL_PACK;XIRECS;10019.0;5
36000;BOT_MAKER;BOT_TAKER;VELVETFRUIT_EXTRACT;XIRECS;5234.0;3
36000;BOT_MAKER;BOT_TAKER;VELVETFRUIT_EXTRACT;XIRECS;5234.0;7
36100;BOT_TAKER;BOT_MAKER;HYDROGEL_PACK;XIRECS;10015.0;5
36100;BOT_MAKER;BOT_TAKER;VEV_6000;XIRECS;0.0;2
36100;BOT_MAKER;BOT_TAKER;VEV_6000;XIRECS;0.0;5
36200;BOT_MAKER;BOT_TAKER;HYDROGEL_PACK;XIRECS;9998.0;4
36200;BOT_MAKER;BOT_TAKER;VELVETFRUIT_EXTRACT;XIRECS;5237.0;4
36300;BOT_MAKER;BOT_TAKER;VELVETFRUIT_EXTRACT;XIRECS;5238.0;3
36300;BOT_TAKER;BOT_MAKER;VEV_6500;XIRECS;1.0;5
36300;BOT_TAKER;BOT_MAKER;VEV_6500;XIRECS;1.0;2
36400;BOT_MAKER;BOT_TAKER;HYDROGEL_PACK;XIRECS;9998.0;5
36400;BOT_TAKER;BOT_MAKER;VELVETFRUIT_EXTRACT;XIRECS;5243.0;5
36400;BOT_MAKER;BOT_TAKER;VEV_5300;XIRECS;56.0;5
36400;SUBMISSION;BOT_TAKER;VEV_4000;XIRECS;1261.0;2
36500;BOT_TAKER;BOT_MAKER;VEV_6500;XIRECS;1.0;2
36700;BOT_TAKER;BOT_MAKER;VELVETFRUIT_EXTRACT;XIRECS;5242.0;8
36800;BOT_TAKER;BOT_MAKER;HYDROGEL_PACK;XIRECS;10021.0;5
36800;BOT_TAKER;BOT_MAKER;VEV_6500;XIRECS;1.0;4
36900;BOT_TAKER;BOT_MAKER;HYDROGEL_PACK;XIRECS;10021.0;2
36900;BOT_TAKER;BOT_MAKER;VELVETFRUIT_EXTRACT;XIRECS;5243.0;8
37000;BOT_MAKER;BOT_TAKER;VELVETFRUIT_EXTRACT;XIRECS;5237.0;6
37000;BOT_MAKER;BOT_TAKER;VEV_5200;XIRECS;99.0;3
37000;BOT_MAKER;BOT_TAKER;VEV_5500;XIRECS;4.0;5
37100;BOT_MAKER;BOT_TAKER;HYDROGEL_PACK;XIRECS;10004.0;6
37100;BOT_MAKER;BOT_TAKER;VELVETFRUIT_EXTRACT;XIRECS;5236.0;4
37300;BOT_TAKER;BOT_MAKER;VEV_4000;XIRECS;1280.0;1
37300;BOT_TAKER;BOT_MAKER;VEV_6500;XIRECS;1.0;4
37400;BOT_TAKER;BOT_MAKER;VELVETFRUIT_EXTRACT;XIRECS;5246.0;6
37800;BOT_TAKER;BOT_MAKER;VELVETFRUIT_EXTRACT;XIRECS;5248.0;5
37800;BOT_TAKER;SUBMISSION;VEV_4000;XIRECS;1275.0;3
37900;BOT_TAKER;BOT_MAKER;VELVETFRUIT_EXTRACT;XIRECS;5249.0;8
37900;BOT_MAKER;BOT_TAKER;VEV_5500;XIRECS;4.0;3
37900;BOT_TAKER;BOT_MAKER;VEV_6500;XIRECS;1.0;4
38000;BOT_TAKER;BOT_MAKER;HYDROGEL_PACK;XIRECS;10023.0;4
38000;BOT_TAKER;BOT_MAKER;VEV_6000;XIRECS;1.0;2
38100;BOT_MAKER;BOT_TAKER;HYDROGEL_PACK;XIRECS;10011.0;3
38100;BOT_MAKER;BOT_TAKER;VEV_5400;XIRECS;14.0;5
38100;BOT_TAKER;BOT_MAKER;VEV_5500;XIRECS;5.0;2
38300;BOT_MAKER;BOT_TAKER;HYDROGEL_PACK;XIRECS;10013.0;2
38300;BOT_TAKER;BOT_MAKER;VELVETFRUIT_EXTRACT;XIRECS;5253.0;6
38400;BOT_MAKER;BOT_TAKER;VELVETFRUIT_EXTRACT;XIRECS;5249.0;7
38500;BOT_TAKER;BOT_MAKER;VELVETFRUIT_EXTRACT;XIRECS;5253.0;5
38500;SUBMISSION;BOT_TAKER;VELVETFRUIT_EXTRACT;XIRECS;5249.0;3
38600;SUBMISSION;BOT_TAKER;VELVETFRUIT_EXTRACT;XIRECS;5248.0;4
38800;BOT_MAKER;BOT_TAKER;HYDROGEL_PACK;XIRECS;10014.0;5
38800;BOT_MAKER;BOT_TAKER;VELVETFRUIT_EXTRACT;XIRECS;5249.0;5
38900;BOT_TAKER;BOT_MAKER;VELVETFRUIT_EXTRACT;XIRECS;5255.0;6
38900;BOT_MAKER;BOT_TAKER;VEV_5400;XIRECS;14.0;3
39100;BOT_MAKER;BOT_TAKER;HYDROGEL_PACK;XIRECS;10011.0;3
39100;BOT_MAKER;BOT_TAKER;VELVETFRUIT_EXTRACT;XIRECS;5248.0;6
39100;BOT_MAKER;BOT_TAKER;VEV_6500;XIRECS;0.0;4
39200;BOT_MAKER;BOT_TAKER;HYDROGEL_PACK;XIRECS;10010.0;6
39200;BOT_MAKER;BOT_TAKER;VELVETFRUIT_EXTRACT;XIRECS;5248.0;7
39400;BOT_TAKER;BOT_MAKER;VELVETFRUIT_EXTRACT;XIRECS;5255.0;8
39500;BOT_MAKER;BOT_TAKER;HYDROGEL_PACK;XIRECS;10005.0;5
39500;BOT_MAKER;BOT_TAKER;VEV_6500;XIRECS;0.0;5
39700;BOT_TAKER;BOT_MAKER;HYDROGEL_PACK;XIRECS;10022.0;3
39800;BOT_TAKER;BOT_MAKER;VELVETFRUIT_EXTRACT;XIRECS;5250.0;7
39800;SUBMISSION;BOT_TAKER;HYDROGEL_PACK;XIRECS;10009.0;4
40100;BOT_MAKER;BOT_TAKER;HYDROGEL_PACK;XIRECS;10007.0;4
40100;BOT_TAKER;BOT_MAKER;VEV_4000;XIRECS;1276.0;3
40100;BOT_TAKER;BOT_MAKER;VEV_6500;XIRECS;1.0;2
40200;BOT_TAKER;SUBMISSION;HYDROGEL_PACK;XIRECS;10025.0;4
40300;BOT_TAKER;BOT_MAKER;HYDROGEL_PACK;XIRECS;10024.0;5
40300;BOT_MAKER;BOT_TAKER;VEV_6500;XIRECS;0.0;2
40400;BOT_TAKER;BOT_MAKER;VEV_4000;XIRECS;1276.0;2
40400;BOT_MAKER;BOT_TAKER;VEV_5300;XIRECS;55.0;4
40500;BOT_MAKER;BOT_TAKER;HYDROGEL_PACK;XIRECS;10012.0;4
40600;BOT_TAKER;BOT_MAKER;HYDROGEL_PACK;XIRECS;10027.0;3
40600;BOT_MAKER;BOT_TAKER;VELVETFRUIT_EXTRACT;XIRECS;5245.0;3
40700;BOT_TAKER;BOT_MAKER;VEV_5400;XIRECS;17.0;2
40700;BOT_TAKER;BOT_MAKER;VEV_6000;XIRECS;1.0;4
40800;BOT_MAKER;BOT_TAKER;HYDROGEL_PACK;XIRECS;10011.0;2
40800;BOT_TAKER;BOT_MAKER;VEV_4000;XIRECS;1280.0;2
40800;BOT_MAKER;BOT_TAKER;VEV_5400;XIRECS;16.0;3
40800;BOT_TAKER;BOT_MAKER;VEV_6500;XIRECS;1.0;4
40900;BOT_TAKER;BOT_MAKER;HYDROGEL_PACK;XIRECS;10026.0;5
40900;BOT_TAKER;BOT_MAKER;VELVETFRUIT_EXTRACT;XIRECS;5252.0;5
40900;SUBMISSION;BOT_TAKER;HYDROGEL_PACK;XIRECS;10011.0;2
40900;SUBMISSION;BOT_TAKER;VELVETFRUIT_EXTRACT;XIRECS;5248.0;5
40900;BOT_MAKER;BOT_TAKER;VELVETFRUIT_EXTRACT;XIRECS;5247.0;2
41000;BOT_MAKER;BOT_TAKER;VELVETFRUIT_EXTRACT;XIRECS;5245.0;4
41100;BOT_TAKER;BOT_MAKER;VEV_5400;XIRECS;18.0;4
41200;BOT_TAKER;BOT_MAKER;VELVETFRUIT_EXTRACT;XIRECS;5251.0;11
41300;BOT_MAKER;BOT_TAKER;VELVETFRUIT_EXTRACT;XIRECS;5245.0;7
41400;BOT_TAKER;BOT_MAKER;HYDROGEL_PACK;XIRECS;10029.0;5
41400;BOT_TAKER;BOT_MAKER;VEV_6500;XIRECS;1.0;5
41500;BOT_MAKER;BOT_TAKER;HYDROGEL_PACK;XIRECS;10010.0;2
41700;BOT_MAKER;BOT_TAKER;HYDROGEL_PACK;XIRECS;10009.0;6
41800;BOT_MAKER;BOT_TAKER;VEV_4000;XIRECS;1258.0;2
41800;BOT_TAKER;BOT_MAKER;VEV_5300;XIRECS;59.0;3
41800;BOT_TAKER;BOT_MAKER;VEV_5500;XIRECS;5.0;5
41900;SUBMISSION;BOT_TAKER;VELVETFRUIT_EXTRACT;XIRECS;5246.0;4
42000;BOT_TAKER;BOT_MAKER;HYDROGEL_PACK;XIRECS;10025.0;4
42100;BOT_TAKER;BOT_MAKER;VELVETFRUIT_EXTRACT;XIRECS;5251.0;3
42300;BOT_TAKER;BOT_MAKER;HYDROGEL_PACK;XIRECS;10024.0;5
42400;BOT_MAKER;BOT_TAKER;HYDROGEL_PACK;XIRECS;10007.0;6
42400;BOT_MAKER;BOT_TAKER;VEV_5300;XIRECS;56.0;2
42400;BOT_MAKER;BOT_TAKER;VEV_6000;XIRECS;0.0;4
42500;BOT_TAKER;BOT_MAKER;VELVETFRUIT_EXTRACT;XIRECS;5247.0;4
42500;BOT_TAKER;BOT_MAKER;VEV_4000;XIRECS;1280.0;1
42500;BOT_TAKER;BOT_MAKER;VEV_5500;XIRECS;5.0;4
42600;BOT_MAKER;BOT_TAKER;HYDROGEL_PACK;XIRECS;10003.0;6
42600;BOT_MAKER;BOT_TAKER;HYDROGEL_PACK;XIRECS;10003.0;2
42700;BOT_TAKER;BOT_MAKER;HYDROGEL_PACK;XIRECS;10018.0;5
42700;BOT_TAKER;BOT_MAKER;VELVETFRUIT_EXTRACT;XIRECS;5245.0;5
42800;BOT_TAKER;BOT_MAKER;HYDROGEL_PACK;XIRECS;10017.0;3
42800;BOT_TAKER;BOT_MAKER;VELVETFRUIT_EXTRACT;XIRECS;5246.0;3
42800;BOT_MAKER;BOT_TAKER;VEV_5300;XIRECS;56.0;3
43000;BOT_TAKER;BOT_MAKER;VELVETFRUIT_EXTRACT;XIRECS;5245.0;7
43000;BOT_MAKER;BOT_TAKER;VEV_6000;XIRECS;0.0;4
43100;BOT_TAKER;BOT_MAKER;VEV_5400;XIRECS;17.0;2
43100;SUBMISSION;BOT_TAKER;HYDROGEL_PACK;XIRECS;10002.0;5
43100;BOT_MAKER;BOT_TAKER;HYDROGEL_PACK;XIRECS;10001.0;1
43500;BOT_MAKER;BOT_TAKER;HYDROGEL_PACK;XIRECS;10008.0;2
43500;BOT_MAKER;BOT_TAKER;VELVETFRUIT_EXTRACT;XIRECS;5242.0;5
43700;BOT_TAKER;BOT_MAKER;VEV_4000;XIRECS;1284.0;1
43700;BOT_TAKER;BOT_MAKER;VEV_5500;XIRECS;5.0;2
43800;BOT_MAKER;BOT_TAKER;VELVETFRUIT_EXTRACT;XIRECS;5240.0;3
43900;BOT_MAKER;BOT_TAKER;HYDROGEL_PACK;XIRECS;10008.0;2
44100;BOT_MAKER;BOT_TAKER;VELVETFRUIT_EXTRACT;XIRECS;5237.0;6
44100;SUBMISSION;BOT_TAKER;VELVETFRUIT_EXTRACT;XIRECS;5238.0;5
44100;BOT_MAKER;BOT_TAKER;VELVETFRUIT_EXTRACT;XIRECS;5237.0;1
44200;BOT_TAKER;BOT_MAKER;HYDROGEL_PACK;XIRECS;10019.0;5
44200;BOT_MAKER;BOT_TAKER;VELVETFRUIT_EXTRACT;XIRECS;5238.0;5
44200;BOT_TAKER;BOT_MAKER;VEV_4000;XIRECS;1287.0;3
44200;BOT_TAKER;SUBMISSION;HYDROGEL_PACK;XIRECS;10018.0;5
44200;BOT_TAKER;BOT_MAKER;HYDROGEL_PACK;XIRECS;10019.0;1
44200;SUBMISSION;BOT_TAKER;VEV_4000;XIRECS;1267.0;1
44200;SUBMISSION;BOT_TAKER;VEV_5400;XIRECS;18.0;3
44300;BOT_MAKER;BOT_TAKER;VELVETFRUIT_EXTRACT;XIRECS;5237.0;7
44300;BOT_MAKER;BOT_TAKER;VEV_5400;XIRECS;17.0;2
44400;BOT_TAKER;BOT_MAKER;VEV_6500;XIRECS;1.0;5
44500;BOT_MAKER;BOT_TAKER;VEV_5500;XIRECS;3.0;4
44500;BOT_MAKER;BOT_TAKER;VEV_6500;XIRECS;0.0;2
44500;BOT_TAKER;SUBMISSION;HYDROGEL_PACK;XIRECS;10023.0;5
44500;BOT_TAKER;BOT_MAKER;HYDROGEL_PACK;XIRECS;10024.0;1
44600;BOT_MAKER;BOT_TAKER;VEV_4000;XIRECS;1268.0;2
44600;SUBMISSION;BOT_TAKER;VELVETFRUIT_EXTRACT;XIRECS;5239.0;5
44700;BOT_TAKER;BOT_MAKER;HYDROGEL_PACK;XIRECS;10028.0;2
44700;BOT_TAKER;BOT_MAKER;VELVETFRUIT_EXTRACT;XIRECS;5244.0;5
44700;BOT_TAKER;BOT_MAKER;VEV_4000;XIRECS;1288.0;1
44700;SUBMISSION;BOT_TAKER;HYDROGEL_PACK;XIRECS;10013.0;3
45000;BOT_TAKER;BOT_MAKER;HYDROGEL_PACK;XIRECS;10025.0;6
45000;BOT_TAKER;BOT_MAKER;VELVETFRUIT_EXTRACT;XIRECS;5243.0;6
45000;BOT_MAKER;BOT_TAKER;VEV_5400;XIRECS;17.0;2
45100;BOT_MAKER;BOT_TAKER;VELVETFRUIT_EXTRACT;XIRECS;5241.0;6
45300;BOT_TAKER;BOT_MAKER;VELVETFRUIT_EXTRACT;XIRECS;5246.0;8
45400;BOT_MAKER;BOT_TAKER;HYDROGEL_PACK;XIRECS;10006.0;3
45400;BOT_TAKER;BOT_MAKER;VEV_4000;XIRECS;1291.0;3
45400;BOT_MAKER;BOT_TAKER;VEV_6000;XIRECS;0.0;2
45500;BOT_TAKER;BOT_MAKER;VELVETFRUIT_EXTRACT;XIRECS;5248.0;6
45500;BOT_MAKER;BOT_TAKER;VEV_4000;XIRECS;1271.0;3
45500;BOT_TAKER;BOT_MAKER;VEV_6500;XIRECS;1.0;2
45600;BOT_MAKER;BOT_TAKER;VELVETFRUIT_EXTRACT;XIRECS;5243.0;6
45600;BOT_MAKER;BOT_TAKER;VEV_4000;XIRECS;1273.0;2
45700;BOT_MAKER;BOT_TAKER;HYDROGEL_PACK;XIRECS;10008.0;5
45700;BOT_TAKER;SUBMISSION;VEV_4000;XIRECS;1293.0;3
45800;BOT_TAKER;BOT_MAKER;VEV_5500;XIRECS;5.0;3
45800;BOT_TAKER;SUBMISSION;VEV_5200;XIRECS;103.0;4
45900;BOT_MAKER;BOT_TAKER;VELVETFRUIT_EXTRACT;XIRECS;5240.0;7
46000;BOT_MAKER;BOT_TAKER;HYDROGEL_PACK;XIRECS;10011.0;5
46000;BOT_MAKER;BOT_TAKER;VELVETFRUIT_EXTRACT;XIRECS;5240.0;5
46100;BOT_MAKER;BOT_TAKER;HYDROGEL_PACK;XIRECS;10012.0;4
46100;BOT_TAKER;BOT_MAKER;VEV_6500;XIRECS;1.0;4
46200;BOT_MAKER;BOT_TAKER;VELVETFRUIT_EXTRACT;XIRECS;5240.0;4
46300;BOT_TAKER;BOT_MAKER;HYDROGEL_PACK;XIRECS;10025.0;3
46300;BOT_TAKER;BOT_MAKER;VELVETFRUIT_EXTRACT;XIRECS;5244.0;8
46400;BOT_MAKER;BOT_TAKER;HYDROGEL_PACK;XIRECS;10007.0;2
46500;BOT_TAKER;BOT_MAKER;VEV_5400;XIRECS;19.0;5
46500;BOT_TAKER;SUBMISSION;VELVETFRUIT_EXTRACT;XIRECS;5245.0;3
46500;SUBMISSION;BOT_TAKER;VEV_5400;XIRECS;18.0;2
46600;BOT_TAKER;BOT_MAKER;VEV_4000;XIRECS;1293.0;2
46800;BOT_MAKER;BOT_TAKER;HYDROGEL_PACK;XIRECS;10008.0;3
46900;BOT_MAKER;BOT_TAKER;HYDROGEL_PACK;XIRECS;10006.0;4
46900;BOT_MAKER;BOT_TAKER;VELVETFRUIT_EXTRACT;XIRECS;5239.0;10
46900;BOT_TAKER;BOT_MAKER;VEV_5400;XIRECS;18.0;3
47000;BOT_MAKER;BOT_TAKER;VELVETFRUIT_EXTRACT;XIRECS;5238.0;3
47000;BOT_MAKER;BOT_TAKER;VEV_6500;XIRECS;0.0;2
47100;BOT_TAKER;BOT_MAKER;VELVETFRUIT_EXTRACT;XIRECS;5241.0;4
47200;BOT_TAKER;BOT_MAKER;HYDROGEL_PACK;XIRECS;10023.0;3
47200;BOT_MAKER;BOT_TAKER;VEV_4000;XIRECS;1269.0;2
47300;BOT_MAKER;BOT_TAKER;VEV_5400;XIRECS;17.0;5
47400;BOT_MAKER;BOT_TAKER;HYDROGEL_PACK;XIRECS;10007.0;6
47500;BOT_TAKER;BOT_MAKER;VELVETFRUIT_EXTRACT;XIRECS;5243.0;8
47900;BOT_TAKER;BOT_MAKER;HYDROGEL_PACK;XIRECS;10024.0;2
47900;BOT_MAKER;BOT_TAKER;VEV_4000;XIRECS;1269.0;3
47900;BOT_MAKER;BOT_TAKER;VEV_6000;XIRECS;0.0;5
47900;SUBMISSION;BOT_TAKER;HYDROGEL_PACK;XIRECS;10009.0;2
48000;BOT_MAKER;BOT_TAKER;VELVETFRUIT_EXTRACT;XIRECS;5240.0;8
48200;BOT_MAKER;BOT_TAKER;HYDROGEL_PACK;XIRECS;10008.0;6
48300;BOT_MAKER;BOT_TAKER;HYDROGEL_PACK;XIRECS;10007.0;3
48300;BOT_MAKER;BOT_TAKER;VELVETFRUIT_EXTRACT;XIRECS;5240.0;6
48600;BOT_MAKER;BOT_TAKER;HYDROGEL_PACK;XIRECS;10005.0;4
48600;BOT_MAKER;BOT_TAKER;HYDROGEL_PACK;XIRECS;10005.0;4
48600;SUBMISSION;BOT_TAKER;VEV_5300;XIRECS;62.0;2
48700;BOT_MAKER;BOT_TAKER;HYDROGEL_PACK;XIRECS;10005.0;3
48700;BOT_MAKER;BOT_TAKER;VELVETFRUIT_EXTRACT;XIRECS;5242.0;10
48800;BOT_MAKER;BOT_TAKER;HYDROGEL_PACK;XIRECS;10005.0;4
48800;BOT_TAKER;BOT_MAKER;VEV_5300;XIRECS;63.0;4
48900;BOT_MAKER;BOT_TAKER;HYDROGEL_PACK;XIRECS;10005.0;4
48900;BOT_TAKER;BOT_MAKER;VELVETFRUIT_EXTRACT;XIRECS;5249.0;5
49000;BOT_MAKER;BOT_TAKER;VEV_6000;XIRECS;0.0;4
49100;BOT_TAKER;BOT_MAKER;HYDROGEL_PACK;XIRECS;10022.0;2
49100;BOT_MAKER;BOT_TAKER;VELVETFRUIT_EXTRACT;XIRECS;5243.0;5
49100;BOT_MAKER;BOT_TAKER;VEV_5400;XIRECS;18.0;4
49100;BOT_MAKER;BOT_TAKER;VEV_5500;XIRECS;4.0;3
49100;SUBMISSION;BOT_TAKER;VELVETFRUIT_EXTRACT;XIRECS;5244.0;3
49200;BOT_TAKER;BOT_MAKER;VEV_6500;XIRECS;1.0;2
49200;SUBMISSION;BOT_TAKER;HYDROGEL_PACK;XIRECS;10007.0;3
49300;BOT_TAKER;BOT_MAKER;HYDROGEL_PACK;XIRECS;10024.0;5
49300;SUBMISSION;BOT_TAKER;HYDROGEL_PACK;XIRECS;10009.0;3
49400;BOT_MAKER;BOT_TAKER;HYDROGEL_PACK;XIRECS;10010.0;3
49500;BOT_MAKER;BOT_TAKER;VEV_5300;XIRECS;60.0;4
49600;BOT_MAKER;BOT_TAKER;VELVETFRUIT_EXTRACT;XIRECS;5239.0;5
49600;BOT_TAKER;BOT_MAKER;VEV_6500;XIRECS;1.0;4
49700;BOT_MAKER;BOT_TAKER;VELVETFRUIT_EXTRACT;XIRECS;5240.0;4
49800;BOT_TAKER;BOT_MAKER;VELVETFRUIT_EXTRACT;XIRECS;5244.0;6
49900;BOT_TAKER;BOT_MAKER;HYDROGEL_PACK;XIRECS;10020.0;3
50000;BOT_TAKER;BOT_MAKER;HYDROGEL_PACK;XIRECS;10021.0;4
50000;BOT_TAKER;SUBMISSION;VELVETFRUIT_EXTRACT;XIRECS;5242.0;5
50000;BOT_TAKER;BOT_MAKER;VELVETFRUIT_EXTRACT;XIRECS;5243.0;2
50200;BOT_TAKER;BOT_MAKER;VELVETFRUIT_EXTRACT;XIRECS;5242.0;7
50300;BOT_MAKER;BOT_TAKER;HYDROGEL_PACK;XIRECS;10009.0;3
50300;BOT_TAKER;BOT_MAKER;VEV_5500;XIRECS;5.0;3
50400;BOT_TAKER;BOT_MAKER;HYDROGEL_PACK;XIRECS;10022.0;4
50400;BOT_TAKER;SUBMISSION;VELVETFRUIT_EXTRACT;XIRECS;5237.0;5
50400;BOT_TAKER;BOT_MAKER;VELVETFRUIT_EXTRACT;XIRECS;5238.0;2
50500;BOT_MAKER;BOT_TAKER;HYDROGEL_PACK;XIRECS;10008.0;3
50500;BOT_TAKER;SUBMISSION;VELVETFRUIT_EXTRACT;XIRECS;5237.0;5
50500;BOT_TAKER;BOT_MAKER;VELVETFRUIT_EXTRACT;XIRECS;5238.0;5
50600;BOT_MAKER;BOT_TAKER;HYDROGEL_PACK;XIRECS;10009.0;6
50600;BOT_MAKER;BOT_TAKER;VEV_4000;XIRECS;1272.0;1
50600;BOT_TAKER;SUBMISSION;VEV_4000;XIRECS;1293.0;2
50700;BOT_TAKER;BOT_MAKER;VEV_5500;XIRECS;5.0;4
50900;BOT_TAKER;BOT_MAKER;VEV_6000;XIRECS;1.0;3
51000;BOT_TAKER;BOT_MAKER;HYDROGEL_PACK;XIRECS;10018.0;4
51000;BOT_MAKER;BOT_TAKER;VEV_6000;XIRECS;0.0;5
51100;BOT_MAKER;BOT_TAKER;VEV_5300;XIRECS;63.0;5
51200;BOT_MAKER;BOT_TAKER;VELVETFRUIT_EXTRACT;XIRECS;5228.0;5
51400;BOT_MAKER;BOT_TAKER;HYDROGEL_PACK;XIRECS;10009.0;2
51500;BOT_TAKER;BOT_MAKER;HYDROGEL_PACK;XIRECS;10022.0;4
51700;BOT_MAKER;BOT_TAKER;HYDROGEL_PACK;XIRECS;10006.0;4
51700;BOT_TAKER;BOT_MAKER;VEV_6500;XIRECS;1.0;4
51800;BOT_MAKER;BOT_TAKER;VELVETFRUIT_EXTRACT;XIRECS;5230.0;7
51900;BOT_MAKER;BOT_TAKER;VEV_5500;XIRECS;4.0;5
52100;BOT_TAKER;BOT_MAKER;VELVETFRUIT_EXTRACT;XIRECS;5235.0;4
52100;BOT_TAKER;SUBMISSION;VELVETFRUIT_EXTRACT;XIRECS;5234.0;5
52200;BOT_TAKER;BOT_MAKER;HYDROGEL_PACK;XIRECS;10025.0;3
52300;BOT_TAKER;BOT_MAKER;HYDROGEL_PACK;XIRECS;10022.0;4
52300;BOT_TAKER;BOT_MAKER;VELVETFRUIT_EXTRACT;XIRECS;5234.0;8
52400;BOT_MAKER;BOT_TAKER;VEV_6000;XIRECS;0.0;3
52500;BOT_TAKER;BOT_MAKER;HYDROGEL_PACK;XIRECS;10020.0;3
52500;BOT_MAKER;BOT_TAKER;VELVETFRUIT_EXTRACT;XIRECS;5228.0;7
52700;BOT_TAKER;BOT_MAKER;VELVETFRUIT_EXTRACT;XIRECS;5235.0;8
52700;BOT_MAKER;BOT_TAKER;VEV_6000;XIRECS;0.0;2
52700;BOT_MAKER;BOT_TAKER;VEV_6000;XIRECS;0.0;4
52700;BOT_MAKER;BOT_TAKER;VEV_6500;XIRECS;0.0;3
52800;BOT_TAKER;SUBMISSION;VELVETFRUIT_EXTRACT;XIRECS;5236.0;3
52900;SUBMISSION;BOT_TAKER;HYDROGEL_PACK;XIRECS;10007.0;5
52900;BOT_MAKER;BOT_TAKER;HYDROGEL_PACK;XIRECS;10006.0;1
52900;BOT_TAKER;SUBMISSION;VELVETFRUIT_EXTRACT;XIRECS;5234.0;3
53000;BOT_MAKER;BOT_TAKER;VELVETFRUIT_EXTRACT;XIRECS;5231.0;6
53100;BOT_MAKER;BOT_TAKER;VELVETFRUIT_EXTRACT;XIRECS;5231.0;8
53200;BOT_TAKER;BOT_MAKER;VEV_5500;XIRECS;6.0;4
53300;BOT_MAKER;BOT_TAKER;HYDROGEL_PACK;XIRECS;10006.0;5
53300;BOT_TAKER;BOT_MAKER;VEV_4000;XIRECS;1287.0;2
53300;BOT_MAKER;BOT_TAKER;VEV_5500;XIRECS;5.0;3
53300;BOT_MAKER;BOT_TAKER;VEV_6000;XIRECS;0.0;2
53300;BOT_MAKER;BOT_TAKER;VEV_6500;XIRECS;0.0;3
53300;SUBMISSION;BOT_TAKER;VELVETFRUIT_EXTRACT;XIRECS;5231.0;5
53400;BOT_TAKER;SUBMISSION;VELVETFRUIT_EXTRACT;XIRECS;5235.0;4
53500;BOT_TAKER;BOT_MAKER;VELVETFRUIT_EXTRACT;XIRECS;5236.0;6
53500;BOT_TAKER;BOT_MAKER;VELVETFRUIT_EXTRACT;XIRECS;5236.0;5
53600;BOT_TAKER;BOT_MAKER;VELVETFRUIT_EXTRACT;XIRECS;5237.0;6
53600;BOT_TAKER;BOT_MAKER;VEV_4000;XIRECS;1288.0;3
53600;BOT_MAKER;BOT_TAKER;VEV_5400;XIRECS;21.0;4
53600;SUBMISSION;BOT_TAKER;HYDROGEL_PACK;XIRECS;10005.0;4
53800;BOT_TAKER;BOT_MAKER;VEV_5500;XIRECS;6.0;3
53900;BOT_TAKER;BOT_MAKER;VELVETFRUIT_EXTRACT;XIRECS;5235.0;7
53900;BOT_TAKER;BOT_MAKER;VEV_5500;XIRECS;6.0;3
53900;BOT_TAKER;SUBMISSION;VELVETFRUIT_EXTRACT;XIRECS;5234.0;5
54000;BOT_MAKER;BOT_TAKER;VEV_4000;XIRECS;1268.0;1
54000;BOT_TAKER;SUBMISSION;HYDROGEL_PACK;XIRECS;10020.0;2
54100;BOT_TAKER;BOT_MAKER;VEV_4000;XIRECS;1289.0;1
54100;BOT_TAKER;BOT_MAKER;VEV_5500;XIRECS;6.0;4
54100;BOT_TAKER;BOT_MAKER;VEV_6500;XIRECS;1.0;5
54200;BOT_TAKER;BOT_MAKER;HYDROGEL_PACK;XIRECS;10021.0;6
54200;BOT_MAKER;BOT_TAKER;VELVETFRUIT_EXTRACT;XIRECS;5228.0;8
54200;BOT_MAKER;BOT_TAKER;VEV_5500;XIRECS;5.0;4
54200;BOT_MAKER;BOT_TAKER;VEV_6000;XIRECS;0.0;3
54200;BOT_TAKER;BOT_MAKER;VEV_6500;XIRECS;1.0;3
54300;BOT_TAKER;BOT_MAKER;VELVETFRUIT_EXTRACT;XIRECS;5233.0;10
54400;BOT_MAKER;BOT_TAKER;HYDROGEL_PACK;XIRECS;10007.0;6
54400;BOT_TAKER;BOT_MAKER;VELVETFRUIT_EXTRACT;XIRECS;5234.0;3
54400;BOT_MAKER;BOT_TAKER;VEV_4000;XIRECS;1268.0;1
54400;BOT_TAKER;BOT_MAKER;VEV_5500;XIRECS;6.0;3
54500;BOT_MAKER;BOT_TAKER;HYDROGEL_PACK;XIRECS;10005.0;5
54500;BOT_TAKER;BOT_MAKER;VELVETFRUIT_EXTRACT;XIRECS;5235.0;7
54500;BOT_TAKER;BOT_MAKER;VEV_5300;XIRECS;65.0;4
54800;BOT_MAKER;BOT_TAKER;VEV_5300;XIRECS;60.0;5
54800;BOT_TAKER;BOT_MAKER;VEV_6000;XIRECS;1.0;5
54900;BOT_MAKER;BOT_TAKER;HYDROGEL_PACK;XIRECS;10008.0;5
54900;BOT_TAKER;BOT_MAKER;VELVETFRUIT_EXTRACT;XIRECS;5233.0;7
54900;BOT_MAKER;BOT_TAKER;VEV_6500;XIRECS;0.0;3
54900;BOT_TAKER;SUBMISSION;HYDROGEL_PACK;XIRECS;10023.0;5
55000;BOT_MAKER;BOT_TAKER;HYDROGEL_PACK;XIRECS;10008.0;2
55000;BOT_TAKER;BOT_MAKER;VEV_4000;XIRECS;1292.0;1
55200;BOT_MAKER;BOT_TAKER;HYDROGEL_PACK;XIRECS;10013.0;5
55300;BOT_TAKER;BOT_MAKER;VELVETFRUIT_EXTRACT;XIRECS;5232.0;8
55300;BOT_MAKER;BOT_TAKER;VEV_4000;XIRECS;1268.0;2
55300;BOT_MAKER;BOT_TAKER;VEV_5200;XIRECS;87.0;2
55400;BOT_MAKER;BOT_TAKER;VEV_6500;XIRECS;0.0;5
55500;SUBMISSION;BOT_TAKER;VEV_5300;XIRECS;60.0;2
55600;BOT_MAKER;BOT_TAKER;HYDROGEL_PACK;XIRECS;10016.0;2
55600;BOT_TAKER;BOT_MAKER;VELVETFRUIT_EXTRACT;XIRECS;5232.0;3
55600;BOT_TAKER;BOT_MAKER;VEV_6500;XIRECS;1.0;4
55700;BOT_MAKER;BOT_TAKER;VELVETFRUIT_EXTRACT;XIRECS;5226.0;14
55800;BOT_TAKER;BOT_MAKER;VEV_5400;XIRECS;22.0;3
55900;BOT_MAKER;BOT_TAKER;VEV_4000;XIRECS;1269.0;2
55900;BOT_TAKER;BOT_MAKER;VEV_6000;XIRECS;1.0;3
56100;BOT_TAKER;BOT_MAKER;VEV_4000;XIRECS;1290.0;1
56200;BOT_TAKER;BOT_MAKER;HYDROGEL_PACK;XIRECS;10031.0;3
56200;BOT_MAKER;BOT_TAKER;VEV_6000;XIRECS;0.0;5
56200;BOT_TAKER;SUBMISSION;HYDROGEL_PACK;XIRECS;10030.0;3
56300;BOT_TAKER;BOT_MAKER;HYDROGEL_PACK;XIRECS;10032.0;4
56400;BOT_TAKER;BOT_MAKER;HYDROGEL_PACK;XIRECS;10033.0;6
56400;BOT_TAKER;BOT_MAKER;HYDROGEL_PACK;XIRECS;10033.0;4
56400;BOT_MAKER;BOT_TAKER;VELVETFRUIT_EXTRACT;XIRECS;5222.0;3
56600;BOT_MAKER;BOT_TAKER;HYDROGEL_PACK;XIRECS;10018.0;3
56700;BOT_MAKER;BOT_TAKER;VEV_4000;XIRECS;1269.0;2
56700;SUBMISSION;BOT_TAKER;VELVETFRUIT_EXTRACT;XIRECS;5225.0;5
56700;BOT_MAKER;BOT_TAKER;VELVETFRUIT_EXTRACT;XIRECS;5224.0;2
56800;BOT_MAKER;BOT_TAKER;VEV_6500;XIRECS;0.0;3
56800;SUBMISSION;BOT_TAKER;VEV_4000;XIRECS;1271.0;2
56900;BOT_TAKER;BOT_MAKER;VEV_4000;XIRECS;1290.0;3
56900;BOT_TAKER;SUBMISSION;HYDROGEL_PACK;XIRECS;10031.0;2
57000;BOT_MAKER;BOT_TAKER;HYDROGEL_PACK;XIRECS;10017.0;5
57000;BOT_TAKER;BOT_MAKER;VEV_6000;XIRECS;1.0;3
57100;BOT_TAKER;BOT_MAKER;VEV_5300;XIRECS;63.0;2
57100;SUBMISSION;BOT_TAKER;HYDROGEL_PACK;XIRECS;10018.0;4
57200;BOT_MAKER;BOT_TAKER;VELVETFRUIT_EXTRACT;XIRECS;5222.0;4
57300;BOT_MAKER;BOT_TAKER;VELVETFRUIT_EXTRACT;XIRECS;5222.0;4
57300;BOT_MAKER;BOT_TAKER;VEV_5500;XIRECS;5.0;4
57400;BOT_MAKER;BOT_TAKER;VELVETFRUIT_EXTRACT;XIRECS;5221.0;7
57500;BOT_MAKER;BOT_TAKER;VEV_5500;XIRECS;5.0;4
57600;BOT_TAKER;BOT_MAKER;VELVETFRUIT_EXTRACT;XIRECS;5228.0;6
57700;BOT_TAKER;BOT_MAKER;VELVETFRUIT_EXTRACT;XIRECS;5228.0;12
57800;BOT_TAKER;BOT_MAKER;VEV_5500;XIRECS;6.0;5
57900;BOT_TAKER;BOT_MAKER;VELVETFRUIT_EXTRACT;XIRECS;5227.0;8
57900;BOT_MAKER;BOT_TAKER;VEV_5500;XIRECS;5.0;2
58000;BOT_TAKER;BOT_MAKER;VEV_6500;XIRECS;1.0;5
58100;BOT_MAKER;BOT_TAKER;HYDROGEL_PACK;XIRECS;10016.0;5
58100;BOT_TAKER;BOT_MAKER;VEV_5500;XIRECS;6.0;4
58300;BOT_MAKER;BOT_TAKER;HYDROGEL_PACK;XIRECS;10016.0;3
58300;BOT_MAKER;BOT_TAKER;VELVETFRUIT_EXTRACT;XIRECS;5223.0;5
58500;BOT_MAKER;BOT_TAKER;HYDROGEL_PACK;XIRECS;10014.0;6
58500;BOT_TAKER;SUBMISSION;VELVETFRUIT_EXTRACT;XIRECS;5229.0;5
58500;BOT_TAKER;BOT_MAKER;VELVETFRUIT_EXTRACT;XIRECS;5230.0;3
58600;BOT_MAKER;BOT_TAKER;VELVETFRUIT_EXTRACT;XIRECS;5222.0;7
58700;BOT_MAKER;BOT_TAKER;VELVETFRUIT_EXTRACT;XIRECS;5222.0;3
58800;BOT_MAKER;BOT_TAKER;HYDROGEL_PACK;XIRECS;10011.0;3
58800;BOT_MAKER;BOT_TAKER;VELVETFRUIT_EXTRACT;XIRECS;5223.0;6
58800;BOT_MAKER;BOT_TAKER;VEV_4000;XIRECS;1268.0;1
58800;BOT_MAKER;BOT_TAKER;VEV_6500;XIRECS;0.0;2
58900;BOT_MAKER;BOT_TAKER;HYDROGEL_PACK;XIRECS;10015.0;6
58900;BOT_MAKER;BOT_TAKER;VEV_4000;XIRECS;1267.0;2
59000;BOT_TAKER;BOT_MAKER;HYDROGEL_PACK;XIRECS;10029.0;3
59000;BOT_MAKER;BOT_TAKER;VELVETFRUIT_EXTRACT;XIRECS;5221.0;7
59000;BOT_TAKER;BOT_MAKER;VEV_4000;XIRECS;1288.0;3
59000;BOT_TAKER;BOT_MAKER;VEV_5400;XIRECS;22.0;2
59100;BOT_TAKER;BOT_MAKER;VEV_6000;XIRECS;1.0;2
59200;BOT_TAKER;BOT_MAKER;VELVETFRUIT_EXTRACT;XIRECS;5228.0;3
59200;BOT_MAKER;BOT_TAKER;VEV_5400;XIRECS;20.0;4
59300;BOT_TAKER;BOT_MAKER;VELVETFRUIT_EXTRACT;XIRECS;5228.0;8
59300;BOT_MAKER;BOT_TAKER;VEV_5500;XIRECS;5.0;4
59300;BOT_TAKER;SUBMISSION;HYDROGEL_PACK;XIRECS;10031.0;5
59300;SUBMISSION;BOT_TAKER;VELVETFRUIT_EXTRACT;XIRECS;5223.0;3
59400;BOT_MAKER;BOT_TAKER;VEV_4000;XIRECS;1266.0;1
59400;BOT_TAKER;BOT_MAKER;VEV_5400;XIRECS;22.0;5
59400;BOT_TAKER;BOT_MAKER;VEV_6000;XIRECS;1.0;4
59500;BOT_TAKER;BOT_MAKER;HYDROGEL_PACK;XIRECS;10035.0;5
59500;BOT_TAKER;BOT_MAKER;VELVETFRUIT_EXTRACT;XIRECS;5227.0;7
59600;BOT_MAKER;BOT_TAKER;VEV_4000;XIRECS;1266.0;2
59700;BOT_MAKER;BOT_TAKER;HYDROGEL_PACK;XIRECS;10015.0;6
59700;BOT_TAKER;BOT_MAKER;VEV_6000;XIRECS;1.0;4
59800;BOT_MAKER;BOT_TAKER;VEV_6500;XIRECS;0.0;2
59800;BOT_TAKER;SUBMISSION;VELVETFRUIT_EXTRACT;XIRECS;5229.0;5
59800;BOT_TAKER;BOT_MAKER;VELVETFRUIT_EXTRACT;XIRECS;5230.0;1
59900;BOT_TAKER;BOT_MAKER;HYDROGEL_PACK;XIRECS;10029.0;4
59900;BOT_MAKER;BOT_TAKER;VELVETFRUIT_EXTRACT;XIRECS;5225.0;5
60000;BOT_TAKER;BOT_MAKER;HYDROGEL_PACK;XIRECS;10029.0;4
60000;BOT_TAKER;BOT_MAKER;VELVETFRUIT_EXTRACT;XIRECS;5227.0;4
60000;BOT_TAKER;BOT_MAKER;VEV_5500;XIRECS;6.0;3
60100;BOT_MAKER;BOT_TAKER;HYDROGEL_PACK;XIRECS;10013.0;5
60100;BOT_TAKER;BOT_MAKER;VELVETFRUIT_EXTRACT;XIRECS;5228.0;6
60100;BOT_MAKER;BOT_TAKER;VELVETFRUIT_EXTRACT;XIRECS;5222.0;8
60100;BOT_TAKER;BOT_MAKER;VEV_6000;XIRECS;1.0;5
60200;BOT_TAKER;BOT_MAKER;VELVETFRUIT_EXTRACT;XIRECS;5227.0;5
60300;BOT_MAKER;BOT_TAKER;HYDROGEL_PACK;XIRECS;10015.0;4
60300;BOT_TAKER;BOT_MAKER;VEV_6000;XIRECS;1.0;4
60400;BOT_MAKER;BOT_TAKER;HYDROGEL_PACK;XIRECS;10018.0;2
60400;BOT_MAKER;BOT_TAKER;VELVETFRUIT_EXTRACT;XIRECS;5223.0;6
60400;BOT_MAKER;BOT_TAKER;VEV_5500;XIRECS;5.0;2
60400;BOT_MAKER;BOT_TAKER;VEV_6500;XIRECS;0.0;5
60400;SUBMISSION;BOT_TAKER;VEV_5400;XIRECS;22.0;4
60600;BOT_MAKER;BOT_TAKER;HYDROGEL_PACK;XIRECS;10014.0;3
60600;SUBMISSION;BOT_TAKER;VELVETFRUIT_EXTRACT;XIRECS;5222.0;5
60600;BOT_MAKER;BOT_TAKER;VELVETFRUIT_EXTRACT;XIRECS;5221.0;3
60800;BOT_TAKER;BOT_MAKER;HYDROGEL_PACK;XIRECS;10036.0;6
60900;BOT_MAKER;BOT_TAKER;VELVETFRUIT_EXTRACT;XIRECS;5219.0;5
60900;BOT_MAKER;BOT_TAKER;VELVETFRUIT_EXTRACT;XIRECS;5219.0;4
60900;BOT_MAKER;BOT_TAKER;VEV_4000;XIRECS;1265.0;3
60900;BOT_TAKER;BOT_MAKER;VEV_6500;XIRECS;1.0;2
61000;BOT_MAKER;BOT_TAKER;VELVETFRUIT_EXTRACT;XIRECS;5219.0;7
61100;BOT_TAKER;BOT_MAKER;HYDROGEL_PACK;XIRECS;10037.0;5
61100;BOT_TAKER;BOT_MAKER;VELVETFRUIT_EXTRACT;XIRECS;5222.0;4
61100;BOT_TAKER;SUBMISSION;HYDROGEL_PACK;XIRECS;10036.0;5
61100;BOT_TAKER;BOT_MAKER;HYDROGEL_PACK;XIRECS;10037.0;1
61200;BOT_MAKER;BOT_TAKER;HYDROGEL_PACK;XIRECS;10020.0;5
61200;BOT_MAKER;BOT_TAKER;VELVETFRUIT_EXTRACT;XIRECS;5218.0;6
61300;BOT_TAKER;BOT_MAKER;HYDROGEL_PACK;XIRECS;10033.0;5
61400;BOT_MAKER;BOT_TAKER;VELVETFRUIT_EXTRACT;XIRECS;5217.0;5
61500;BOT_MAKER;BOT_TAKER;VEV_4000;XIRECS;1265.0;1
61800;BOT_MAKER;BOT_TAKER;VEV_5300;XIRECS;62.0;5
61800;BOT_TAKER;SUBMISSION;VELVETFRUIT_EXTRACT;XIRECS;5221.0;5
61800;BOT_TAKER;BOT_MAKER;VELVETFRUIT_EXTRACT;XIRECS;5222.0;2
61900;BOT_TAKER;BOT_MAKER;VELVETFRUIT_EXTRACT;XIRECS;5221.0;8
61900;BOT_MAKER;BOT_TAKER;VELVETFRUIT_EXTRACT;XIRECS;5216.0;3
61900;BOT_TAKER;BOT_MAKER;VEV_5500;XIRECS;6.0;4
61900;BOT_TAKER;SUBMISSION;VEV_5300;XIRECS;63.0;5
62000;BOT_TAKER;BOT_MAKER;HYDROGEL_PACK;XIRECS;10034.0;5
62000;BOT_TAKER;BOT_MAKER;VELVETFRUIT_EXTRACT;XIRECS;5222.0;8
62000;BOT_TAKER;BOT_MAKER;VEV_5400;XIRECS;22.0;2
62000;BOT_TAKER;BOT_MAKER;VEV_5400;XIRECS;22.0;2
62000;SUBMISSION;BOT_TAKER;VELVETFRUIT_EXTRACT;XIRECS;5218.0;5
62000;BOT_MAKER;BOT_TAKER;VELVETFRUIT_EXTRACT;XIRECS;5217.0;4
62100;BOT_MAKER;BOT_TAKER;VELVETFRUIT_EXTRACT;XIRECS;5216.0;3
62200;BOT_TAKER;BOT_MAKER;VEV_4000;XIRECS;1286.0;1
62200;BOT_TAKER;BOT_MAKER;VEV_5300;XIRECS;64.0;3
62200;BOT_TAKER;BOT_MAKER;VEV_6000;XIRECS;1.0;3
62300;BOT_TAKER;BOT_MAKER;VELVETFRUIT_EXTRACT;XIRECS;5223.0;3
62300;BOT_MAKER;BOT_TAKER;VEV_4000;XIRECS;1267.0;1
62300;BOT_TAKER;SUBMISSION;VELVETFRUIT_EXTRACT;XIRECS;5222.0;5
62300;BOT_TAKER;BOT_MAKER;VELVETFRUIT_EXTRACT;XIRECS;5223.0;3
62400;BOT_MAKER;BOT_TAKER;HYDROGEL_PACK;XIRECS;10016.0;6
62500;BOT_TAKER;BOT_MAKER;VEV_6500;XIRECS;1.0;5
62600;BOT_TAKER;BOT_MAKER;HYDROGEL_PACK;XIRECS;10031.0;3
62600;BOT_MAKER;BOT_TAKER;VELVETFRUIT_EXTRACT;XIRECS;5217.0;10
62600;BOT_MAKER;BOT_TAKER;VEV_5300;XIRECS;62.0;3
62600;BOT_TAKER;BOT_MAKER;VEV_6000;XIRECS;1.0;5
62600;SUBMISSION;BOT_TAKER;HYDROGEL_PACK;XIRECS;10016.0;3
62600;BOT_TAKER;SUBMISSION;VELVETFRUIT_EXTRACT;XIRECS;5221.0;3
62700;BOT_TAKER;BOT_MAKER;HYDROGEL_PACK;XIRECS;10029.0;2
62900;BOT_MAKER;BOT_TAKER;HYDROGEL_PACK;XIRECS;10006.0;4
62900;BOT_TAKER;BOT_MAKER;VELVETFRUIT_EXTRACT;XIRECS;5222.0;6
63100;BOT_MAKER;BOT_TAKER;VEV_5500;XIRECS;5.0;4
63100;SUBMISSION;BOT_TAKER;VELVETFRUIT_EXTRACT;XIRECS;5217.0;5
63100;BOT_MAKER;BOT_TAKER;VELVETFRUIT_EXTRACT;XIRECS;5216.0;1
63200;BOT_MAKER;BOT_TAKER;HYDROGEL_PACK;XIRECS;10005.0;6
63200;SUBMISSION;BOT_TAKER;VEV_4000;XIRECS;1273.0;2
63300;BOT_TAKER;BOT_MAKER;VELVETFRUIT_EXTRACT;XIRECS;5219.0;8
63400;BOT_TAKER;BOT_MAKER;HYDROGEL_PACK;XIRECS;10021.0;3
63400;BOT_TAKER;BOT_MAKER;VELVETFRUIT_EXTRACT;XIRECS;5220.0;4
63500;BOT_MAKER;BOT_TAKER;VEV_4000;XIRECS;1272.0;3
63500;BOT_TAKER;SUBMISSION;VELVETFRUIT_EXTRACT;XIRECS;5220.0;5
63500;BOT_TAKER;BOT_MAKER;VELVETFRUIT_EXTRACT;XIRECS;5221.0;2
63500;BOT_TAKER;SUBMISSION;VEV_5300;XIRECS;62.0;2
63600;BOT_TAKER;BOT_MAKER;VELVETFRUIT_EXTRACT;XIRECS;5222.0;6
63600;BOT_MAKER;BOT_TAKER;VELVETFRUIT_EXTRACT;XIRECS;5216.0;6
63700;BOT_TAKER;BOT_MAKER;VEV_5300;XIRECS;63.0;3
63800;BOT_TAKER;BOT_MAKER;HYDROGEL_PACK;XIRECS;10021.0;4
63800;BOT_MAKER;BOT_TAKER;VEV_6500;XIRECS;0.0;5
63900;BOT_MAKER;BOT_TAKER;HYDROGEL_PACK;XIRECS;10004.0;2
63900;BOT_TAKER;BOT_MAKER;VEV_6500;XIRECS;1.0;2
63900;SUBMISSION;BOT_TAKER;VELVETFRUIT_EXTRACT;XIRECS;5218.0;5
63900;BOT_MAKER;BOT_TAKER;VELVETFRUIT_EXTRACT;XIRECS;5217.0;3
64000;BOT_MAKER;BOT_TAKER;HYDROGEL_PACK;XIRECS;10004.0;5
64000;BOT_TAKER;BOT_MAKER;VEV_5500;XIRECS;6.0;3
64000;SUBMISSION;BOT_TAKER;VEV_5400;XIRECS;22.0;5
64100;BOT_MAKER;BOT_TAKER;VEV_5500;XIRECS;5.0;4
64100;BOT_TAKER;BOT_MAKER;VEV_6500;XIRECS;1.0;4
64300;BOT_MAKER;BOT_TAKER;VEV_5500;XIRECS;5.0;3
64300;BOT_TAKER;SUBMISSION;VELVETFRUIT_EXTRACT;XIRECS;5218.0;3
64600;BOT_TAKER;BOT_MAKER;VELVETFRUIT_EXTRACT;XIRECS;5218.0;5
64700;BOT_MAKER;BOT_TAKER;HYDROGEL_PACK;XIRECS;10000.0;6
64700;BOT_TAKER;BOT_MAKER;VELVETFRUIT_EXTRACT;XIRECS;5217.0;7
64900;BOT_MAKER;BOT_TAKER;HYDROGEL_PACK;XIRECS;9996.0;5
65000;BOT_TAKER;BOT_MAKER;VEV_6500;XIRECS;1.0;4
65100;BOT_TAKER;BOT_MAKER;VEV_5400;XIRECS;20.0;4
65200;BOT_TAKER;BOT_MAKER;HYDROGEL_PACK;XIRECS;10015.0;5
65200;BOT_TAKER;BOT_MAKER;VELVETFRUIT_EXTRACT;XIRECS;5214.0;10
65200;SUBMISSION;BOT_TAKER;VELVETFRUIT_EXTRACT;XIRECS;5210.0;5
65300;BOT_TAKER;BOT_MAKER;VEV_5500;XIRECS;7.0;3
65300;BOT_MAKER;BOT_TAKER;VEV_6500;XIRECS;0.0;5
65500;BOT_MAKER;BOT_TAKER;HYDROGEL_PACK;XIRECS;10002.0;6
65500;BOT_MAKER;BOT_TAKER;VELVETFRUIT_EXTRACT;XIRECS;5209.0;3
65500;BOT_TAKER;BOT_MAKER;VEV_5400;XIRECS;21.0;2
65500;SUBMISSION;BOT_TAKER;HYDROGEL_PACK;XIRECS;10003.0;2
65600;BOT_TAKER;BOT_MAKER;VELVETFRUIT_EXTRACT;XIRECS;5215.0;8
65700;BOT_TAKER;BOT_MAKER;VELVETFRUIT_EXTRACT;XIRECS;5218.0;6
65700;BOT_MAKER;BOT_TAKER;VEV_5400;XIRECS;20.0;5
65800;BOT_MAKER;BOT_TAKER;VEV_4000;XIRECS;1261.0;3
65900;BOT_MAKER;BOT_TAKER;VELVETFRUIT_EXTRACT;XIRECS;5210.0;8
65900;BOT_TAKER;BOT_MAKER;VEV_4000;XIRECS;1282.0;2
65900;BOT_MAKER;BOT_TAKER;VEV_5300;XIRECS;63.0;4
65900;BOT_TAKER;BOT_MAKER;VEV_6000;XIRECS;1.0;5
66000;BOT_MAKER;BOT_TAKER;VELVETFRUIT_EXTRACT;XIRECS;5208.0;7
66000;BOT_TAKER;SUBMISSION;VELVETFRUIT_EXTRACT;XIRECS;5212.0;5
66000;BOT_TAKER;BOT_MAKER;VELVETFRUIT_EXTRACT;XIRECS;5213.0;1
66000;BOT_TAKER;SUBMISSION;VEV_4000;XIRECS;1281.0;1
66100;BOT_MAKER;BOT_TAKER;VELVETFRUIT_EXTRACT;XIRECS;5209.0;8
66300;SUBMISSION;BOT_TAKER;VEV_4000;XIRECS;1260.0;3
66400;BOT_MAKER;BOT_TAKER;VEV_4000;XIRECS;1258.0;3
66500;BOT_MAKER;BOT_TAKER;VELVETFRUIT_EXTRACT;XIRECS;5209.0;8
66600;BOT_MAKER;BOT_TAKER;VELVETFRUIT_EXTRACT;XIRECS;5208.0;7
66600;BOT_MAKER;BOT_TAKER;VEV_6500;XIRECS;0.0;2
66800;BOT_MAKER;BOT_TAKER;HYDROGEL_PACK;XIRECS;10008.0;3
66800;BOT_TAKER;BOT_MAKER;VEV_4000;XIRECS;1280.0;1
66900;BOT_TAKER;BOT_MAKER;VELVETFRUIT_EXTRACT;XIRECS;5210.0;8
67000;BOT_MAKER;BOT_TAKER;VELVETFRUIT_EXTRACT;XIRECS;5205.0;4
67100;BOT_TAKER;BOT_MAKER;VELVETFRUIT_EXTRACT;XIRECS;5212.0;4
67100;BOT_MAKER;BOT_TAKER;VEV_5400;XIRECS;20.0;2
67100;BOT_MAKER;BOT_TAKER;VEV_6000;XIRECS;0.0;4
67300;BOT_TAKER;BOT_MAKER;VELVETFRUIT_EXTRACT;XIRECS;5212.0;8
67300;BOT_TAKER;BOT_MAKER;VEV_4000;XIRECS;1277.0;2
67400;BOT_MAKER;BOT_TAKER;VELVETFRUIT_EXTRACT;XIRECS;5207.0;15
67400;BOT_TAKER;BOT_MAKER;VEV_6500;XIRECS;1.0;5
67500;BOT_TAKER;BOT_MAKER;VEV_6500;XIRECS;1.0;4
67600;BOT_MAKER;BOT_TAKER;HYDROGEL_PACK;XIRECS;10008.0;5
67800;BOT_TAKER;BOT_MAKER;VEV_4000;XIRECS;1274.0;2
67800;BOT_MAKER;BOT_TAKER;VEV_6000;XIRECS;0.0;5
67900;BOT_TAKER;BOT_MAKER;VEV_5300;XIRECS;64.0;5
67900;SUBMISSION;BOT_TAKER;VELVETFRUIT_EXTRACT;XIRECS;5207.0;3
68000;BOT_TAKER;BOT_MAKER;HYDROGEL_PACK;XIRECS;10023.0;6
68000;BOT_MAKER;BOT_TAKER;VELVETFRUIT_EXTRACT;XIRECS;5206.0;8
68000;BOT_TAKER;BOT_MAKER;VEV_4000;XIRECS;1276.0;2
68100;BOT_MAKER;BOT_TAKER;VEV_5500;XIRECS;6.0;3
68200;BOT_MAKER;BOT_TAKER;VELVETFRUIT_EXTRACT;XIRECS;5207.0;4
68200;BOT_TAKER;BOT_MAKER;VEV_4000;XIRECS;1275.0;2
68300;BOT_TAKER;BOT_MAKER;VELVETFRUIT_EXTRACT;XIRECS;5213.0;6
68400;BOT_MAKER;BOT_TAKER;VEV_5500;XIRECS;6.0;2
68500;BOT_TAKER;BOT_MAKER;VELVETFRUIT_EXTRACT;XIRECS;5212.0;6
68600;BOT_TAKER;BOT_MAKER;HYDROGEL_PACK;XIRECS;10021.0;3
68600;BOT_TAKER;BOT_MAKER;VELVETFRUIT_EXTRACT;XIRECS;5213.0;7
68700;BOT_MAKER;BOT_TAKER;HYDROGEL_PACK;XIRECS;10008.0;6
68700;BOT_TAKER;BOT_MAKER;VELVETFRUIT_EXTRACT;XIRECS;5214.0;4
68800;BOT_TAKER;BOT_MAKER;VELVETFRUIT_EXTRACT;XIRECS;5214.0;8
68900;BOT_TAKER;BOT_MAKER;VEV_4000;XIRECS;1275.0;3
68900;BOT_MAKER;BOT_TAKER;VEV_5300;XIRECS;63.0;5
68900;BOT_TAKER;SUBMISSION;VEV_5500;XIRECS;6.0;2
69200;BOT_MAKER;BOT_TAKER;HYDROGEL_PACK;XIRECS;10008.0;6
69200;BOT_TAKER;BOT_MAKER;VELVETFRUIT_EXTRACT;XIRECS;5215.0;3
69400;BOT_TAKER;BOT_MAKER;HYDROGEL_PACK;XIRECS;10026.0;6
69400;BOT_MAKER;BOT_TAKER;VELVETFRUIT_EXTRACT;XIRECS;5211.0;7
69400;BOT_TAKER;BOT_MAKER;VEV_4000;XIRECS;1275.0;2
69400;BOT_MAKER;BOT_TAKER;VEV_6500;XIRECS;0.0;4
69400;BOT_TAKER;SUBMISSION;HYDROGEL_PACK;XIRECS;10025.0;3
69500;BOT_MAKER;BOT_TAKER;VEV_4000;XIRECS;1254.0;1
69500;BOT_MAKER;BOT_TAKER;VEV_5500;XIRECS;5.0;2
69500;SUBMISSION;BOT_TAKER;VELVETFRUIT_EXTRACT;XIRECS;5213.0;5
69500;BOT_MAKER;BOT_TAKER;VELVETFRUIT_EXTRACT;XIRECS;5212.0;2
69600;BOT_TAKER;BOT_MAKER;HYDROGEL_PACK;XIRECS;10022.0;6
69600;BOT_TAKER;BOT_MAKER;VELVETFRUIT_EXTRACT;XIRECS;5217.0;10
69600;BOT_TAKER;BOT_MAKER;VEV_6500;XIRECS;1.0;5
69700;BOT_MAKER;BOT_TAKER;VELVETFRUIT_EXTRACT;XIRECS;5212.0;7
69700;BOT_MAKER;BOT_TAKER;VEV_4000;XIRECS;1252.0;3
69700;BOT_TAKER;BOT_MAKER;VEV_6500;XIRECS;1.0;3
69800;BOT_TAKER;BOT_MAKER;HYDROGEL_PACK;XIRECS;10018.0;4
69900;BOT_MAKER;BOT_TAKER;VELVETFRUIT_EXTRACT;XIRECS;5211.0;5
69900;BOT_TAKER;SUBMISSION;HYDROGEL_PACK;XIRECS;10017.0;2
70000;BOT_TAKER;BOT_MAKER;VELVETFRUIT_EXTRACT;XIRECS;5215.0;6
70000;SUBMISSION;BOT_TAKER;VEV_4000;XIRECS;1255.0;3
70000;SUBMISSION;BOT_TAKER;VEV_5300;XIRECS;62.0;4
70100;BOT_TAKER;BOT_MAKER;HYDROGEL_PACK;XIRECS;10025.0;4
70100;BOT_TAKER;BOT_MAKER;VEV_4000;XIRECS;1276.0;1
70100;BOT_TAKER;BOT_MAKER;VEV_5500;XIRECS;6.0;5
70100;BOT_TAKER;SUBMISSION;HYDROGEL_PACK;XIRECS;10024.0;3
70200;BOT_MAKER;BOT_TAKER;VEV_5500;XIRECS;5.0;5
70200;BOT_TAKER;BOT_MAKER;VEV_6000;XIRECS;1.0;2
70400;BOT_MAKER;BOT_TAKER;VELVETFRUIT_EXTRACT;XIRECS;5209.0;7
70500;BOT_TAKER;BOT_MAKER;HYDROGEL_PACK;XIRECS;10029.0;2
70500;BOT_MAKER;BOT_TAKER;VELVETFRUIT_EXTRACT;XIRECS;5208.0;7
70500;BOT_TAKER;SUBMISSION;VELVETFRUIT_EXTRACT;XIRECS;5211.0;4
70700;BOT_TAKER;BOT_MAKER;HYDROGEL_PACK;XIRECS;10027.0;4
70800;BOT_TAKER;BOT_MAKER;HYDROGEL_PACK;XIRECS;10029.0;5
70800;BOT_TAKER;BOT_MAKER;VEV_4000;XIRECS;1277.0;3
70900;BOT_TAKER;BOT_MAKER;HYDROGEL_PACK;XIRECS;10030.0;2
71100;BOT_TAKER;BOT_MAKER;VEV_5500;XIRECS;6.0;4
71100;BOT_TAKER;BOT_MAKER;VEV_6500;XIRECS;1.0;4
71200;BOT_TAKER;BOT_MAKER;HYDROGEL_PACK;XIRECS;10034.0;3
71200;BOT_MAKER;BOT_TAKER;VEV_4000;XIRECS;1257.0;2
71200;BOT_TAKER;BOT_MAKER;VEV_5300;XIRECS;62.0;2
71200;SUBMISSION;BOT_TAKER;VEV_4000;XIRECS;1258.0;2
71400;BOT_MAKER;BOT_TAKER;VELVETFRUIT_EXTRACT;XIRECS;5204.0;3
71400;BOT_TAKER;SUBMISSION;VELVETFRUIT_EXTRACT;XIRECS;5209.0;5
71500;BOT_TAKER;BOT_MAKER;VELVETFRUIT_EXTRACT;XIRECS;5211.0;8
71600;BOT_TAKER;BOT_MAKER;VEV_6000;XIRECS;1.0;5
71700;BOT_TAKER;BOT_MAKER;HYDROGEL_PACK;XIRECS;10035.0;3
71800;BOT_TAKER;BOT_MAKER;HYDROGEL_PACK;XIRECS;10035.0;5
71800;BOT_TAKER;BOT_MAKER;VEV_4000;XIRECS;1279.0;3
71900;BOT_TAKER;SUBMISSION;VELVETFRUIT_EXTRACT;XIRECS;5210.0;5
71900;BOT_TAKER;BOT_MAKER;VELVETFRUIT_EXTRACT;XIRECS;5211.0;3
72100;BOT_TAKER;BOT_MAKER;HYDROGEL_PACK;XIRECS;10032.0;5
72200;BOT_TAKER;BOT_MAKER;VEV_6000;XIRECS;1.0;5
72300;BOT_MAKER;BOT_TAKER;VELVETFRUIT_EXTRACT;XIRECS;5208.0;4
72400;BOT_MAKER;BOT_TAKER;HYDROGEL_PACK;XIRECS;10015.0;2
72400;BOT_TAKER;BOT_MAKER;VEV_6000;XIRECS;1.0;3
72500;BOT_TAKER;BOT_MAKER;VEV_4000;XIRECS;1279.0;1
72600;BOT_MAKER;BOT_TAKER;VEV_4000;XIRECS;1257.0;3
72700;BOT_MAKER;BOT_TAKER;VELVETFRUIT_EXTRACT;XIRECS;5206.0;13
72700;BOT_MAKER;BOT_TAKER;VEV_4000;XIRECS;1257.0;2
72700;BOT_MAKER;BOT_TAKER;VEV_5300;XIRECS;58.0;2
72800;BOT_TAKER;BOT_MAKER;HYDROGEL_PACK;XIRECS;10034.0;4
72800;SUBMISSION;BOT_TAKER;HYDROGEL_PACK;XIRECS;10019.0;5
72900;BOT_MAKER;BOT_TAKER;HYDROGEL_PACK;XIRECS;10020.0;2
72900;BOT_MAKER;BOT_TAKER;VELVETFRUIT_EXTRACT;XIRECS;5206.0;6
73100;BOT_MAKER;BOT_TAKER;VELVETFRUIT_EXTRACT;XIRECS;5207.0;8
73100;BOT_MAKER;BOT_TAKER;VEV_5500;XIRECS;4.0;2
73200;BOT_TAKER;BOT_MAKER;VELVETFRUIT_EXTRACT;XIRECS;5212.0;3
73500;BOT_MAKER;BOT_TAKER;VEV_5500;XIRECS;5.0;2
73600;BOT_TAKER;BOT_MAKER;HYDROGEL_PACK;XIRECS;10035.0;5
73600;BOT_MAKER;BOT_TAKER;VEV_4000;XIRECS;1256.0;3
73700;BOT_TAKER;BOT_MAKER;HYDROGEL_PACK;XIRECS;10031.0;4
73700;BOT_TAKER;BOT_MAKER;VEV_4000;XIRECS;1277.0;2
73900;BOT_TAKER;BOT_MAKER;VEV_4000;XIRECS;1277.0;1
74000;BOT_MAKER;BOT_TAKER;HYDROGEL_PACK;XIRECS;10015.0;2
74000;BOT_TAKER;BOT_MAKER;VELVETFRUIT_EXTRACT;XIRECS;5211.0;8
74100;BOT_TAKER;BOT_MAKER;VEV_4000;XIRECS;1274.0;1
74100;BOT_MAKER;BOT_TAKER;VEV_5400;XIRECS;19.0;3
74300;BOT_MAKER;BOT_TAKER;VELVETFRUIT_EXTRACT;XIRECS;5204.0;9
74500;BOT_MAKER;BOT_TAKER;VEV_5300;XIRECS;56.0;4
74500;SUBMISSION;BOT_TAKER;VEV_4000;XIRECS;1254.0;2
74700;BOT_TAKER;SUBMISSION;HYDROGEL_PACK;XIRECS;10031.0;2
74900;BOT_TAKER;BOT_MAKER;HYDROGEL_PACK;XIRECS;10038.0;4
75000;BOT_MAKER;BOT_TAKER;HYDROGEL_PACK;XIRECS;10017.0;6
75000;BOT_MAKER;BOT_TAKER;VEV_5500;XIRECS;5.0;4
75300;BOT_MAKER;BOT_TAKER;VEV_5400;XIRECS;20.0;2
75400;BOT_MAKER;BOT_TAKER;VEV_4000;XIRECS;1251.0;2
75400;BOT_TAKER;BOT_MAKER;VEV_6000;XIRECS;1.0;4
75500;BOT_TAKER;BOT_MAKER;HYDROGEL_PACK;XIRECS;10027.0;5
75500;BOT_MAKER;BOT_TAKER;VEV_5500;XIRECS;5.0;4
75600;BOT_MAKER;BOT_TAKER;VELVETFRUIT_EXTRACT;XIRECS;5203.0;4
75600;BOT_TAKER;BOT_MAKER;VELVETFRUIT_EXTRACT;XIRECS;5208.0;5
75700;BOT_MAKER;BOT_TAKER;HYDROGEL_PACK;XIRECS;10003.0;4
75700;BOT_TAKER;BOT_MAKER;VELVETFRUIT_EXTRACT;XIRECS;5208.0;6
75700;BOT_TAKER;BOT_MAKER;VEV_6500;XIRECS;1.0;5
75800;BOT_TAKER;BOT_MAKER;HYDROGEL_PACK;XIRECS;10019.0;6
75900;BOT_MAKER;BOT_TAKER;VEV_5200;XIRECS;74.0;5
75900;SUBMISSION;BOT_TAKER;VELVETFRUIT_EXTRACT;XIRECS;5202.0;5
76100;BOT_TAKER;BOT_MAKER;VELVETFRUIT_EXTRACT;XIRECS;5204.0;7
76200;BOT_MAKER;BOT_TAKER;VEV_4000;XIRECS;1246.0;3
76300;BOT_TAKER;BOT_MAKER;VELVETFRUIT_EXTRACT;XIRECS;5203.0;4
76300;BOT_TAKER;BOT_MAKER;VEV_4000;XIRECS;1267.0;3
76400;BOT_MAKER;BOT_TAKER;HYDROGEL_PACK;XIRECS;10005.0;6
76500;BOT_TAKER;BOT_MAKER;HYDROGEL_PACK;XIRECS;10023.0;6
76500;BOT_TAKER;BOT_MAKER;VEV_4000;XIRECS;1267.0;1
76600;BOT_TAKER;BOT_MAKER;VELVETFRUIT_EXTRACT;XIRECS;5206.0;5
76700;BOT_TAKER;BOT_MAKER;HYDROGEL_PACK;XIRECS;10022.0;5
76800;BOT_MAKER;BOT_TAKER;VELVETFRUIT_EXTRACT;XIRECS;5200.0;5
76900;BOT_MAKER;BOT_TAKER;VEV_6500;XIRECS;0.0;3
77000;BOT_TAKER;BOT_MAKER;HYDROGEL_PACK;XIRECS;10018.0;3
77000;BOT_TAKER;BOT_MAKER;VEV_5400;XIRECS;21.0;4
77100;BOT_TAKER;SUBMISSION;HYDROGEL_PACK;XIRECS;10019.0;2
77200;BOT_TAKER;BOT_MAKER;VELVETFRUIT_EXTRACT;XIRECS;5206.0;8
77300;BOT_TAKER;BOT_MAKER;VEV_4000;XIRECS;1266.0;1
77400;BOT_MAKER;BOT_TAKER;HYDROGEL_PACK;XIRECS;10001.0;6
77400;BOT_TAKER;BOT_MAKER;VELVETFRUIT_EXTRACT;XIRECS;5206.0;5
77400;BOT_TAKER;BOT_MAKER;VEV_6500;XIRECS;1.0;5
77500;BOT_TAKER;BOT_MAKER;HYDROGEL_PACK;XIRECS;10018.0;4
77700;BOT_MAKER;BOT_TAKER;VEV_5500;XIRECS;5.0;4
77800;BOT_TAKER;BOT_MAKER;HYDROGEL_PACK;XIRECS;10021.0;4
77800;BOT_TAKER;BOT_MAKER;VELVETFRUIT_EXTRACT;XIRECS;5207.0;3
77900;BOT_TAKER;BOT_MAKER;VEV_6000;XIRECS;1.0;4
78000;BOT_TAKER;BOT_MAKER;HYDROGEL_PACK;XIRECS;10022.0;5
78000;BOT_MAKER;BOT_TAKER;VELVETFRUIT_EXTRACT;XIRECS;5203.0;6
78100;BOT_TAKER;BOT_MAKER;HYDROGEL_PACK;XIRECS;10020.0;2
78100;SUBMISSION;BOT_TAKER;VELVETFRUIT_EXTRACT;XIRECS;5206.0;5
78100;BOT_MAKER;BOT_TAKER;VELVETFRUIT_EXTRACT;XIRECS;5205.0;2
78200;BOT_MAKER;BOT_TAKER;HYDROGEL_PACK;XIRECS;10006.0;6
78200;BOT_TAKER;BOT_MAKER;VELVETFRUIT_EXTRACT;XIRECS;5210.0;4
78200;BOT_TAKER;SUBMISSION;VEV_5400;XIRECS;20.0;4
78300;BOT_TAKER;BOT_MAKER;VEV_5500;XIRECS;6.0;4
78300;BOT_TAKER;SUBMISSION;VELVETFRUIT_EXTRACT;XIRECS;5209.0;5
78300;BOT_TAKER;BOT_MAKER;VELVETFRUIT_EXTRACT;XIRECS;5210.0;1
78400;BOT_TAKER;BOT_MAKER;HYDROGEL_PACK;XIRECS;10024.0;6
78400;BOT_TAKER;BOT_MAKER;VELVETFRUIT_EXTRACT;XIRECS;5208.0;6
78500;BOT_TAKER;BOT_MAKER;HYDROGEL_PACK;XIRECS;10024.0;2
78500;BOT_MAKER;BOT_TAKER;VELVETFRUIT_EXTRACT;XIRECS;5204.0;5
78500;BOT_MAKER;BOT_TAKER;VEV_4000;XIRECS;1244.0;1
78500;BOT_TAKER;BOT_MAKER;VEV_5400;XIRECS;22.0;2
78500;BOT_MAKER;BOT_TAKER;VEV_6000;XIRECS;0.0;2
78600;BOT_TAKER;BOT_MAKER;HYDROGEL_PACK;XIRECS;10024.0;4
78600;BOT_MAKER;BOT_TAKER;VEV_5400;XIRECS;20.0;2
78700;BOT_MAKER;BOT_TAKER;VELVETFRUIT_EXTRACT;XIRECS;5205.0;7
78700;BOT_MAKER;BOT_TAKER;VELVETFRUIT_EXTRACT;XIRECS;5205.0;7
78700;SUBMISSION;BOT_TAKER;VELVETFRUIT_EXTRACT;XIRECS;5206.0;3
78700;BOT_TAKER;SUBMISSION;VEV_4000;XIRECS;1267.0;3
78800;BOT_MAKER;BOT_TAKER;VELVETFRUIT_EXTRACT;XIRECS;5206.0;8
78900;BOT_TAKER;BOT_MAKER;HYDROGEL_PACK;XIRECS;10020.0;5
78900;BOT_TAKER;BOT_MAKER;VEV_6000;XIRECS;1.0;2
78900;SUBMISSION;BOT_TAKER;VELVETFRUIT_EXTRACT;XIRECS;5207.0;5
78900;BOT_MAKER;BOT_TAKER;VELVETFRUIT_EXTRACT;XIRECS;5206.0;2
79000;BOT_MAKER;BOT_TAKER;HYDROGEL_PACK;XIRECS;10005.0;6
79000;BOT_MAKER;BOT_TAKER;VEV_6000;XIRECS;0.0;3
79100;BOT_TAKER;BOT_MAKER;HYDROGEL_PACK;XIRECS;10019.0;4
79100;BOT_TAKER;BOT_MAKER;VELVETFRUIT_EXTRACT;XIRECS;5211.0;10
79200;BOT_TAKER;BOT_MAKER;HYDROGEL_PACK;XIRECS;10022.0;3
79200;BOT_TAKER;BOT_MAKER;VELVETFRUIT_EXTRACT;XIRECS;5209.0;7
79200;BOT_TAKER;SUBMISSION;HYDROGEL_PACK;XIRECS;10021.0;5
79200;BOT_TAKER;BOT_MAKER;HYDROGEL_PACK;XIRECS;10022.0;1
79300;BOT_TAKER;BOT_MAKER;VEV_5500;XIRECS;6.0;5
79300;BOT_MAKER;BOT_TAKER;VEV_6000;XIRECS;0.0;5
79400;BOT_MAKER;BOT_TAKER;VEV_4000;XIRECS;1249.0;1
79500;BOT_TAKER;BOT_MAKER;VEV_4000;XIRECS;1270.0;2
79500;BOT_TAKER;BOT_MAKER;VEV_5300;XIRECS;58.0;5
79600;BOT_MAKER;BOT_TAKER;VEV_5500;XIRECS;5.0;3
79600;BOT_TAKER;SUBMISSION;VELVETFRUIT_EXTRACT;XIRECS;5208.0;4
79700;BOT_TAKER;BOT_MAKER;HYDROGEL_PACK;XIRECS;10015.0;6
79700;BOT_MAKER;BOT_TAKER;VEV_6500;XIRECS;0.0;5
79800;BOT_TAKER;BOT_MAKER;VEV_4000;XIRECS;1267.0;2
79800;BOT_MAKER;BOT_TAKER;VEV_6000;XIRECS;0.0;3
79900;BOT_MAKER;BOT_TAKER;HYDROGEL_PACK;XIRECS;10000.0;4
79900;BOT_TAKER;BOT_MAKER;VELVETFRUIT_EXTRACT;XIRECS;5211.0;3
79900;BOT_MAKER;BOT_TAKER;VEV_6500;XIRECS;0.0;2
80000;BOT_MAKER;BOT_TAKER;HYDROGEL_PACK;XIRECS;10001.0;5
80000;BOT_TAKER;BOT_MAKER;VELVETFRUIT_EXTRACT;XIRECS;5211.0;3
80100;BOT_MAKER;BOT_TAKER;HYDROGEL_PACK;XIRECS;9998.0;2
80100;BOT_MAKER;BOT_TAKER;VELVETFRUIT_EXTRACT;XIRECS;5206.0;8
80100;BOT_MAKER;BOT_TAKER;VELVETFRUIT_EXTRACT;XIRECS;5206.0;8
80300;BOT_TAKER;BOT_MAKER;HYDROGEL_PACK;XIRECS;10008.0;4
80300;BOT_TAKER;BOT_MAKER;VELVETFRUIT_EXTRACT;XIRECS;5211.0;3
80400;BOT_TAKER;BOT_MAKER;HYDROGEL_PACK;XIRECS;10007.0;5
80400;BOT_MAKER;BOT_TAKER;VELVETFRUIT_EXTRACT;XIRECS;5206.0;4
80400;BOT_MAKER;BOT_TAKER;VEV_6000;XIRECS;0.0;3
80600;BOT_MAKER;BOT_TAKER;HYDROGEL_PACK;XIRECS;9990.0;2
80600;BOT_TAKER;BOT_MAKER;VELVETFRUIT_EXTRACT;XIRECS;5211.0;5
80600;BOT_TAKER;BOT_MAKER;VEV_4000;XIRECS;1264.0;3
80600;BOT_TAKER;SUBMISSION;HYDROGEL_PACK;XIRECS;10005.0;4
80700;BOT_MAKER;BOT_TAKER;VEV_6500;XIRECS;0.0;2
80800;BOT_MAKER;BOT_TAKER;HYDROGEL_PACK;XIRECS;9992.0;6
80800;BOT_TAKER;SUBMISSION;VELVETFRUIT_EXTRACT;XIRECS;5210.0;5
80800;BOT_TAKER;BOT_MAKER;VELVETFRUIT_EXTRACT;XIRECS;5211.0;3
80900;BOT_MAKER;BOT_TAKER;HYDROGEL_PACK;XIRECS;9993.0;4
81000;BOT_MAKER;BOT_TAKER;VELVETFRUIT_EXTRACT;XIRECS;5203.0;5
81000;BOT_TAKER;SUBMISSION;VELVETFRUIT_EXTRACT;XIRECS;5208.0;4
81200;BOT_TAKER;BOT_MAKER;VELVETFRUIT_EXTRACT;XIRECS;5207.0;5
81200;BOT_TAKER;BOT_MAKER;VEV_6000;XIRECS;1.0;5
81300;BOT_MAKER;BOT_TAKER;VELVETFRUIT_EXTRACT;XIRECS;5201.0;7
81300;BOT_MAKER;BOT_TAKER;VEV_6000;XIRECS;0.0;5
81400;BOT_TAKER;BOT_MAKER;HYDROGEL_PACK;XIRECS;10009.0;2
81500;BOT_TAKER;BOT_MAKER;VELVETFRUIT_EXTRACT;XIRECS;5204.0;7
81500;BOT_TAKER;BOT_MAKER;VEV_4000;XIRECS;1262.0;2
81500;BOT_TAKER;BOT_MAKER;VEV_6000;XIRECS;1.0;4
81600;BOT_MAKER;BOT_TAKER;HYDROGEL_PACK;XIRECS;9995.0;3
81600;BOT_TAKER;SUBMISSION;HYDROGEL_PACK;XIRECS;10010.0;4
81800;BOT_MAKER;BOT_TAKER;VELVETFRUIT_EXTRACT;XIRECS;5200.0;3
81900;BOT_TAKER;BOT_MAKER;VELVETFRUIT_EXTRACT;XIRECS;5205.0;7
81900;BOT_TAKER;BOT_MAKER;VEV_4000;XIRECS;1259.0;3
82000;BOT_MAKER;BOT_TAKER;VELVETFRUIT_EXTRACT;XIRECS;5199.0;6
82000;BOT_TAKER;SUBMISSION;VEV_4000;XIRECS;1259.0;3
82100;BOT_MAKER;BOT_TAKER;VELVETFRUIT_EXTRACT;XIRECS;5198.0;4
82300;BOT_MAKER;BOT_TAKER;HYDROGEL_PACK;XIRECS;9984.0;4
82300;BOT_MAKER;BOT_TAKER;VEV_5200;XIRECS;72.0;4
82400;SUBMISSION;BOT_TAKER;HYDROGEL_PACK;XIRECS;9985.0;3
82500;BOT_TAKER;BOT_MAKER;VEV_5400;XIRECS;20.0;2
82500;BOT_MAKER;BOT_TAKER;VEV_6500;XIRECS;0.0;5
82600;BOT_MAKER;BOT_TAKER;VEV_4000;XIRECS;1240.0;2
82700;BOT_MAKER;BOT_TAKER;VELVETFRUIT_EXTRACT;XIRECS;5202.0;8
82700;SUBMISSION;BOT_TAKER;HYDROGEL_PACK;XIRECS;9982.0;4
82700;SUBMISSION;BOT_TAKER;VELVETFRUIT_EXTRACT;XIRECS;5203.0;5
82700;BOT_MAKER;BOT_TAKER;VELVETFRUIT_EXTRACT;XIRECS;5202.0;8
82800;BOT_TAKER;BOT_MAKER;HYDROGEL_PACK;XIRECS;9998.0;3
82800;BOT_TAKER;BOT_MAKER;VELVETFRUIT_EXTRACT;XIRECS;5207.0;5
82800;BOT_TAKER;SUBMISSION;HYDROGEL_PACK;XIRECS;9997.0;4
82900;BOT_TAKER;BOT_MAKER;HYDROGEL_PACK;XIRECS;10001.0;3
83000;BOT_TAKER;BOT_MAKER;HYDROGEL_PACK;XIRECS;9997.0;4
83000;BOT_MAKER;BOT_TAKER;VELVETFRUIT_EXTRACT;XIRECS;5204.0;5
83200;BOT_TAKER;BOT_MAKER;VELVETFRUIT_EXTRACT;XIRECS;5208.0;5
83200;BOT_MAKER;BOT_TAKER;VEV_6500;XIRECS;0.0;3
83300;BOT_TAKER;BOT_MAKER;VELVETFRUIT_EXTRACT;XIRECS;5209.0;8
83400;BOT_TAKER;BOT_MAKER;VELVETFRUIT_EXTRACT;XIRECS;5208.0;8
83600;BOT_MAKER;BOT_TAKER;VELVETFRUIT_EXTRACT;XIRECS;5203.0;8
83700;SUBMISSION;BOT_TAKER;VELVETFRUIT_EXTRACT;XIRECS;5204.0;5
83700;BOT_MAKER;BOT_TAKER;VELVETFRUIT_EXTRACT;XIRECS;5203.0;2
83700;SUBMISSION;BOT_TAKER;VEV_4000;XIRECS;1241.0;1
83900;BOT_MAKER;BOT_TAKER;HYDROGEL_PACK;XIRECS;9967.0;2
83900;SUBMISSION;BOT_TAKER;HYDROGEL_PACK;XIRECS;9968.0;5
83900;BOT_MAKER;BOT_TAKER;HYDROGEL_PACK;XIRECS;9967.0;1
83900;SUBMISSION;BOT_TAKER;VEV_5300;XIRECS;58.0;3
84000;BOT_MAKER;BOT_TAKER;VEV_5400;XIRECS;19.0;5
84000;BOT_MAKER;BOT_TAKER;VEV_6000;XIRECS;0.0;4
84100;BOT_MAKER;BOT_TAKER;VELVETFRUIT_EXTRACT;XIRECS;5200.0;5
84200;BOT_MAKER;BOT_TAKER;VEV_4000;XIRECS;1239.0;2
84200;SUBMISSION;BOT_TAKER;VEV_4000;XIRECS;1240.0;1
84300;BOT_TAKER;BOT_MAKER;VEV_5500;XIRECS;6.0;4
84400;BOT_TAKER;BOT_MAKER;VELVETFRUIT_EXTRACT;XIRECS;5205.0;5
84400;BOT_TAKER;BOT_MAKER;VEV_4000;XIRECS;1258.0;3
84500;BOT_TAKER;BOT_MAKER;VEV_5300;XIRECS;59.0;4
84600;BOT_TAKER;BOT_MAKER;HYDROGEL_PACK;XIRECS;9982.0;4
84600;SUBMISSION;BOT_TAKER;HYDROGEL_PACK;XIRECS;9967.0;3
84700;BOT_MAKER;BOT_TAKER;HYDROGEL_PACK;XIRECS;9966.0;3
84700;BOT_MAKER;BOT_TAKER;VELVETFRUIT_EXTRACT;XIRECS;5198.0;5
84700;BOT_MAKER;BOT_TAKER;VEV_5300;XIRECS;56.0;5
84700;BOT_TAKER;SUBMISSION;HYDROGEL_PACK;XIRECS;9981.0;2
84800;BOT_TAKER;BOT_MAKER;HYDROGEL_PACK;XIRECS;9980.0;4
84900;BOT_TAKER;BOT_MAKER;HYDROGEL_PACK;XIRECS;9980.0;6
84900;BOT_TAKER;BOT_MAKER;VELVETFRUIT_EXTRACT;XIRECS;5200.0;5
85000;BOT_MAKER;BOT_TAKER;VEV_4000;XIRECS;1239.0;2
85000;SUBMISSION;BOT_TAKER;HYDROGEL_PACK;XIRECS;9966.0;3
85100;BOT_MAKER;BOT_TAKER;HYDROGEL_PACK;XIRECS;9965.0;2
85100;BOT_MAKER;BOT_TAKER;VELVETFRUIT_EXTRACT;XIRECS;5196.0;11
85100;BOT_TAKER;BOT_MAKER;VEV_5500;XIRECS;6.0;2
85200;BOT_TAKER;BOT_MAKER;HYDROGEL_PACK;XIRECS;9983.0;3
85200;BOT_TAKER;BOT_MAKER;VELVETFRUIT_EXTRACT;XIRECS;5203.0;8
85300;BOT_MAKER;BOT_TAKER;VELVETFRUIT_EXTRACT;XIRECS;5198.0;7
85300;SUBMISSION;BOT_TAKER;VELVETFRUIT_EXTRACT;XIRECS;5199.0;5
85300;BOT_MAKER;BOT_TAKER;VELVETFRUIT_EXTRACT;XIRECS;5198.0;1
85300;SUBMISSION;BOT_TAKER;VEV_4000;XIRECS;1240.0;1
85400;BOT_MAKER;BOT_TAKER;VEV_6000;XIRECS;0.0;5
85500;BOT_MAKER;BOT_TAKER;VELVETFRUIT_EXTRACT;XIRECS;5198.0;8
85600;BOT_MAKER;BOT_TAKER;VELVETFRUIT_EXTRACT;XIRECS;5196.0;6
85600;BOT_TAKER;BOT_MAKER;VEV_6000;XIRECS;1.0;5
85700;BOT_MAKER;BOT_TAKER;HYDROGEL_PACK;XIRECS;9965.0;5
85700;BOT_MAKER;BOT_TAKER;VELVETFRUIT_EXTRACT;XIRECS;5198.0;4
85700;BOT_MAKER;BOT_TAKER;VEV_5500;XIRECS;5.0;4
85900;BOT_MAKER;BOT_TAKER;VELVETFRUIT_EXTRACT;XIRECS;5196.0;5
86000;BOT_TAKER;BOT_MAKER;HYDROGEL_PACK;XIRECS;9979.0;5
86000;BOT_MAKER;BOT_TAKER;VELVETFRUIT_EXTRACT;XIRECS;5198.0;7
86000;BOT_TAKER;BOT_MAKER;VEV_4000;XIRECS;1260.0;1
86200;BOT_MAKER;BOT_TAKER;VEV_6500;XIRECS;0.0;4
86300;BOT_TAKER;BOT_MAKER;VELVETFRUIT_EXTRACT;XIRECS;5203.0;6
86300;BOT_TAKER;BOT_MAKER;VELVETFRUIT_EXTRACT;XIRECS;5203.0;7
86400;BOT_TAKER;BOT_MAKER;VELVETFRUIT_EXTRACT;XIRECS;5203.0;9
86400;SUBMISSION;BOT_TAKER;VELVETFRUIT_EXTRACT;XIRECS;5200.0;3
86500;BOT_TAKER;BOT_MAKER;VEV_4000;XIRECS;1261.0;3
86600;BOT_TAKER;BOT_MAKER;VEV_5300;XIRECS;55.0;2
86900;BOT_TAKER;BOT_MAKER;VEV_4000;XIRECS;1264.0;3
87100;BOT_TAKER;BOT_MAKER;VELVETFRUIT_EXTRACT;XIRECS;5205.0;4
87100;BOT_MAKER;BOT_TAKER;VEV_4000;XIRECS;1243.0;2
87200;BOT_TAKER;BOT_MAKER;VELVETFRUIT_EXTRACT;XIRECS;5205.0;6
87200;BOT_TAKER;BOT_MAKER;VEV_5500;XIRECS;6.0;5
87400;BOT_MAKER;BOT_TAKER;HYDROGEL_PACK;XIRECS;9971.0;6
87400;BOT_MAKER;BOT_TAKER;VEV_5400;XIRECS;20.0;2
87600;BOT_MAKER;BOT_TAKER;VEV_5100;XIRECS;166.0;1
87600;BOT_TAKER;BOT_MAKER;VEV_5500;XIRECS;6.0;5
87700;BOT_TAKER;BOT_MAKER;VEV_4000;XIRECS;1267.0;2
87700;BOT_MAKER;BOT_TAKER;VEV_6000;XIRECS;0.0;2
87800;BOT_TAKER;BOT_MAKER;HYDROGEL_PACK;XIRECS;9987.0;3
87800;BOT_TAKER;BOT_MAKER;VELVETFRUIT_EXTRACT;XIRECS;5206.0;9
87800;BOT_TAKER;BOT_MAKER;VEV_6000;XIRECS;1.0;2
87800;SUBMISSION;BOT_TAKER;VELVETFRUIT_EXTRACT;XIRECS;5203.0;5
87800;BOT_MAKER;BOT_TAKER;VELVETFRUIT_EXTRACT;XIRECS;5202.0;2
88000;BOT_TAKER;BOT_MAKER;HYDROGEL_PACK;XIRECS;9991.0;4
88000;BOT_TAKER;SUBMISSION;VELVETFRUIT_EXTRACT;XIRECS;5205.0;5
88000;BOT_TAKER;BOT_MAKER;VELVETFRUIT_EXTRACT;XIRECS;5206.0;1
88100;BOT_MAKER;BOT_TAKER;VELVETFRUIT_EXTRACT;XIRECS;5202.0;7
88200;BOT_MAKER;BOT_TAKER;HYDROGEL_PACK;XIRECS;9980.0;2
88200;BOT_MAKER;BOT_TAKER;VEV_4000;XIRECS;1248.0;1
88300;BOT_TAKER;BOT_MAKER;HYDROGEL_PACK;XIRECS;9997.0;3
88300;BOT_MAKER;BOT_TAKER;VELVETFRUIT_EXTRACT;XIRECS;5201.0;4
88300;BOT_MAKER;BOT_TAKER;VEV_6000;XIRECS;0.0;4
88500;BOT_MAKER;BOT_TAKER;VELVETFRUIT_EXTRACT;XIRECS;5201.0;4
88600;BOT_TAKER;BOT_MAKER;HYDROGEL_PACK;XIRECS;9994.0;2
88800;BOT_TAKER;BOT_MAKER;VELVETFRUIT_EXTRACT;XIRECS;5207.0;8
88800;BOT_TAKER;BOT_MAKER;VEV_5300;XIRECS;56.0;2
88900;BOT_TAKER;BOT_MAKER;HYDROGEL_PACK;XIRECS;9993.0;4
88900;BOT_MAKER;BOT_TAKER;VELVETFRUIT_EXTRACT;XIRECS;5203.0;5
88900;BOT_MAKER;BOT_TAKER;VELVETFRUIT_EXTRACT;XIRECS;5203.0;8
88900;BOT_TAKER;BOT_MAKER;VEV_5500;XIRECS;7.0;3
89000;BOT_MAKER;BOT_TAKER;VELVETFRUIT_EXTRACT;XIRECS;5204.0;8
89200;BOT_MAKER;BOT_TAKER;VEV_4000;XIRECS;1243.0;2
89300;BOT_TAKER;BOT_MAKER;HYDROGEL_PACK;XIRECS;10002.0;2
89300;BOT_TAKER;SUBMISSION;HYDROGEL_PACK;XIRECS;10001.0;5
89300;BOT_TAKER;BOT_MAKER;HYDROGEL_PACK;XIRECS;10002.0;1
89400;BOT_TAKER;BOT_MAKER;HYDROGEL_PACK;XIRECS;9998.0;3
89600;BOT_MAKER;BOT_TAKER;HYDROGEL_PACK;XIRECS;9982.0;5
89600;BOT_TAKER;BOT_MAKER;VEV_5300;XIRECS;56.0;5
89700;BOT_MAKER;BOT_TAKER;HYDROGEL_PACK;XIRECS;9985.0;4
89800;BOT_TAKER;BOT_MAKER;VELVETFRUIT_EXTRACT;XIRECS;5214.0;5
89800;BOT_TAKER;BOT_MAKER;VEV_6000;XIRECS;1.0;4
89900;BOT_TAKER;SUBMISSION;VELVETFRUIT_EXTRACT;XIRECS;5211.0;5
89900;BOT_TAKER;BOT_MAKER;VELVETFRUIT_EXTRACT;XIRECS;5212.0;2
90000;BOT_TAKER;BOT_MAKER;VELVETFRUIT_EXTRACT;XIRECS;5212.0;6
90000;BOT_MAKER;BOT_TAKER;VEV_5300;XIRECS;53.0;5
90000;BOT_TAKER;BOT_MAKER;VEV_6500;XIRECS;1.0;4
90100;BOT_TAKER;BOT_MAKER;VELVETFRUIT_EXTRACT;XIRECS;5211.0;3
90100;BOT_TAKER;BOT_MAKER;VELVETFRUIT_EXTRACT;XIRECS;5211.0;4
90200;BOT_MAKER;BOT_TAKER;HYDROGEL_PACK;XIRECS;9986.0;2
90200;BOT_MAKER;BOT_TAKER;VEV_4000;XIRECS;1245.0;1
90300;BOT_TAKER;BOT_MAKER;VELVETFRUIT_EXTRACT;XIRECS;5210.0;12
90400;BOT_TAKER;BOT_MAKER;VEV_5500;XIRECS;6.0;5
90500;BOT_MAKER;BOT_TAKER;HYDROGEL_PACK;XIRECS;9976.0;6
90500;BOT_MAKER;BOT_TAKER;VELVETFRUIT_EXTRACT;XIRECS;5206.0;13
90500;BOT_MAKER;BOT_TAKER;VEV_4000;XIRECS;1245.0;3
90500;BOT_MAKER;BOT_TAKER;VEV_6000;XIRECS;0.0;2
90500;BOT_TAKER;SUBMISSION;HYDROGEL_PACK;XIRECS;9991.0;5
90500;BOT_TAKER;BOT_MAKER;HYDROGEL_PACK;XIRECS;9992.0;1
90600;BOT_TAKER;BOT_MAKER;HYDROGEL_PACK;XIRECS;9992.0;6
90600;BOT_TAKER;BOT_MAKER;VELVETFRUIT_EXTRACT;XIRECS;5211.0;7
90700;BOT_MAKER;BOT_TAKER;HYDROGEL_PACK;XIRECS;9973.0;4
90800;BOT_MAKER;BOT_TAKER;HYDROGEL_PACK;XIRECS;9973.0;3
90800;BOT_MAKER;BOT_TAKER;VELVETFRUIT_EXTRACT;XIRECS;5205.0;7
91100;BOT_TAKER;BOT_MAKER;HYDROGEL_PACK;XIRECS;9989.0;3
91100;BOT_TAKER;BOT_MAKER;VELVETFRUIT_EXTRACT;XIRECS;5215.0;8
91100;BOT_MAKER;BOT_TAKER;VEV_6000;XIRECS;0.0;2
91200;SUBMISSION;BOT_TAKER;VEV_4000;XIRECS;1246.0;2
91400;BOT_TAKER;BOT_MAKER;HYDROGEL_PACK;XIRECS;9995.0;4
91400;BOT_MAKER;BOT_TAKER;HYDROGEL_PACK;XIRECS;9979.0;3
91500;BOT_TAKER;BOT_MAKER;HYDROGEL_PACK;XIRECS;9994.0;5
91700;BOT_TAKER;BOT_MAKER;VELVETFRUIT_EXTRACT;XIRECS;5217.0;3
91800;BOT_MAKER;BOT_TAKER;VEV_5400;XIRECS;21.0;4
91900;BOT_MAKER;BOT_TAKER;HYDROGEL_PACK;XIRECS;9983.0;2
91900;BOT_MAKER;BOT_TAKER;VELVETFRUIT_EXTRACT;XIRECS;5213.0;8
92000;BOT_TAKER;BOT_MAKER;HYDROGEL_PACK;XIRECS;10002.0;2
92000;BOT_MAKER;BOT_TAKER;VELVETFRUIT_EXTRACT;XIRECS;5214.0;4
92200;BOT_MAKER;BOT_TAKER;VEV_6500;XIRECS;0.0;5
92300;BOT_MAKER;BOT_TAKER;VELVETFRUIT_EXTRACT;XIRECS;5215.0;3
92400;BOT_MAKER;BOT_TAKER;VELVETFRUIT_EXTRACT;XIRECS;5214.0;3
92400;BOT_TAKER;SUBMISSION;VEV_5400;XIRECS;22.0;5
92500;BOT_TAKER;BOT_MAKER;VELVETFRUIT_EXTRACT;XIRECS;5221.0;5
92500;BOT_MAKER;BOT_TAKER;VEV_6500;XIRECS;0.0;4
92700;BOT_MAKER;BOT_TAKER;HYDROGEL_PACK;XIRECS;9984.0;3
92700;BOT_MAKER;BOT_TAKER;VEV_4000;XIRECS;1246.0;3
92700;BOT_MAKER;BOT_TAKER;VEV_5400;XIRECS;21.0;4
92700;BOT_TAKER;BOT_MAKER;VEV_6000;XIRECS;1.0;2
92900;BOT_TAKER;BOT_MAKER;HYDROGEL_PACK;XIRECS;10010.0;5
92900;BOT_MAKER;BOT_TAKER;VEV_5500;XIRECS;6.0;5
93100;BOT_MAKER;BOT_TAKER;HYDROGEL_PACK;XIRECS;9995.0;6
93100;BOT_TAKER;BOT_MAKER;VELVETFRUIT_EXTRACT;XIRECS;5224.0;8
93200;BOT_MAKER;BOT_TAKER;HYDROGEL_PACK;XIRECS;9995.0;3
93300;BOT_MAKER;BOT_TAKER;VEV_4000;XIRECS;1247.0;1
93300;BOT_TAKER;BOT_MAKER;VEV_4000;XIRECS;1268.0;3
93300;SUBMISSION;BOT_TAKER;VELVETFRUIT_EXTRACT;XIRECS;5219.0;5
93300;BOT_MAKER;BOT_TAKER;VELVETFRUIT_EXTRACT;XIRECS;5218.0;3
93600;BOT_MAKER;BOT_TAKER;VEV_4000;XIRECS;1249.0;1
93700;BOT_MAKER;BOT_TAKER;VELVETFRUIT_EXTRACT;XIRECS;5215.0;5
93700;BOT_TAKER;BOT_MAKER;VEV_4000;XIRECS;1270.0;1
93700;BOT_MAKER;BOT_TAKER;VEV_5300;XIRECS;56.0;3
93800;BOT_TAKER;BOT_MAKER;VEV_5300;XIRECS;58.0;3
93900;BOT_MAKER;BOT_TAKER;HYDROGEL_PACK;XIRECS;10000.0;4
93900;BOT_MAKER;BOT_TAKER;VELVETFRUIT_EXTRACT;XIRECS;5214.0;3
93900;BOT_TAKER;BOT_MAKER;VEV_5500;XIRECS;7.0;2
94100;BOT_MAKER;BOT_TAKER;HYDROGEL_PACK;XIRECS;10002.0;6
94100;BOT_TAKER;BOT_MAKER;VEV_5300;XIRECS;59.0;4
94300;BOT_MAKER;BOT_TAKER;VELVETFRUIT_EXTRACT;XIRECS;5213.0;7
94400;BOT_TAKER;BOT_MAKER;HYDROGEL_PACK;XIRECS;10020.0;2
94400;BOT_MAKER;BOT_TAKER;VEV_5300;XIRECS;57.0;2
94400;BOT_TAKER;SUBMISSION;VELVETFRUIT_EXTRACT;XIRECS;5215.0;5
94400;BOT_TAKER;BOT_MAKER;VELVETFRUIT_EXTRACT;XIRECS;5216.0;1
94500;BOT_TAKER;BOT_MAKER;HYDROGEL_PACK;XIRECS;10019.0;2
94600;BOT_TAKER;BOT_MAKER;VEV_6500;XIRECS;1.0;2
94600;BOT_TAKER;SUBMISSION;HYDROGEL_PACK;XIRECS;10016.0;5
94600;BOT_TAKER;BOT_MAKER;HYDROGEL_PACK;XIRECS;10017.0;1
94700;BOT_MAKER;BOT_TAKER;VEV_4000;XIRECS;1251.0;2
94700;BOT_TAKER;BOT_MAKER;VEV_6000;XIRECS;1.0;5
94800;BOT_MAKER;BOT_TAKER;VELVETFRUIT_EXTRACT;XIRECS;5213.0;5
94800;BOT_TAKER;BOT_MAKER;VELVETFRUIT_EXTRACT;XIRECS;5219.0;3
94900;BOT_MAKER;BOT_TAKER;HYDROGEL_PACK;XIRECS;10004.0;6
94900;BOT_MAKER;BOT_TAKER;VELVETFRUIT_EXTRACT;XIRECS;5214.0;5
94900;BOT_MAKER;BOT_TAKER;VEV_5500;XIRECS;5.0;4
95000;BOT_MAKER;BOT_TAKER;VELVETFRUIT_EXTRACT;XIRECS;5216.0;7
95000;SUBMISSION;BOT_TAKER;VEV_4000;XIRECS;1254.0;3
95000;SUBMISSION;BOT_TAKER;VEV_5500;XIRECS;6.0;3
95100;BOT_MAKER;BOT_TAKER;HYDROGEL_PACK;XIRECS;10002.0;2
95100;BOT_MAKER;BOT_TAKER;VELVETFRUIT_EXTRACT;XIRECS;5215.0;3
95100;BOT_TAKER;BOT_MAKER;VEV_4000;XIRECS;1276.0;3
95300;BOT_MAKER;BOT_TAKER;HYDROGEL_PACK;XIRECS;10002.0;3
95300;BOT_MAKER;BOT_TAKER;VEV_6000;XIRECS;0.0;5
95500;BOT_MAKER;BOT_TAKER;HYDROGEL_PACK;XIRECS;9998.0;3
95500;BOT_MAKER;BOT_TAKER;VEV_5500;XIRECS;5.0;5
95500;BOT_TAKER;BOT_MAKER;VEV_6000;XIRECS;1.0;4
95600;BOT_MAKER;BOT_TAKER;VELVETFRUIT_EXTRACT;XIRECS;5218.0;7
95600;BOT_TAKER;BOT_MAKER;VEV_5400;XIRECS;22.0;4
95700;BOT_MAKER;BOT_TAKER;HYDROGEL_PACK;XIRECS;9993.0;6
95700;BOT_MAKER;BOT_TAKER;VELVETFRUIT_EXTRACT;XIRECS;5219.0;5
95800;BOT_TAKER;BOT_MAKER;VEV_4000;XIRECS;1281.0;1
95800;BOT_TAKER;BOT_MAKER;VEV_6000;XIRECS;1.0;4
96000;BOT_MAKER;BOT_TAKER;VELVETFRUIT_EXTRACT;XIRECS;5216.0;4
96000;SUBMISSION;BOT_TAKER;HYDROGEL_PACK;XIRECS;9992.0;3
96000;BOT_TAKER;SUBMISSION;VELVETFRUIT_EXTRACT;XIRECS;5221.0;5
96000;BOT_TAKER;BOT_MAKER;VELVETFRUIT_EXTRACT;XIRECS;5222.0;2
96100;BOT_TAKER;BOT_MAKER;HYDROGEL_PACK;XIRECS;10007.0;4
96100;BOT_TAKER;BOT_MAKER;VEV_4000;XIRECS;1282.0;2
96100;BOT_MAKER;BOT_TAKER;VEV_6500;XIRECS;0.0;2
96200;BOT_MAKER;BOT_TAKER;VELVETFRUIT_EXTRACT;XIRECS;5215.0;8
96300;BOT_TAKER;BOT_MAKER;HYDROGEL_PACK;XIRECS;10006.0;3
96300;BOT_TAKER;BOT_MAKER;VEV_4000;XIRECS;1284.0;2
96300;SUBMISSION;BOT_TAKER;VELVETFRUIT_EXTRACT;XIRECS;5215.0;5
96300;BOT_MAKER;BOT_TAKER;VELVETFRUIT_EXTRACT;XIRECS;5214.0;2
96400;BOT_TAKER;BOT_MAKER;HYDROGEL_PACK;XIRECS;10003.0;5
96400;BOT_MAKER;BOT_TAKER;VELVETFRUIT_EXTRACT;XIRECS;5213.0;8
96400;BOT_MAKER;BOT_TAKER;VELVETFRUIT_EXTRACT;XIRECS;5213.0;7
96400;BOT_MAKER;BOT_TAKER;VEV_5400;XIRECS;19.0;5
96500;BOT_TAKER;BOT_MAKER;HYDROGEL_PACK;XIRECS;10004.0;2
96500;BOT_TAKER;BOT_MAKER;VEV_5500;XIRECS;6.0;5
96600;BOT_MAKER;BOT_TAKER;VEV_5500;XIRECS;5.0;4
96600;SUBMISSION;BOT_TAKER;HYDROGEL_PACK;XIRECS;9988.0;2
96700;BOT_TAKER;BOT_MAKER;VELVETFRUIT_EXTRACT;XIRECS;5219.0;6
96700;BOT_MAKER;BOT_TAKER;VEV_5400;XIRECS;20.0;4
96700;BOT_TAKER;BOT_MAKER;VEV_6500;XIRECS;1.0;4
96800;BOT_MAKER;BOT_TAKER;VELVETFRUIT_EXTRACT;XIRECS;5214.0;9
96900;BOT_MAKER;BOT_TAKER;VELVETFRUIT_EXTRACT;XIRECS;5215.0;8
96900;BOT_MAKER;BOT_TAKER;VEV_4000;XIRECS;1260.0;1
97100;BOT_TAKER;BOT_MAKER;VELVETFRUIT_EXTRACT;XIRECS;5220.0;6
97200;BOT_MAKER;BOT_TAKER;VELVETFRUIT_EXTRACT;XIRECS;5215.0;4
97300;BOT_MAKER;BOT_TAKER;VELVETFRUIT_EXTRACT;XIRECS;5214.0;8
97500;BOT_MAKER;BOT_TAKER;VELVETFRUIT_EXTRACT;XIRECS;5213.0;14
97600;BOT_MAKER;BOT_TAKER;HYDROGEL_PACK;XIRECS;9985.0;6
97600;BOT_MAKER;BOT_TAKER;VELVETFRUIT_EXTRACT;XIRECS;5215.0;7
97800;BOT_TAKER;BOT_MAKER;VELVETFRUIT_EXTRACT;XIRECS;5220.0;5
97800;BOT_TAKER;BOT_MAKER;VEV_6000;XIRECS;1.0;2
97800;BOT_TAKER;SUBMISSION;VELVETFRUIT_EXTRACT;XIRECS;5219.0;5
97800;BOT_TAKER;BOT_MAKER;VELVETFRUIT_EXTRACT;XIRECS;5220.0;3
97900;BOT_TAKER;BOT_MAKER;HYDROGEL_PACK;XIRECS;10002.0;6
97900;BOT_TAKER;BOT_MAKER;VELVETFRUIT_EXTRACT;XIRECS;5219.0;13
97900;BOT_TAKER;BOT_MAKER;VEV_5500;XIRECS;7.0;2
98000;BOT_TAKER;BOT_MAKER;VELVETFRUIT_EXTRACT;XIRECS;5217.0;5
98000;BOT_MAKER;BOT_TAKER;VEV_6000;XIRECS;0.0;2
98000;SUBMISSION;BOT_TAKER;VELVETFRUIT_EXTRACT;XIRECS;5212.0;3
98100;BOT_MAKER;BOT_TAKER;HYDROGEL_PACK;XIRECS;9984.0;2
98200;BOT_TAKER;BOT_MAKER;VELVETFRUIT_EXTRACT;XIRECS;5216.0;7
98300;BOT_TAKER;BOT_MAKER;VELVETFRUIT_EXTRACT;XIRECS;5216.0;8
98400;BOT_TAKER;BOT_MAKER;VELVETFRUIT_EXTRACT;XIRECS;5218.0;8
98400;BOT_TAKER;BOT_MAKER;VEV_4000;XIRECS;1281.0;3
98500;BOT_TAKER;BOT_MAKER;VELVETFRUIT_EXTRACT;XIRECS;5219.0;5
98500;BOT_TAKER;BOT_MAKER;VEV_5300;XIRECS;60.0;5
98500;BOT_MAKER;BOT_TAKER;VEV_5400;XIRECS;20.0;3
98600;BOT_MAKER;BOT_TAKER;HYDROGEL_PACK;XIRECS;9987.0;2
98700;SUBMISSION;BOT_TAKER;VEV_4000;XIRECS;1260.0;1
98800;BOT_TAKER;BOT_MAKER;HYDROGEL_PACK;XIRECS;10009.0;4
98800;BOT_TAKER;SUBMISSION;VELVETFRUIT_EXTRACT;XIRECS;5216.0;3
99000;BOT_TAKER;BOT_MAKER;HYDROGEL_PACK;XIRECS;10012.0;3
99100;BOT_TAKER;BOT_MAKER;HYDROGEL_PACK;XIRECS;10007.0;4
99200;BOT_TAKER;BOT_MAKER;VELVETFRUIT_EXTRACT;XIRECS;5213.0;5
99300;BOT_TAKER;BOT_MAKER;VELVETFRUIT_EXTRACT;XIRECS;5213.0;5
99400;BOT_MAKER;BOT_TAKER;HYDROGEL_PACK;XIRECS;9990.0;4
99400;BOT_TAKER;BOT_MAKER;HYDROGEL_PACK;XIRECS;10006.0;3
99400;BOT_MAKER;BOT_TAKER;VEV_5300;XIRECS;58.0;5
99400;BOT_TAKER;BOT_MAKER;VEV_6000;XIRECS;1.0;5
99600;BOT_TAKER;SUBMISSION;VEV_5400;XIRECS;21.0;2
99700;BOT_TAKER;BOT_MAKER;HYDROGEL_PACK;XIRECS;10007.0;5
99700;BOT_MAKER;BOT_TAKER;VELVETFRUIT_EXTRACT;XIRECS;5208.0;3
99700;SUBMISSION;BOT_TAKER;VELVETFRUIT_EXTRACT;XIRECS;5209.0;5
99700;BOT_MAKER;BOT_TAKER;VELVETFRUIT_EXTRACT;XIRECS;5208.0;6
99800;BOT_MAKER;BOT_TAKER;VEV_6000;XIRECS;0.0;3
99900;BOT_TAKER;BOT_MAKER;VELVETFRUIT_EXTRACT;XIRECS;5214.0;8
100000;BOT_TAKER;BOT_MAKER;HYDROGEL_PACK;XIRECS;10009.0;3
100000;BOT_TAKER;BOT_MAKER;VEV_5500;XIRECS;7.0;4
100100;BOT_MAKER;BOT_TAKER;VEV_4000;XIRECS;1261.0;2
100100;SUBMISSION;BOT_TAKER;VELVETFRUIT_EXTRACT;XIRECS;5211.0;4
100300;BOT_TAKER;BOT_MAKER;HYDROGEL_PACK;XIRECS;10014.0;3
100300;BOT_MAKER;BOT_TAKER;VELVETFRUIT_EXTRACT;XIRECS;5211.0;6
100300;BOT_MAKER;BOT_TAKER;VELVETFRUIT_EXTRACT;XIRECS;5211.0;5
100400;BOT_MAKER;BOT_TAKER;HYDROGEL_PACK;XIRECS;9998.0;2
100500;BOT_TAKER;BOT_MAKER;VEV_4000;XIRECS;1282.0;3
100600;BOT_TAKER;BOT_MAKER;VELVETFRUIT_EXTRACT;XIRECS;5215.0;3
100600;BOT_TAKER;BOT_MAKER;VEV_6500;XIRECS;1.0;4
100700;BOT_MAKER;BOT_TAKER;VEV_5500;XIRECS;6.0;4
100900;BOT_TAKER;BOT_MAKER;VEV_6500;XIRECS;1.0;4
101000;SUBMISSION;BOT_TAKER;VEV_4000;XIRECS;1260.0;2
101200;BOT_TAKER;BOT_MAKER;HYDROGEL_PACK;XIRECS;10021.0;3
101200;BOT_TAKER;SUBMISSION;HYDROGEL_PACK;XIRECS;10020.0;2
101300;BOT_MAKER;BOT_TAKER;VELVETFRUIT_EXTRACT;XIRECS;5213.0;8
101400;BOT_TAKER;BOT_MAKER;VELVETFRUIT_EXTRACT;XIRECS;5217.0;3
101400;BOT_TAKER;BOT_MAKER;VEV_6000;XIRECS;1.0;3
101500;BOT_MAKER;BOT_TAKER;HYDROGEL_PACK;XIRECS;10007.0;2
101500;BOT_TAKER;BOT_MAKER;VEV_5400;XIRECS;21.0;4
101500;BOT_TAKER;BOT_MAKER;VEV_6000;XIRECS;1.0;2
101600;BOT_MAKER;BOT_TAKER;VEV_4000;XIRECS;1262.0;2
101700;BOT_TAKER;BOT_MAKER;VELVETFRUIT_EXTRACT;XIRECS;5221.0;5
101700;BOT_MAKER;BOT_TAKER;VELVETFRUIT_EXTRACT;XIRECS;5216.0;8
101800;BOT_TAKER;BOT_MAKER;VEV_4000;XIRECS;1285.0;1
101900;BOT_MAKER;BOT_TAKER;VEV_6000;XIRECS;0.0;3
101900;BOT_MAKER;BOT_TAKER;VEV_6500;XIRECS;0.0;2
102000;BOT_TAKER;BOT_MAKER;VELVETFRUIT_EXTRACT;XIRECS;5221.0;3
102000;SUBMISSION;BOT_TAKER;HYDROGEL_PACK;XIRECS;10015.0;2
102100;BOT_MAKER;BOT_TAKER;VELVETFRUIT_EXTRACT;XIRECS;5214.0;5
102200;BOT_TAKER;BOT_MAKER;VELVETFRUIT_EXTRACT;XIRECS;5220.0;6
102200;BOT_TAKER;SUBMISSION;HYDROGEL_PACK;XIRECS;10026.0;5
102200;BOT_TAKER;BOT_MAKER;HYDROGEL_PACK;XIRECS;10027.0;1
102300;BOT_TAKER;BOT_MAKER;HYDROGEL_PACK;XIRECS;10026.0;6
102300;SUBMISSION;BOT_TAKER;VELVETFRUIT_EXTRACT;XIRECS;5214.0;5
102300;BOT_MAKER;BOT_TAKER;VELVETFRUIT_EXTRACT;XIRECS;5213.0;4
102400;BOT_TAKER;BOT_MAKER;VELVETFRUIT_EXTRACT;XIRECS;5219.0;7
102400;BOT_TAKER;BOT_MAKER;VEV_4000;XIRECS;1283.0;3
102400;BOT_TAKER;SUBMISSION;VEV_4000;XIRECS;1282.0;3
102500;BOT_MAKER;BOT_TAKER;VELVETFRUIT_EXTRACT;XIRECS;5213.0;5
102600;BOT_MAKER;BOT_TAKER;HYDROGEL_PACK;XIRECS;10012.0;6
102600;BOT_MAKER;BOT_TAKER;VELVETFRUIT_EXTRACT;XIRECS;5213.0;4
102700;BOT_TAKER;BOT_MAKER;VELVETFRUIT_EXTRACT;XIRECS;5219.0;5
102800;BOT_MAKER;BOT_TAKER;VEV_5400;XIRECS;17.0;5
102900;BOT_TAKER;BOT_MAKER;VELVETFRUIT_EXTRACT;XIRECS;5218.0;6
102900;BOT_TAKER;BOT_MAKER;VEV_5400;XIRECS;18.0;4
103000;BOT_MAKER;BOT_TAKER;VEV_6000;XIRECS;0.0;3
103000;BOT_TAKER;BOT_MAKER;VEV_6500;XIRECS;1.0;2
103100;BOT_TAKER;BOT_MAKER;HYDROGEL_PACK;XIRECS;10026.0;2
103600;BOT_MAKER;BOT_TAKER;VEV_4000;XIRECS;1263.0;1
103700;BOT_TAKER;BOT_MAKER;VELVETFRUIT_EXTRACT;XIRECS;5218.0;7
103700;SUBMISSION;BOT_TAKER;VELVETFRUIT_EXTRACT;XIRECS;5214.0;5
103700;BOT_MAKER;BOT_TAKER;VELVETFRUIT_EXTRACT;XIRECS;5213.0;9
103800;BOT_MAKER;BOT_TAKER;VELVETFRUIT_EXTRACT;XIRECS;5214.0;4
103900;BOT_TAKER;BOT_MAKER;VEV_6000;XIRECS;1.0;2
103900;BOT_TAKER;BOT_MAKER;VEV_6500;XIRECS;1.0;2
104000;BOT_MAKER;BOT_TAKER;HYDROGEL_PACK;XIRECS;10015.0;4
104000;BOT_MAKER;BOT_TAKER;VEV_4000;XIRECS;1264.0;1
104000;BOT_TAKER;BOT_MAKER;VEV_5500;XIRECS;7.0;2
104000;BOT_MAKER;BOT_TAKER;VEV_6500;XIRECS;0.0;4
104100;BOT_MAKER;BOT_TAKER;VEV_4000;XIRECS;1264.0;2
104100;BOT_TAKER;BOT_MAKER;VEV_5400;XIRECS;19.0;4
104100;BOT_TAKER;BOT_MAKER;VEV_6000;XIRECS;1.0;2
104100;BOT_TAKER;SUBMISSION;VELVETFRUIT_EXTRACT;XIRECS;5217.0;5
104100;BOT_TAKER;BOT_MAKER;VELVETFRUIT_EXTRACT;XIRECS;5218.0;2
104200;BOT_TAKER;BOT_MAKER;VELVETFRUIT_EXTRACT;XIRECS;5217.0;3
104200;BOT_MAKER;BOT_TAKER;VEV_6500;XIRECS;0.0;3
104300;BOT_TAKER;BOT_MAKER;VELVETFRUIT_EXTRACT;XIRECS;5218.0;6
104300;BOT_TAKER;SUBMISSION;VEV_5400;XIRECS;19.0;2
104400;BOT_TAKER;BOT_MAKER;HYDROGEL_PACK;XIRECS;10033.0;2
104400;BOT_TAKER;BOT_MAKER;VELVETFRUIT_EXTRACT;XIRECS;5218.0;4
104400;BOT_TAKER;BOT_MAKER;VEV_4000;XIRECS;1286.0;1
104500;BOT_MAKER;BOT_TAKER;VEV_5300;XIRECS;59.0;5
104500;BOT_TAKER;BOT_MAKER;VEV_6500;XIRECS;1.0;5
104700;BOT_MAKER;BOT_TAKER;VELVETFRUIT_EXTRACT;XIRECS;5213.0;8
104700;BOT_MAKER;BOT_TAKER;VEV_4000;XIRECS;1261.0;2
104700;BOT_TAKER;BOT_MAKER;VEV_5500;XIRECS;7.0;5
104800;BOT_TAKER;BOT_MAKER;VELVETFRUIT_EXTRACT;XIRECS;5218.0;5
104900;BOT_MAKER;BOT_TAKER;HYDROGEL_PACK;XIRECS;10009.0;2
104900;BOT_MAKER;BOT_TAKER;HYDROGEL_PACK;XIRECS;10009.0;4
104900;BOT_TAKER;BOT_MAKER;VELVETFRUIT_EXTRACT;XIRECS;5219.0;7
104900;BOT_MAKER;BOT_TAKER;VEV_4000;XIRECS;1261.0;3
105000;BOT_MAKER;BOT_TAKER;VELVETFRUIT_EXTRACT;XIRECS;5213.0;3
105000;BOT_MAKER;BOT_TAKER;VEV_4000;XIRECS;1260.0;2
105000;BOT_TAKER;SUBMISSION;HYDROGEL_PACK;XIRECS;10022.0;3
105100;BOT_TAKER;BOT_MAKER;VELVETFRUIT_EXTRACT;XIRECS;5219.0;13
105100;BOT_MAKER;BOT_TAKER;VEV_4000;XIRECS;1260.0;3
105100;BOT_TAKER;BOT_MAKER;VEV_5500;XIRECS;7.0;4
105200;BOT_MAKER;BOT_TAKER;VEV_4000;XIRECS;1261.0;3
105200;BOT_TAKER;BOT_MAKER;VEV_5500;XIRECS;7.0;5
105300;BOT_TAKER;SUBMISSION;VELVETFRUIT_EXTRACT;XIRECS;5218.0;5
105300;BOT_TAKER;BOT_MAKER;VELVETFRUIT_EXTRACT;XIRECS;5219.0;4
105500;BOT_TAKER;BOT_MAKER;HYDROGEL_PACK;XIRECS;10015.0;2
105700;BOT_TAKER;BOT_MAKER;HYDROGEL_PACK;XIRECS;10014.0;2
105700;BOT_TAKER;BOT_MAKER;HYDROGEL_PACK;XIRECS;10014.0;2
105800;BOT_MAKER;BOT_TAKER;VELVETFRUIT_EXTRACT;XIRECS;5215.0;6
105800;BOT_TAKER;BOT_MAKER;VEV_6000;XIRECS;1.0;4
106200;BOT_TAKER;BOT_MAKER;VELVETFRUIT_EXTRACT;XIRECS;5219.0;5
106300;BOT_MAKER;BOT_TAKER;HYDROGEL_PACK;XIRECS;9998.0;4
106300;BOT_MAKER;BOT_TAKER;VELVETFRUIT_EXTRACT;XIRECS;5214.0;6
106300;BOT_TAKER;BOT_MAKER;VEV_4000;XIRECS;1284.0;3
106300;BOT_TAKER;SUBMISSION;VELVETFRUIT_EXTRACT;XIRECS;5218.0;5
106300;BOT_TAKER;BOT_MAKER;VELVETFRUIT_EXTRACT;XIRECS;5219.0;1
106400;BOT_MAKER;BOT_TAKER;HYDROGEL_PACK;XIRECS;9994.0;2
106500;BOT_MAKER;BOT_TAKER;HYDROGEL_PACK;XIRECS;9994.0;3
106500;BOT_TAKER;BOT_MAKER;VELVETFRUIT_EXTRACT;XIRECS;5216.0;5
106500;BOT_TAKER;BOT_MAKER;VELVETFRUIT_EXTRACT;XIRECS;5216.0;8
106500;BOT_MAKER;BOT_TAKER;VEV_5500;XIRECS;5.0;2
106500;BOT_MAKER;BOT_TAKER;VEV_6000;XIRECS;0.0;4
106500;BOT_MAKER;BOT_TAKER;VEV_6000;XIRECS;0.0;5
106600;BOT_MAKER;BOT_TAKER;VEV_6500;XIRECS;0.0;2
106700;BOT_TAKER;BOT_MAKER;VELVETFRUIT_EXTRACT;XIRECS;5215.0;11
106800;BOT_TAKER;BOT_MAKER;VELVETFRUIT_EXTRACT;XIRECS;5216.0;8
107000;BOT_MAKER;BOT_TAKER;VELVETFRUIT_EXTRACT;XIRECS;5212.0;8
107000;BOT_MAKER;BOT_TAKER;VEV_4000;XIRECS;1264.0;1
107300;BOT_TAKER;BOT_MAKER;VELVETFRUIT_EXTRACT;XIRECS;5217.0;7
107300;SUBMISSION;BOT_TAKER;VELVETFRUIT_EXTRACT;XIRECS;5213.0;3
107400;BOT_MAKER;BOT_TAKER;VEV_4000;XIRECS;1264.0;3
107600;BOT_TAKER;BOT_MAKER;VELVETFRUIT_EXTRACT;XIRECS;5215.0;7
107700;BOT_MAKER;BOT_TAKER;HYDROGEL_PACK;XIRECS;9999.0;5
107800;BOT_MAKER;BOT_TAKER;HYDROGEL_PACK;XIRECS;10000.0;3
107900;BOT_MAKER;BOT_TAKER;VEV_6500;XIRECS;0.0;3
107900;BOT_TAKER;SUBMISSION;VEV_5300;XIRECS;61.0;2
108000;BOT_TAKER;BOT_MAKER;VEV_6000;XIRECS;1.0;2
108100;SUBMISSION;BOT_TAKER;VEV_4000;XIRECS;1264.0;2
108300;BOT_TAKER;BOT_MAKER;HYDROGEL_PACK;XIRECS;10020.0;4
108300;BOT_MAKER;BOT_TAKER;VEV_4000;XIRECS;1265.0;1
108400;BOT_MAKER;BOT_TAKER;VELVETFRUIT_EXTRACT;XIRECS;5210.0;6
108500;BOT_TAKER;BOT_MAKER;HYDROGEL_PACK;XIRECS;10018.0;5
108600;BOT_TAKER;BOT_MAKER;HYDROGEL_PACK;XIRECS;10020.0;5
108600;BOT_MAKER;BOT_TAKER;VELVETFRUIT_EXTRACT;XIRECS;5213.0;8
108600;SUBMISSION;BOT_TAKER;HYDROGEL_PACK;XIRECS;10005.0;5
108600;BOT_MAKER;BOT_TAKER;HYDROGEL_PACK;XIRECS;10004.0;1
108800;BOT_TAKER;SUBMISSION;VELVETFRUIT_EXTRACT;XIRECS;5216.0;5
108800;BOT_TAKER;BOT_MAKER;VELVETFRUIT_EXTRACT;XIRECS;5217.0;1
108900;BOT_MAKER;BOT_TAKER;HYDROGEL_PACK;XIRECS;10003.0;3
108900;BOT_MAKER;BOT_TAKER;VEV_4000;XIRECS;1264.0;3
108900;BOT_TAKER;BOT_MAKER;VEV_5400;XIRECS;21.0;2
108900;BOT_TAKER;BOT_MAKER;VEV_6000;XIRECS;1.0;3
109100;BOT_TAKER;BOT_MAKER;VELVETFRUIT_EXTRACT;XIRECS;5217.0;6
109300;BOT_TAKER;BOT_MAKER;VELVETFRUIT_EXTRACT;XIRECS;5217.0;7
109300;BOT_TAKER;SUBMISSION;HYDROGEL_PACK;XIRECS;10016.0;5
109300;BOT_TAKER;BOT_MAKER;HYDROGEL_PACK;XIRECS;10017.0;1
109500;BOT_MAKER;BOT_TAKER;VELVETFRUIT_EXTRACT;XIRECS;5210.0;8
109600;BOT_MAKER;BOT_TAKER;VELVETFRUIT_EXTRACT;XIRECS;5212.0;7
109600;BOT_TAKER;SUBMISSION;VELVETFRUIT_EXTRACT;XIRECS;5215.0;5
109600;BOT_TAKER;BOT_MAKER;VELVETFRUIT_EXTRACT;XIRECS;5216.0;1
109700;BOT_MAKER;BOT_TAKER;VELVETFRUIT_EXTRACT;XIRECS;5211.0;8
109800;BOT_TAKER;BOT_MAKER;VELVETFRUIT_EXTRACT;XIRECS;5217.0;5
109800;BOT_MAKER;BOT_TAKER;VEV_5400;XIRECS;19.0;3
109800;BOT_TAKER;BOT_MAKER;VEV_5500;XIRECS;6.0;5
109800;BOT_MAKER;BOT_TAKER;VEV_6500;XIRECS;0.0;4
109900;BOT_TAKER;BOT_MAKER;HYDROGEL_PACK;XIRECS;10011.0;2
109900;BOT_MAKER;BOT_TAKER;VELVETFRUIT_EXTRACT;XIRECS;5213.0;7
109900;BOT_TAKER;BOT_MAKER;VEV_5300;XIRECS;63.0;4
110000;BOT_MAKER;BOT_TAKER;HYDROGEL_PACK;XIRECS;9994.0;3
110000;BOT_MAKER;BOT_TAKER;VELVETFRUIT_EXTRACT;XIRECS;5212.0;8
110100;BOT_MAKER;BOT_TAKER;HYDROGEL_PACK;XIRECS;9994.0;4
110100;BOT_MAKER;BOT_TAKER;VELVETFRUIT_EXTRACT;XIRECS;5211.0;5
110100;SUBMISSION;BOT_TAKER;HYDROGEL_PACK;XIRECS;9995.0;3
110300;BOT_MAKER;BOT_TAKER;HYDROGEL_PACK;XIRECS;9994.0;6
110300;BOT_MAKER;BOT_TAKER;VELVETFRUIT_EXTRACT;XIRECS;5210.0;7
110300;BOT_TAKER;BOT_MAKER;VEV_6000;XIRECS;1.0;3
110500;BOT_TAKER;BOT_MAKER;VELVETFRUIT_EXTRACT;XIRECS;5215.0;7
110500;BOT_MAKER;BOT_TAKER;VEV_4000;XIRECS;1268.0;2
110700;BOT_TAKER;BOT_MAKER;HYDROGEL_PACK;XIRECS;10009.0;5
110700;BOT_TAKER;BOT_MAKER;VELVETFRUIT_EXTRACT;XIRECS;5217.0;4
