timestamp;buyer;seller;symbol;currency;price;quantity
0;BOT_MAKER;BOT_TAKER;HYDROGEL_PACK;XIRECS;9971.0;3
0;BOT_TAKER;BOT_MAKER;VELVETFRUIT_EXTRACT;XIRECS;5265.0;5
0;BOT_TAKER;BOT_MAKER;VEV_6500;XIRECS;1.0;4
100;BOT_MAKER;BOT_TAKER;VELVETFRUIT_EXTRACT;XIRECS;5261.0;6
200;BOT_TAKER;BOT_MAKER;VEV_4000;XIRECS;1273.0;3
300;BOT_TAKER;BOT_MAKER;VELVETFRUIT_EXTRACT;XIRECS;5266.0;7
400;BOT_TAKER;BOT_MAKER;HYDROGEL_PACK;XIRECS;9984.0;3
600;BOT_MAKER;BOT_TAKER;VELVETFRUIT_EXTRACT;XIRECS;5258.0;4
800;BOT_TAKER;BOT_MAKER;HYDROGEL_PACK;XIRECS;9984.0;2
800;BOT_TAKER;BOT_MAKER;VEV_6500;XIRECS;1.0;3
900;BOT_TAKER;BOT_MAKER;VEV_6000;XIRECS;1.0;4
1000;BOT_TAKER;BOT_MAKER;VEV_6500;XIRECS;1.0;2
1100;BOT_TAKER;BOT_MAKER;HYDROGEL_PACK;XIRECS;9981.0;3
1200;BOT_TAKER;BOT_MAKER;VEV_5300;XIRECS;52.0;3
1300;BOT_TAKER;BOT_MAKER;HYDROGEL_PACK;XIRECS;9980.0;6
1400;BOT_TAKER;BOT_MAKER;VEV_4000;XIRECS;1273.0;1
1400;BOT_MAKER;BOT_TAKER;VEV_6500;XIRECS;0.0;2
1600;BOT_MAKER;BOT_TAKER;VELVETFRUIT_EXTRACT;XIRECS;5259.0;6
1600;BOT_TAKER;BOT_MAKER;VEV_6500;XIRECS;1.0;2
1700;BOT_MAKER;BOT_TAKER;VELVETFRUIT_EXTRACT;XIRECS;5260.0;4
1700;BOT_TAKER;BOT_MAKER;VEV_4000;XIRECS;1276.0;3
1800;BOT_TAKER;BOT_MAKER;HYDROGEL_PACK;XIRECS;9982.0;4
1800;BOT_MAKER;BOT_TAKER;VEV_5500;XIRECS;6.0;5
1900;BOT_MAKER;BOT_TAKER;HYDROGEL_PACK;XIRECS;9965.0;3
2000;BOT_MAKER;BOT_TAKER;VELVETFRUIT_EXTRACT;XIRECS;5261.0;4
2000;BOT_MAKER;BOT_TAKER;VEV_5300;XIRECS;49.0;4
2100;BOT_MAKER;BOT_TAKER;VELVETFRUIT_EXTRACT;XIRECS;5264.0;6
2200;BOT_TAKER;BOT_MAKER;VELVETFRUIT_EXTRACT;XIRECS;5268.0;6
2300;BOT_MAKER;BOT_TAKER;VEV_5300;XIRECS;48.0;1
2300;BOT_TAKER;BOT_MAKER;VEV_6500;XIRECS;1.0;4
2400;BOT_TAKER;BOT_MAKER;VEV_4000;XIRECS;1274.0;1
2500;BOT_MAKER;BOT_TAKER;HYDROGEL_PACK;XIRECS;9969.0;6
2500;BOT_MAKER;BOT_TAKER;VELVETFRUIT_EXTRACT;XIRECS;5262.0;3
2500;BOT_MAKER;BOT_TAKER;VEV_4000;XIRECS;1254.0;2
2600;BOT_MAKER;BOT_TAKER;HYDROGEL_PACK;XIRECS;9971.0;4
2700;BOT_TAKER;BOT_MAKER;HYDROGEL_PACK;XIRECS;9985.0;2
2700;BOT_TAKER;BOT_MAKER;HYDROGEL_PACK;XIRECS;9985.0;5
2700;BOT_MAKER;BOT_TAKER;VEV_6500;XIRECS;0.0;5
2800;BOT_MAKER;BOT_TAKER;VELVETFRUIT_EXTRACT;XIRECS;5260.0;5
2900;BOT_TAKER;BOT_MAKER;VEV_6000;XIRECS;1.0;2
2900;BOT_MAKER;BOT_TAKER;VEV_6000;XIRECS;0.0;4
3100;BOT_MAKER;BOT_TAKER;VELVETFRUIT_EXTRACT;XIRECS;5263.0;6
3100;BOT_TAKER;BOT_MAKER;VEV_5500;XIRECS;7.0;3
3200;BOT_TAKER;BOT_MAKER;HYDROGEL_PACK;XIRECS;9990.0;5
3200;BOT_TAKER;BOT_MAKER;VELVETFRUIT_EXTRACT;XIRECS;5267.0;5
3300;BOT_TAKER;BOT_MAKER;VELVETFRUIT_EXTRACT;XIRECS;5267.0;3
3400;BOT_TAKER;BOT_MAKER;HYDROGEL_PACK;XIRECS;9993.0;3
3600;BOT_TAKER;BOT_MAKER;VEV_6500;XIRECS;1.0;3
3800;BOT_MAKER;BOT_TAKER;VELVETFRUIT_EXTRACT;XIRECS;5262.0;6
3800;BOT_TAKER;BOT_MAKER;VEV_5500;XIRECS;7.0;2
3900;BOT_MAKER;BOT_TAKER;VELVETFRUIT_EXTRACT;XIRECS;5262.0;7
4000;BOT_TAKER;BOT_MAKER;HYDROGEL_PACK;XIRECS;9997.0;4
4000;BOT_MAKER;BOT_TAKER;VELVETFRUIT_EXTRACT;XIRECS;5262.0;6
4100;BOT_MAKER;BOT_TAKER;VELVETFRUIT_EXTRACT;XIRECS;5261.0;6
4200;BOT_MAKER;BOT_TAKER;HYDROGEL_PACK;XIRECS;9980.0;4
4200;BOT_TAKER;BOT_MAKER;VELVETFRUIT_EXTRACT;XIRECS;5267.0;7
4400;BOT_MAKER;BOT_TAKER;HYDROGEL_PACK;XIRECS;9982.0;6
4400;BOT_TAKER;BOT_MAKER;VELVETFRUIT_EXTRACT;XIRECS;5269.0;6
4600;BOT_TAKER;BOT_MAKER;VELVETFRUIT_EXTRACT;XIRECS;5269.0;5
4700;BOT_TAKER;BOT_MAKER;VELVETFRUIT_EXTRACT;XIRECS;5269.0;6
4700;BOT_TAKER;BOT_MAKER;VEV_5500;XIRECS;8.0;2
4800;BOT_MAKER;BOT_TAKER;VELVETFRUIT_EXTRACT;XIRECS;5264.0;7
4800;BOT_MAKER;BOT_TAKER;VEV_4000;XIRECS;1255.0;1
4900;BOT_TAKER;BOT_MAKER;VELVETFRUIT_EXTRACT;XIRECS;5271.0;4
5000;BOT_TAKER;BOT_MAKER;VELVETFRUIT_EXTRACT;XIRECS;5268.0;3
5000;BOT_MAKER;BOT_TAKER;VEV_4000;XIRECS;1256.0;3
5300;BOT_MAKER;BOT_TAKER;HYDROGEL_PACK;XIRECS;9973.0;2
5300;BOT_MAKER;BOT_TAKER;VELVETFRUIT_EXTRACT;XIRECS;5265.0;7
5500;BOT_TAKER;BOT_MAKER;HYDROGEL_PACK;XIRECS;9989.0;5
5500;BOT_MAKER;BOT_TAKER;VELVETFRUIT_EXTRACT;XIRECS;5262.0;7
5600;BOT_MAKER;BOT_TAKER;HYDROGEL_PACK;XIRECS;9969.0;2
5600;BOT_TAKER;BOT_MAKER;VELVETFRUIT_EXTRACT;XIRECS;5267.0;7
5700;BOT_TAKER;BOT_MAKER;HYDROGEL_PACK;XIRECS;9984.0;3
5700;BOT_TAKER;BOT_MAKER;VELVETFRUIT_EXTRACT;XIRECS;5266.0;7
5700;BOT_TAKER;BOT_MAKER;VELVETFRUIT_EXTRACT;XIRECS;5266.0;14
5700;BOT_TAKER;BOT_MAKER;VEV_4000;XIRECS;1280.0;3
5700;BOT_MAKER;BOT_TAKER;VEV_6500;XIRECS;0.0;2
5800;BOT_MAKER;BOT_TAKER;HYDROGEL_PACK;XIRECS;9973.0;6
5800;BOT_TAKER;BOT_MAKER;VEV_6000;XIRECS;1.0;5
5900;BOT_MAKER;BOT_TAKER;HYDROGEL_PACK;XIRECS;9975.0;5
5900;BOT_TAKER;BOT_MAKER;VEV_5400;XIRECS;15.0;4
5900;BOT_MAKER;BOT_TAKER;VEV_6000;XIRECS;0.0;4
6000;BOT_TAKER;BOT_MAKER;VELVETFRUIT_EXTRACT;XIRECS;5265.0;8
6100;BOT_TAKER;BOT_MAKER;VELVETFRUIT_EXTRACT;XIRECS;5266.0;7
6200;BOT_TAKER;BOT_MAKER;HYDROGEL_PACK;XIRECS;9987.0;6
6300;BOT_TAKER;BOT_MAKER;VEV_6500;XIRECS;1.0;3
6400;BOT_MAKER;BOT_TAKER;HYDROGEL_PACK;XIRECS;9974.0;4
6400;BOT_TAKER;BOT_MAKER;VEV_4000;XIRECS;1281.0;2
6400;BOT_TAKER;BOT_MAKER;VEV_5500;XIRECS;8.0;3
6500;BOT_MAKER;BOT_TAKER;HYDROGEL_PACK;XIRECS;9973.0;3
6600;BOT_TAKER;BOT_MAKER;VELVETFRUIT_EXTRACT;XIRECS;5269.0;5
6800;BOT_TAKER;BOT_MAKER;VELVETFRUIT_EXTRACT;XIRECS;5270.0;3
6800;BOT_TAKER;BOT_MAKER;VELVETFRUIT_EXTRACT;XIRECS;5270.0;7
6900;BOT_MAKER;BOT_TAKER;HYDROGEL_PACK;XIRECS;9974.0;5
7000;BOT_TAKER;BOT_MAKER;VELVETFRUIT_EXTRACT;XIRECS;5270.0;4
7000;BOT_TAKER;BOT_MAKER;VEV_5300;XIRECS;53.0;4
7100;BOT_TAKER;BOT_MAKER;VELVETFRUIT_EXTRACT;XIRECS;5269.0;5
7400;BOT_MAKER;BOT_TAKER;HYDROGEL_PACK;XIRECS;9976.0;3
7400;BOT_MAKER;BOT_TAKER;VELVETFRUIT_EXTRACT;XIRECS;5266.0;3
7600;BOT_TAKER;BOT_MAKER;VEV_6500;XIRECS;1.0;3
7900;BOT_TAKER;BOT_MAKER;HYDROGEL_PACK;XIRECS;9997.0;5
7900;BOT_MAKER;BOT_TAKER;HYDROGEL_PACK;XIRECS;9981.0;3
8000;BOT_TAKER;BOT_MAKER;VELVETFRUIT_EXTRACT;XIRECS;5271.0;5
8000;BOT_TAKER;BOT_MAKER;VEV_5400;XIRECS;14.0;2
8100;BOT_TAKER;BOT_MAKER;HYDROGEL_PACK;XIRECS;9997.0;5
8200;BOT_MAKER;BOT_TAKER;VELVETFRUIT_EXTRACT;XIRECS;5266.0;3
8400;BOT_TAKER;BOT_MAKER;VEV_6500;XIRECS;1.0;3
8600;BOT_MAKER;BOT_TAKER;VEV_5500;XIRECS;6.0;2
8700;BOT_TAKER;BOT_MAKER;HYDROGEL_PACK;XIRECS;9991.0;5
8700;BOT_TAKER;BOT_MAKER;VEV_5300;XIRECS;55.0;4
8800;BOT_TAKER;BOT_MAKER;HYDROGEL_PACK;XIRECS;9994.0;3
8800;BOT_TAKER;BOT_MAKER;VEV_4000;XIRECS;1286.0;2
8900;BOT_MAKER;BOT_TAKER;HYDROGEL_PACK;XIRECS;9980.0;2
8900;BOT_TAKER;BOT_MAKER;VEV_5500;XIRECS;8.0;5
9000;BOT_TAKER;BOT_MAKER;VEV_4000;XIRECS;1287.0;1
9100;BOT_MAKER;BOT_TAKER;HYDROGEL_PACK;XIRECS;9978.0;6
9100;BOT_TAKER;BOT_MAKER;VELVETFRUIT_EXTRACT;XIRECS;5272.0;4
9100;BOT_MAKER;BOT_TAKER;VEV_6500;XIRECS;0.0;2
9200;BOT_MAKER;BOT_TAKER;HYDROGEL_PACK;XIRECS;9980.0;5
9200;BOT_TAKER;BOT_MAKER;VELVETFRUIT_EXTRACT;XIRECS;5273.0;8
9400;BOT_MAKER;BOT_TAKER;VELVETFRUIT_EXTRACT;XIRECS;5269.0;3
9500;BOT_MAKER;BOT_TAKER;VELVETFRUIT_EXTRACT;XIRECS;5270.0;8
9500;BOT_TAKER;BOT_MAKER;VEV_4000;XIRECS;1289.0;3
9600;BOT_TAKER;BOT_MAKER;VELVETFRUIT_EXTRACT;XIRECS;5276.0;7
9800;BOT_TAKER;BOT_MAKER;VEV_4000;XIRECS;1290.0;1
9900;BOT_MAKER;BOT_TAKER;VELVETFRUIT_EXTRACT;XIRECS;5271.0;6
10100;BOT_TAKER;BOT_MAKER;VEV_5500;XIRECS;8.0;2
10200;BOT_MAKER;BOT_TAKER;VEV_5300;XIRECS;52.0;3
10200;BOT_MAKER;BOT_TAKER;VEV_5400;XIRECS;12.0;3
10300;BOT_TAKER;BOT_MAKER;HYDROGEL_PACK;XIRECS;9991.0;2
10300;BOT_TAKER;BOT_MAKER;VEV_5400;XIRECS;13.0;5
10400;BOT_TAKER;BOT_MAKER;VELVETFRUIT_EXTRACT;XIRECS;5276.0;6
10400;BOT_MAKER;BOT_TAKER;VEV_6500;XIRECS;0.0;5
10500;BOT_MAKER;BOT_TAKER;HYDROGEL_PACK;XIRECS;9974.0;5
10600;BOT_MAKER;BOT_TAKER;HYDROGEL_PACK;XIRECS;9974.0;4
10700;BOT_TAKER;BOT_MAKER;HYDROGEL_PACK;XIRECS;9990.0;6
10700;BOT_MAKER;BOT_TAKER;VEV_6500;XIRECS;0.0;4
10800;BOT_MAKER;BOT_TAKER;VEV_6000;XIRECS;0.0;3
10900;BOT_TAKER;BOT_MAKER;VELVETFRUIT_EXTRACT;XIRECS;5275.0;7
11100;BOT_TAKER;BOT_MAKER;HYDROGEL_PACK;XIRECS;9994.0;3
11100;BOT_MAKER;BOT_TAKER;VEV_5400;XIRECS;13.0;5
11300;BOT_TAKER;BOT_MAKER;VELVETFRUIT_EXTRACT;XIRECS;5278.0;6
11300;BOT_MAKER;BOT_TAKER;VEV_5300;XIRECS;51.0;2
11500;BOT_TAKER;BOT_MAKER;VEV_6000;XIRECS;1.0;5
11600;BOT_MAKER;BOT_TAKER;VELVETFRUIT_EXTRACT;XIRECS;5275.0;8
11700;BOT_TAKER;BOT_MAKER;VEV_6000;XIRECS;1.0;2
11800;BOT_MAKER;BOT_TAKER;VELVETFRUIT_EXTRACT;XIRECS;5276.0;4
11900;BOT_MAKER;BOT_TAKER;VEV_5500;XIRECS;7.0;3
11900;BOT_TAKER;BOT_MAKER;VEV_6000;XIRECS;1.0;2
12000;BOT_MAKER;BOT_TAKER;HYDROGEL_PACK;XIRECS;9970.0;6
12000;BOT_TAKER;BOT_MAKER;VEV_4000;XIRECS;1288.0;2
12000;BOT_TAKER;BOT_MAKER;VEV_5400;XIRECS;15.0;3
12200;BOT_TAKER;BOT_MAKER;VEV_5300;XIRECS;51.0;3
12300;BOT_TAKER;BOT_MAKER;VEV_4000;XIRECS;1285.0;2
12300;BOT_TAKER;BOT_MAKER;VEV_5500;XIRECS;8.0;3
12400;BOT_MAKER;BOT_TAKER;VEV_5400;XIRECS;13.0;5
12400;BOT_MAKER;BOT_TAKER;VEV_6000;XIRECS;0.0;3
12500;BOT_MAKER;BOT_TAKER;VEV_5500;XIRECS;7.0;2
12600;BOT_TAKER;BOT_MAKER;HYDROGEL_PACK;XIRECS;9990.0;2
12600;BOT_MAKER;BOT_TAKER;VEV_6500;XIRECS;0.0;5
12700;BOT_MAKER;BOT_TAKER;HYDROGEL_PACK;XIRECS;9973.0;5
12700;BOT_MAKER;BOT_TAKER;VEV_6500;XIRECS;0.0;2
12800;BOT_MAKER;BOT_TAKER;HYDROGEL_PACK;XIRECS;9969.0;6
12900;BOT_TAKER;BOT_MAKER;HYDROGEL_PACK;XIRECS;9984.0;2
13100;BOT_MAKER;BOT_TAKER;VELVETFRUIT_EXTRACT;XIRECS;5280.0;4
13200;BOT_MAKER;BOT_TAKER;VELVETFRUIT_EXTRACT;XIRECS;5280.0;7
13200;BOT_TAKER;BOT_MAKER;VEV_6000;XIRECS;1.0;5
13200;BOT_TAKER;BOT_MAKER;VEV_6500;XIRECS;1.0;4
13300;BOT_MAKER;BOT_TAKER;VELVETFRUIT_EXTRACT;XIRECS;5281.0;7
13400;BOT_TAKER;BOT_MAKER;HYDROGEL_PACK;XIRECS;9984.0;3
13500;BOT_MAKER;BOT_TAKER;VEV_4000;XIRECS;1265.0;2
13600;BOT_MAKER;BOT_TAKER;VELVETFRUIT_EXTRACT;XIRECS;5280.0;4
13700;BOT_TAKER;BOT_MAKER;HYDROGEL_PACK;XIRECS;9981.0;3
13700;BOT_MAKER;BOT_TAKER;VEV_4000;XIRECS;1263.0;2
13800;BOT_MAKER;BOT_TAKER;VELVETFRUIT_EXTRACT;XIRECS;5282.0;6
13800;BOT_MAKER;BOT_TAKER;VEV_4000;XIRECS;1264.0;1
13900;BOT_MAKER;BOT_TAKER;HYDROGEL_PACK;XIRECS;9966.0;3
14000;BOT_MAKER;BOT_TAKER;HYDROGEL_PACK;XIRECS;9964.0;5
14000;BOT_TAKER;BOT_MAKER;VEV_4000;XIRECS;1286.0;3
14200;BOT_MAKER;BOT_TAKER;HYDROGEL_PACK;XIRECS;9960.0;3
14200;BOT_TAKER;BOT_MAKER;VEV_6500;XIRECS;1.0;4
14300;BOT_TAKER;BOT_MAKER;HYDROGEL_PACK;XIRECS;9975.0;5
14300;BOT_TAKER;BOT_MAKER;VEV_5400;XIRECS;13.0;5
14500;BOT_TAKER;BOT_MAKER;VELVETFRUIT_EXTRACT;XIRECS;5285.0;7
14500;BOT_MAKER;BOT_TAKER;VELVETFRUIT_EXTRACT;XIRECS;5280.0;7
14600;BOT_TAKER;BOT_MAKER;VELVETFRUIT_EXTRACT;XIRECS;5286.0;3
14700;BOT_MAKER;BOT_TAKER;VELVETFRUIT_EXTRACT;XIRECS;5281.0;10
14900;BOT_TAKER;BOT_MAKER;HYDROGEL_PACK;XIRECS;9970.0;6
14900;BOT_TAKER;BOT_MAKER;VELVETFRUIT_EXTRACT;XIRECS;5285.0;6
15000;BOT_TAKER;BOT_MAKER;HYDROGEL_PACK;XIRECS;9968.0;3
15100;BOT_TAKER;BOT_MAKER;VEV_4000;XIRECS;1288.0;1
15300;BOT_MAKER;BOT_TAKER;HYDROGEL_PACK;XIRECS;9947.0;5
15400;BOT_TAKER;BOT_MAKER;VELVETFRUIT_EXTRACT;XIRECS;5280.0;8
15600;BOT_MAKER;BOT_TAKER;HYDROGEL_PACK;XIRECS;9945.0;5
15600;BOT_MAKER;BOT_TAKER;VELVETFRUIT_EXTRACT;XIRECS;5276.0;4
15600;BOT_MAKER;BOT_TAKER;VEV_4000;XIRECS;1263.0;1
15700;BOT_MAKER;BOT_TAKER;HYDROGEL_PACK;XIRECS;9942.0;6
15700;BOT_MAKER;BOT_TAKER;VELVETFRUIT_EXTRACT;XIRECS;5276.0;7
15700;BOT_MAKER;BOT_TAKER;VEV_5500;XIRECS;7.0;2
15700;BOT_TAKER;BOT_MAKER;VEV_6000;XIRECS;1.0;4
15800;BOT_MAKER;BOT_TAKER;VELVETFRUIT_EXTRACT;XIRECS;5277.0;6
16000;BOT_MAKER;BOT_TAKER;VELVETFRUIT_EXTRACT;XIRECS;5277.0;8
16000;BOT_TAKER;BOT_MAKER;VEV_5500;XIRECS;8.0;4
16100;BOT_TAKER;BOT_MAKER;HYDROGEL_PACK;XIRECS;9957.0;6
16100;BOT_MAKER;BOT_TAKER;VELVETFRUIT_EXTRACT;XIRECS;5276.0;6
16100;BOT_TAKER;BOT_MAKER;VEV_4000;XIRECS;1282.0;1
16200;BOT_TAKER;BOT_MAKER;HYDROGEL_PACK;XIRECS;9958.0;3
16300;BOT_MAKER;BOT_TAKER;HYDROGEL_PACK;XIRECS;9943.0;6
16300;BOT_TAKER;BOT_MAKER;VELVETFRUIT_EXTRACT;XIRECS;5282.0;3
16300;BOT_MAKER;BOT_TAKER;VEV_4000;XIRECS;1263.0;1
16400;BOT_TAKER;BOT_MAKER;VELVETFRUIT_EXTRACT;XIRECS;5283.0;5
16400;BOT_MAKER;BOT_TAKER;VEV_5300;XIRECS;46.0;3
16400;BOT_MAKER;BOT_TAKER;VEV_6000;XIRECS;0.0;4
16500;BOT_TAKER;BOT_MAKER;VELVETFRUIT_EXTRACT;XIRECS;5283.0;5
16700;BOT_MAKER;BOT_TAKER;VELVETFRUIT_EXTRACT;XIRECS;5279.0;6
16800;BOT_MAKER;BOT_TAKER;HYDROGEL_PACK;XIRECS;9942.0;3
16800;BOT_TAKER;BOT_MAKER;VELVETFRUIT_EXTRACT;XIRECS;5282.0;4
17000;BOT_MAKER;BOT_TAKER;HYDROGEL_PACK;XIRECS;9936.0;5
17000;BOT_MAKER;BOT_TAKER;VEV_4000;XIRECS;1262.0;1
17500;BOT_TAKER;BOT_MAKER;HYDROGEL_PACK;XIRECS;9955.0;4
17600;BOT_MAKER;BOT_TAKER;VELVETFRUIT_EXTRACT;XIRECS;5279.0;4
17600;BOT_TAKER;BOT_MAKER;VEV_5500;XIRECS;8.0;2
18000;BOT_TAKER;BOT_MAKER;HYDROGEL_PACK;XIRECS;9954.0;6
18000;BOT_MAKER;BOT_TAKER;VEV_4000;XIRECS;1254.0;3
18200;BOT_MAKER;BOT_TAKER;HYDROGEL_PACK;XIRECS;9935.0;4
18200;BOT_TAKER;BOT_MAKER;VEV_6500;XIRECS;1.0;3
18300;BOT_MAKER;BOT_TAKER;HYDROGEL_PACK;XIRECS;9936.0;4
18400;BOT_TAKER;BOT_MAKER;HYDROGEL_PACK;XIRECS;9950.0;4
18400;BOT_TAKER;BOT_MAKER;VELVETFRUIT_EXTRACT;XIRECS;5283.0;6
18500;BOT_TAKER;BOT_MAKER;VEV_5300;XIRECS;51.0;2
18600;BOT_MAKER;BOT_TAKER;VELVETFRUIT_EXTRACT;XIRECS;5277.0;3
18600;BOT_MAKER;BOT_TAKER;VEV_4000;XIRECS;1261.0;1
18700;BOT_MAKER;BOT_TAKER;VELVETFRUIT_EXTRACT;XIRECS;5276.0;7
18700;BOT_TAKER;BOT_MAKER;VEV_5500;XIRECS;8.0;3
18800;BOT_TAKER;BOT_MAKER;VELVETFRUIT_EXTRACT;XIRECS;5281.0;7
18800;BOT_MAKER;BOT_TAKER;VEV_6500;XIRECS;0.0;4
18900;BOT_MAKER;BOT_TAKER;HYDROGEL_PACK;XIRECS;9942.0;3
18900;BOT_TAKER;BOT_MAKER;VELVETFRUIT_EXTRACT;XIRECS;5282.0;7
19000;BOT_TAKER;BOT_MAKER;HYDROGEL_PACK;XIRECS;9957.0;2
19000;BOT_TAKER;BOT_MAKER;VEV_5500;XIRECS;8.0;5
19200;BOT_MAKER;BOT_TAKER;VELVETFRUIT_EXTRACT;XIRECS;5277.0;5
19200;BOT_MAKER;BOT_TAKER;VELVETFRUIT_EXTRACT;XIRECS;5277.0;7
19300;BOT_TAKER;BOT_MAKER;HYDROGEL_PACK;XIRECS;9955.0;3
19300;BOT_TAKER;BOT_MAKER;VELVETFRUIT_EXTRACT;XIRECS;5282.0;5
19300;BOT_TAKER;BOT_MAKER;VEV_4000;XIRECS;1284.0;2
19400;BOT_TAKER;BOT_MAKER;HYDROGEL_PACK;XIRECS;9955.0;3
19400;BOT_TAKER;BOT_MAKER;VELVETFRUIT_EXTRACT;XIRECS;5282.0;7
19400;BOT_MAKER;BOT_TAKER;VEV_5400;XIRECS;6.0;4
19500;BOT_TAKER;BOT_MAKER;HYDROGEL_PACK;XIRECS;9954.0;2
19500;BOT_MAKER;BOT_TAKER;VELVETFRUIT_EXTRACT;XIRECS;5276.0;6
19500;BOT_MAKER;BOT_TAKER;VEV_4000;XIRECS;1263.0;3
19600;BOT_MAKER;BOT_TAKER;HYDROGEL_PACK;XIRECS;9940.0;2
19700;BOT_MAKER;BOT_TAKER;VEV_5500;XIRECS;7.0;2
19800;BOT_TAKER;BOT_MAKER;VEV_6000;XIRECS;1.0;2
19900;BOT_MAKER;BOT_TAKER;HYDROGEL_PACK;XIRECS;9943.0;2
20000;BOT_MAKER;BOT_TAKER;VELVETFRUIT_EXTRACT;XIRECS;5279.0;3
20100;BOT_TAKER;BOT_MAKER;VEV_6000;XIRECS;1.0;3
20200;BOT_TAKER;BOT_MAKER;VEV_6000;XIRECS;1.0;2
20300;BOT_TAKER;BOT_MAKER;HYDROGEL_PACK;XIRECS;9958.0;3
20300;BOT_MAKER;BOT_TAKER;VELVETFRUIT_EXTRACT;XIRECS;5281.0;6
20400;BOT_MAKER;BOT_TAKER;HYDROGEL_PACK;XIRECS;9941.0;5
20400;BOT_MAKER;BOT_TAKER;VEV_4000;XIRECS;1265.0;2
20600;BOT_TAKER;BOT_MAKER;VELVETFRUIT_EXTRACT;XIRECS;5288.0;10
20800;BOT_MAKER;BOT_TAKER;HYDROGEL_PACK;XIRECS;9944.0;2
20800;BOT_MAKER;BOT_TAKER;VEV_4000;XIRECS;1268.0;2
20800;BOT_TAKER;BOT_MAKER;VEV_6000;XIRECS;1.0;3
20900;BOT_TAKER;BOT_MAKER;HYDROGEL_PACK;XIRECS;9963.0;6
20900;BOT_MAKER;BOT_TAKER;VELVETFRUIT_EXTRACT;XIRECS;5281.0;3
20900;BOT_MAKER;BOT_TAKER;VEV_6000;XIRECS;0.0;4
21000;BOT_TAKER;BOT_MAKER;VEV_6000;XIRECS;1.0;4
21100;BOT_MAKER;BOT_TAKER;VEV_5500;XIRECS;7.0;2
21300;BOT_MAKER;BOT_TAKER;VELVETFRUIT_EXTRACT;XIRECS;5283.0;8
21400;BOT_TAKER;BOT_MAKER;VELVETFRUIT_EXTRACT;XIRECS;5289.0;3
21500;BOT_TAKER;BOT_MAKER;HYDROGEL_PACK;XIRECS;9967.0;2
21500;BOT_MAKER;BOT_TAKER;VELVETFRUIT_EXTRACT;XIRECS;5283.0;3
21500;BOT_TAKER;BOT_MAKER;VEV_6500;XIRECS;1.0;2
21600;BOT_MAKER;BOT_TAKER;HYDROGEL_PACK;XIRECS;9951.0;3
21600;BOT_TAKER;BOT_MAKER;VEV_5400;XIRECS;8.0;2
21600;BOT_TAKER;BOT_MAKER;VEV_6000;XIRECS;1.0;3
21700;BOT_TAKER;BOT_MAKER;HYDROGEL_PACK;XIRECS;9965.0;3
21800;BOT_TAKER;BOT_MAKER;VELVETFRUIT_EXTRACT;XIRECS;5291.0;6
21800;BOT_MAKER;BOT_TAKER;VEV_4500;XIRECS;771.0;1
21900;BOT_TAKER;BOT_MAKER;VEV_4000;XIRECS;1291.0;1
22100;BOT_TAKER;BOT_MAKER;VEV_5500;XIRECS;9.0;4
22200;BOT_MAKER;BOT_TAKER;HYDROGEL_PACK;XIRECS;9951.0;4
22300;BOT_TAKER;BOT_MAKER;VELVETFRUIT_EXTRACT;XIRECS;5289.0;8
22400;BOT_MAKER;BOT_TAKER;HYDROGEL_PACK;XIRECS;9953.0;3
22400;BOT_TAKER;BOT_MAKER;VELVETFRUIT_EXTRACT;XIRECS;5286.0;7
22400;BOT_TAKER;BOT_MAKER;VEV_5500;XIRECS;9.0;2
22600;BOT_MAKER;BOT_TAKER;HYDROGEL_PACK;XIRECS;9947.0;2
22600;BOT_MAKER;BOT_TAKER;VELVETFRUIT_EXTRACT;XIRECS;5284.0;7
22600;BOT_TAKER;BOT_MAKER;VEV_5300;XIRECS;49.0;2
22600;BOT_TAKER;BOT_MAKER;VEV_6000;XIRECS;1.0;2
22700;BOT_TAKER;BOT_MAKER;HYDROGEL_PACK;XIRECS;9964.0;2
22700;BOT_MAKER;BOT_TAKER;VEV_5300;XIRECS;46.0;3
22700;BOT_TAKER;BOT_MAKER;VEV_5500;XIRECS;9.0;5
22800;BOT_TAKER;BOT_MAKER;VELVETFRUIT_EXTRACT;XIRECS;5290.0;3
22800;BOT_TAKER;BOT_MAKER;VEV_5400;XIRECS;6.0;4
23000;BOT_TAKER;BOT_MAKER;HYDROGEL_PACK;XIRECS;9966.0;5
23000;BOT_TAKER;BOT_MAKER;VEV_4000;XIRECS;1294.0;1
23000;BOT_MAKER;BOT_TAKER;VEV_5500;XIRECS;7.0;2
23100;BOT_MAKER;BOT_TAKER;HYDROGEL_PACK;XIRECS;9948.0;3
23100;BOT_MAKER;BOT_TAKER;VELVETFRUIT_EXTRACT;XIRECS;5286.0;5
23200;BOT_MAKER;BOT_TAKER;HYDROGEL_PACK;XIRECS;9949.0;5
23200;BOT_TAKER;BOT_MAKER;VELVETFRUIT_EXTRACT;XIRECS;5293.0;7
23200;BOT_MAKER;BOT_TAKER;VEV_5500;XIRECS;7.0;5
23200;BOT_TAKER;BOT_MAKER;VEV_6500;XIRECS;1.0;3
23300;BOT_TAKER;BOT_MAKER;HYDROGEL_PACK;XIRECS;9967.0;5
23300;BOT_TAKER;BOT_MAKER;HYDROGEL_PACK;XIRECS;9967.0;5
23300;BOT_TAKER;BOT_MAKER;HYDROGEL_PACK;XIRECS;9970.0;1
23300;BOT_TAKER;BOT_MAKER;VEV_5400;XIRECS;7.0;5
23500;BOT_TAKER;BOT_MAKER;VELVETFRUIT_EXTRACT;XIRECS;5293.0;7
23600;BOT_MAKER;BOT_TAKER;VEV_4000;XIRECS;1278.0;2
23700;BOT_TAKER;BOT_MAKER;HYDROGEL_PACK;XIRECS;9965.0;5
23700;BOT_TAKER;BOT_MAKER;VEV_4000;XIRECS;1301.0;3
23700;BOT_MAKER;BOT_TAKER;VEV_6500;XIRECS;0.0;5
23800;BOT_TAKER;BOT_MAKER;VEV_5400;XIRECS;6.0;5
23800;BOT_MAKER;BOT_TAKER;VEV_5500;XIRECS;8.0;5
24100;BOT_TAKER;BOT_MAKER;VEV_4000;XIRECS;1301.0;2
24200;BOT_TAKER;BOT_MAKER;VELVETFRUIT_EXTRACT;XIRECS;5293.0;4
24600;BOT_MAKER;BOT_TAKER;HYDROGEL_PACK;XIRECS;9951.0;2
24600;BOT_TAKER;BOT_MAKER;VELVETFRUIT_EXTRACT;XIRECS;5296.0;5
24700;BOT_TAKER;BOT_MAKER;HYDROGEL_PACK;XIRECS;9970.0;3
24700;BOT_MAKER;BOT_TAKER;VELVETFRUIT_EXTRACT;XIRECS;5291.0;7
24900;BOT_MAKER;BOT_TAKER;VEV_6500;XIRECS;0.0;2
25100;BOT_MAKER;BOT_TAKER;HYDROGEL_PACK;XIRECS;9954.0;5
25400;BOT_TAKER;BOT_MAKER;HYDROGEL_PACK;XIRECS;9974.0;3
25400;BOT_MAKER;BOT_TAKER;VEV_6500;XIRECS;0.0;5
25500;BOT_TAKER;BOT_MAKER;VELVETFRUIT_EXTRACT;XIRECS;5296.0;8
25600;BOT_TAKER;BOT_MAKER;VEV_4000;XIRECS;1299.0;3
25600;BOT_TAKER;BOT_MAKER;VEV_5400;XIRECS;7.0;5
25700;BOT_MAKER;BOT_TAKER;HYDROGEL_PACK;XIRECS;9962.0;2
25700;BOT_MAKER;BOT_TAKER;VELVETFRUIT_EXTRACT;XIRECS;5291.0;6
25800;BOT_TAKER;BOT_MAKER;VEV_5300;XIRECS;48.0;4
25800;BOT_MAKER;BOT_TAKER;VEV_5500;XIRECS;8.0;4
25900;BOT_TAKER;BOT_MAKER;HYDROGEL_PACK;XIRECS;9977.0;6
26000;BOT_TAKER;BOT_MAKER;VELVETFRUIT_EXTRACT;XIRECS;5297.0;5
26100;BOT_TAKER;BOT_MAKER;VELVETFRUIT_EXTRACT;XIRECS;5298.0;4
26200;BOT_MAKER;BOT_TAKER;VELVETFRUIT_EXTRACT;XIRECS;5294.0;6
26300;BOT_MAKER;BOT_TAKER;VELVETFRUIT_EXTRACT;XIRECS;5297.0;9
26400;BOT_TAKER;BOT_MAKER;HYDROGEL_PACK;XIRECS;9973.0;6
26400;BOT_MAKER;BOT_TAKER;VEV_4000;XIRECS;1276.0;1
26400;BOT_TAKER;BOT_MAKER;VEV_5500;XIRECS;9.0;5
26500;BOT_TAKER;BOT_MAKER;VELVETFRUIT_EXTRACT;XIRECS;5301.0;8
26500;BOT_MAKER;BOT_TAKER;VEV_6500;XIRECS;0.0;2
26600;BOT_MAKER;BOT_TAKER;VEV_5500;XIRECS;8.0;4
26600;BOT_TAKER;BOT_MAKER;VEV_6000;XIRECS;1.0;3
26700;BOT_MAKER;BOT_TAKER;VELVETFRUIT_EXTRACT;XIRECS;5295.0;5
26800;BOT_TAKER;BOT_MAKER;VEV_4000;XIRECS;1298.0;1
26900;BOT_TAKER;BOT_MAKER;VEV_4000;XIRECS;1297.0;2
26900;BOT_TAKER;BOT_MAKER;VEV_5300;XIRECS;51.0;4
27100;BOT_MAKER;BOT_TAKER;HYDROGEL_PACK;XIRECS;9949.0;3
27100;BOT_MAKER;BOT_TAKER;VELVETFRUIT_EXTRACT;XIRECS;5294.0;3
27100;BOT_MAKER;BOT_TAKER;VEV_5400;XIRECS;6.0;5
27100;BOT_TAKER;BOT_MAKER;VEV_5500;XIRECS;9.0;5
27200;BOT_TAKER;BOT_MAKER;HYDROGEL_PACK;XIRECS;9964.0;5
27200;BOT_TAKER;BOT_MAKER;VELVETFRUIT_EXTRACT;XIRECS;5299.0;5
27200;BOT_MAKER;BOT_TAKER;VEV_4000;XIRECS;1273.0;2
27200;BOT_TAKER;BOT_MAKER;VEV_6000;XIRECS;1.0;3
27300;BOT_TAKER;BOT_MAKER;HYDROGEL_PACK;XIRECS;9967.0;3
27400;BOT_TAKER;BOT_MAKER;HYDROGEL_PACK;XIRECS;9966.0;4
27500;BOT_TAKER;BOT_MAKER;HYDROGEL_PACK;XIRECS;9972.0;4
27500;BOT_TAKER;BOT_MAKER;VELVETFRUIT_EXTRACT;XIRECS;5302.0;8
27500;BOT_TAKER;BOT_MAKER;VEV_4000;XIRECS;1297.0;1
27500;BOT_TAKER;BOT_MAKER;VEV_6000;XIRECS;1.0;3
27700;BOT_TAKER;BOT_MAKER;HYDROGEL_PACK;XIRECS;9970.0;4
27700;BOT_TAKER;BOT_MAKER;VELVETFRUIT_EXTRACT;XIRECS;5304.0;3
27800;BOT_TAKER;BOT_MAKER;VELVETFRUIT_EXTRACT;XIRECS;5306.0;6
27900;BOT_MAKER;BOT_TAKER;HYDROGEL_PACK;XIRECS;9955.0;5
28000;BOT_MAKER;BOT_TAKER;VELVETFRUIT_EXTRACT;XIRECS;5302.0;6
28100;BOT_MAKER;BOT_TAKER;HYDROGEL_PACK;XIRECS;9958.0;2
28200;BOT_TAKER;BOT_MAKER;VEV_4000;XIRECS;1296.0;3
28200;BOT_TAKER;BOT_MAKER;VEV_6500;XIRECS;1.0;3
28300;BOT_TAKER;BOT_MAKER;VEV_5500;XIRECS;9.0;4
28400;BOT_TAKER;BOT_MAKER;VELVETFRUIT_EXTRACT;XIRECS;5305.0;3
28500;BOT_MAKER;BOT_TAKER;VEV_4000;XIRECS;1274.0;3
28600;BOT_MAKER;BOT_TAKER;VELVETFRUIT_EXTRACT;XIRECS;5297.0;5
28600;BOT_MAKER;BOT_TAKER;VEV_5500;XIRECS;8.0;4
28700;BOT_MAKER;BOT_TAKER;VELVETFRUIT_EXTRACT;XIRECS;5296.0;3
28700;BOT_MAKER;BOT_TAKER;VEV_5400;XIRECS;5.0;2
29000;BOT_MAKER;BOT_TAKER;VELVETFRUIT_EXTRACT;XIRECS;5297.0;8
29300;BOT_MAKER;BOT_TAKER;VEV_6000;XIRECS;0.0;5
29500;BOT_MAKER;BOT_TAKER;VEV_4000;XIRECS;1270.0;3
29500;BOT_MAKER;BOT_TAKER;VEV_5300;XIRECS;46.0;5
29600;BOT_MAKER;BOT_TAKER;HYDROGEL_PACK;XIRECS;9951.0;2
29700;BOT_MAKER;BOT_TAKER;VEV_4000;XIRECS;1270.0;3
29800;BOT_MAKER;BOT_TAKER;VELVETFRUIT_EXTRACT;XIRECS;5297.0;4
29900;BOT_MAKER;BOT_TAKER;HYDROGEL_PACK;XIRECS;9955.0;5
29900;BOT_TAKER;BOT_MAKER;HYDROGEL_PACK;XIRECS;9971.0;2
30000;BOT_TAKER;BOT_MAKER;HYDROGEL_PACK;XIRECS;9968.0;3
30000;BOT_TAKER;BOT_MAKER;VEV_6500;XIRECS;1.0;4
30100;BOT_TAKER;BOT_MAKER;VEV_5500;XIRECS;9.0;4
30200;BOT_TAKER;BOT_MAKER;VELVETFRUIT_EXTRACT;XIRECS;5303.0;7
30200;BOT_TAKER;BOT_MAKER;VEV_4000;XIRECS;1288.0;2
30300;BOT_MAKER;BOT_TAKER;HYDROGEL_PACK;XIRECS;9951.0;2
30300;BOT_TAKER;BOT_MAKER;VEV_5500;XIRECS;9.0;4
30300;BOT_MAKER;BOT_TAKER;VEV_6000;XIRECS;0.0;2
30300;BOT_MAKER;BOT_TAKER;VEV_6500;XIRECS;0.0;2
30400;BOT_TAKER;BOT_MAKER;HYDROGEL_PACK;XIRECS;9965.0;5
30400;BOT_MAKER;BOT_TAKER;VELVETFRUIT_EXTRACT;XIRECS;5299.0;10
30400;BOT_TAKER;BOT_MAKER;VEV_4000;XIRECS;1289.0;1
30500;BOT_TAKER;BOT_MAKER;VELVETFRUIT_EXTRACT;XIRECS;5304.0;4
30500;BOT_MAKER;BOT_TAKER;VEV_4000;XIRECS;1268.0;1
30600;BOT_TAKER;BOT_MAKER;HYDROGEL_PACK;XIRECS;9966.0;3
30600;BOT_MAKER;BOT_TAKER;VELVETFRUIT_EXTRACT;XIRECS;5299.0;6
30600;BOT_TAKER;BOT_MAKER;VEV_6000;XIRECS;1.0;3
30700;BOT_MAKER;BOT_TAKER;HYDROGEL_PACK;XIRECS;9946.0;2
30700;BOT_MAKER;BOT_TAKER;VELVETFRUIT_EXTRACT;XIRECS;5300.0;8
30700;BOT_TAKER;BOT_MAKER;VEV_4000;XIRECS;1291.0;1
30700;BOT_MAKER;BOT_TAKER;VEV_6000;XIRECS;0.0;4
30900;BOT_MAKER;BOT_TAKER;VELVETFRUIT_EXTRACT;XIRECS;5299.0;5
31000;BOT_TAKER;BOT_MAKER;HYDROGEL_PACK;XIRECS;9961.0;4
31000;BOT_MAKER;BOT_TAKER;VELVETFRUIT_EXTRACT;XIRECS;5298.0;4
31000;BOT_TAKER;BOT_MAKER;VEV_4000;XIRECS;1289.0;1
31200;BOT_TAKER;BOT_MAKER;HYDROGEL_PACK;XIRECS;9959.0;4
31200;BOT_TAKER;BOT_MAKER;VELVETFRUIT_EXTRACT;XIRECS;5305.0;3
31300;BOT_MAKER;BOT_TAKER;VEV_5500;XIRECS;7.0;5
31600;BOT_MAKER;BOT_TAKER;VELVETFRUIT_EXTRACT;XIRECS;5302.0;4
31700;BOT_TAKER;BOT_MAKER;VEV_4000;XIRECS;1289.0;2
31800;BOT_TAKER;BOT_MAKER;HYDROGEL_PACK;XIRECS;9962.0;2
31800;BOT_MAKER;BOT_TAKER;VEV_5500;XIRECS;7.0;3
31800;BOT_TAKER;BOT_MAKER;VEV_6000;XIRECS;1.0;5
31900;BOT_MAKER;BOT_TAKER;HYDROGEL_PACK;XIRECS;9946.0;3
32000;BOT_TAKER;BOT_MAKER;HYDROGEL_PACK;XIRECS;9961.0;2
32000;BOT_MAKER;BOT_TAKER;VELVETFRUIT_EXTRACT;XIRECS;5302.0;8
32000;BOT_TAKER;BOT_MAKER;VEV_5500;XIRECS;8.0;3
32200;BOT_TAKER;BOT_MAKER;HYDROGEL_PACK;XIRECS;9958.0;2
32200;BOT_TAKER;BOT_MAKER;VEV_4000;XIRECS;1287.0;3
32200;BOT_MAKER;BOT_TAKER;VEV_6000;XIRECS;0.0;5
32300;BOT_TAKER;BOT_MAKER;VEV_4000;XIRECS;1287.0;1
32300;BOT_TAKER;BOT_MAKER;VEV_5500;XIRECS;8.0;3
32400;BOT_MAKER;BOT_TAKER;VEV_5500;XIRECS;6.0;2
32500;BOT_MAKER;BOT_TAKER;VEV_5400;XIRECS;5.0;5
32600;BOT_TAKER;BOT_MAKER;VELVETFRUIT_EXTRACT;XIRECS;5307.0;7
32600;BOT_TAKER;BOT_MAKER;VEV_4000;XIRECS;1286.0;2
32700;BOT_MAKER;BOT_TAKER;HYDROGEL_PACK;XIRECS;9939.0;5
32700;BOT_MAKER;BOT_TAKER;VELVETFRUIT_EXTRACT;XIRECS;5304.0;3
32700;BOT_MAKER;BOT_TAKER;VEV_6000;XIRECS;0.0;4
32800;BOT_MAKER;BOT_TAKER;HYDROGEL_PACK;XIRECS;9939.0;4
32900;BOT_TAKER;BOT_MAKER;VELVETFRUIT_EXTRACT;XIRECS;5309.0;3
33000;BOT_TAKER;BOT_MAKER;VELVETFRUIT_EXTRACT;XIRECS;5310.0;4
33100;BOT_MAKER;BOT_TAKER;HYDROGEL_PACK;XIRECS;9938.0;5
33100;BOT_TAKER;BOT_MAKER;VEV_6000;XIRECS;1.0;5
33200;BOT_MAKER;BOT_TAKER;VEV_5300;XIRECS;49.0;1
33200;BOT_MAKER;BOT_TAKER;VEV_6000;XIRECS;0.0;4
33400;BOT_TAKER;BOT_MAKER;VEV_4000;XIRECS;1287.0;2
33400;BOT_TAKER;BOT_MAKER;VEV_5300;XIRECS;51.0;3
33500;BOT_MAKER;BOT_TAKER;VELVETFRUIT_EXTRACT;XIRECS;5304.0;5
33600;BOT_TAKER;BOT_MAKER;HYDROGEL_PACK;XIRECS;9951.0;5
33800;BOT_TAKER;BOT_MAKER;VEV_6500;XIRECS;1.0;5
33900;BOT_MAKER;BOT_TAKER;HYDROGEL_PACK;XIRECS;9934.0;3
33900;BOT_TAKER;BOT_MAKER;VEV_5500;XIRECS;8.0;4
34000;BOT_TAKER;BOT_MAKER;HYDROGEL_PACK;XIRECS;9951.0;3
34000;BOT_MAKER;BOT_TAKER;VELVETFRUIT_EXTRACT;XIRECS;5306.0;7
34100;BOT_TAKER;BOT_MAKER;HYDROGEL_PACK;XIRECS;9950.0;4
34100;BOT_TAKER;BOT_MAKER;VELVETFRUIT_EXTRACT;XIRECS;5312.0;5
34200;BOT_TAKER;BOT_MAKER;HYDROGEL_PACK;XIRECS;9951.0;4
34400;BOT_TAKER;BOT_MAKER;VEV_4000;XIRECS;1287.0;1
34400;BOT_MAKER;BOT_TAKER;VEV_5300;XIRECS;51.0;3
34500;BOT_MAKER;BOT_TAKER;VELVETFRUIT_EXTRACT;XIRECS;5307.0;4
34700;BOT_TAKER;BOT_MAKER;VELVETFRUIT_EXTRACT;XIRECS;5311.0;5
34800;BOT_MAKER;BOT_TAKER;HYDROGEL_PACK;XIRECS;9926.0;3
34900;BOT_TAKER;BOT_MAKER;HYDROGEL_PACK;XIRECS;9939.0;5
35000;BOT_MAKER;BOT_TAKER;HYDROGEL_PACK;XIRECS;9923.0;5
35100;BOT_TAKER;BOT_MAKER;VELVETFRUIT_EXTRACT;XIRECS;5310.0;3
35200;BOT_TAKER;BOT_MAKER;HYDROGEL_PACK;XIRECS;9939.0;3
35300;BOT_TAKER;BOT_MAKER;VELVETFRUIT_EXTRACT;XIRECS;5311.0;7
35500;BOT_TAKER;BOT_MAKER;HYDROGEL_PACK;XIRECS;9939.0;5
35500;BOT_MAKER;BOT_TAKER;VELVETFRUIT_EXTRACT;XIRECS;5306.0;8
35500;BOT_MAKER;BOT_TAKER;VEV_4000;XIRECS;1267.0;2
35700;BOT_MAKER;BOT_TAKER;VEV_6000;XIRECS;0.0;2
35800;BOT_TAKER;BOT_MAKER;VEV_6000;XIRECS;1.0;5
35900;BOT_MAKER;BOT_TAKER;VELVETFRUIT_EXTRACT;XIRECS;5309.0;8
35900;BOT_MAKER;BOT_TAKER;VEV_6500;XIRECS;0.0;5
36000;BOT_TAKER;BOT_MAKER;VELVETFRUIT_EXTRACT;XIRECS;5313.0;3
36100;BOT_TAKER;BOT_MAKER;VELVETFRUIT_EXTRACT;XIRECS;5313.0;9
36100;BOT_TAKER;BOT_MAKER;VEV_4000;XIRECS;1283.0;1
36200;BOT_MAKER;BOT_TAKER;HYDROGEL_PACK;XIRECS;9927.0;2
36200;BOT_MAKER;BOT_TAKER;VEV_4000;XIRECS;1261.0;2
36400;BOT_TAKER;BOT_MAKER;VEV_4000;XIRECS;1284.0;1
36400;BOT_MAKER;BOT_TAKER;VEV_5500;XIRECS;7.0;4
36500;BOT_TAKER;BOT_MAKER;HYDROGEL_PACK;XIRECS;9944.0;3
36700;BOT_TAKER;BOT_MAKER;VELVETFRUIT_EXTRACT;XIRECS;5314.0;7
36900;BOT_TAKER;BOT_MAKER;HYDROGEL_PACK;XIRECS;9942.0;6
36900;BOT_TAKER;BOT_MAKER;VEV_5300;XIRECS;49.0;3
37100;BOT_TAKER;BOT_MAKER;HYDROGEL_PACK;XIRECS;9945.0;2
37100;BOT_TAKER;BOT_MAKER;VEV_5400;XIRECS;7.0;2
37200;BOT_TAKER;BOT_MAKER;HYDROGEL_PACK;XIRECS;9944.0;4
37200;BOT_TAKER;BOT_MAKER;VELVETFRUIT_EXTRACT;XIRECS;5314.0;7
37200;BOT_MAKER;BOT_TAKER;VEV_5500;XIRECS;7.0;2
37400;BOT_MAKER;BOT_TAKER;VELVETFRUIT_EXTRACT;XIRECS;5308.0;6
37600;BOT_MAKER;BOT_TAKER;VELVETFRUIT_EXTRACT;XIRECS;5307.0;4
37900;BOT_MAKER;BOT_TAKER;VEV_6000;XIRECS;0.0;2
38000;BOT_TAKER;BOT_MAKER;HYDROGEL_PACK;XIRECS;9940.0;5
38000;BOT_TAKER;BOT_MAKER;VEV_4000;XIRECS;1288.0;3
38000;BOT_MAKER;BOT_TAKER;VEV_5500;XIRECS;7.0;4
38200;BOT_TAKER;BOT_MAKER;HYDROGEL_PACK;XIRECS;9936.0;5
38200;BOT_MAKER;BOT_TAKER;VELVETFRUIT_EXTRACT;XIRECS;5307.0;4
38300;BOT_TAKER;BOT_MAKER;VELVETFRUIT_EXTRACT;XIRECS;5313.0;4
38400;BOT_MAKER;BOT_TAKER;VELVETFRUIT_EXTRACT;XIRECS;5308.0;3
38500;BOT_TAKER;BOT_MAKER;HYDROGEL_PACK;XIRECS;9936.0;3
38500;BOT_MAKER;BOT_TAKER;VELVETFRUIT_EXTRACT;XIRECS;5308.0;4
38600;BOT_TAKER;BOT_MAKER;VELVETFRUIT_EXTRACT;XIRECS;5314.0;7
38600;BOT_TAKER;BOT_MAKER;VELVETFRUIT_EXTRACT;XIRECS;5314.0;4
38700;BOT_MAKER;BOT_TAKER;HYDROGEL_PACK;XIRECS;9921.0;2
38700;BOT_MAKER;BOT_TAKER;VELVETFRUIT_EXTRACT;XIRECS;5309.0;3
38900;BOT_TAKER;BOT_MAKER;VELVETFRUIT_EXTRACT;XIRECS;5313.0;4
39000;BOT_MAKER;BOT_TAKER;VEV_4000;XIRECS;1266.0;2
39100;BOT_TAKER;BOT_MAKER;HYDROGEL_PACK;XIRECS;9939.0;4
39100;BOT_MAKER;BOT_TAKER;VELVETFRUIT_EXTRACT;XIRECS;5311.0;4
39200;BOT_MAKER;BOT_TAKER;HYDROGEL_PACK;XIRECS;9925.0;4
39300;BOT_MAKER;BOT_TAKER;VELVETFRUIT_EXTRACT;XIRECS;5311.0;8
39500;BOT_TAKER;BOT_MAKER;HYDROGEL_PACK;XIRECS;9939.0;6
39500;BOT_MAKER;BOT_TAKER;VEV_4000;XIRECS;1267.0;3
39700;BOT_MAKER;BOT_TAKER;HYDROGEL_PACK;XIRECS;9918.0;5
39800;BOT_TAKER;BOT_MAKER;VELVETFRUIT_EXTRACT;XIRECS;5313.0;8
39900;BOT_TAKER;BOT_MAKER;VEV_4000;XIRECS;1288.0;1
40000;BOT_MAKER;BOT_TAKER;VEV_4000;XIRECS;1269.0;1
40100;BOT_TAKER;BOT_MAKER;HYDROGEL_PACK;XIRECS;9933.0;2
40100;BOT_MAKER;BOT_TAKER;VEV_5500;XIRECS;7.0;4
40100;BOT_TAKER;BOT_MAKER;VEV_6500;XIRECS;1.0;5
40200;BOT_TAKER;BOT_MAKER;HYDROGEL_PACK;XIRECS;9933.0;5
40200;BOT_MAKER;BOT_TAKER;VELVETFRUIT_EXTRACT;XIRECS;5311.0;3
40300;BOT_TAKER;BOT_MAKER;VELVETFRUIT_EXTRACT;XIRECS;5316.0;6
40300;BOT_MAKER;BOT_TAKER;VEV_5300;XIRECS;50.0;3
40400;BOT_TAKER;BOT_MAKER;HYDROGEL_PACK;XIRECS;9933.0;4
40500;BOT_MAKER;BOT_TAKER;VEV_5500;XIRECS;7.0;2
40500;BOT_MAKER;BOT_TAKER;VEV_6000;XIRECS;0.0;4
40800;BOT_MAKER;BOT_TAKER;VELVETFRUIT_EXTRACT;XIRECS;5307.0;4
40800;BOT_TAKER;BOT_MAKER;VEV_6000;XIRECS;1.0;4
40900;BOT_MAKER;BOT_TAKER;HYDROGEL_PACK;XIRECS;9917.0;5
40900;BOT_MAKER;BOT_TAKER;VELVETFRUIT_EXTRACT;XIRECS;5306.0;4
41000;BOT_MAKER;BOT_TAKER;HYDROGEL_PACK;XIRECS;9922.0;2
41000;BOT_TAKER;BOT_MAKER;VELVETFRUIT_EXTRACT;XIRECS;5313.0;7
41100;BOT_TAKER;BOT_MAKER;VELVETFRUIT_EXTRACT;XIRECS;5313.0;5
41100;BOT_TAKER;BOT_MAKER;VEV_5500;XIRECS;9.0;4
41300;BOT_MAKER;BOT_TAKER;VEV_4000;XIRECS;1264.0;2
41500;BOT_TAKER;BOT_MAKER;VELVETFRUIT_EXTRACT;XIRECS;5311.0;6
41500;BOT_TAKER;BOT_MAKER;VEV_5300;XIRECS;53.0;4
41800;BOT_TAKER;BOT_MAKER;HYDROGEL_PACK;XIRECS;9949.0;2
41800;BOT_TAKER;BOT_MAKER;VEV_5500;XIRECS;9.0;2
41900;BOT_MAKER;BOT_TAKER;HYDROGEL_PACK;XIRECS;9934.0;3
41900;BOT_TAKER;BOT_MAKER;VELVETFRUIT_EXTRACT;XIRECS;5311.0;6
41900;BOT_MAKER;BOT_TAKER;VELVETFRUIT_EXTRACT;XIRECS;5306.0;4
41900;BOT_MAKER;BOT_TAKER;VEV_5500;XIRECS;8.0;5
42000;BOT_TAKER;BOT_MAKER;VELVETFRUIT_EXTRACT;XIRECS;5311.0;4
42100;BOT_MAKER;BOT_TAKER;HYDROGEL_PACK;XIRECS;9932.0;2
42100;BOT_MAKER;BOT_TAKER;VEV_4000;XIRECS;1265.0;2
42100;BOT_TAKER;BOT_MAKER;VEV_6500;XIRECS;1.0;4
42200;BOT_MAKER;BOT_TAKER;VEV_6000;XIRECS;0.0;2
42300;BOT_TAKER;BOT_MAKER;VEV_5400;XIRECS;6.0;3
42300;BOT_TAKER;BOT_MAKER;VEV_6500;XIRECS;1.0;4
42400;BOT_MAKER;BOT_TAKER;HYDROGEL_PACK;XIRECS;9937.0;2
42400;BOT_TAKER;BOT_MAKER;VELVETFRUIT_EXTRACT;XIRECS;5310.0;3
42500;BOT_TAKER;BOT_MAKER;VELVETFRUIT_EXTRACT;XIRECS;5309.0;3
42600;BOT_TAKER;BOT_MAKER;VELVETFRUIT_EXTRACT;XIRECS;5311.0;5
42700;BOT_TAKER;BOT_MAKER;HYDROGEL_PACK;XIRECS;9951.0;2
42900;BOT_MAKER;BOT_TAKER;VELVETFRUIT_EXTRACT;XIRECS;5307.0;8
42900;BOT_TAKER;BOT_MAKER;VEV_5500;XIRECS;9.0;4
43100;BOT_MAKER;BOT_TAKER;HYDROGEL_PACK;XIRECS;9938.0;2
43200;BOT_MAKER;BOT_TAKER;VELVETFRUIT_EXTRACT;XIRECS;5306.0;3
43300;BOT_MAKER;BOT_TAKER;HYDROGEL_PACK;XIRECS;9941.0;4
43300;BOT_TAKER;BOT_MAKER;VEV_5300;XIRECS;54.0;4
43500;BOT_MAKER;BOT_TAKER;VELVETFRUIT_EXTRACT;XIRECS;5307.0;7
43500;BOT_MAKER;BOT_TAKER;VELVETFRUIT_EXTRACT;XIRECS;5307.0;3
43600;BOT_TAKER;BOT_MAKER;HYDROGEL_PACK;XIRECS;9960.0;6
43700;BOT_MAKER;BOT_TAKER;VELVETFRUIT_EXTRACT;XIRECS;5306.0;8
43700;BOT_MAKER;BOT_TAKER;VEV_6500;XIRECS;0.0;4
43900;BOT_TAKER;BOT_MAKER;VELVETFRUIT_EXTRACT;XIRECS;5311.0;6
43900;BOT_TAKER;BOT_MAKER;VEV_4000;XIRECS;1283.0;3
44000;BOT_MAKER;BOT_TAKER;HYDROGEL_PACK;XIRECS;9941.0;3
44200;BOT_TAKER;BOT_MAKER;HYDROGEL_PACK;XIRECS;9956.0;2
44300;BOT_TAKER;BOT_MAKER;HYDROGEL_PACK;XIRECS;9957.0;3
44300;BOT_MAKER;BOT_TAKER;VELVETFRUIT_EXTRACT;XIRECS;5301.0;7
44300;BOT_MAKER;BOT_TAKER;VELVETFRUIT_EXTRACT;XIRECS;5301.0;5
44500;BOT_TAKER;BOT_MAKER;VELVETFRUIT_EXTRACT;XIRECS;5306.0;7
44500;BOT_TAKER;BOT_MAKER;VEV_5300;XIRECS;53.0;4
44500;BOT_MAKER;BOT_TAKER;VEV_5400;XIRECS;3.0;2
44600;BOT_MAKER;BOT_TAKER;VELVETFRUIT_EXTRACT;XIRECS;5301.0;4
44700;BOT_MAKER;BOT_TAKER;VELVETFRUIT_EXTRACT;XIRECS;5300.0;3
45100;BOT_MAKER;BOT_TAKER;HYDROGEL_PACK;XIRECS;9939.0;6
45200;BOT_MAKER;BOT_TAKER;VEV_6500;XIRECS;0.0;4
45300;BOT_MAKER;BOT_TAKER;VELVETFRUIT_EXTRACT;XIRECS;5299.0;6
45600;BOT_MAKER;BOT_TAKER;HYDROGEL_PACK;XIRECS;9941.0;2
45600;BOT_TAKER;BOT_MAKER;VELVETFRUIT_EXTRACT;XIRECS;5306.0;3
45600;BOT_TAKER;BOT_MAKER;VEV_5300;XIRECS;53.0;5
45700;BOT_TAKER;BOT_MAKER;HYDROGEL_PACK;XIRECS;9957.0;5
45700;BOT_TAKER;BOT_MAKER;VEV_6500;XIRECS;1.0;3
45800;BOT_MAKER;BOT_TAKER;VEV_5500;XIRECS;7.0;3
46000;BOT_MAKER;BOT_TAKER;VELVETFRUIT_EXTRACT;XIRECS;5300.0;3
46100;BOT_MAKER;BOT_TAKER;HYDROGEL_PACK;XIRECS;9942.0;2
46100;BOT_MAKER;BOT_TAKER;VEV_6500;XIRECS;0.0;2
46200;BOT_TAKER;BOT_MAKER;VELVETFRUIT_EXTRACT;XIRECS;5305.0;3
46300;BOT_TAKER;BOT_MAKER;HYDROGEL_PACK;XIRECS;9959.0;2
46300;BOT_TAKER;BOT_MAKER;VELVETFRUIT_EXTRACT;XIRECS;5305.0;4
46700;BOT_TAKER;BOT_MAKER;HYDROGEL_PACK;XIRECS;9958.0;5
46700;BOT_MAKER;BOT_TAKER;VELVETFRUIT_EXTRACT;XIRECS;5299.0;4
46700;BOT_MAKER;BOT_TAKER;VEV_5400;XIRECS;4.0;2
46800;BOT_TAKER;BOT_MAKER;HYDROGEL_PACK;XIRECS;9956.0;5
46800;BOT_MAKER;BOT_TAKER;VELVETFRUIT_EXTRACT;XIRECS;5299.0;4
47000;BOT_MAKER;BOT_TAKER;VELVETFRUIT_EXTRACT;XIRECS;5297.0;8
47000;BOT_TAKER;BOT_MAKER;VELVETFRUIT_EXTRACT;XIRECS;5303.0;4
47100;BOT_TAKER;BOT_MAKER;HYDROGEL_PACK;XIRECS;9952.0;6
47100;BOT_TAKER;BOT_MAKER;VELVETFRUIT_EXTRACT;XIRECS;5303.0;7
47200;BOT_TAKER;BOT_MAKER;HYDROGEL_PACK;XIRECS;9954.0;2
47200;BOT_MAKER;BOT_TAKER;VELVETFRUIT_EXTRACT;XIRECS;5298.0;7
47200;BOT_MAKER;BOT_TAKER;VELVETFRUIT_EXTRACT;XIRECS;5298.0;7
47500;BOT_TAKER;BOT_MAKER;VELVETFRUIT_EXTRACT;XIRECS;5301.0;5
47700;BOT_TAKER;BOT_MAKER;VELVETFRUIT_EXTRACT;XIRECS;5301.0;6
47700;BOT_TAKER;BOT_MAKER;VEV_4000;XIRECS;1279.0;1
47700;BOT_TAKER;BOT_MAKER;VEV_6000;XIRECS;1.0;2
47900;BOT_MAKER;BOT_TAKER;HYDROGEL_PACK;XIRECS;9942.0;6
47900;BOT_TAKER;BOT_MAKER;VELVETFRUIT_EXTRACT;XIRECS;5299.0;5
48000;BOT_TAKER;BOT_MAKER;VELVETFRUIT_EXTRACT;XIRECS;5298.0;3
48000;BOT_TAKER;BOT_MAKER;VEV_4000;XIRECS;1277.0;3
48200;BOT_MAKER;BOT_TAKER;HYDROGEL_PACK;XIRECS;9943.0;3
48200;BOT_TAKER;BOT_MAKER;VEV_5300;XIRECS;51.0;2
48200;BOT_MAKER;BOT_TAKER;VEV_6500;XIRECS;0.0;3
48300;BOT_MAKER;BOT_TAKER;HYDROGEL_PACK;XIRECS;9946.0;3
48300;BOT_MAKER;BOT_TAKER;VELVETFRUIT_EXTRACT;XIRECS;5296.0;6
48300;BOT_TAKER;BOT_MAKER;VEV_4000;XIRECS;1276.0;2
48300;BOT_MAKER;BOT_TAKER;VEV_5200;XIRECS;89.0;5
48500;BOT_TAKER;BOT_MAKER;VEV_6500;XIRECS;1.0;5
48600;BOT_MAKER;BOT_TAKER;HYDROGEL_PACK;XIRECS;9947.0;6
48600;BOT_MAKER;BOT_TAKER;VELVETFRUIT_EXTRACT;XIRECS;5299.0;4
48600;BOT_MAKER;BOT_TAKER;VEV_5400;XIRECS;5.0;3
48600;BOT_TAKER;BOT_MAKER;VEV_6000;XIRECS;1.0;2
48700;BOT_MAKER;BOT_TAKER;VEV_4000;XIRECS;1254.0;1
48800;BOT_TAKER;BOT_MAKER;VEV_4000;XIRECS;1275.0;1
48900;BOT_MAKER;BOT_TAKER;VELVETFRUIT_EXTRACT;XIRECS;5298.0;4
48900;BOT_MAKER;BOT_TAKER;VEV_5300;XIRECS;47.0;2
49000;BOT_MAKER;BOT_TAKER;HYDROGEL_PACK;XIRECS;9949.0;2
49000;BOT_MAKER;BOT_TAKER;VELVETFRUIT_EXTRACT;XIRECS;5300.0;7
49000;BOT_MAKER;BOT_TAKER;VEV_4000;XIRECS;1255.0;2
49300;BOT_MAKER;BOT_TAKER;HYDROGEL_PACK;XIRECS;9942.0;3
49400;BOT_MAKER;BOT_TAKER;VELVETFRUIT_EXTRACT;XIRECS;5300.0;5
49500;BOT_TAKER;BOT_MAKER;VELVETFRUIT_EXTRACT;XIRECS;5305.0;10
49700;BOT_TAKER;BOT_MAKER;VELVETFRUIT_EXTRACT;XIRECS;5302.0;9
49800;BOT_MAKER;BOT_TAKER;VELVETFRUIT_EXTRACT;XIRECS;5299.0;4
49800;BOT_MAKER;BOT_TAKER;VEV_4000;XIRECS;1255.0;3
50000;BOT_MAKER;BOT_TAKER;HYDROGEL_PACK;XIRECS;9937.0;5
50000;BOT_MAKER;BOT_TAKER;VEV_6500;XIRECS;0.0;2
50100;BOT_MAKER;BOT_TAKER;VELVETFRUIT_EXTRACT;XIRECS;5299.0;3
50100;BOT_MAKER;BOT_TAKER;VEV_5400;XIRECS;5.0;3
50100;BOT_MAKER;BOT_TAKER;VEV_5500;XIRECS;7.0;2
50200;BOT_MAKER;BOT_TAKER;HYDROGEL_PACK;XIRECS;9936.0;5
50300;BOT_TAKER;BOT_MAKER;VELVETFRUIT_EXTRACT;XIRECS;5305.0;7
50600;BOT_TAKER;BOT_MAKER;HYDROGEL_PACK;XIRECS;9953.0;5
50600;BOT_TAKER;BOT_MAKER;VELVETFRUIT_EXTRACT;XIRECS;5304.0;8
50700;BOT_TAKER;BOT_MAKER;VEV_5500;XIRECS;8.0;4
50900;BOT_TAKER;BOT_MAKER;VELVETFRUIT_EXTRACT;XIRECS;5304.0;10
51000;BOT_MAKER;BOT_TAKER;HYDROGEL_PACK;XIRECS;9937.0;3
51100;BOT_MAKER;BOT_TAKER;VEV_5300;XIRECS;48.0;4
51200;BOT_TAKER;BOT_MAKER;HYDROGEL_PACK;XIRECS;9954.0;4
51200;BOT_MAKER;BOT_TAKER;VELVETFRUIT_EXTRACT;XIRECS;5299.0;4
51300;BOT_TAKER;BOT_MAKER;HYDROGEL_PACK;XIRECS;9952.0;5
51500;BOT_MAKER;BOT_TAKER;VELVETFRUIT_EXTRACT;XIRECS;5298.0;4
51600;BOT_TAKER;BOT_MAKER;VELVETFRUIT_EXTRACT;XIRECS;5301.0;3
51600;BOT_TAKER;BOT_MAKER;VEV_4000;XIRECS;1269.0;1
51600;BOT_TAKER;BOT_MAKER;VEV_4000;XIRECS;1269.0;3
51700;BOT_TAKER;BOT_MAKER;VELVETFRUIT_EXTRACT;XIRECS;5301.0;11
51800;BOT_MAKER;BOT_TAKER;HYDROGEL_PACK;XIRECS;9944.0;4
51800;BOT_TAKER;BOT_MAKER;VELVETFRUIT_EXTRACT;XIRECS;5299.0;3
51800;BOT_TAKER;BOT_MAKER;VELVETFRUIT_EXTRACT;XIRECS;5299.0;6
51900;BOT_TAKER;BOT_MAKER;VELVETFRUIT_EXTRACT;XIRECS;5298.0;6
51900;BOT_MAKER;BOT_TAKER;VEV_6500;XIRECS;0.0;4
52100;BOT_TAKER;BOT_MAKER;HYDROGEL_PACK;XIRECS;9961.0;5
52100;BOT_MAKER;BOT_TAKER;VELVETFRUIT_EXTRACT;XIRECS;5295.0;6
52100;BOT_MAKER;BOT_TAKER;VEV_4000;XIRECS;1247.0;3
52100;BOT_MAKER;BOT_TAKER;VEV_5500;XIRECS;7.0;5
52200;BOT_TAKER;BOT_MAKER;HYDROGEL_PACK;XIRECS;9960.0;6
52200;BOT_TAKER;BOT_MAKER;VELVETFRUIT_EXTRACT;XIRECS;5298.0;5
52200;BOT_TAKER;BOT_MAKER;VEV_5300;XIRECS;49.0;2
52300;BOT_MAKER;BOT_TAKER;VELVETFRUIT_EXTRACT;XIRECS;5293.0;5
52300;BOT_TAKER;BOT_MAKER;VEV_5400;XIRECS;5.0;3
52300;BOT_MAKER;BOT_TAKER;VEV_6500;XIRECS;0.0;3
52400;BOT_MAKER;BOT_TAKER;VEV_6500;XIRECS;0.0;3
52500;BOT_TAKER;BOT_MAKER;HYDROGEL_PACK;XIRECS;9961.0;4
52500;BOT_TAKER;BOT_MAKER;VELVETFRUIT_EXTRACT;XIRECS;5299.0;7
52500;BOT_TAKER;BOT_MAKER;VEV_4000;XIRECS;1263.0;3
52600;BOT_MAKER;BOT_TAKER;VEV_5500;XIRECS;7.0;3
52700;BOT_MAKER;BOT_TAKER;HYDROGEL_PACK;XIRECS;9945.0;4
52700;BOT_MAKER;BOT_TAKER;VELVETFRUIT_EXTRACT;XIRECS;5295.0;8
52800;BOT_TAKER;BOT_MAKER;VELVETFRUIT_EXTRACT;XIRECS;5298.0;7
52800;BOT_TAKER;BOT_MAKER;VEV_6500;XIRECS;1.0;5
52900;BOT_MAKER;BOT_TAKER;HYDROGEL_PACK;XIRECS;9944.0;6
52900;BOT_MAKER;BOT_TAKER;VELVETFRUIT_EXTRACT;XIRECS;5293.0;4
53000;BOT_TAKER;BOT_MAKER;VEV_6000;XIRECS;1.0;3
53100;BOT_TAKER;BOT_MAKER;VELVETFRUIT_EXTRACT;XIRECS;5296.0;11
53100;BOT_MAKER;BOT_TAKER;VEV_5500;XIRECS;7.0;5
53200;BOT_TAKER;BOT_MAKER;HYDROGEL_PACK;XIRECS;9963.0;4
53300;BOT_TAKER;BOT_MAKER;VEV_6500;XIRECS;1.0;5
53400;BOT_TAKER;BOT_MAKER;VELVETFRUIT_EXTRACT;XIRECS;5297.0;8
53500;BOT_TAKER;BOT_MAKER;VELVETFRUIT_EXTRACT;XIRECS;5297.0;8
53500;BOT_MAKER;BOT_TAKER;VEV_5500;XIRECS;7.0;4
53600;BOT_TAKER;BOT_MAKER;HYDROGEL_PACK;XIRECS;9963.0;6
53600;BOT_TAKER;BOT_MAKER;VELVETFRUIT_EXTRACT;XIRECS;5295.0;4
53700;BOT_TAKER;BOT_MAKER;VELVETFRUIT_EXTRACT;XIRECS;5295.0;3
53700;BOT_MAKER;BOT_TAKER;VEV_5500;XIRECS;7.0;5
53800;BOT_TAKER;BOT_MAKER;HYDROGEL_PACK;XIRECS;9964.0;6
53800;BOT_MAKER;BOT_TAKER;VEV_5400;XIRECS;4.0;5
53900;BOT_TAKER;BOT_MAKER;HYDROGEL_PACK;XIRECS;9964.0;4
53900;BOT_MAKER;BOT_TAKER;VEV_4000;XIRECS;1240.0;2
53900;BOT_TAKER;BOT_MAKER;VEV_6500;XIRECS;1.0;5
54000;BOT_MAKER;BOT_TAKER;HYDROGEL_PACK;XIRECS;9946.0;4
54000;BOT_MAKER;BOT_TAKER;VEV_6000;XIRECS;0.0;3
54100;BOT_TAKER;BOT_MAKER;VELVETFRUIT_EXTRACT;XIRECS;5295.0;8
54100;BOT_MAKER;BOT_TAKER;VELVETFRUIT_EXTRACT;XIRECS;5290.0;6
54300;BOT_TAKER;BOT_MAKER;HYDROGEL_PACK;XIRECS;9962.0;5
54300;BOT_TAKER;BOT_MAKER;VEV_5500;XIRECS;8.0;5
54300;BOT_TAKER;BOT_MAKER;VEV_6500;XIRECS;1.0;4
54400;BOT_MAKER;BOT_TAKER;VEV_5400;XIRECS;4.0;3
54500;BOT_TAKER;BOT_MAKER;VELVETFRUIT_EXTRACT;XIRECS;5293.0;9
54600;BOT_MAKER;BOT_TAKER;HYDROGEL_PACK;XIRECS;9942.0;2
54600;BOT_TAKER;BOT_MAKER;VELVETFRUIT_EXTRACT;XIRECS;5293.0;6
54700;BOT_MAKER;BOT_TAKER;VELVETFRUIT_EXTRACT;XIRECS;5287.0;8
54800;BOT_TAKER;BOT_MAKER;HYDROGEL_PACK;XIRECS;9957.0;5
54800;BOT_MAKER;BOT_TAKER;VELVETFRUIT_EXTRACT;XIRECS;5287.0;5
54900;BOT_TAKER;BOT_MAKER;VELVETFRUIT_EXTRACT;XIRECS;5292.0;4
55000;BOT_TAKER;BOT_MAKER;VELVETFRUIT_EXTRACT;XIRECS;5291.0;8
55000;BOT_MAKER;BOT_TAKER;VEV_5400;XIRECS;4.0;5
55000;BOT_TAKER;BOT_MAKER;VEV_6000;XIRECS;1.0;5
55100;BOT_MAKER;BOT_TAKER;VELVETFRUIT_EXTRACT;XIRECS;5286.0;6
55300;BOT_MAKER;BOT_TAKER;VEV_5400;XIRECS;5.0;4
55400;BOT_TAKER;BOT_MAKER;HYDROGEL_PACK;XIRECS;9956.0;3
55600;BOT_MAKER;BOT_TAKER;HYDROGEL_PACK;XIRECS;9939.0;2
55600;BOT_TAKER;BOT_MAKER;VELVETFRUIT_EXTRACT;XIRECS;5293.0;4
55600;BOT_TAKER;BOT_MAKER;VEV_5300;XIRECS;48.0;5
55700;BOT_MAKER;BOT_TAKER;HYDROGEL_PACK;XIRECS;9938.0;2
55800;BOT_TAKER;BOT_MAKER;HYDROGEL_PACK;XIRECS;9955.0;4
55800;BOT_MAKER;BOT_TAKER;VELVETFRUIT_EXTRACT;XIRECS;5287.0;6
55900;BOT_MAKER;BOT_TAKER;VELVETFRUIT_EXTRACT;XIRECS;5287.0;10
55900;BOT_MAKER;BOT_TAKER;VEV_4000;XIRECS;1249.0;1
56100;BOT_TAKER;BOT_MAKER;VELVETFRUIT_EXTRACT;XIRECS;5295.0;7
56200;BOT_TAKER;BOT_MAKER;VELVETFRUIT_EXTRACT;XIRECS;5297.0;4
56400;BOT_TAKER;BOT_MAKER;VELVETFRUIT_EXTRACT;XIRECS;5298.0;6
56700;BOT_TAKER;BOT_MAKER;VEV_4000;XIRECS;1272.0;2
56700;BOT_MAKER;BOT_TAKER;VEV_4000;XIRECS;1251.0;1
56800;BOT_MAKER;BOT_TAKER;HYDROGEL_PACK;XIRECS;9941.0;4
57000;BOT_MAKER;BOT_TAKER;HYDROGEL_PACK;XIRECS;9939.0;5
57200;BOT_MAKER;BOT_TAKER;VELVETFRUIT_EXTRACT;XIRECS;5291.0;4
57300;BOT_MAKER;BOT_TAKER;HYDROGEL_PACK;XIRECS;9938.0;5
57400;BOT_MAKER;BOT_TAKER;HYDROGEL_PACK;XIRECS;9936.0;5
57400;BOT_MAKER;BOT_TAKER;VEV_4000;XIRECS;1252.0;1
57600;BOT_TAKER;BOT_MAKER;VELVETFRUIT_EXTRACT;XIRECS;5296.0;7
57600;BOT_MAKER;BOT_TAKER;VEV_5500;XIRECS;7.0;5
57800;BOT_TAKER;BOT_MAKER;VEV_4000;XIRECS;1272.0;1
57900;BOT_TAKER;BOT_MAKER;VELVETFRUIT_EXTRACT;XIRECS;5300.0;4
57900;BOT_MAKER;BOT_TAKER;VEV_4000;XIRECS;1250.0;2
58000;BOT_TAKER;BOT_MAKER;HYDROGEL_PACK;XIRECS;9952.0;5
58000;BOT_MAKER;BOT_TAKER;VEV_6000;XIRECS;0.0;5
58100;BOT_MAKER;BOT_TAKER;VEV_5500;XIRECS;7.0;4
58200;BOT_MAKER;BOT_TAKER;HYDROGEL_PACK;XIRECS;9937.0;2
58200;BOT_MAKER;BOT_TAKER;VELVETFRUIT_EXTRACT;XIRECS;5292.0;4
58300;BOT_TAKER;BOT_MAKER;VELVETFRUIT_EXTRACT;XIRECS;5297.0;7
58300;BOT_MAKER;BOT_TAKER;VEV_4000;XIRECS;1250.0;3
58300;BOT_MAKER;BOT_TAKER;VEV_6500;XIRECS;0.0;2
58500;BOT_MAKER;BOT_TAKER;HYDROGEL_PACK;XIRECS;9936.0;6
58600;BOT_MAKER;BOT_TAKER;HYDROGEL_PACK;XIRECS;9937.0;2
58700;BOT_MAKER;BOT_TAKER;HYDROGEL_PACK;XIRECS;9934.0;6
58700;BOT_MAKER;BOT_TAKER;VELVETFRUIT_EXTRACT;XIRECS;5293.0;6
58700;BOT_MAKER;BOT_TAKER;VEV_6000;XIRECS;0.0;2
58900;BOT_TAKER;BOT_MAKER;VELVETFRUIT_EXTRACT;XIRECS;5297.0;4
58900;BOT_TAKER;BOT_MAKER;VEV_5500;XIRECS;8.0;5
59000;BOT_TAKER;BOT_MAKER;HYDROGEL_PACK;XIRECS;9960.0;5
59100;BOT_MAKER;BOT_TAKER;VELVETFRUIT_EXTRACT;XIRECS;5291.0;8
59100;BOT_TAKER;BOT_MAKER;VEV_4000;XIRECS;1276.0;2
59200;BOT_MAKER;BOT_TAKER;VEV_6500;XIRECS;0.0;5
59300;BOT_TAKER;BOT_MAKER;HYDROGEL_PACK;XIRECS;9959.0;6
59300;BOT_MAKER;BOT_TAKER;VELVETFRUIT_EXTRACT;XIRECS;5292.0;6
59400;BOT_MAKER;BOT_TAKER;VELVETFRUIT_EXTRACT;XIRECS;5292.0;7
59400;BOT_MAKER;BOT_TAKER;VEV_5300;XIRECS;45.0;2
59400;BOT_TAKER;BOT_MAKER;VEV_6500;XIRECS;1.0;5
59600;BOT_TAKER;BOT_MAKER;HYDROGEL_PACK;XIRECS;9959.0;3
59800;BOT_MAKER;BOT_TAKER;VELVETFRUIT_EXTRACT;XIRECS;5293.0;8
59900;BOT_MAKER;BOT_TAKER;VELVETFRUIT_EXTRACT;XIRECS;5291.0;3
60000;BOT_TAKER;BOT_MAKER;VEV_4000;XIRECS;1276.0;2
60200;BOT_TAKER;BOT_MAKER;VELVETFRUIT_EXTRACT;XIRECS;5296.0;7
60300;BOT_MAKER;BOT_TAKER;VELVETFRUIT_EXTRACT;XIRECS;5289.0;6
60400;BOT_MAKER;BOT_TAKER;HYDROGEL_PACK;XIRECS;9940.0;3
60400;BOT_TAKER;BOT_MAKER;VEV_4000;XIRECS;1276.0;2
60500;BOT_MAKER;BOT_TAKER;HYDROGEL_PACK;XIRECS;9940.0;3
60500;BOT_MAKER;BOT_TAKER;VEV_4000;XIRECS;1254.0;1
60600;BOT_MAKER;BOT_TAKER;HYDROGEL_PACK;XIRECS;9941.0;2
60600;BOT_TAKER;BOT_MAKER;VELVETFRUIT_EXTRACT;XIRECS;5294.0;3
60700;BOT_MAKER;BOT_TAKER;HYDROGEL_PACK;XIRECS;9938.0;6
60700;BOT_MAKER;BOT_TAKER;VEV_5500;XIRECS;7.0;4
60900;BOT_TAKER;BOT_MAKER;HYDROGEL_PACK;XIRECS;9961.0;6
60900;BOT_MAKER;BOT_TAKER;VELVETFRUIT_EXTRACT;XIRECS;5290.0;6
60900;BOT_MAKER;BOT_TAKER;VEV_4000;XIRECS;1254.0;1
60900;BOT_MAKER;BOT_TAKER;VEV_5500;XIRECS;7.0;3
61200;BOT_TAKER;BOT_MAKER;HYDROGEL_PACK;XIRECS;9960.0;4
61200;BOT_TAKER;BOT_MAKER;VELVETFRUIT_EXTRACT;XIRECS;5296.0;6
61200;BOT_MAKER;BOT_TAKER;VEV_4000;XIRECS;1253.0;2
61400;BOT_TAKER;BOT_MAKER;HYDROGEL_PACK;XIRECS;9959.0;4
61400;BOT_MAKER;BOT_TAKER;VELVETFRUIT_EXTRACT;XIRECS;5290.0;5
61500;BOT_MAKER;BOT_TAKER;VELVETFRUIT_EXTRACT;XIRECS;5289.0;8
61500;BOT_TAKER;BOT_MAKER;VEV_6500;XIRECS;1.0;3
61600;BOT_TAKER;BOT_MAKER;HYDROGEL_PACK;XIRECS;9960.0;3
61600;BOT_MAKER;BOT_TAKER;VEV_5500;XIRECS;7.0;5
61600;BOT_TAKER;BOT_MAKER;VEV_6500;XIRECS;1.0;2
61900;BOT_TAKER;BOT_MAKER;VEV_5500;XIRECS;7.0;5
62000;BOT_MAKER;BOT_TAKER;HYDROGEL_PACK;XIRECS;9947.0;3
62100;BOT_MAKER;BOT_TAKER;VEV_4000;XIRECS;1254.0;2
62200;BOT_TAKER;BOT_MAKER;VELVETFRUIT_EXTRACT;XIRECS;5295.0;5
62300;BOT_MAKER;BOT_TAKER;HYDROGEL_PACK;XIRECS;9949.0;6
62400;BOT_TAKER;BOT_MAKER;VEV_4000;XIRECS;1278.0;2
62400;BOT_MAKER;BOT_TAKER;VEV_6500;XIRECS;0.0;2
62500;BOT_TAKER;BOT_MAKER;VELVETFRUIT_EXTRACT;XIRECS;5294.0;8
62500;BOT_MAKER;BOT_TAKER;VEV_4000;XIRECS;1259.0;3
62700;BOT_MAKER;BOT_TAKER;HYDROGEL_PACK;XIRECS;9951.0;2
62700;BOT_MAKER;BOT_TAKER;VELVETFRUIT_EXTRACT;XIRECS;5288.0;7
62700;BOT_MAKER;BOT_TAKER;VEV_6000;XIRECS;0.0;4
62700;BOT_TAKER;BOT_MAKER;VEV_6000;XIRECS;1.0;3
62800;BOT_TAKER;BOT_MAKER;VEV_4000;XIRECS;1283.0;2
63000;BOT_MAKER;BOT_TAKER;VELVETFRUIT_EXTRACT;XIRECS;5288.0;3
63000;BOT_MAKER;BOT_TAKER;VEV_4000;XIRECS;1263.0;2
63000;BOT_MAKER;BOT_TAKER;VEV_5500;XIRECS;6.0;3
63100;BOT_MAKER;BOT_TAKER;VELVETFRUIT_EXTRACT;XIRECS;5287.0;3
63200;BOT_MAKER;BOT_TAKER;VELVETFRUIT_EXTRACT;XIRECS;5285.0;4
63500;BOT_TAKER;BOT_MAKER;HYDROGEL_PACK;XIRECS;9959.0;5
63500;BOT_TAKER;BOT_MAKER;VELVETFRUIT_EXTRACT;XIRECS;5291.0;5
63500;BOT_TAKER;BOT_MAKER;VEV_6500;XIRECS;1.0;4
63700;BOT_MAKER;BOT_TAKER;HYDROGEL_PACK;XIRECS;9944.0;6
63800;BOT_MAKER;BOT_TAKER;VEV_5400;XIRECS;5.0;3
63800;BOT_MAKER;BOT_TAKER;VEV_5500;XIRECS;7.0;2
63900;BOT_MAKER;BOT_TAKER;VEV_4000;XIRECS;1259.0;3
63900;BOT_MAKER;BOT_TAKER;VEV_6500;XIRECS;0.0;5
64000;BOT_MAKER;BOT_TAKER;VEV_6000;XIRECS;0.0;4
64100;BOT_TAKER;BOT_MAKER;HYDROGEL_PACK;XIRECS;9961.0;2
64200;BOT_MAKER;BOT_TAKER;HYDROGEL_PACK;XIRECS;9942.0;6
64200;BOT_MAKER;BOT_TAKER;VEV_6500;XIRECS;0.0;3
64400;BOT_TAKER;BOT_MAKER;VEV_4000;XIRECS;1283.0;1
64400;BOT_TAKER;BOT_MAKER;VEV_6500;XIRECS;1.0;2
64700;BOT_MAKER;BOT_TAKER;VELVETFRUIT_EXTRACT;XIRECS;5287.0;7
64800;BOT_TAKER;BOT_MAKER;HYDROGEL_PACK;XIRECS;9948.0;3
64900;BOT_MAKER;BOT_TAKER;VELVETFRUIT_EXTRACT;XIRECS;5287.0;4
65200;BOT_MAKER;BOT_TAKER;VELVETFRUIT_EXTRACT;XIRECS;5288.0;13
65200;BOT_MAKER;BOT_TAKER;VEV_6000;XIRECS;0.0;2
65300;BOT_MAKER;BOT_TAKER;VELVETFRUIT_EXTRACT;XIRECS;5287.0;5
65400;BOT_TAKER;BOT_MAKER;VELVETFRUIT_EXTRACT;XIRECS;5291.0;5
65400;BOT_MAKER;BOT_TAKER;VEV_4000;XIRECS;1263.0;2
65600;BOT_TAKER;BOT_MAKER;VELVETFRUIT_EXTRACT;XIRECS;5291.0;7
65600;BOT_MAKER;BOT_TAKER;VEV_4000;XIRECS;1264.0;3
65700;BOT_MAKER;BOT_TAKER;VELVETFRUIT_EXTRACT;XIRECS;5285.0;7
65800;BOT_TAKER;BOT_MAKER;VELVETFRUIT_EXTRACT;XIRECS;5292.0;8
65900;BOT_MAKER;BOT_TAKER;VEV_4000;XIRECS;1266.0;3
66000;BOT_TAKER;BOT_MAKER;HYDROGEL_PACK;XIRECS;9945.0;3
66200;BOT_TAKER;BOT_MAKER;HYDROGEL_PACK;XIRECS;9945.0;4
66300;BOT_TAKER;BOT_MAKER;HYDROGEL_PACK;XIRECS;9943.0;3
66400;BOT_MAKER;BOT_TAKER;HYDROGEL_PACK;XIRECS;9926.0;4
66400;BOT_MAKER;BOT_TAKER;VELVETFRUIT_EXTRACT;XIRECS;5283.0;8
66500;BOT_MAKER;BOT_TAKER;VEV_4000;XIRECS;1266.0;3
66500;BOT_MAKER;BOT_TAKER;VEV_5300;XIRECS;45.0;2
66600;BOT_TAKER;BOT_MAKER;VEV_5300;XIRECS;47.0;2
66700;BOT_TAKER;BOT_MAKER;VEV_6000;XIRECS;1.0;4
66800;BOT_TAKER;BOT_MAKER;VELVETFRUIT_EXTRACT;XIRECS;5289.0;10
66800;BOT_MAKER;BOT_TAKER;VEV_4000;XIRECS;1266.0;3
66800;BOT_TAKER;BOT_MAKER;VEV_6500;XIRECS;1.0;4
66900;BOT_TAKER;BOT_MAKER;HYDROGEL_PACK;XIRECS;9942.0;4
66900;BOT_MAKER;BOT_TAKER;HYDROGEL_PACK;XIRECS;9926.0;5
66900;BOT_TAKER;BOT_MAKER;VEV_5400;XIRECS;7.0;5
66900;BOT_MAKER;BOT_TAKER;VEV_6000;XIRECS;0.0;4
66900;BOT_TAKER;BOT_MAKER;VEV_6500;XIRECS;1.0;5
67000;BOT_MAKER;BOT_TAKER;HYDROGEL_PACK;XIRECS;9927.0;6
67000;BOT_TAKER;BOT_MAKER;VELVETFRUIT_EXTRACT;XIRECS;5290.0;4
67000;BOT_MAKER;BOT_TAKER;VEV_6000;XIRECS;0.0;2
67100;BOT_MAKER;BOT_TAKER;VEV_4000;XIRECS;1264.0;3
67200;BOT_MAKER;BOT_TAKER;HYDROGEL_PACK;XIRECS;9930.0;3
67200;BOT_MAKER;BOT_TAKER;VELVETFRUIT_EXTRACT;XIRECS;5285.0;7
67200;BOT_TAKER;BOT_MAKER;VEV_5500;XIRECS;8.0;3
67300;BOT_TAKER;BOT_MAKER;HYDROGEL_PACK;XIRECS;9945.0;3
67300;BOT_MAKER;BOT_TAKER;VELVETFRUIT_EXTRACT;XIRECS;5287.0;3
67400;BOT_MAKER;BOT_TAKER;VEV_6000;XIRECS;0.0;4
67500;BOT_TAKER;BOT_MAKER;VELVETFRUIT_EXTRACT;XIRECS;5293.0;8
67500;BOT_MAKER;BOT_TAKER;VEV_5300;XIRECS;44.0;4
67600;BOT_TAKER;BOT_MAKER;HYDROGEL_PACK;XIRECS;9942.0;3
67600;BOT_TAKER;BOT_MAKER;VEV_6500;XIRECS;1.0;3
67800;BOT_MAKER;BOT_TAKER;VEV_6000;XIRECS;0.0;2
68000;BOT_MAKER;BOT_TAKER;VEV_6000;XIRECS;0.0;4
68100;BOT_TAKER;BOT_MAKER;HYDROGEL_PACK;XIRECS;9947.0;5
68100;BOT_MAKER;BOT_TAKER;VELVETFRUIT_EXTRACT;XIRECS;5289.0;11
68100;BOT_TAKER;BOT_MAKER;VEV_6000;XIRECS;1.0;4
68200;BOT_TAKER;BOT_MAKER;VELVETFRUIT_EXTRACT;XIRECS;5295.0;6
68200;BOT_MAKER;BOT_TAKER;VEV_4000;XIRECS;1267.0;3
68200;BOT_MAKER;BOT_TAKER;VEV_5500;XIRECS;7.0;4
68300;BOT_MAKER;BOT_TAKER;HYDROGEL_PACK;XIRECS;9932.0;4
68300;BOT_TAKER;BOT_MAKER;VEV_6500;XIRECS;1.0;4
68400;BOT_MAKER;BOT_TAKER;VEV_4000;XIRECS;1265.0;2
68500;BOT_MAKER;BOT_TAKER;VELVETFRUIT_EXTRACT;XIRECS;5289.0;5
68600;BOT_MAKER;BOT_TAKER;HYDROGEL_PACK;XIRECS;9938.0;4
68600;BOT_MAKER;BOT_TAKER;VEV_5400;XIRECS;6.0;5
68600;BOT_TAKER;BOT_MAKER;VEV_6000;XIRECS;1.0;4
68800;BOT_MAKER;BOT_TAKER;HYDROGEL_PACK;XIRECS;9942.0;5
68800;BOT_MAKER;BOT_TAKER;VEV_5400;XIRECS;5.0;4
69000;BOT_TAKER;BOT_MAKER;HYDROGEL_PACK;XIRECS;9958.0;3
69100;BOT_MAKER;BOT_TAKER;HYDROGEL_PACK;XIRECS;9941.0;3
69100;BOT_TAKER;BOT_MAKER;VELVETFRUIT_EXTRACT;XIRECS;5295.0;6
69200;BOT_TAKER;BOT_MAKER;VELVETFRUIT_EXTRACT;XIRECS;5295.0;5
69300;BOT_TAKER;BOT_MAKER;VEV_4000;XIRECS;1283.0;1
69300;BOT_MAKER;BOT_TAKER;VEV_6000;XIRECS;0.0;2
69500;BOT_MAKER;BOT_TAKER;HYDROGEL_PACK;XIRECS;9944.0;6
69700;BOT_MAKER;BOT_TAKER;VEV_5500;XIRECS;7.0;3
69800;BOT_MAKER;BOT_TAKER;VELVETFRUIT_EXTRACT;XIRECS;5288.0;4
69800;BOT_TAKER;BOT_MAKER;VEV_5400;XIRECS;7.0;5
70000;BOT_TAKER;BOT_MAKER;VELVETFRUIT_EXTRACT;XIRECS;5293.0;7
70100;BOT_MAKER;BOT_TAKER;VELVETFRUIT_EXTRACT;XIRECS;5288.0;12
70300;BOT_MAKER;BOT_TAKER;VELVETFRUIT_EXTRACT;XIRECS;5288.0;4
70400;BOT_MAKER;BOT_TAKER;VEV_4000;XIRECS;1271.0;3
70400;BOT_TAKER;BOT_MAKER;VEV_5500;XIRECS;9.0;2
70500;BOT_MAKER;BOT_TAKER;HYDROGEL_PACK;XIRECS;9935.0;2
70500;BOT_MAKER;BOT_TAKER;VELVETFRUIT_EXTRACT;XIRECS;5289.0;9
70500;BOT_MAKER;BOT_TAKER;VEV_6000;XIRECS;0.0;5
70600;BOT_MAKER;BOT_TAKER;VEV_5400;XIRECS;5.0;5
70600;BOT_TAKER;BOT_MAKER;VEV_5500;XIRECS;9.0;4
70800;BOT_TAKER;BOT_MAKER;HYDROGEL_PACK;XIRECS;9954.0;2
70800;BOT_MAKER;BOT_TAKER;VELVETFRUIT_EXTRACT;XIRECS;5290.0;7
70800;BOT_MAKER;BOT_TAKER;VEV_6500;XIRECS;0.0;2
70900;BOT_TAKER;BOT_MAKER;VELVETFRUIT_EXTRACT;XIRECS;5295.0;6
70900;BOT_MAKER;BOT_TAKER;VEV_4000;XIRECS;1271.0;1
70900;BOT_MAKER;BOT_TAKER;VEV_6000;XIRECS;0.0;4
71000;BOT_MAKER;BOT_TAKER;VELVETFRUIT_EXTRACT;XIRECS;5291.0;8
71100;BOT_MAKER;BOT_TAKER;HYDROGEL_PACK;XIRECS;9932.0;4
71100;BOT_MAKER;BOT_TAKER;VELVETFRUIT_EXTRACT;XIRECS;5290.0;8
71200;BOT_MAKER;BOT_TAKER;VEV_6500;XIRECS;0.0;5
71300;BOT_MAKER;BOT_TAKER;VELVETFRUIT_EXTRACT;XIRECS;5292.0;3
71400;BOT_MAKER;BOT_TAKER;HYDROGEL_PACK;XIRECS;9931.0;4
71400;BOT_TAKER;BOT_MAKER;VELVETFRUIT_EXTRACT;XIRECS;5297.0;3
71400;BOT_MAKER;BOT_TAKER;VEV_4000;XIRECS;1269.0;2
71500;BOT_TAKER;BOT_MAKER;VELVETFRUIT_EXTRACT;XIRECS;5298.0;3
71500;BOT_MAKER;BOT_TAKER;VEV_6500;XIRECS;0.0;5
71600;BOT_TAKER;BOT_MAKER;VELVETFRUIT_EXTRACT;XIRECS;5298.0;6
71700;BOT_TAKER;BOT_MAKER;HYDROGEL_PACK;XIRECS;9946.0;6
71900;BOT_MAKER;BOT_TAKER;VELVETFRUIT_EXTRACT;XIRECS;5295.0;6
71900;BOT_TAKER;BOT_MAKER;VELVETFRUIT_EXTRACT;XIRECS;5301.0;3
72000;BOT_MAKER;BOT_TAKER;VELVETFRUIT_EXTRACT;XIRECS;5298.0;4
72100;BOT_TAKER;BOT_MAKER;HYDROGEL_PACK;XIRECS;9949.0;6
72200;BOT_MAKER;BOT_TAKER;HYDROGEL_PACK;XIRECS;9930.0;2
72200;BOT_TAKER;BOT_MAKER;VEV_5400;XIRECS;8.0;4
72300;BOT_TAKER;BOT_MAKER;HYDROGEL_PACK;XIRECS;9946.0;2
72300;BOT_MAKER;BOT_TAKER;VEV_4000;XIRECS;1265.0;2
72400;BOT_MAKER;BOT_TAKER;HYDROGEL_PACK;XIRECS;9929.0;2
72500;BOT_MAKER;BOT_TAKER;VELVETFRUIT_EXTRACT;XIRECS;5297.0;8
72500;BOT_MAKER;BOT_TAKER;VEV_5500;XIRECS;7.0;4
72600;BOT_MAKER;BOT_TAKER;HYDROGEL_PACK;XIRECS;9928.0;4
72600;BOT_MAKER;BOT_TAKER;VELVETFRUIT_EXTRACT;XIRECS;5297.0;5
72800;BOT_MAKER;BOT_TAKER;VEV_6000;XIRECS;0.0;2
72900;BOT_TAKER;BOT_MAKER;VEV_6000;XIRECS;1.0;4
73100;BOT_TAKER;BOT_MAKER;HYDROGEL_PACK;XIRECS;9948.0;3
73100;BOT_TAKER;BOT_MAKER;VEV_4000;XIRECS;1286.0;1
73100;BOT_TAKER;BOT_MAKER;VEV_5300;XIRECS;49.0;4
73200;BOT_MAKER;BOT_TAKER;HYDROGEL_PACK;XIRECS;9932.0;5
73200;BOT_TAKER;BOT_MAKER;VELVETFRUIT_EXTRACT;XIRECS;5301.0;8
73300;BOT_MAKER;BOT_TAKER;VEV_5400;XIRECS;7.0;2
73400;BOT_TAKER;BOT_MAKER;HYDROGEL_PACK;XIRECS;9949.0;6
73400;BOT_MAKER;BOT_TAKER;VEV_4000;XIRECS;1264.0;3
73400;BOT_TAKER;BOT_MAKER;VEV_5300;XIRECS;47.0;2
73500;BOT_MAKER;BOT_TAKER;HYDROGEL_PACK;XIRECS;9935.0;6
73500;BOT_MAKER;BOT_TAKER;VELVETFRUIT_EXTRACT;XIRECS;5298.0;4
73500;BOT_TAKER;BOT_MAKER;VEV_6500;XIRECS;1.0;3
73600;BOT_MAKER;BOT_TAKER;VEV_5300;XIRECS;45.0;5
73900;BOT_TAKER;BOT_MAKER;HYDROGEL_PACK;XIRECS;9952.0;4
74000;BOT_TAKER;BOT_MAKER;VEV_5500;XIRECS;8.0;4
74100;BOT_TAKER;BOT_MAKER;VELVETFRUIT_EXTRACT;XIRECS;5300.0;8
74300;BOT_MAKER;BOT_TAKER;VELVETFRUIT_EXTRACT;XIRECS;5294.0;8
74300;BOT_TAKER;BOT_MAKER;VEV_4000;XIRECS;1283.0;3
74400;BOT_MAKER;BOT_TAKER;VELVETFRUIT_EXTRACT;XIRECS;5294.0;4
74400;BOT_TAKER;BOT_MAKER;VELVETFRUIT_EXTRACT;XIRECS;5299.0;7
74400;BOT_MAKER;BOT_TAKER;VEV_4000;XIRECS;1260.0;1
74400;BOT_MAKER;BOT_TAKER;VEV_5200;XIRECS;75.0;5
74400;BOT_MAKER;BOT_TAKER;VEV_5300;XIRECS;46.0;4
74700;BOT_MAKER;BOT_TAKER;VELVETFRUIT_EXTRACT;XIRECS;5293.0;7
74800;BOT_MAKER;BOT_TAKER;VELVETFRUIT_EXTRACT;XIRECS;5294.0;6
74800;BOT_TAKER;BOT_MAKER;VELVETFRUIT_EXTRACT;XIRECS;5299.0;5
74900;BOT_MAKER;BOT_TAKER;VELVETFRUIT_EXTRACT;XIRECS;5295.0;5
74900;BOT_MAKER;BOT_TAKER;VEV_4000;XIRECS;1259.0;3
75100;BOT_TAKER;BOT_MAKER;VEV_5400;XIRECS;8.0;5
75200;BOT_TAKER;BOT_MAKER;HYDROGEL_PACK;XIRECS;9961.0;2
75200;BOT_TAKER;BOT_MAKER;VELVETFRUIT_EXTRACT;XIRECS;5302.0;6
75400;BOT_TAKER;BOT_MAKER;VELVETFRUIT_EXTRACT;XIRECS;5301.0;6
75400;BOT_MAKER;BOT_TAKER;VELVETFRUIT_EXTRACT;XIRECS;5296.0;4
75500;BOT_MAKER;BOT_TAKER;HYDROGEL_PACK;XIRECS;9945.0;3
75600;BOT_MAKER;BOT_TAKER;VELVETFRUIT_EXTRACT;XIRECS;5296.0;8
75600;BOT_TAKER;BOT_MAKER;VELVETFRUIT_EXTRACT;XIRECS;5301.0;7
75800;BOT_TAKER;BOT_MAKER;HYDROGEL_PACK;XIRECS;9962.0;3
75800;BOT_MAKER;BOT_TAKER;VELVETFRUIT_EXTRACT;XIRECS;5297.0;7
75800;BOT_TAKER;BOT_MAKER;VEV_6500;XIRECS;1.0;2
75900;BOT_TAKER;BOT_MAKER;VELVETFRUIT_EXTRACT;XIRECS;5303.0;9
75900;BOT_TAKER;BOT_MAKER;VELVETFRUIT_EXTRACT;XIRECS;5303.0;5
76000;BOT_TAKER;BOT_MAKER;VELVETFRUIT_EXTRACT;XIRECS;5304.0;3
76000;BOT_TAKER;BOT_MAKER;VEV_5500;XIRECS;8.0;3
76000;BOT_TAKER;BOT_MAKER;VEV_6000;XIRECS;1.0;4
76100;BOT_TAKER;BOT_MAKER;HYDROGEL_PACK;XIRECS;9965.0;3
76100;BOT_MAKER;BOT_TAKER;HYDROGEL_PACK;XIRECS;9949.0;5
76100;BOT_TAKER;BOT_MAKER;VELVETFRUIT_EXTRACT;XIRECS;5304.0;8
76200;BOT_MAKER;BOT_TAKER;VEV_5300;XIRECS;46.0;5
76300;BOT_TAKER;BOT_MAKER;HYDROGEL_PACK;XIRECS;9966.0;3
76300;BOT_MAKER;BOT_TAKER;VEV_4000;XIRECS;1258.0;2
76500;BOT_TAKER;BOT_MAKER;VELVETFRUIT_EXTRACT;XIRECS;5309.0;5
76600;BOT_TAKER;BOT_MAKER;VEV_6500;XIRECS;1.0;3
76700;BOT_TAKER;BOT_MAKER;VELVETFRUIT_EXTRACT;XIRECS;5308.0;5
76700;BOT_MAKER;BOT_TAKER;VEV_4000;XIRECS;1261.0;1
76800;BOT_MAKER;BOT_TAKER;HYDROGEL_PACK;XIRECS;9950.0;3
76800;BOT_MAKER;BOT_TAKER;VELVETFRUIT_EXTRACT;XIRECS;5303.0;5
76800;BOT_TAKER;BOT_MAKER;VEV_6000;XIRECS;1.0;3
76900;BOT_TAKER;BOT_MAKER;VELVETFRUIT_EXTRACT;XIRECS;5306.0;6
76900;BOT_TAKER;BOT_MAKER;VEV_6000;XIRECS;1.0;2
77000;BOT_TAKER;BOT_MAKER;VELVETFRUIT_EXTRACT;XIRECS;5306.0;7
77000;BOT_TAKER;BOT_MAKER;VEV_4000;XIRECS;1284.0;1
77000;BOT_TAKER;BOT_MAKER;VEV_6000;XIRECS;1.0;5
77300;BOT_MAKER;BOT_TAKER;VEV_4000;XIRECS;1267.0;3
77500;BOT_MAKER;BOT_TAKER;HYDROGEL_PACK;XIRECS;9955.0;5
77500;BOT_TAKER;BOT_MAKER;VELVETFRUIT_EXTRACT;XIRECS;5306.0;6
77500;BOT_TAKER;BOT_MAKER;VEV_5400;XIRECS;7.0;2
77500;BOT_TAKER;BOT_MAKER;VEV_6500;XIRECS;1.0;3
77600;BOT_MAKER;BOT_TAKER;HYDROGEL_PACK;XIRECS;9959.0;6
77700;BOT_TAKER;BOT_MAKER;VELVETFRUIT_EXTRACT;XIRECS;5306.0;5
77700;BOT_TAKER;BOT_MAKER;VEV_5300;XIRECS;50.0;4
77900;BOT_TAKER;BOT_MAKER;VELVETFRUIT_EXTRACT;XIRECS;5307.0;5
77900;BOT_TAKER;BOT_MAKER;VEV_5500;XIRECS;8.0;2
78100;BOT_MAKER;BOT_TAKER;VELVETFRUIT_EXTRACT;XIRECS;5301.0;4
78200;BOT_TAKER;BOT_MAKER;VELVETFRUIT_EXTRACT;XIRECS;5305.0;8
78300;BOT_TAKER;BOT_MAKER;VEV_5500;XIRECS;7.0;5
78400;BOT_TAKER;BOT_MAKER;VEV_5400;XIRECS;7.0;2
78500;BOT_TAKER;BOT_MAKER;VELVETFRUIT_EXTRACT;XIRECS;5305.0;3
78600;BOT_TAKER;BOT_MAKER;HYDROGEL_PACK;XIRECS;9967.0;5
78600;BOT_TAKER;BOT_MAKER;HYDROGEL_PACK;XIRECS;9967.0;2
78600;BOT_MAKER;BOT_TAKER;VELVETFRUIT_EXTRACT;XIRECS;5302.0;3
78700;BOT_MAKER;BOT_TAKER;HYDROGEL_PACK;XIRECS;9951.0;3
78700;BOT_MAKER;BOT_TAKER;VELVETFRUIT_EXTRACT;XIRECS;5302.0;5
78700;BOT_MAKER;BOT_TAKER;VEV_4000;XIRECS;1271.0;2
78900;BOT_MAKER;BOT_TAKER;HYDROGEL_PACK;XIRECS;9948.0;3
79000;BOT_TAKER;BOT_MAKER;VELVETFRUIT_EXTRACT;XIRECS;5306.0;3
79200;BOT_TAKER;BOT_MAKER;HYDROGEL_PACK;XIRECS;9966.0;3
79400;BOT_TAKER;BOT_MAKER;VEV_4000;XIRECS;1290.0;3
79500;BOT_TAKER;BOT_MAKER;HYDROGEL_PACK;XIRECS;9962.0;3
79500;BOT_TAKER;BOT_MAKER;VEV_6500;XIRECS;1.0;3
79600;BOT_MAKER;BOT_TAKER;VEV_5500;XIRECS;7.0;2
79700;BOT_MAKER;BOT_TAKER;VELVETFRUIT_EXTRACT;XIRECS;5300.0;5
79800;BOT_MAKER;BOT_TAKER;VELVETFRUIT_EXTRACT;XIRECS;5297.0;5
79800;BOT_TAKER;BOT_MAKER;VEV_4000;XIRECS;1289.0;3
80000;BOT_MAKER;BOT_TAKER;VELVETFRUIT_EXTRACT;XIRECS;5298.0;8
80000;BOT_TAKER;BOT_MAKER;VEV_4000;XIRECS;1287.0;1
80200;BOT_TAKER;BOT_MAKER;VEV_5500;XIRECS;8.0;2
80400;BOT_TAKER;BOT_MAKER;HYDROGEL_PACK;XIRECS;9963.0;4
80400;BOT_TAKER;BOT_MAKER;VELVETFRUIT_EXTRACT;XIRECS;5302.0;6
80400;BOT_TAKER;BOT_MAKER;VEV_6000;XIRECS;1.0;2
80500;BOT_TAKER;BOT_MAKER;HYDROGEL_PACK;XIRECS;9964.0;3
80600;BOT_TAKER;BOT_MAKER;HYDROGEL_PACK;XIRECS;9966.0;4
80700;BOT_TAKER;BOT_MAKER;HYDROGEL_PACK;XIRECS;9965.0;5
80900;BOT_TAKER;BOT_MAKER;VELVETFRUIT_EXTRACT;XIRECS;5304.0;6
81100;BOT_MAKER;BOT_TAKER;VEV_4000;XIRECS;1264.0;3
81200;BOT_TAKER;BOT_MAKER;VELVETFRUIT_EXTRACT;XIRECS;5305.0;4
81300;BOT_TAKER;BOT_MAKER;VELVETFRUIT_EXTRACT;XIRECS;5305.0;8
81400;BOT_TAKER;BOT_MAKER;VELVETFRUIT_EXTRACT;XIRECS;5306.0;4
81800;BOT_TAKER;BOT_MAKER;VELVETFRUIT_EXTRACT;XIRECS;5306.0;4
81900;BOT_TAKER;BOT_MAKER;HYDROGEL_PACK;XIRECS;9956.0;3
81900;BOT_MAKER;BOT_TAKER;VELVETFRUIT_EXTRACT;XIRECS;5300.0;4
81900;BOT_MAKER;BOT_TAKER;VEV_6500;XIRECS;0.0;4
82000;BOT_MAKER;BOT_TAKER;VEV_6000;XIRECS;0.0;2
82100;BOT_TAKER;BOT_MAKER;VELVETFRUIT_EXTRACT;XIRECS;5305.0;4
82100;BOT_MAKER;BOT_TAKER;VELVETFRUIT_EXTRACT;XIRECS;5299.0;4
82100;BOT_MAKER;BOT_TAKER;VEV_4000;XIRECS;1269.0;3
82100;BOT_MAKER;BOT_TAKER;VEV_6500;XIRECS;0.0;2
82200;BOT_MAKER;BOT_TAKER;VELVETFRUIT_EXTRACT;XIRECS;5300.0;8
82300;BOT_MAKER;BOT_TAKER;HYDROGEL_PACK;XIRECS;9934.0;2
82300;BOT_MAKER;BOT_TAKER;VELVETFRUIT_EXTRACT;XIRECS;5301.0;7
82300;BOT_TAKER;BOT_MAKER;VEV_5400;XIRECS;7.0;4
82300;BOT_MAKER;BOT_TAKER;VEV_6500;XIRECS;0.0;4
82400;BOT_TAKER;BOT_MAKER;VEV_6500;XIRECS;1.0;2
82500;BOT_MAKER;BOT_TAKER;VELVETFRUIT_EXTRACT;XIRECS;5299.0;7
82600;BOT_TAKER;BOT_MAKER;HYDROGEL_PACK;XIRECS;9949.0;2
82600;BOT_TAKER;BOT_MAKER;VELVETFRUIT_EXTRACT;XIRECS;5306.0;5
82800;BOT_MAKER;BOT_TAKER;VELVETFRUIT_EXTRACT;XIRECS;5300.0;8
82900;BOT_TAKER;BOT_MAKER;HYDROGEL_PACK;XIRECS;9951.0;3
83300;BOT_TAKER;BOT_MAKER;HYDROGEL_PACK;XIRECS;9949.0;5
83300;BOT_MAKER;BOT_TAKER;VELVETFRUIT_EXTRACT;XIRECS;5298.0;7
83300;BOT_TAKER;BOT_MAKER;VEV_6500;XIRECS;1.0;5
83600;BOT_TAKER;BOT_MAKER;VEV_4000;XIRECS;1287.0;1
83700;BOT_TAKER;BOT_MAKER;VELVETFRUIT_EXTRACT;XIRECS;5305.0;6
83800;BOT_TAKER;BOT_MAKER;VELVETFRUIT_EXTRACT;XIRECS;5305.0;3
83900;BOT_MAKER;BOT_TAKER;VELVETFRUIT_EXTRACT;XIRECS;5300.0;4
84000;BOT_TAKER;BOT_MAKER;HYDROGEL_PACK;XIRECS;9945.0;2
84000;BOT_MAKER;BOT_TAKER;VELVETFRUIT_EXTRACT;XIRECS;5301.0;8
84000;BOT_MAKER;BOT_TAKER;VEV_4000;XIRECS;1263.0;2
84100;BOT_TAKER;BOT_MAKER;VELVETFRUIT_EXTRACT;XIRECS;5308.0;6
84100;BOT_MAKER;BOT_TAKER;VEV_4000;XIRECS;1265.0;1
84100;BOT_TAKER;BOT_MAKER;VEV_5300;XIRECS;52.0;4
84200;BOT_MAKER;BOT_TAKER;HYDROGEL_PACK;XIRECS;9933.0;5
84200;BOT_MAKER;BOT_TAKER;VELVETFRUIT_EXTRACT;XIRECS;5302.0;5
84300;BOT_TAKER;BOT_MAKER;VELVETFRUIT_EXTRACT;XIRECS;5307.0;6
84300;BOT_TAKER;BOT_MAKER;VEV_4000;XIRECS;1284.0;2
84400;BOT_TAKER;BOT_MAKER;HYDROGEL_PACK;XIRECS;9952.0;5
84400;BOT_MAKER;BOT_TAKER;VEV_6000;XIRECS;0.0;2
84500;BOT_TAKER;BOT_MAKER;VELVETFRUIT_EXTRACT;XIRECS;5306.0;8
84500;BOT_MAKER;BOT_TAKER;VEV_4000;XIRECS;1266.0;3
84500;BOT_MAKER;BOT_TAKER;VEV_6500;XIRECS;0.0;3
84700;BOT_TAKER;BOT_MAKER;VEV_4000;XIRECS;1288.0;2
85100;BOT_TAKER;BOT_MAKER;HYDROGEL_PACK;XIRECS;9950.0;3
85100;BOT_TAKER;BOT_MAKER;VELVETFRUIT_EXTRACT;XIRECS;5305.0;7
85100;BOT_TAKER;BOT_MAKER;VEV_5500;XIRECS;8.0;2
85200;BOT_MAKER;BOT_TAKER;VELVETFRUIT_EXTRACT;XIRECS;5299.0;6
85300;BOT_MAKER;BOT_TAKER;VELVETFRUIT_EXTRACT;XIRECS;5300.0;3
85400;BOT_MAKER;BOT_TAKER;HYDROGEL_PACK;XIRECS;9938.0;6
85400;BOT_TAKER;BOT_MAKER;VEV_6000;XIRECS;1.0;5
85500;BOT_MAKER;BOT_TAKER;HYDROGEL_PACK;XIRECS;9937.0;4
85600;BOT_TAKER;BOT_MAKER;VELVETFRUIT_EXTRACT;XIRECS;5302.0;4
85600;BOT_MAKER;BOT_TAKER;VEV_4000;XIRECS;1270.0;1
85600;BOT_TAKER;BOT_MAKER;VEV_5500;XIRECS;7.0;5
85800;BOT_MAKER;BOT_TAKER;VELVETFRUIT_EXTRACT;XIRECS;5299.0;5
85800;BOT_MAKER;BOT_TAKER;VEV_5500;XIRECS;6.0;3
85900;BOT_TAKER;BOT_MAKER;VEV_4000;XIRECS;1293.0;3
85900;BOT_MAKER;BOT_TAKER;VEV_6500;XIRECS;0.0;4
86000;BOT_TAKER;BOT_MAKER;HYDROGEL_PACK;XIRECS;9955.0;3
86000;BOT_TAKER;BOT_MAKER;VELVETFRUIT_EXTRACT;XIRECS;5302.0;7
86000;BOT_MAKER;BOT_TAKER;VELVETFRUIT_EXTRACT;XIRECS;5297.0;7
86000;BOT_TAKER;BOT_MAKER;VEV_4000;XIRECS;1294.0;3
86000;BOT_MAKER;BOT_TAKER;VEV_5400;XIRECS;7.0;3
86000;BOT_TAKER;BOT_MAKER;VEV_5500;XIRECS;7.0;5
86200;BOT_TAKER;BOT_MAKER;VEV_4000;XIRECS;1294.0;3
86200;BOT_MAKER;BOT_TAKER;VEV_5500;XIRECS;6.0;4
86300;BOT_TAKER;BOT_MAKER;VELVETFRUIT_EXTRACT;XIRECS;5298.0;5
86300;BOT_TAKER;BOT_MAKER;VEV_4000;XIRECS;1294.0;2
86400;BOT_MAKER;BOT_TAKER;VELVETFRUIT_EXTRACT;XIRECS;5293.0;4
86400;BOT_TAKER;BOT_MAKER;VEV_4000;XIRECS;1294.0;1
86500;BOT_TAKER;BOT_MAKER;VELVETFRUIT_EXTRACT;XIRECS;5297.0;8
86900;BOT_MAKER;BOT_TAKER;VELVETFRUIT_EXTRACT;XIRECS;5290.0;6
87000;BOT_TAKER;BOT_MAKER;HYDROGEL_PACK;XIRECS;9957.0;3
87000;BOT_TAKER;BOT_MAKER;VEV_5400;XIRECS;8.0;4
87100;BOT_MAKER;BOT_TAKER;HYDROGEL_PACK;XIRECS;9941.0;2
87100;BOT_MAKER;BOT_TAKER;VELVETFRUIT_EXTRACT;XIRECS;5291.0;6
87200;BOT_TAKER;BOT_MAKER;VEV_4000;XIRECS;1298.0;2
87400;BOT_MAKER;BOT_TAKER;VEV_6000;XIRECS;0.0;3
87500;BOT_MAKER;BOT_TAKER;VEV_6000;XIRECS;0.0;5
87600;BOT_TAKER;BOT_MAKER;VEV_6500;XIRECS;1.0;3
87700;BOT_MAKER;BOT_TAKER;VELVETFRUIT_EXTRACT;XIRECS;5293.0;3
87900;BOT_MAKER;BOT_TAKER;HYDROGEL_PACK;XIRECS;9944.0;3
87900;BOT_MAKER;BOT_TAKER;VELVETFRUIT_EXTRACT;XIRECS;5292.0;8
88100;BOT_TAKER;BOT_MAKER;VELVETFRUIT_EXTRACT;XIRECS;5298.0;5
88100;BOT_TAKER;BOT_MAKER;VEV_4000;XIRECS;1297.0;1
88100;BOT_TAKER;BOT_MAKER;VEV_5500;XIRECS;7.0;5
88400;BOT_TAKER;BOT_MAKER;VEV_6000;XIRECS;1.0;2
88500;BOT_MAKER;BOT_TAKER;VELVETFRUIT_EXTRACT;XIRECS;5292.0;4
88500;BOT_MAKER;BOT_TAKER;VEV_6500;XIRECS;0.0;2
88700;BOT_MAKER;BOT_TAKER;HYDROGEL_PACK;XIRECS;9947.0;3
88700;BOT_TAKER;BOT_MAKER;VELVETFRUIT_EXTRACT;XIRECS;5297.0;8
88800;BOT_MAKER;BOT_TAKER;VEV_4000;XIRECS;1279.0;2
88900;BOT_TAKER;BOT_MAKER;VEV_4000;XIRECS;1301.0;2
89000;BOT_TAKER;BOT_MAKER;HYDROGEL_PACK;XIRECS;9966.0;6
89000;BOT_MAKER;BOT_TAKER;VELVETFRUIT_EXTRACT;XIRECS;5291.0;4
89000;BOT_TAKER;BOT_MAKER;VEV_5500;XIRECS;7.0;2
89100;BOT_MAKER;BOT_TAKER;HYDROGEL_PACK;XIRECS;9950.0;5
89100;BOT_TAKER;BOT_MAKER;VELVETFRUIT_EXTRACT;XIRECS;5296.0;6
89100;BOT_TAKER;BOT_MAKER;VELVETFRUIT_EXTRACT;XIRECS;5296.0;5
89200;BOT_TAKER;BOT_MAKER;HYDROGEL_PACK;XIRECS;9966.0;4
89200;BOT_MAKER;BOT_TAKER;VELVETFRUIT_EXTRACT;XIRECS;5290.0;14
89200;BOT_MAKER;BOT_TAKER;VEV_5500;XIRECS;6.0;5
89500;BOT_TAKER;BOT_MAKER;VEV_5500;XIRECS;7.0;3
89700;BOT_TAKER;BOT_MAKER;VELVETFRUIT_EXTRACT;XIRECS;5293.0;3
89800;BOT_MAKER;BOT_TAKER;HYDROGEL_PACK;XIRECS;9945.0;5
89800;BOT_MAKER;BOT_TAKER;VELVETFRUIT_EXTRACT;XIRECS;5288.0;5
89800;BOT_MAKER;BOT_TAKER;VELVETFRUIT_EXTRACT;XIRECS;5288.0;3
89900;BOT_TAKER;BOT_MAKER;HYDROGEL_PACK;XIRECS;9958.0;5
89900;BOT_MAKER;BOT_TAKER;VELVETFRUIT_EXTRACT;XIRECS;5288.0;5
89900;BOT_TAKER;BOT_MAKER;VEV_4000;XIRECS;1302.0;2
90000;BOT_TAKER;BOT_MAKER;HYDROGEL_PACK;XIRECS;9953.0;6
90000;BOT_MAKER;BOT_TAKER;VELVETFRUIT_EXTRACT;XIRECS;5289.0;3
90000;BOT_MAKER;BOT_TAKER;VEV_5400;XIRECS;7.0;2
90100;BOT_MAKER;BOT_TAKER;VELVETFRUIT_EXTRACT;XIRECS;5289.0;5
90400;BOT_MAKER;BOT_TAKER;HYDROGEL_PACK;XIRECS;9935.0;3
90400;BOT_MAKER;BOT_TAKER;VELVETFRUIT_EXTRACT;XIRECS;5291.0;4
90400;BOT_TAKER;BOT_MAKER;VEV_6500;XIRECS;1.0;2
90500;BOT_TAKER;BOT_MAKER;HYDROGEL_PACK;XIRECS;9950.0;2
90600;BOT_TAKER;BOT_MAKER;HYDROGEL_PACK;XIRECS;9955.0;4
90600;BOT_TAKER;BOT_MAKER;VEV_4000;XIRECS;1300.0;1
90600;BOT_TAKER;BOT_MAKER;VEV_5500;XIRECS;7.0;5
90700;BOT_MAKER;BOT_TAKER;HYDROGEL_PACK;XIRECS;9938.0;4
90700;BOT_TAKER;BOT_MAKER;VELVETFRUIT_EXTRACT;XIRECS;5297.0;3
90800;BOT_TAKER;BOT_MAKER;HYDROGEL_PACK;XIRECS;9951.0;4
90800;BOT_TAKER;BOT_MAKER;VELVETFRUIT_EXTRACT;XIRECS;5298.0;7
91000;BOT_TAKER;BOT_MAKER;VELVETFRUIT_EXTRACT;XIRECS;5297.0;6
91000;BOT_TAKER;BOT_MAKER;VEV_4000;XIRECS;1298.0;3
91000;BOT_MAKER;BOT_TAKER;VEV_6000;XIRECS;0.0;4
91100;BOT_TAKER;BOT_MAKER;HYDROGEL_PACK;XIRECS;9955.0;4
91100;BOT_TAKER;BOT_MAKER;VELVETFRUIT_EXTRACT;XIRECS;5297.0;7
91100;BOT_MAKER;BOT_TAKER;VEV_4000;XIRECS;1277.0;2
91100;BOT_MAKER;BOT_TAKER;VEV_6500;XIRECS;0.0;4
91400;BOT_MAKER;BOT_TAKER;VELVETFRUIT_EXTRACT;XIRECS;5291.0;6
91400;BOT_TAKER;BOT_MAKER;VELVETFRUIT_EXTRACT;XIRECS;5296.0;4
91400;BOT_TAKER;BOT_MAKER;VEV_4000;XIRECS;1299.0;3
91500;BOT_MAKER;BOT_TAKER;VEV_5500;XIRECS;6.0;4
91600;BOT_MAKER;BOT_TAKER;VELVETFRUIT_EXTRACT;XIRECS;5293.0;5
91600;BOT_TAKER;BOT_MAKER;VEV_4000;XIRECS;1301.0;2
91600;BOT_MAKER;BOT_TAKER;VEV_6500;XIRECS;0.0;2
91700;BOT_TAKER;BOT_MAKER;VELVETFRUIT_EXTRACT;XIRECS;5298.0;7
91800;BOT_TAKER;BOT_MAKER;HYDROGEL_PACK;XIRECS;9953.0;5
92000;BOT_TAKER;BOT_MAKER;HYDROGEL_PACK;XIRECS;9953.0;2
92000;BOT_TAKER;BOT_MAKER;VEV_5400;XIRECS;7.0;4
92100;BOT_TAKER;BOT_MAKER;HYDROGEL_PACK;XIRECS;9954.0;6
92200;BOT_TAKER;BOT_MAKER;VEV_6500;XIRECS;1.0;4
92300;BOT_TAKER;BOT_MAKER;HYDROGEL_PACK;XIRECS;9950.0;2
92300;BOT_MAKER;BOT_TAKER;VEV_4000;XIRECS;1278.0;3
92400;BOT_MAKER;BOT_TAKER;HYDROGEL_PACK;XIRECS;9935.0;6
92500;BOT_TAKER;BOT_MAKER;VEV_4000;XIRECS;1300.0;3
92500;BOT_TAKER;BOT_MAKER;VEV_5300;XIRECS;56.0;5
92600;BOT_MAKER;BOT_TAKER;HYDROGEL_PACK;XIRECS;9940.0;4
92700;BOT_MAKER;BOT_TAKER;HYDROGEL_PACK;XIRECS;9939.0;5
93000;BOT_TAKER;BOT_MAKER;VELVETFRUIT_EXTRACT;XIRECS;5295.0;8
93000;BOT_MAKER;BOT_TAKER;VEV_4000;XIRECS;1279.0;1
93300;BOT_MAKER;BOT_TAKER;HYDROGEL_PACK;XIRECS;9931.0;6
93300;BOT_TAKER;BOT_MAKER;VELVETFRUIT_EXTRACT;XIRECS;5297.0;4
93300;BOT_TAKER;BOT_MAKER;VEV_5400;XIRECS;8.0;5
93400;BOT_TAKER;BOT_MAKER;VELVETFRUIT_EXTRACT;XIRECS;5296.0;5
93400;BOT_TAKER;BOT_MAKER;VEV_6000;XIRECS;1.0;5
93400;BOT_TAKER;BOT_MAKER;VEV_6000;XIRECS;1.0;2
93500;BOT_TAKER;BOT_MAKER;HYDROGEL_PACK;XIRECS;9952.0;4
93500;BOT_MAKER;BOT_TAKER;VELVETFRUIT_EXTRACT;XIRECS;5289.0;8
93600;BOT_TAKER;BOT_MAKER;VEV_4000;XIRECS;1303.0;2
93700;BOT_TAKER;BOT_MAKER;HYDROGEL_PACK;XIRECS;9956.0;2
93800;BOT_TAKER;BOT_MAKER;HYDROGEL_PACK;XIRECS;9957.0;5
93800;BOT_MAKER;BOT_TAKER;VELVETFRUIT_EXTRACT;XIRECS;5288.0;7
93900;BOT_MAKER;BOT_TAKER;VEV_5500;XIRECS;6.0;3
93900;BOT_TAKER;BOT_MAKER;VEV_6000;XIRECS;1.0;4
94000;BOT_TAKER;BOT_MAKER;VELVETFRUIT_EXTRACT;XIRECS;5294.0;6
94000;BOT_MAKER;BOT_TAKER;VEV_5400;XIRECS;6.0;5
94100;BOT_TAKER;BOT_MAKER;VEV_6000;XIRECS;1.0;4
94300;BOT_TAKER;BOT_MAKER;VELVETFRUIT_EXTRACT;XIRECS;5296.0;3
94400;BOT_TAKER;BOT_MAKER;HYDROGEL_PACK;XIRECS;9956.0;4
94500;BOT_MAKER;BOT_TAKER;HYDROGEL_PACK;XIRECS;9940.0;3
94500;BOT_TAKER;BOT_MAKER;VEV_4000;XIRECS;1305.0;1
94500;BOT_MAKER;BOT_TAKER;VEV_5500;XIRECS;6.0;4
94600;BOT_TAKER;BOT_MAKER;VELVETFRUIT_EXTRACT;XIRECS;5294.0;4
94700;BOT_TAKER;BOT_MAKER;VELVETFRUIT_EXTRACT;XIRECS;5294.0;6
94700;BOT_TAKER;BOT_MAKER;VEV_5400;XIRECS;8.0;2
94700;BOT_MAKER;BOT_TAKER;VEV_6500;XIRECS;0.0;5
94800;BOT_MAKER;BOT_TAKER;VEV_5400;XIRECS;6.0;3
94800;BOT_MAKER;BOT_TAKER;VEV_5500;XIRECS;6.0;2
94900;BOT_TAKER;BOT_MAKER;VELVETFRUIT_EXTRACT;XIRECS;5294.0;7
94900;BOT_TAKER;BOT_MAKER;VEV_4000;XIRECS;1306.0;1
94900;BOT_MAKER;BOT_TAKER;VEV_6000;XIRECS;0.0;4
95100;BOT_MAKER;BOT_TAKER;HYDROGEL_PACK;XIRECS;9942.0;2
95300;BOT_TAKER;BOT_MAKER;VELVETFRUIT_EXTRACT;XIRECS;5293.0;4
95300;BOT_MAKER;BOT_TAKER;VEV_5500;XIRECS;6.0;4
95400;BOT_MAKER;BOT_TAKER;VEV_4000;XIRECS;1282.0;1
95400;BOT_TAKER;BOT_MAKER;VEV_5500;XIRECS;7.0;2
95500;BOT_TAKER;BOT_MAKER;VELVETFRUIT_EXTRACT;XIRECS;5294.0;5
95700;BOT_TAKER;BOT_MAKER;VELVETFRUIT_EXTRACT;XIRECS;5295.0;7
95700;BOT_MAKER;BOT_TAKER;VEV_4000;XIRECS;1282.0;2
95700;BOT_MAKER;BOT_TAKER;VEV_4000;XIRECS;1282.0;2
95700;BOT_TAKER;BOT_MAKER;VEV_5500;XIRECS;7.0;4
95700;BOT_TAKER;BOT_MAKER;VEV_6000;XIRECS;1.0;4
95800;BOT_TAKER;BOT_MAKER;VELVETFRUIT_EXTRACT;XIRECS;5296.0;6
95900;BOT_MAKER;BOT_TAKER;VEV_5300;XIRECS;57.0;4
96000;BOT_MAKER;BOT_TAKER;HYDROGEL_PACK;XIRECS;9948.0;6
96000;BOT_TAKER;BOT_MAKER;VELVETFRUIT_EXTRACT;XIRECS;5294.0;8
96000;BOT_TAKER;BOT_MAKER;VEV_4000;XIRECS;1304.0;1
96100;BOT_TAKER;BOT_MAKER;HYDROGEL_PACK;XIRECS;9963.0;4
96100;BOT_MAKER;BOT_TAKER;VELVETFRUIT_EXTRACT;XIRECS;5289.0;6
96100;BOT_MAKER;BOT_TAKER;VEV_6000;XIRECS;0.0;3
96200;BOT_MAKER;BOT_TAKER;HYDROGEL_PACK;XIRECS;9948.0;3
96300;BOT_TAKER;BOT_MAKER;VELVETFRUIT_EXTRACT;XIRECS;5295.0;6
96300;BOT_TAKER;BOT_MAKER;VEV_5400;XIRECS;8.0;4
96400;BOT_MAKER;BOT_TAKER;VELVETFRUIT_EXTRACT;XIRECS;5289.0;3
96500;BOT_MAKER;BOT_TAKER;HYDROGEL_PACK;XIRECS;9944.0;3
96600;BOT_TAKER;BOT_MAKER;VELVETFRUIT_EXTRACT;XIRECS;5295.0;7
96700;BOT_MAKER;BOT_TAKER;HYDROGEL_PACK;XIRECS;9947.0;3
96700;BOT_TAKER;BOT_MAKER;VELVETFRUIT_EXTRACT;XIRECS;5295.0;3
96800;BOT_TAKER;BOT_MAKER;VEV_5500;XIRECS;7.0;5
96900;BOT_TAKER;BOT_MAKER;VELVETFRUIT_EXTRACT;XIRECS;5297.0;5
97000;BOT_MAKER;BOT_TAKER;VELVETFRUIT_EXTRACT;XIRECS;5292.0;4
97100;BOT_MAKER;BOT_TAKER;HYDROGEL_PACK;XIRECS;9948.0;5
97200;BOT_MAKER;BOT_TAKER;HYDROGEL_PACK;XIRECS;9947.0;6
97200;BOT_MAKER;BOT_TAKER;VEV_5400;XIRECS;7.0;5
97200;BOT_MAKER;BOT_TAKER;VEV_6500;XIRECS;0.0;5
97300;BOT_MAKER;BOT_TAKER;VEV_5500;XIRECS;6.0;5
97400;BOT_MAKER;BOT_TAKER;VELVETFRUIT_EXTRACT;XIRECS;5295.0;7
97400;BOT_TAKER;BOT_MAKER;VELVETFRUIT_EXTRACT;XIRECS;5301.0;7
97400;BOT_TAKER;BOT_MAKER;VEV_6500;XIRECS;1.0;5
97600;BOT_TAKER;BOT_MAKER;VELVETFRUIT_EXTRACT;XIRECS;5300.0;4
97600;BOT_TAKER;BOT_MAKER;VEV_5300;XIRECS;57.0;4
97600;BOT_TAKER;BOT_MAKER;VEV_6500;XIRECS;1.0;4
97800;BOT_MAKER;BOT_TAKER;HYDROGEL_PACK;XIRECS;9950.0;5
97800;BOT_MAKER;BOT_TAKER;VELVETFRUIT_EXTRACT;XIRECS;5294.0;14
97900;BOT_MAKER;BOT_TAKER;HYDROGEL_PACK;XIRECS;9949.0;4
97900;BOT_TAKER;BOT_MAKER;VEV_4000;XIRECS;1299.0;3
98100;BOT_MAKER;BOT_TAKER;VEV_5400;XIRECS;7.0;5
98200;BOT_MAKER;BOT_TAKER;VEV_4000;XIRECS;1281.0;1
98300;BOT_MAKER;BOT_TAKER;HYDROGEL_PACK;XIRECS;9958.0;6
98300;BOT_MAKER;BOT_TAKER;VELVETFRUIT_EXTRACT;XIRECS;5292.0;5
98300;BOT_MAKER;BOT_TAKER;VEV_4000;XIRECS;1282.0;1
98300;BOT_MAKER;BOT_TAKER;VEV_6000;XIRECS;0.0;4
98500;BOT_MAKER;BOT_TAKER;VEV_4000;XIRECS;1283.0;3
98500;BOT_MAKER;BOT_TAKER;VEV_5500;XIRECS;6.0;5
98600;BOT_TAKER;BOT_MAKER;HYDROGEL_PACK;XIRECS;9976.0;4
98700;BOT_TAKER;BOT_MAKER;HYDROGEL_PACK;XIRECS;9975.0;3
98700;BOT_MAKER;BOT_TAKER;VELVETFRUIT_EXTRACT;XIRECS;5292.0;8
98700;BOT_MAKER;BOT_TAKER;VEV_6000;XIRECS;0.0;5
98800;BOT_TAKER;BOT_MAKER;VELVETFRUIT_EXTRACT;XIRECS;5298.0;4
98800;BOT_TAKER;BOT_MAKER;VEV_5500;XIRECS;7.0;3
98900;BOT_TAKER;BOT_MAKER;VELVETFRUIT_EXTRACT;XIRECS;5295.0;4
98900;BOT_MAKER;BOT_TAKER;VEV_4000;XIRECS;1281.0;1
98900;BOT_TAKER;BOT_MAKER;VEV_5500;XIRECS;7.0;2
99000;BOT_MAKER;BOT_TAKER;VELVETFRUIT_EXTRACT;XIRECS;5293.0;5
99000;BOT_TAKER;BOT_MAKER;VEV_5500;XIRECS;7.0;5
99000;BOT_MAKER;BOT_TAKER;VEV_6500;XIRECS;0.0;3
99100;BOT_TAKER;BOT_MAKER;VELVETFRUIT_EXTRACT;XIRECS;5300.0;5
99200;BOT_MAKER;BOT_TAKER;VEV_6500;XIRECS;0.0;2
99400;BOT_TAKER;BOT_MAKER;VEV_4000;XIRECS;1302.0;1
99500;BOT_MAKER;BOT_TAKER;VEV_6500;XIRECS;0.0;5
99600;BOT_TAKER;BOT_MAKER;VELVETFRUIT_EXTRACT;XIRECS;5302.0;7
99700;BOT_TAKER;BOT_MAKER;VEV_4000;XIRECS;1302.0;3
99800;BOT_MAKER;BOT_TAKER;VELVETFRUIT_EXTRACT;XIRECS;5297.0;7
99800;BOT_TAKER;BOT_MAKER;VEV_5500;XIRECS;7.0;2
99900;BOT_TAKER;BOT_MAKER;HYDROGEL_PACK;XIRECS;9975.0;6
99900;BOT_MAKER;BOT_TAKER;VELVETFRUIT_EXTRACT;XIRECS;5299.0;8
100000;BOT_MAKER;BOT_TAKER;VELVETFRUIT_EXTRACT;XIRECS;5300.0;7
100000;BOT_TAKER;BOT_MAKER;VEV_4000;XIRECS;1303.0;2
100000;BOT_MAKER;BOT_TAKER;VEV_5400;XIRECS;6.0;4
100100;BOT_TAKER;BOT_MAKER;HYDROGEL_PACK;XIRECS;9973.0;3
100100;BOT_TAKER;BOT_MAKER;VELVETFRUIT_EXTRACT;XIRECS;5306.0;4
100200;BOT_MAKER;BOT_TAKER;HYDROGEL_PACK;XIRECS;9959.0;6
100200;BOT_MAKER;BOT_TAKER;VELVETFRUIT_EXTRACT;XIRECS;5300.0;7
100200;BOT_TAKER;BOT_MAKER;VELVETFRUIT_EXTRACT;XIRECS;5305.0;8
100300;BOT_TAKER;BOT_MAKER;HYDROGEL_PACK;XIRECS;9976.0;5
100300;BOT_TAKER;BOT_MAKER;VELVETFRUIT_EXTRACT;XIRECS;5306.0;4
100400;BOT_MAKER;BOT_TAKER;VELVETFRUIT_EXTRACT;XIRECS;5301.0;7
100600;BOT_MAKER;BOT_TAKER;HYDROGEL_PACK;XIRECS;9961.0;3
100600;BOT_TAKER;BOT_MAKER;VELVETFRUIT_EXTRACT;XIRECS;5305.0;7
100600;BOT_MAKER;BOT_TAKER;VEV_6000;XIRECS;0.0;4
100600;BOT_MAKER;BOT_TAKER;VEV_6500;XIRECS;0.0;3
100700;BOT_MAKER;BOT_TAKER;HYDROGEL_PACK;XIRECS;9961.0;3
100800;BOT_TAKER;BOT_MAKER;HYDROGEL_PACK;XIRECS;9977.0;3
100800;BOT_MAKER;BOT_TAKER;VELVETFRUIT_EXTRACT;XIRECS;5300.0;4
100800;BOT_MAKER;BOT_TAKER;VEV_5400;XIRECS;5.0;3
100800;BOT_MAKER;BOT_TAKER;VEV_5400;XIRECS;5.0;5
100900;BOT_MAKER;BOT_TAKER;HYDROGEL_PACK;XIRECS;9958.0;6
100900;BOT_TAKER;BOT_MAKER;VEV_6000;XIRECS;1.0;2
101000;BOT_MAKER;BOT_TAKER;VEV_4000;XIRECS;1282.0;2
101100;BOT_MAKER;BOT_TAKER;HYDROGEL_PACK;XIRECS;9959.0;4
101100;BOT_TAKER;BOT_MAKER;VEV_6000;XIRECS;1.0;2
101200;BOT_TAKER;BOT_MAKER;VEV_5500;XIRECS;7.0;4
101300;BOT_TAKER;BOT_MAKER;HYDROGEL_PACK;XIRECS;9975.0;3
101300;BOT_TAKER;BOT_MAKER;VELVETFRUIT_EXTRACT;XIRECS;5307.0;6
101400;BOT_TAKER;BOT_MAKER;HYDROGEL_PACK;XIRECS;9976.0;4
101400;BOT_TAKER;BOT_MAKER;VELVETFRUIT_EXTRACT;XIRECS;5308.0;3
101500;BOT_MAKER;BOT_TAKER;HYDROGEL_PACK;XIRECS;9962.0;3
101500;BOT_TAKER;BOT_MAKER;VELVETFRUIT_EXTRACT;XIRECS;5306.0;8
101600;BOT_MAKER;BOT_TAKER;VELVETFRUIT_EXTRACT;XIRECS;5302.0;6
101700;BOT_TAKER;BOT_MAKER;VELVETFRUIT_EXTRACT;XIRECS;5308.0;5
101800;BOT_MAKER;BOT_TAKER;VEV_6500;XIRECS;0.0;4
101900;BOT_TAKER;BOT_MAKER;HYDROGEL_PACK;XIRECS;9979.0;2
101900;BOT_MAKER;BOT_TAKER;VEV_4000;XIRECS;1286.0;1
102000;BOT_MAKER;BOT_TAKER;HYDROGEL_PACK;XIRECS;9964.0;4
102000;BOT_MAKER;BOT_TAKER;VEV_4000;XIRECS;1286.0;2
102200;BOT_MAKER;BOT_TAKER;VEV_4000;XIRECS;1283.0;2
102300;BOT_TAKER;BOT_MAKER;VELVETFRUIT_EXTRACT;XIRECS;5306.0;8
102300;BOT_MAKER;BOT_TAKER;VEV_4000;XIRECS;1282.0;2
102400;BOT_TAKER;BOT_MAKER;VELVETFRUIT_EXTRACT;XIRECS;5307.0;4
102500;BOT_MAKER;BOT_TAKER;VELVETFRUIT_EXTRACT;XIRECS;5302.0;4
102600;BOT_MAKER;BOT_TAKER;VELVETFRUIT_EXTRACT;XIRECS;5302.0;7
102600;BOT_TAKER;BOT_MAKER;VEV_5300;XIRECS;58.0;4
102700;BOT_TAKER;BOT_MAKER;VELVETFRUIT_EXTRACT;XIRECS;5305.0;7
102800;BOT_MAKER;BOT_TAKER;HYDROGEL_PACK;XIRECS;9967.0;3
102900;BOT_MAKER;BOT_TAKER;VEV_5500;XIRECS;6.0;4
103000;BOT_MAKER;BOT_TAKER;HYDROGEL_PACK;XIRECS;9969.0;5
103100;BOT_TAKER;BOT_MAKER;HYDROGEL_PACK;XIRECS;9984.0;6
103100;BOT_TAKER;BOT_MAKER;VEV_5500;XIRECS;7.0;5
103200;BOT_MAKER;BOT_TAKER;VEV_5200;XIRECS;66.0;5
103300;BOT_TAKER;BOT_MAKER;HYDROGEL_PACK;XIRECS;9986.0;6
103500;BOT_MAKER;BOT_TAKER;VEV_4000;XIRECS;1286.0;1
103500;BOT_MAKER;BOT_TAKER;VEV_5400;XIRECS;5.0;2
103600;BOT_MAKER;BOT_TAKER;HYDROGEL_PACK;XIRECS;9969.0;5
103700;BOT_TAKER;BOT_MAKER;HYDROGEL_PACK;XIRECS;9982.0;5
103800;BOT_TAKER;BOT_MAKER;VEV_4000;XIRECS;1310.0;1
103900;BOT_TAKER;BOT_MAKER;VEV_4000;XIRECS;1311.0;3
104000;BOT_MAKER;BOT_TAKER;VEV_6000;XIRECS;0.0;3
104200;BOT_MAKER;BOT_TAKER;VEV_4000;XIRECS;1288.0;2
104300;BOT_TAKER;BOT_MAKER;VEV_4000;XIRECS;1310.0;1
104400;BOT_TAKER;BOT_MAKER;VELVETFRUIT_EXTRACT;XIRECS;5309.0;6
104500;BOT_TAKER;BOT_MAKER;HYDROGEL_PACK;XIRECS;9972.0;5
104600;BOT_TAKER;BOT_MAKER;VEV_4000;XIRECS;1309.0;1
104600;BOT_TAKER;BOT_MAKER;VEV_5500;XIRECS;8.0;3
104800;BOT_TAKER;BOT_MAKER;VELVETFRUIT_EXTRACT;XIRECS;5308.0;6
104800;BOT_MAKER;BOT_TAKER;VEV_5500;XIRECS;7.0;3
104800;BOT_MAKER;BOT_TAKER;VEV_6500;XIRECS;0.0;3
104900;BOT_MAKER;BOT_TAKER;VELVETFRUIT_EXTRACT;XIRECS;5304.0;6
105000;BOT_TAKER;BOT_MAKER;HYDROGEL_PACK;XIRECS;9972.0;6
105300;BOT_TAKER;BOT_MAKER;VELVETFRUIT_EXTRACT;XIRECS;5309.0;5
105300;BOT_MAKER;BOT_TAKER;VEV_4000;XIRECS;1288.0;2
105400;BOT_MAKER;BOT_TAKER;VEV_4000;XIRECS;1286.0;2
105400;BOT_TAKER;BOT_MAKER;VEV_5400;XIRECS;7.0;4
105500;BOT_TAKER;BOT_MAKER;HYDROGEL_PACK;XIRECS;9977.0;5
105500;BOT_MAKER;BOT_TAKER;VELVETFRUIT_EXTRACT;XIRECS;5306.0;8
105600;BOT_MAKER;BOT_TAKER;VELVETFRUIT_EXTRACT;XIRECS;5305.0;8
105700;BOT_TAKER;BOT_MAKER;VELVETFRUIT_EXTRACT;XIRECS;5311.0;6
105800;BOT_MAKER;BOT_TAKER;HYDROGEL_PACK;XIRECS;9960.0;3
105800;BOT_TAKER;BOT_MAKER;VELVETFRUIT_EXTRACT;XIRECS;5310.0;3
106100;BOT_TAKER;BOT_MAKER;HYDROGEL_PACK;XIRECS;9980.0;6
106100;BOT_TAKER;BOT_MAKER;VELVETFRUIT_EXTRACT;XIRECS;5310.0;6
106100;BOT_TAKER;BOT_MAKER;VEV_4000;XIRECS;1307.0;1
106200;BOT_TAKER;BOT_MAKER;HYDROGEL_PACK;XIRECS;9980.0;2
106200;BOT_TAKER;BOT_MAKER;VELVETFRUIT_EXTRACT;XIRECS;5311.0;3
106200;BOT_MAKER;BOT_TAKER;VEV_6000;XIRECS;0.0;4
106300;BOT_MAKER;BOT_TAKER;VEV_4000;XIRECS;1286.0;3
106400;BOT_TAKER;BOT_MAKER;HYDROGEL_PACK;XIRECS;9981.0;4
106400;BOT_MAKER;BOT_TAKER;VELVETFRUIT_EXTRACT;XIRECS;5306.0;8
106500;BOT_TAKER;BOT_MAKER;VELVETFRUIT_EXTRACT;XIRECS;5310.0;7
106500;BOT_MAKER;BOT_TAKER;VEV_5300;XIRECS;55.0;4
106600;BOT_TAKER;BOT_MAKER;HYDROGEL_PACK;XIRECS;9982.0;4
106600;BOT_TAKER;BOT_MAKER;VELVETFRUIT_EXTRACT;XIRECS;5310.0;4
106700;BOT_MAKER;BOT_TAKER;VEV_6000;XIRECS;0.0;3
106900;BOT_MAKER;BOT_TAKER;HYDROGEL_PACK;XIRECS;9972.0;5
106900;BOT_MAKER;BOT_TAKER;VELVETFRUIT_EXTRACT;XIRECS;5308.0;3
107100;BOT_MAKER;BOT_TAKER;HYDROGEL_PACK;XIRECS;9978.0;5
107200;BOT_TAKER;BOT_MAKER;HYDROGEL_PACK;XIRECS;9991.0;3
107200;BOT_TAKER;BOT_MAKER;VELVETFRUIT_EXTRACT;XIRECS;5313.0;11
107200;BOT_TAKER;BOT_MAKER;VEV_5400;XIRECS;8.0;4
107300;BOT_TAKER;BOT_MAKER;HYDROGEL_PACK;XIRECS;9994.0;5
107300;BOT_TAKER;BOT_MAKER;VEV_4000;XIRECS;1311.0;3
107400;BOT_TAKER;BOT_MAKER;VELVETFRUIT_EXTRACT;XIRECS;5314.0;3
107400;BOT_TAKER;BOT_MAKER;VEV_6000;XIRECS;1.0;4
107500;BOT_TAKER;BOT_MAKER;VELVETFRUIT_EXTRACT;XIRECS;5315.0;6
107700;BOT_MAKER;BOT_TAKER;VEV_6000;XIRECS;0.0;5
107800;BOT_MAKER;BOT_TAKER;VELVETFRUIT_EXTRACT;XIRECS;5306.0;5
107900;BOT_TAKER;BOT_MAKER;VEV_5500;XIRECS;9.0;4
107900;BOT_MAKER;BOT_TAKER;VEV_6000;XIRECS;0.0;4
108000;BOT_MAKER;BOT_TAKER;VELVETFRUIT_EXTRACT;XIRECS;5306.0;4
108000;BOT_TAKER;BOT_MAKER;VEV_5200;XIRECS;71.0;4
108100;BOT_TAKER;BOT_MAKER;HYDROGEL_PACK;XIRECS;9994.0;3
108100;BOT_TAKER;BOT_MAKER;VELVETFRUIT_EXTRACT;XIRECS;5313.0;8
108200;BOT_TAKER;BOT_MAKER;HYDROGEL_PACK;XIRECS;9992.0;5
108200;BOT_TAKER;BOT_MAKER;VELVETFRUIT_EXTRACT;XIRECS;5313.0;7
108200;BOT_TAKER;BOT_MAKER;VEV_5400;XIRECS;8.0;4
108400;BOT_TAKER;BOT_MAKER;HYDROGEL_PACK;XIRECS;9988.0;6
108400;BOT_TAKER;BOT_MAKER;VELVETFRUIT_EXTRACT;XIRECS;5312.0;7
108500;BOT_TAKER;BOT_MAKER;HYDROGEL_PACK;XIRECS;9988.0;6
108500;BOT_TAKER;BOT_MAKER;VELVETFRUIT_EXTRACT;XIRECS;5313.0;5
108600;BOT_MAKER;BOT_TAKER;VELVETFRUIT_EXTRACT;XIRECS;5305.0;8
108700;BOT_MAKER;BOT_TAKER;HYDROGEL_PACK;XIRECS;9970.0;5
108700;BOT_TAKER;BOT_MAKER;VELVETFRUIT_EXTRACT;XIRECS;5312.0;6
108700;BOT_TAKER;BOT_MAKER;VEV_5400;XIRECS;8.0;4
108800;BOT_MAKER;BOT_TAKER;HYDROGEL_PACK;XIRECS;9969.0;5
108900;BOT_MAKER;BOT_TAKER;VELVETFRUIT_EXTRACT;XIRECS;5305.0;7
108900;BOT_MAKER;BOT_TAKER;VEV_5300;XIRECS;58.0;3
109000;BOT_TAKER;BOT_MAKER;VEV_6000;XIRECS;1.0;5
109100;BOT_MAKER;BOT_TAKER;HYDROGEL_PACK;XIRECS;9970.0;4
109100;BOT_TAKER;BOT_MAKER;VEV_6500;XIRECS;1.0;4
109200;BOT_MAKER;BOT_TAKER;VEV_4000;XIRECS;1285.0;3
109300;BOT_TAKER;BOT_MAKER;HYDROGEL_PACK;XIRECS;9989.0;4
109300;BOT_MAKER;BOT_TAKER;VELVETFRUIT_EXTRACT;XIRECS;5306.0;6
109500;BOT_MAKER;BOT_TAKER;HYDROGEL_PACK;XIRECS;9971.0;2
109500;BOT_TAKER;BOT_MAKER;VEV_5500;XIRECS;9.0;4
109500;BOT_TAKER;BOT_MAKER;VEV_6500;XIRECS;1.0;2
109600;BOT_MAKER;BOT_TAKER;VELVETFRUIT_EXTRACT;XIRECS;5305.0;6
109700;BOT_TAKER;BOT_MAKER;VELVETFRUIT_EXTRACT;XIRECS;5312.0;5
109700;BOT_TAKER;BOT_MAKER;VEV_6000;XIRECS;1.0;2
109800;BOT_TAKER;BOT_MAKER;VELVETFRUIT_EXTRACT;XIRECS;5312.0;7
109900;BOT_MAKER;BOT_TAKER;HYDROGEL_PACK;XIRECS;9967.0;4
109900;BOT_TAKER;BOT_MAKER;VELVETFRUIT_EXTRACT;XIRECS;5313.0;4
110000;BOT_TAKER;BOT_MAKER;HYDROGEL_PACK;XIRECS;9982.0;4
110100;BOT_TAKER;BOT_MAKER;VEV_5400;XIRECS;9.0;3
110200;BOT_MAKER;BOT_TAKER;HYDROGEL_PACK;XIRECS;9967.0;6
110200;BOT_MAKER;BOT_TAKER;VEV_4000;XIRECS;1280.0;3
110300;BOT_MAKER;BOT_TAKER;HYDROGEL_PACK;XIRECS;9963.0;3
110300;BOT_MAKER;BOT_TAKER;VEV_6000;XIRECS;0.0;2
110400;BOT_TAKER;BOT_MAKER;VELVETFRUIT_EXTRACT;XIRECS;5311.0;4
110500;BOT_MAKER;BOT_TAKER;VEV_5400;XIRECS;8.0;2
110600;BOT_TAKER;BOT_MAKER;HYDROGEL_PACK;XIRECS;9979.0;6
110600;BOT_TAKER;BOT_MAKER;VELVETFRUIT_EXTRACT;XIRECS;5310.0;8
110600;BOT_MAKER;BOT_TAKER;VEV_6500;XIRECS;0.0;3
110700;BOT_TAKER;BOT_MAKER;HYDROGEL_PACK;XIRECS;9982.0;3
110700;BOT_MAKER;BOT_TAKER;VEV_5500;XIRECS;9.0;5
110800;BOT_MAKER;BOT_TAKER;VELVETFRUIT_EXTRACT;XIRECS;5306.0;6
110900;BOT_TAKER;BOT_MAKER;VELVETFRUIT_EXTRACT;XIRECS;5310.0;6
111000;BOT_MAKER;BOT_TAKER;VELVETFRUIT_EXTRACT;XIRECS;5305.0;4
111100;BOT_TAKER;BOT_MAKER;HYDROGEL_PACK;XIRECS;9981.0;6
111200;BOT_MAKER;BOT_TAKER;HYDROGEL_PACK;XIRECS;9962.0;2
111200;BOT_TAKER;BOT_MAKER;VEV_5500;XIRECS;10.0;4
111500;BOT_TAKER;BOT_MAKER;VELVETFRUIT_EXTRACT;XIRECS;5310.0;10
111800;BOT_TAKER;BOT_MAKER;HYDROGEL_PACK;XIRECS;9974.0;2
111800;BOT_MAKER;BOT_TAKER;VELVETFRUIT_EXTRACT;XIRECS;5304.0;7
111900;BOT_MAKER;BOT_TAKER;VELVETFRUIT_EXTRACT;XIRECS;5303.0;3
112000;BOT_TAKER;BOT_MAKER;VEV_6000;XIRECS;1.0;5
112100;BOT_MAKER;BOT_TAKER;VEV_5500;XIRECS;8.0;2
112100;BOT_TAKER;BOT_MAKER;VEV_6000;XIRECS;1.0;5
112200;BOT_MAKER;BOT_TAKER;VELVETFRUIT_EXTRACT;XIRECS;5304.0;5
112200;BOT_TAKER;BOT_MAKER;VEV_5500;XIRECS;10.0;4
112300;BOT_MAKER;BOT_TAKER;VEV_6500;XIRECS;0.0;4
112400;BOT_TAKER;BOT_MAKER;VEV_5500;XIRECS;9.0;5
112500;BOT_TAKER;BOT_MAKER;VEV_4000;XIRECS;1303.0;3
112500;BOT_MAKER;BOT_TAKER;VEV_4000;XIRECS;1282.0;2
112600;BOT_TAKER;BOT_MAKER;VELVETFRUIT_EXTRACT;XIRECS;5310.0;4
112700;BOT_MAKER;BOT_TAKER;VEV_6000;XIRECS;0.0;4
112800;BOT_MAKER;BOT_TAKER;HYDROGEL_PACK;XIRECS;9964.0;3
112800;BOT_TAKER;BOT_MAKER;VELVETFRUIT_EXTRACT;XIRECS;5310.0;5
112900;BOT_TAKER;BOT_MAKER;VELVETFRUIT_EXTRACT;XIRECS;5309.0;4
113000;BOT_MAKER;BOT_TAKER;VEV_5500;XIRECS;8.0;3
113100;BOT_TAKER;BOT_MAKER;VELVETFRUIT_EXTRACT;XIRECS;5311.0;5
113100;BOT_TAKER;BOT_MAKER;VEV_5300;XIRECS;57.0;4
113200;BOT_MAKER;BOT_TAKER;VEV_4000;XIRECS;1287.0;3
113300;BOT_MAKER;BOT_TAKER;VELVETFRUIT_EXTRACT;XIRECS;5304.0;9
113400;BOT_MAKER;BOT_TAKER;VEV_5500;XIRECS;8.0;4
113400;BOT_TAKER;BOT_MAKER;VEV_6000;XIRECS;1.0;4
113600;BOT_MAKER;BOT_TAKER;HYDROGEL_PACK;XIRECS;9964.0;6
113700;BOT_TAKER;BOT_MAKER;HYDROGEL_PACK;XIRECS;9982.0;4
113700;BOT_TAKER;BOT_MAKER;VEV_6500;XIRECS;1.0;5
113900;BOT_TAKER;BOT_MAKER;VELVETFRUIT_EXTRACT;XIRECS;5308.0;11
113900;BOT_TAKER;BOT_MAKER;VEV_5400;XIRECS;10.0;2
113900;BOT_MAKER;BOT_TAKER;VEV_5500;XIRECS;8.0;3
114000;BOT_TAKER;BOT_MAKER;VEV_4000;XIRECS;1306.0;1
114100;BOT_TAKER;BOT_MAKER;VELVETFRUIT_EXTRACT;XIRECS;5308.0;4
114200;BOT_MAKER;BOT_TAKER;VEV_4000;XIRECS;1284.0;3
114200;BOT_TAKER;BOT_MAKER;VEV_6000;XIRECS;1.0;5
114300;BOT_MAKER;BOT_TAKER;VELVETFRUIT_EXTRACT;XIRECS;5302.0;10
114300;BOT_TAKER;BOT_MAKER;VEV_4000;XIRECS;1306.0;3
114400;BOT_TAKER;BOT_MAKER;VEV_4000;XIRECS;1305.0;3
114500;BOT_MAKER;BOT_TAKER;VELVETFRUIT_EXTRACT;XIRECS;5303.0;5
114500;BOT_MAKER;BOT_TAKER;VEV_4000;XIRECS;1283.0;1
114500;BOT_MAKER;BOT_TAKER;VEV_6000;XIRECS;0.0;5
114800;BOT_TAKER;BOT_MAKER;HYDROGEL_PACK;XIRECS;9976.0;2
115000;BOT_MAKER;BOT_TAKER;VEV_5500;XIRECS;8.0;5
115100;BOT_MAKER;BOT_TAKER;VEV_4000;XIRECS;1283.0;1
115100;BOT_TAKER;BOT_MAKER;VEV_4000;XIRECS;1304.0;2
115200;BOT_MAKER;BOT_TAKER;VEV_4000;XIRECS;1283.0;1
115300;BOT_MAKER;BOT_TAKER;VELVETFRUIT_EXTRACT;XIRECS;5304.0;5
115300;BOT_TAKER;BOT_MAKER;VEV_4000;XIRECS;1305.0;2
115500;BOT_MAKER;BOT_TAKER;VEV_4000;XIRECS;1284.0;2
115600;BOT_TAKER;BOT_MAKER;HYDROGEL_PACK;XIRECS;9977.0;5
115600;BOT_MAKER;BOT_TAKER;VEV_4000;XIRECS;1285.0;2
115700;BOT_MAKER;BOT_TAKER;VEV_4000;XIRECS;1288.0;1
115700;BOT_MAKER;BOT_TAKER;VEV_4000;XIRECS;1288.0;1
115900;BOT_MAKER;BOT_TAKER;HYDROGEL_PACK;XIRECS;9959.0;6
115900;BOT_MAKER;BOT_TAKER;VELVETFRUIT_EXTRACT;XIRECS;5304.0;3
115900;BOT_TAKER;BOT_MAKER;VEV_6000;XIRECS;1.0;4
116100;BOT_MAKER;BOT_TAKER;HYDROGEL_PACK;XIRECS;9958.0;5
116100;BOT_MAKER;BOT_TAKER;VELVETFRUIT_EXTRACT;XIRECS;5304.0;6
116100;BOT_MAKER;BOT_TAKER;VEV_4000;XIRECS;1285.0;1
116200;BOT_MAKER;BOT_TAKER;HYDROGEL_PACK;XIRECS;9957.0;3
116300;BOT_MAKER;BOT_TAKER;HYDROGEL_PACK;XIRECS;9957.0;2
116400;BOT_TAKER;BOT_MAKER;VELVETFRUIT_EXTRACT;XIRECS;5309.0;10
116500;BOT_TAKER;BOT_MAKER;VELVETFRUIT_EXTRACT;XIRECS;5310.0;15
116600;BOT_TAKER;BOT_MAKER;HYDROGEL_PACK;XIRECS;9974.0;4
116700;BOT_TAKER;BOT_MAKER;HYDROGEL_PACK;XIRECS;9976.0;2
116700;BOT_MAKER;BOT_TAKER;VEV_4000;XIRECS;1285.0;1
117000;BOT_TAKER;BOT_MAKER;HYDROGEL_PACK;XIRECS;9974.0;2
117100;BOT_MAKER;BOT_TAKER;VELVETFRUIT_EXTRACT;XIRECS;5307.0;5
117200;BOT_TAKER;BOT_MAKER;VELVETFRUIT_EXTRACT;XIRECS;5311.0;6
117200;BOT_TAKER;BOT_MAKER;VEV_6500;XIRECS;1.0;5
117300;BOT_TAKER;BOT_MAKER;HYDROGEL_PACK;XIRECS;9973.0;2
117300;BOT_MAKER;BOT_TAKER;VELVETFRUIT_EXTRACT;XIRECS;5306.0;6
117400;BOT_MAKER;BOT_TAKER;VELVETFRUIT_EXTRACT;XIRECS;5307.0;6
117400;BOT_MAKER;BOT_TAKER;VEV_6000;XIRECS;0.0;3
117400;BOT_TAKER;BOT_MAKER;VEV_6500;XIRECS;1.0;5
117600;BOT_MAKER;BOT_TAKER;VELVETFRUIT_EXTRACT;XIRECS;5305.0;8
117600;BOT_TAKER;BOT_MAKER;VEV_5200;XIRECS;86.0;4
117700;BOT_MAKER;BOT_TAKER;VELVETFRUIT_EXTRACT;XIRECS;5307.0;13
117800;BOT_MAKER;BOT_TAKER;HYDROGEL_PACK;XIRECS;9953.0;6
117900;BOT_TAKER;BOT_MAKER;VELVETFRUIT_EXTRACT;XIRECS;5313.0;3
118100;BOT_TAKER;BOT_MAKER;HYDROGEL_PACK;XIRECS;9972.0;6
118100;BOT_MAKER;BOT_TAKER;VELVETFRUIT_EXTRACT;XIRECS;5304.0;8
118200;BOT_MAKER;BOT_TAKER;VELVETFRUIT_EXTRACT;XIRECS;5308.0;4
118200;BOT_MAKER;BOT_TAKER;VEV_5500;XIRECS;8.0;2
118300;BOT_MAKER;BOT_TAKER;HYDROGEL_PACK;XIRECS;9954.0;3
118400;BOT_MAKER;BOT_TAKER;HYDROGEL_PACK;XIRECS;9953.0;2
118400;BOT_TAKER;BOT_MAKER;VEV_5400;XIRECS;9.0;5
118400;BOT_TAKER;BOT_MAKER;VEV_6000;XIRECS;1.0;4
118800;BOT_TAKER;BOT_MAKER;VEV_5500;XIRECS;9.0;2
118900;BOT_MAKER;BOT_TAKER;VELVETFRUIT_EXTRACT;XIRECS;5307.0;5
119000;BOT_MAKER;BOT_TAKER;VEV_6500;XIRECS;0.0;4
119100;BOT_TAKER;BOT_MAKER;HYDROGEL_PACK;XIRECS;9973.0;4
119100;BOT_MAKER;BOT_TAKER;VELVETFRUIT_EXTRACT;XIRECS;5306.0;5
119200;BOT_TAKER;BOT_MAKER;VELVETFRUIT_EXTRACT;XIRECS;5311.0;3
119200;BOT_MAKER;BOT_TAKER;VEV_6500;XIRECS;0.0;3
119300;BOT_MAKER;BOT_TAKER;VEV_6500;XIRECS;0.0;5
119400;BOT_TAKER;BOT_MAKER;VELVETFRUIT_EXTRACT;XIRECS;5311.0;6
119500;BOT_TAKER;BOT_MAKER;VELVETFRUIT_EXTRACT;XIRECS;5313.0;4
119600;BOT_TAKER;BOT_MAKER;HYDROGEL_PACK;XIRECS;9970.0;5
119600;BOT_TAKER;BOT_MAKER;VEV_6500;XIRECS;1.0;3
119700;BOT_MAKER;BOT_TAKER;HYDROGEL_PACK;XIRECS;9955.0;2
119700;BOT_TAKER;BOT_MAKER;VEV_6000;XIRECS;1.0;5
119700;BOT_TAKER;BOT_MAKER;VEV_6500;XIRECS;1.0;2
119800;BOT_TAKER;BOT_MAKER;VEV_6500;XIRECS;1.0;3
119900;BOT_MAKER;BOT_TAKER;HYDROGEL_PACK;XIRECS;9952.0;4
119900;BOT_MAKER;BOT_TAKER;VELVETFRUIT_EXTRACT;XIRECS;5308.0;6
120000;BOT_MAKER;BOT_TAKER;VELVETFRUIT_EXTRACT;XIRECS;5308.0;9
120100;BOT_MAKER;BOT_TAKER;VELVETFRUIT_EXTRACT;XIRECS;5307.0;6
120100;BOT_TAKER;BOT_MAKER;VEV_6500;XIRECS;1.0;3
120200;BOT_TAKER;BOT_MAKER;VELVETFRUIT_EXTRACT;XIRECS;5311.0;3
120200;BOT_MAKER;BOT_TAKER;VEV_6500;XIRECS;0.0;4
120300;BOT_MAKER;BOT_TAKER;HYDROGEL_PACK;XIRECS;9950.0;6
120300;BOT_TAKER;BOT_MAKER;VELVETFRUIT_EXTRACT;XIRECS;5312.0;6
120400;BOT_MAKER;BOT_TAKER;VELVETFRUIT_EXTRACT;XIRECS;5307.0;3
120500;BOT_TAKER;BOT_MAKER;VEV_6500;XIRECS;1.0;5
120600;BOT_TAKER;BOT_MAKER;HYDROGEL_PACK;XIRECS;9962.0;3
120600;BOT_MAKER;BOT_TAKER;VELVETFRUIT_EXTRACT;XIRECS;5305.0;5
120600;BOT_MAKER;BOT_TAKER;VELVETFRUIT_EXTRACT;XIRECS;5305.0;7
120700;BOT_TAKER;BOT_MAKER;HYDROGEL_PACK;XIRECS;9962.0;3
120700;BOT_MAKER;BOT_TAKER;VEV_4000;XIRECS;1288.0;2
120800;BOT_TAKER;BOT_MAKER;HYDROGEL_PACK;XIRECS;9960.0;5
120900;BOT_MAKER;BOT_TAKER;HYDROGEL_PACK;XIRECS;9945.0;5
120900;BOT_TAKER;BOT_MAKER;VEV_5300;XIRECS;55.0;2
120900;BOT_TAKER;BOT_MAKER;VEV_6500;XIRECS;1.0;2
121000;BOT_TAKER;BOT_MAKER;HYDROGEL_PACK;XIRECS;9963.0;3
121000;BOT_MAKER;BOT_TAKER;VELVETFRUIT_EXTRACT;XIRECS;5305.0;8
121300;BOT_TAKER;BOT_MAKER;VEV_6500;XIRECS;1.0;4
121400;BOT_TAKER;BOT_MAKER;VELVETFRUIT_EXTRACT;XIRECS;5309.0;5
121500;BOT_TAKER;BOT_MAKER;HYDROGEL_PACK;XIRECS;9962.0;6
121600;BOT_MAKER;BOT_TAKER;VELVETFRUIT_EXTRACT;XIRECS;5307.0;7
121900;BOT_MAKER;BOT_TAKER;HYDROGEL_PACK;XIRECS;9950.0;6
121900;BOT_MAKER;BOT_TAKER;VELVETFRUIT_EXTRACT;XIRECS;5307.0;6
121900;BOT_TAKER;BOT_MAKER;VEV_5500;XIRECS;10.0;4
121900;BOT_MAKER;BOT_TAKER;VEV_6000;XIRECS;0.0;2
122000;BOT_TAKER;BOT_MAKER;VELVETFRUIT_EXTRACT;XIRECS;5311.0;4
122100;BOT_MAKER;BOT_TAKER;VEV_6500;XIRECS;0.0;3
122300;BOT_TAKER;BOT_MAKER;VEV_4000;XIRECS;1313.0;1
122300;BOT_TAKER;BOT_MAKER;VEV_5500;XIRECS;9.0;4
122400;BOT_MAKER;BOT_TAKER;HYDROGEL_PACK;XIRECS;9947.0;2
122500;BOT_MAKER;BOT_TAKER;VELVETFRUIT_EXTRACT;XIRECS;5306.0;7
122500;BOT_MAKER;BOT_TAKER;VEV_5400;XIRECS;8.0;4
122600;BOT_MAKER;BOT_TAKER;VELVETFRUIT_EXTRACT;XIRECS;5307.0;8
122600;BOT_TAKER;BOT_MAKER;VEV_5400;XIRECS;10.0;2
122700;BOT_MAKER;BOT_TAKER;VEV_5200;XIRECS;85.0;5
122800;BOT_TAKER;BOT_MAKER;VELVETFRUIT_EXTRACT;XIRECS;5313.0;3
122900;BOT_TAKER;BOT_MAKER;HYDROGEL_PACK;XIRECS;9966.0;6
122900;BOT_MAKER;BOT_TAKER;VELVETFRUIT_EXTRACT;XIRECS;5310.0;5
123100;BOT_TAKER;BOT_MAKER;VELVETFRUIT_EXTRACT;XIRECS;5316.0;7
123400;BOT_MAKER;BOT_TAKER;HYDROGEL_PACK;XIRECS;9950.0;6
123500;BOT_MAKER;BOT_TAKER;VELVETFRUIT_EXTRACT;XIRECS;5313.0;6
123500;BOT_TAKER;BOT_MAKER;VEV_6000;XIRECS;1.0;5
123600;BOT_MAKER;BOT_TAKER;VEV_5500;XIRECS;8.0;5
123600;BOT_TAKER;BOT_MAKER;VEV_6000;XIRECS;1.0;2
123700;BOT_TAKER;BOT_MAKER;HYDROGEL_PACK;XIRECS;9968.0;5
123800;BOT_MAKER;BOT_TAKER;HYDROGEL_PACK;XIRECS;9951.0;6
123800;BOT_MAKER;BOT_TAKER;VELVETFRUIT_EXTRACT;XIRECS;5312.0;8
123900;BOT_TAKER;BOT_MAKER;VELVETFRUIT_EXTRACT;XIRECS;5318.0;8
124000;BOT_MAKER;BOT_TAKER;HYDROGEL_PACK;XIRECS;9950.0;3
124000;BOT_MAKER;BOT_TAKER;VEV_5400;XIRECS;8.0;2
124000;BOT_TAKER;BOT_MAKER;VEV_6500;XIRECS;1.0;2
124100;BOT_MAKER;BOT_TAKER;VEV_4000;XIRECS;1297.0;2
124100;BOT_MAKER;BOT_TAKER;VEV_5500;XIRECS;8.0;5
124200;BOT_MAKER;BOT_TAKER;HYDROGEL_PACK;XIRECS;9952.0;6
124200;BOT_MAKER;BOT_TAKER;VELVETFRUIT_EXTRACT;XIRECS;5312.0;6
124200;BOT_MAKER;BOT_TAKER;VEV_6000;XIRECS;0.0;2
124200;BOT_TAKER;BOT_MAKER;VEV_6500;XIRECS;1.0;4
124500;BOT_TAKER;BOT_MAKER;VEV_6500;XIRECS;1.0;4
124600;BOT_MAKER;BOT_TAKER;VELVETFRUIT_EXTRACT;XIRECS;5313.0;3
124600;BOT_TAKER;BOT_MAKER;VEV_4000;XIRECS;1319.0;3
124600;BOT_TAKER;BOT_MAKER;VEV_5500;XIRECS;9.0;5
124700;BOT_MAKER;BOT_TAKER;VELVETFRUIT_EXTRACT;XIRECS;5313.0;8
124700;BOT_TAKER;BOT_MAKER;VEV_4000;XIRECS;1320.0;3
124800;BOT_TAKER;BOT_MAKER;VELVETFRUIT_EXTRACT;XIRECS;5318.0;4
124900;BOT_MAKER;BOT_TAKER;VEV_4000;XIRECS;1298.0;2
124900;BOT_TAKER;BOT_MAKER;VEV_5400;XIRECS;8.0;4
124900;BOT_MAKER;BOT_TAKER;VEV_6000;XIRECS;0.0;2
125000;BOT_MAKER;BOT_TAKER;VEV_5300;XIRECS;54.0;3
125200;BOT_TAKER;BOT_MAKER;VELVETFRUIT_EXTRACT;XIRECS;5319.0;5
125400;BOT_TAKER;BOT_MAKER;VELVETFRUIT_EXTRACT;XIRECS;5318.0;5
125400;BOT_MAKER;BOT_TAKER;VEV_5400;XIRECS;8.0;2
125500;BOT_TAKER;BOT_MAKER;HYDROGEL_PACK;XIRECS;9962.0;5
125500;BOT_TAKER;BOT_MAKER;VEV_6000;XIRECS;1.0;2
125600;BOT_MAKER;BOT_TAKER;VEV_6500;XIRECS;0.0;5
125800;BOT_MAKER;BOT_TAKER;VEV_4000;XIRECS;1291.0;2
125900;BOT_TAKER;BOT_MAKER;HYDROGEL_PACK;XIRECS;9963.0;4
126000;BOT_TAKER;BOT_MAKER;HYDROGEL_PACK;XIRECS;9962.0;2
126000;BOT_TAKER;BOT_MAKER;VELVETFRUIT_EXTRACT;XIRECS;5318.0;7
126000;BOT_TAKER;BOT_MAKER;VEV_5500;XIRECS;9.0;4
126200;BOT_MAKER;BOT_TAKER;HYDROGEL_PACK;XIRECS;9949.0;4
126200;BOT_TAKER;BOT_MAKER;VELVETFRUIT_EXTRACT;XIRECS;5319.0;6
126300;BOT_MAKER;BOT_TAKER;VELVETFRUIT_EXTRACT;XIRECS;5313.0;7
126400;BOT_TAKER;BOT_MAKER;VEV_6000;XIRECS;1.0;5
126600;BOT_TAKER;BOT_MAKER;VEV_5500;XIRECS;9.0;5
126900;BOT_TAKER;BOT_MAKER;VEV_4000;XIRECS;1314.0;1
127000;BOT_MAKER;BOT_TAKER;VEV_6000;XIRECS;0.0;2
127200;BOT_TAKER;BOT_MAKER;VELVETFRUIT_EXTRACT;XIRECS;5319.0;13
127200;BOT_TAKER;BOT_MAKER;VEV_5500;XIRECS;9.0;4
127300;BOT_TAKER;BOT_MAKER;VELVETFRUIT_EXTRACT;XIRECS;5320.0;6
127400;BOT_MAKER;BOT_TAKER;VELVETFRUIT_EXTRACT;XIRECS;5313.0;7
127600;BOT_TAKER;BOT_MAKER;HYDROGEL_PACK;XIRECS;9961.0;2
127800;BOT_TAKER;BOT_MAKER;HYDROGEL_PACK;XIRECS;9962.0;5
127800;BOT_MAKER;BOT_TAKER;VELVETFRUIT_EXTRACT;XIRECS;5314.0;6
127900;BOT_TAKER;BOT_MAKER;VELVETFRUIT_EXTRACT;XIRECS;5319.0;8
127900;BOT_TAKER;BOT_MAKER;VEV_4000;XIRECS;1316.0;3
128000;BOT_TAKER;BOT_MAKER;HYDROGEL_PACK;XIRECS;9963.0;5
128000;BOT_TAKER;BOT_MAKER;VEV_5300;XIRECS;60.0;2
128100;BOT_TAKER;BOT_MAKER;HYDROGEL_PACK;XIRECS;9962.0;2
128200;BOT_TAKER;BOT_MAKER;VELVETFRUIT_EXTRACT;XIRECS;5318.0;4
128300;BOT_TAKER;BOT_MAKER;VELVETFRUIT_EXTRACT;XIRECS;5319.0;5
128300;BOT_MAKER;BOT_TAKER;VEV_4000;XIRECS;1295.0;2
128300;BOT_TAKER;BOT_MAKER;VEV_6500;XIRECS;1.0;2
128400;BOT_MAKER;BOT_TAKER;VEV_6000;XIRECS;0.0;5
128500;BOT_MAKER;BOT_TAKER;HYDROGEL_PACK;XIRECS;9934.0;2
128500;BOT_TAKER;BOT_MAKER;VELVETFRUIT_EXTRACT;XIRECS;5322.0;8
128600;BOT_TAKER;BOT_MAKER;VEV_4000;XIRECS;1321.0;1
128700;BOT_MAKER;BOT_TAKER;VELVETFRUIT_EXTRACT;XIRECS;5316.0;8
128700;BOT_MAKER;BOT_TAKER;VEV_4000;XIRECS;1299.0;2
128700;BOT_MAKER;BOT_TAKER;VEV_6500;XIRECS;0.0;3
128900;BOT_MAKER;BOT_TAKER;HYDROGEL_PACK;XIRECS;9930.0;5
129000;BOT_MAKER;BOT_TAKER;HYDROGEL_PACK;XIRECS;9929.0;3
129000;BOT_MAKER;BOT_TAKER;VELVETFRUIT_EXTRACT;XIRECS;5316.0;7
129100;BOT_TAKER;BOT_MAKER;HYDROGEL_PACK;XIRECS;9949.0;4
129100;BOT_TAKER;BOT_MAKER;VEV_4000;XIRECS;1318.0;2
129100;BOT_TAKER;BOT_MAKER;VEV_6500;XIRECS;1.0;2
129200;BOT_MAKER;BOT_TAKER;HYDROGEL_PACK;XIRECS;9933.0;6
129500;BOT_MAKER;BOT_TAKER;VELVETFRUIT_EXTRACT;XIRECS;5318.0;5
129600;BOT_TAKER;BOT_MAKER;VELVETFRUIT_EXTRACT;XIRECS;5325.0;6
129600;BOT_TAKER;BOT_MAKER;VEV_6000;XIRECS;1.0;5
129700;BOT_TAKER;BOT_MAKER;VEV_5200;XIRECS;87.0;4
129800;BOT_MAKER;BOT_TAKER;HYDROGEL_PACK;XIRECS;9928.0;2
129800;BOT_MAKER;BOT_TAKER;VELVETFRUIT_EXTRACT;XIRECS;5319.0;4
129800;BOT_MAKER;BOT_TAKER;VEV_4000;XIRECS;1297.0;2
129800;BOT_MAKER;BOT_TAKER;VEV_6000;XIRECS;0.0;5
129900;BOT_TAKER;BOT_MAKER;HYDROGEL_PACK;XIRECS;9944.0;2
129900;BOT_MAKER;BOT_TAKER;VEV_4000;XIRECS;1298.0;3
129900;BOT_MAKER;BOT_TAKER;VEV_5500;XIRECS;7.0;5
130000;BOT_TAKER;BOT_MAKER;HYDROGEL_PACK;XIRECS;9941.0;6
130000;BOT_TAKER;BOT_MAKER;VELVETFRUIT_EXTRACT;XIRECS;5323.0;8
130100;BOT_MAKER;BOT_TAKER;VELVETFRUIT_EXTRACT;XIRECS;5317.0;3
130200;BOT_MAKER;BOT_TAKER;VELVETFRUIT_EXTRACT;XIRECS;5316.0;3
130200;BOT_TAKER;BOT_MAKER;VEV_6500;XIRECS;1.0;2
130300;BOT_MAKER;BOT_TAKER;HYDROGEL_PACK;XIRECS;9919.0;6
130300;BOT_MAKER;BOT_TAKER;VELVETFRUIT_EXTRACT;XIRECS;5315.0;11
130500;BOT_MAKER;BOT_TAKER;VELVETFRUIT_EXTRACT;XIRECS;5313.0;4
130700;BOT_MAKER;BOT_TAKER;VELVETFRUIT_EXTRACT;XIRECS;5313.0;6
130800;BOT_MAKER;BOT_TAKER;VELVETFRUIT_EXTRACT;XIRECS;5314.0;8
130800;BOT_TAKER;BOT_MAKER;VEV_5300;XIRECS;53.0;5
130800;BOT_TAKER;BOT_MAKER;VEV_6500;XIRECS;1.0;5
130900;BOT_MAKER;BOT_TAKER;VEV_4000;XIRECS;1297.0;2
131000;BOT_TAKER;BOT_MAKER;HYDROGEL_PACK;XIRECS;9932.0;4
131100;BOT_TAKER;BOT_MAKER;VEV_6500;XIRECS;1.0;4
131200;BOT_TAKER;BOT_MAKER;HYDROGEL_PACK;XIRECS;9933.0;6
131200;BOT_TAKER;BOT_MAKER;VELVETFRUIT_EXTRACT;XIRECS;5318.0;10
131200;BOT_MAKER;BOT_TAKER;VEV_6500;XIRECS;0.0;5
131200;BOT_MAKER;BOT_TAKER;VEV_6500;XIRECS;0.0;4
131300;BOT_MAKER;BOT_TAKER;VEV_5500;XIRECS;8.0;4
131500;BOT_MAKER;BOT_TAKER;HYDROGEL_PACK;XIRECS;9916.0;6
131500;BOT_MAKER;BOT_TAKER;VELVETFRUIT_EXTRACT;XIRECS;5313.0;8
131500;BOT_MAKER;BOT_TAKER;VEV_6500;XIRECS;0.0;3
131600;BOT_MAKER;BOT_TAKER;VELVETFRUIT_EXTRACT;XIRECS;5315.0;6
131700;BOT_MAKER;BOT_TAKER;HYDROGEL_PACK;XIRECS;9919.0;6
131700;BOT_MAKER;BOT_TAKER;VELVETFRUIT_EXTRACT;XIRECS;5315.0;5
131700;BOT_TAKER;BOT_MAKER;VEV_4000;XIRECS;1314.0;1
131800;BOT_TAKER;BOT_MAKER;VEV_6500;XIRECS;1.0;3
131900;BOT_MAKER;BOT_TAKER;VELVETFRUIT_EXTRACT;XIRECS;5316.0;3
131900;BOT_TAKER;BOT_MAKER;VEV_4000;XIRECS;1313.0;3
132000;BOT_TAKER;BOT_MAKER;HYDROGEL_PACK;XIRECS;9939.0;2
132000;BOT_TAKER;BOT_MAKER;VELVETFRUIT_EXTRACT;XIRECS;5322.0;4
132000;BOT_TAKER;BOT_MAKER;VEV_4000;XIRECS;1314.0;3
132100;BOT_TAKER;BOT_MAKER;VELVETFRUIT_EXTRACT;XIRECS;5322.0;3
132200;BOT_MAKER;BOT_TAKER;HYDROGEL_PACK;XIRECS;9924.0;3
132200;BOT_TAKER;BOT_MAKER;VELVETFRUIT_EXTRACT;XIRECS;5323.0;5
132200;BOT_MAKER;BOT_TAKER;VEV_5300;XIRECS;52.0;3
132300;BOT_TAKER;BOT_MAKER;VEV_5400;XIRECS;12.0;2
132300;BOT_TAKER;BOT_MAKER;VEV_6000;XIRECS;1.0;4
132400;BOT_MAKER;BOT_TAKER;HYDROGEL_PACK;XIRECS;9923.0;6
132400;BOT_TAKER;BOT_MAKER;VELVETFRUIT_EXTRACT;XIRECS;5323.0;4
132500;BOT_MAKER;BOT_TAKER;HYDROGEL_PACK;XIRECS;9925.0;4
132500;BOT_MAKER;BOT_TAKER;VEV_6500;XIRECS;0.0;3
132800;BOT_MAKER;BOT_TAKER;HYDROGEL_PACK;XIRECS;9923.0;3
132800;BOT_TAKER;BOT_MAKER;HYDROGEL_PACK;XIRECS;9939.0;3
132900;BOT_TAKER;BOT_MAKER;HYDROGEL_PACK;XIRECS;9941.0;2
133000;BOT_MAKER;BOT_TAKER;HYDROGEL_PACK;XIRECS;9921.0;6
133000;BOT_TAKER;BOT_MAKER;VELVETFRUIT_EXTRACT;XIRECS;5326.0;6
133000;BOT_MAKER;BOT_TAKER;VEV_5500;XIRECS;7.0;3
133100;BOT_MAKER;BOT_TAKER;VEV_5200;XIRECS;78.0;5
133300;BOT_MAKER;BOT_TAKER;VELVETFRUIT_EXTRACT;XIRECS;5322.0;8
133300;BOT_TAKER;BOT_MAKER;VELVETFRUIT_EXTRACT;XIRECS;5326.0;8
133400;BOT_MAKER;BOT_TAKER;VELVETFRUIT_EXTRACT;XIRECS;5320.0;8
133400;BOT_MAKER;BOT_TAKER;VEV_4000;XIRECS;1299.0;2
133500;BOT_MAKER;BOT_TAKER;VEV_5400;XIRECS;9.0;2
133500;BOT_MAKER;BOT_TAKER;VEV_5500;XIRECS;7.0;4
133600;BOT_MAKER;BOT_TAKER;HYDROGEL_PACK;XIRECS;9925.0;5
133700;BOT_TAKER;BOT_MAKER;VEV_4000;XIRECS;1321.0;2
133700;BOT_TAKER;BOT_MAKER;VEV_5500;XIRECS;9.0;5
133800;BOT_MAKER;BOT_TAKER;VEV_5300;XIRECS;53.0;4
133800;BOT_MAKER;BOT_TAKER;VEV_6000;XIRECS;0.0;5
133900;BOT_TAKER;BOT_MAKER;VELVETFRUIT_EXTRACT;XIRECS;5323.0;8
134000;BOT_MAKER;BOT_TAKER;VEV_6000;XIRECS;0.0;2
134200;BOT_MAKER;BOT_TAKER;VEV_6500;XIRECS;0.0;5
134400;BOT_MAKER;BOT_TAKER;HYDROGEL_PACK;XIRECS;9920.0;5
134400;BOT_MAKER;BOT_TAKER;VELVETFRUIT_EXTRACT;XIRECS;5317.0;5
134400;BOT_TAKER;BOT_MAKER;VEV_5300;XIRECS;55.0;3
134500;BOT_TAKER;BOT_MAKER;HYDROGEL_PACK;XIRECS;9937.0;6
134500;BOT_TAKER;BOT_MAKER;VEV_5500;XIRECS;9.0;3
134700;BOT_MAKER;BOT_TAKER;HYDROGEL_PACK;XIRECS;9921.0;2
134800;BOT_TAKER;BOT_MAKER;HYDROGEL_PACK;XIRECS;9939.0;2
134800;BOT_TAKER;BOT_MAKER;VELVETFRUIT_EXTRACT;XIRECS;5326.0;5
134800;BOT_TAKER;BOT_MAKER;VEV_4000;XIRECS;1318.0;2
134800;BOT_TAKER;BOT_MAKER;VEV_6000;XIRECS;1.0;3
134900;BOT_TAKER;BOT_MAKER;VELVETFRUIT_EXTRACT;XIRECS;5325.0;7
135100;BOT_MAKER;BOT_TAKER;VEV_5400;XIRECS;11.0;4
135200;BOT_MAKER;BOT_TAKER;VEV_6000;XIRECS;0.0;4
135300;BOT_TAKER;BOT_MAKER;HYDROGEL_PACK;XIRECS;9935.0;2
135500;BOT_TAKER;BOT_MAKER;HYDROGEL_PACK;XIRECS;9937.0;4
135600;BOT_MAKER;BOT_TAKER;HYDROGEL_PACK;XIRECS;9920.0;5
135600;BOT_MAKER;BOT_TAKER;VEV_6500;XIRECS;0.0;4
135700;BOT_MAKER;BOT_TAKER;VEV_6000;XIRECS;0.0;4
135800;BOT_TAKER;BOT_MAKER;HYDROGEL_PACK;XIRECS;9936.0;6
135900;BOT_MAKER;BOT_TAKER;VELVETFRUIT_EXTRACT;XIRECS;5320.0;6
135900;BOT_TAKER;BOT_MAKER;VELVETFRUIT_EXTRACT;XIRECS;5325.0;6
135900;BOT_MAKER;BOT_TAKER;VEV_5400;XIRECS;10.0;4
136100;BOT_TAKER;BOT_MAKER;HYDROGEL_PACK;XIRECS;9938.0;3
136200;BOT_MAKER;BOT_TAKER;HYDROGEL_PACK;XIRECS;9924.0;5
136200;BOT_MAKER;BOT_TAKER;VELVETFRUIT_EXTRACT;XIRECS;5319.0;14
136300;BOT_TAKER;BOT_MAKER;HYDROGEL_PACK;XIRECS;9939.0;2
136400;BOT_MAKER;BOT_TAKER;VELVETFRUIT_EXTRACT;XIRECS;5322.0;8
136500;BOT_TAKER;BOT_MAKER;VEV_5500;XIRECS;9.0;3
136500;BOT_TAKER;BOT_MAKER;VEV_6000;XIRECS;1.0;3
