day;timestamp;product;bid_price_1;bid_volume_1;bid_price_2;bid_volume_2;bid_price_3;bid_volume_3;ask_price_1;ask_volume_1;ask_price_2;ask_volume_2;ask_price_3;ask_volume_3;mid_price;profit_and_loss
-1;0;ASH_COATED_OSMIUM;9992;13;9990;26;;;10008;13;10010;26;;;10000.0;0.0
-1;0;HYDROGEL_PACK;9971;12;9969;25;;;9987;12;9990;25;;;9979.0;0.0
-1;0;INTARIAN_PEPPER_ROOT;13093;10;13090;20;;;13107;10;;;;;13100.0;0.0
-1;0;VELVETFRUIT_EXTRACT;5259;38;5259;47;;;5264;16;5265;16;;;5261.5;0.0
-1;0;VEV_4000;1252;15;1249;15;;;1273;15;1276;15;;;1262.5;0.0
-1;0;VEV_4500;754;10;753;6;752;14;770;10;771;9;772;14;762.0;0.0
-1;0;VEV_5000;263;12;262;15;;;269;21;270;20;;;266.0;0.0
-1;0;VEV_5100;173;25;172;22;;;177;8;178;23;;;175.0;0.0
-1;0;VEV_5200;100;12;99;26;;;102;7;103;17;;;101.0;0.0
-1;0;VEV_5300;49;28;;;;;51;20;;;;;50.0;0.0
-1;0;VEV_5400;15;25;;;;;16;1;;;;;15.5;0.0
-1;0;VEV_5500;6;23;;;;;7;9;;;;;6.5;0.0
-1;0;VEV_6000;0;20;;;;;1;20;;;;;0.5;0.0
-1;0;VEV_6500;0;15;;;;;1;15;;;;;0.5;0.0
-1;100;ASH_COATED_OSMIUM;9992;15;;;;;10008;15;10010;28;;;10000.0;0.0
-1;100;HYDROGEL_PACK;9970;15;9967;23;;;9986;15;9988;23;;;9978.0;0.0
-1;100;INTARIAN_PEPPER_ROOT;13093;8;13090;22;;;13110;22;;;;;13101.5;0.0
-1;100;VELVETFRUIT_EXTRACT;5260;24;5259;39;;;5265;32;;;;;5262.5;0.0
-1;100;VEV_4000;1250;10;1247;28;;;1271;10;1273;28;;;1260.5;0.0
-1;100;VEV_4500;756;12;754;17;;;772;12;774;17;;;764.0;0.0
-1;100;VEV_5000;262;6;;;;;268;8;;;;;265.0;0.0
-1;100;VEV_5100;173;8;;;;;177;31;178;30;;;175.0;0.0
-1;100;VEV_5200;98;13;;;;;102;20;;;;;100.0;0.0
-1;100;VEV_5300;49;24;;;;;51;25;;;;;50.0;0.0
-1;100;VEV_5400;15;21;;;;;17;28;;;;;16.0;0.0
-1;100;VEV_5500;6;25;;;;;7;26;;;;;6.5;0.0
-1;100;VEV_6000;0;24;;;;;1;24;;;;;0.5;0.0
-1;100;VEV_6500;0;12;;;;;1;12;;;;;0.5;0.0
-1;200;ASH_COATED_OSMIUM;9992;12;9989;28;;;10008;12;10010;28;;;10000.0;0.0
-1;200;HYDROGEL_PACK;9969;12;9966;23;;;9985;12;9987;23;;;9977.0;0.0
-1;200;INTARIAN_PEPPER_ROOT;13093;10;13090;21;;;13107;10;13111;21;;;13100.0;0.0
-1;200;VELVETFRUIT_EXTRACT;5258;60;;;;;5263;20;5264;33;;;5260.5;0.0
-1;200;VEV_4000;1249;10;1247;16;;;1270;10;1273;16;;;1259.5;0.0
-1;200;VEV_4500;756;7;754;14;;;772;7;774;14;;;764.0;0.0
-1;200;VEV_5000;262;21;;;;;269;7;270;23;;;265.5;0.0
-1;200;VEV_5100;174;10;173;23;;;178;6;179;22;;;176.0;0.0
-1;200;VEV_5200;98;34;;;;;102;12;;;;;100.0;0.0
-1;200;VEV_5300;49;27;;;;;51;17;;;;;50.0;0.0
-1;200;VEV_5400;15;21;;;;;17;20;;;;;16.0;0.0
-1;200;VEV_5500;6;26;;;;;7;30;;;;;6.5;0.0
-1;200;VEV_6000;0;22;;;;;1;22;;;;;0.5;0.0
-1;200;VEV_6500;0;19;;;;;1;19;;;;;0.5;0.0
-1;300;ASH_COATED_OSMIUM;9991;11;;;;;10010;20;;;;;10000.5;0.0
-1;300;HYDROGEL_PACK;9971;11;9969;22;;;9987;11;9990;22;;;9979.0;0.0
-1;300;INTARIAN_PEPPER_ROOT;13093;10;13090;25;;;13107;10;13111;25;;;13100.0;0.0
-1;300;VELVETFRUIT_EXTRACT;5260;63;5260;17;;;5265;17;5266;31;;;5262.5;0.0
-1;300;VEV_4000;1250;10;1248;26;;;1271;10;1274;26;;;1260.5;0.0
-1;300;VEV_4500;755;6;753;12;;;773;12;;;;;764.0;0.0
-1;300;VEV_5000;262;9;261;24;;;268;29;269;21;;;265.0;0.0
-1;300;VEV_5100;174;32;173;19;;;178;31;179;29;;;176.0;0.0
-1;300;VEV_5200;100;10;;;;;103;20;;;;;101.5;0.0
-1;300;VEV_5300;48;7;;;;;;;;;;;48.0;0.0
-1;300;VEV_5400;15;20;;;;;;;;;;;15.0;0.0
-1;300;VEV_5500;6;16;;;;;7;18;;;;;6.5;0.0
-1;300;VEV_6000;0;21;;;;;1;21;;;;;0.5;0.0
-1;300;VEV_6500;0;17;;;;;1;17;;;;;0.5;0.0
-1;400;ASH_COATED_OSMIUM;9992;14;9989;29;;;10008;14;10010;29;;;10000.0;0.0
-1;400;HYDROGEL_PACK;9972;15;9970;27;;;9991;27;;;;;9981.5;0.0
-1;400;INTARIAN_PEPPER_ROOT;13093;9;13090;16;;;13107;9;13111;16;;;13100.0;0.0
-1;400;VELVETFRUIT_EXTRACT;5259;18;5258;49;;;5264;72;;;;;5261.5;0.0
-1;400;VEV_4000;1250;14;1248;29;;;1272;14;1274;29;;;1261.0;0.0
-1;400;VEV_4500;754;6;752;21;;;770;6;772;21;;;762.0;0.0
-1;400;VEV_5000;262;18;;;;;269;24;270;33;;;265.5;0.0
-1;400;VEV_5100;175;6;174;24;;;179;26;180;19;;;177.0;0.0
-1;400;VEV_5200;100;27;;;;;103;7;104;32;;;101.5;0.0
-1;400;VEV_5300;48;26;;;;;50;24;;;;;49.0;0.0
-1;400;VEV_5400;;;;;;;17;16;;;;;17.0;0.0
-1;400;VEV_5500;6;22;;;;;7;24;;;;;6.5;0.0
-1;400;VEV_6000;0;29;;;;;1;29;;;;;0.5;0.0
-1;400;VEV_6500;0;14;;;;;1;14;;;;;0.5;0.0
-1;500;ASH_COATED_OSMIUM;9991;10;9989;27;;;10007;10;10010;27;;;9999.0;0.0
-1;500;HYDROGEL_PACK;9975;10;9973;28;;;9991;10;9994;28;;;9983.0;0.0
-1;500;INTARIAN_PEPPER_ROOT;;;;;;;13108;9;13111;19;;;13108.0;0.0
-1;500;VELVETFRUIT_EXTRACT;5259;17;5258;69;;;5264;56;;;;;5261.5;0.0
-1;500;VEV_4000;1250;13;1248;28;;;1272;13;1274;28;;;1261.0;0.0
-1;500;VEV_4500;756;7;755;10;754;16;772;7;774;16;;;764.0;0.0
-1;500;VEV_5000;264;6;263;24;;;271;12;;;;;267.5;0.0
-1;500;VEV_5100;175;21;174;24;;;179;25;180;23;;;177.0;0.0
-1;500;VEV_5200;101;12;100;33;;;;;;;;;101.0;0.0
-1;500;VEV_5300;48;23;47;14;;;50;7;;;;;49.0;0.0
-1;500;VEV_5400;16;22;15;28;;;17;29;;;;;16.5;0.0
-1;500;VEV_5500;6;12;;;;;7;20;;;;;6.5;0.0
-1;500;VEV_6000;0;20;;;;;1;20;;;;;0.5;0.0
-1;500;VEV_6500;0;18;;;;;1;18;;;;;0.5;0.0
-1;600;ASH_COATED_OSMIUM;9992;13;9989;25;;;10008;13;10010;25;;;10000.0;0.0
-1;600;HYDROGEL_PACK;9975;12;9972;28;;;9991;12;9993;28;;;9983.0;0.0
-1;600;INTARIAN_PEPPER_ROOT;13094;9;13090;18;;;13108;9;13111;18;;;13101.0;0.0
-1;600;VELVETFRUIT_EXTRACT;5259;32;;;;;5264;16;5265;59;;;5261.5;0.0
-1;600;VEV_4000;1252;12;1250;21;;;1273;12;1276;21;;;1262.5;0.0
-1;600;VEV_4500;756;10;754;17;;;772;10;774;17;;;764.0;0.0
-1;600;VEV_5000;265;6;264;17;;;;;;;;;265.0;0.0
-1;600;VEV_5100;175;14;;;;;180;31;181;12;;;177.5;0.0
-1;600;VEV_5200;100;26;;;;;104;18;;;;;102.0;0.0
-1;600;VEV_5300;48;24;;;;;50;20;;;;;49.0;0.0
-1;600;VEV_5400;16;20;16;28;;;17;18;;;;;16.5;0.0
-1;600;VEV_5500;6;20;;;;;7;19;;;;;6.5;0.0
-1;600;VEV_6000;0;23;;;;;1;23;;;;;0.5;0.0
-1;600;VEV_6500;0;20;;;;;1;20;;;;;0.5;0.0
-1;700;ASH_COATED_OSMIUM;9989;30;;;;;10008;12;10010;30;;;9998.5;0.0
-1;700;HYDROGEL_PACK;9973;10;9971;20;;;9989;10;9992;20;;;9981.0;0.0
-1;700;INTARIAN_PEPPER_ROOT;13094;11;13090;17;;;13108;11;;;;;13101.0;0.0
-1;700;VELVETFRUIT_EXTRACT;5260;16;5259;44;;;5264;16;5265;49;5266;35;5262.0;0.0
-1;700;VEV_4000;1252;10;1250;17;;;1273;10;1276;17;;;1262.5;0.0
-1;700;VEV_4500;754;12;752;23;;;770;12;772;23;;;762.0;0.0
-1;700;VEV_5000;264;14;;;;;271;9;272;13;;;267.5;0.0
-1;700;VEV_5100;;;;;;;179;27;180;14;;;179.0;0.0
-1;700;VEV_5200;100;20;;;;;104;19;;;;;102.0;0.0
-1;700;VEV_5300;48;21;;;;;50;24;51;19;;;49.0;0.0
-1;700;VEV_5400;16;29;15;26;;;16;22;17;19;;;16.0;0.0
-1;700;VEV_5500;6;20;;;;;7;21;;;;;6.5;0.0
-1;700;VEV_6000;0;17;;;;;1;17;;;;;0.5;0.0
-1;700;VEV_6500;0;19;;;;;1;19;;;;;0.5;0.0
-1;800;ASH_COATED_OSMIUM;9992;13;9989;24;;;10010;24;;;;;10001.0;0.0
-1;800;HYDROGEL_PACK;9973;10;9970;21;;;9989;10;9991;21;;;9981.0;0.0
-1;800;INTARIAN_PEPPER_ROOT;13094;12;13090;17;;;13108;12;13111;17;;;13101.0;0.0
-1;800;VELVETFRUIT_EXTRACT;5260;32;;;;;5265;24;5266;50;;;5262.5;0.0
-1;800;VEV_4000;1250;9;1247;27;;;1271;9;1273;27;;;1260.5;0.0
-1;800;VEV_4500;756;9;754;24;;;772;9;774;24;;;764.0;0.0
-1;800;VEV_5000;266;26;265;23;;;272;10;273;28;;;269.0;0.0
-1;800;VEV_5100;176;31;175;19;;;180;32;181;27;;;178.0;0.0
-1;800;VEV_5200;;;;;;;102;6;103;22;;;102.0;0.0
-1;800;VEV_5300;48;23;;;;;50;20;;;;;49.0;0.0
-1;800;VEV_5400;15;28;;;;;17;16;;;;;16.0;0.0
-1;800;VEV_5500;6;17;;;;;7;23;;;;;6.5;0.0
-1;800;VEV_6000;0;20;;;;;1;20;;;;;0.5;0.0
-1;800;VEV_6500;0;13;;;;;1;13;;;;;0.5;0.0
-1;900;ASH_COATED_OSMIUM;9991;11;9988;27;;;10007;11;10009;27;;;9999.0;0.0
-1;900;HYDROGEL_PACK;9973;12;9970;30;;;9989;12;9991;30;;;9981.0;0.0
-1;900;INTARIAN_PEPPER_ROOT;13094;11;;;;;13108;11;13111;15;;;13101.0;0.0
-1;900;VELVETFRUIT_EXTRACT;5260;17;5259;51;;;5265;47;;;;;5262.5;0.0
-1;900;VEV_4000;1250;14;1247;30;;;1271;14;1273;30;;;1260.5;0.0
-1;900;VEV_4500;758;7;756;21;;;774;7;776;21;;;766.0;0.0
-1;900;VEV_5000;265;11;264;12;;;271;8;272;21;;;268.0;0.0
-1;900;VEV_5100;176;22;;;;;180;10;181;21;;;178.0;0.0
-1;900;VEV_5200;100;6;99;33;;;103;18;;;;;101.5;0.0
-1;900;VEV_5300;49;27;;;;;51;10;51;27;;;50.0;0.0
-1;900;VEV_5400;15;25;;;;;16;18;17;16;;;15.5;0.0
-1;900;VEV_5500;6;26;;;;;7;27;;;;;6.5;0.0
-1;900;VEV_6000;0;16;;;;;1;16;;;;;0.5;0.0
-1;900;VEV_6500;0;16;;;;;1;16;;;;;0.5;0.0
-1;1000;ASH_COATED_OSMIUM;9991;13;9989;28;;;10010;28;;;;;10000.5;0.0
-1;1000;HYDROGEL_PACK;9970;13;9968;22;;;9986;13;9989;22;;;9978.0;0.0
-1;1000;INTARIAN_PEPPER_ROOT;13091;19;;;;;13108;11;13111;19;;;13099.5;0.0
-1;1000;VELVETFRUIT_EXTRACT;5261;24;5260;31;;;5266;52;;;;;5263.5;0.0
-1;1000;VEV_4000;1249;9;1247;17;;;1270;9;1273;17;;;1259.5;0.0
-1;1000;VEV_4500;758;8;757;6;756;16;774;8;776;16;;;766.0;0.0
-1;1000;VEV_5000;264;21;;;;;272;19;;;;;268.0;0.0
-1;1000;VEV_5100;176;7;175;14;;;180;9;181;24;;;178.0;0.0
-1;1000;VEV_5200;99;9;;;;;102;28;;;;;100.5;0.0
-1;1000;VEV_5300;49;22;;;;;;;;;;;49.0;0.0
-1;1000;VEV_5400;15;22;;;;;17;16;;;;;16.0;0.0
-1;1000;VEV_5500;6;22;;;;;7;24;;;;;6.5;0.0
-1;1000;VEV_6000;0;18;;;;;1;18;;;;;0.5;0.0
-1;1000;VEV_6500;0;20;;;;;1;20;;;;;0.5;0.0
-1;1100;ASH_COATED_OSMIUM;9991;10;9988;21;;;10009;21;;;;;10000.0;0.0
-1;1100;HYDROGEL_PACK;9969;12;9967;21;;;9985;12;9988;21;;;9977.0;0.0
-1;1100;INTARIAN_PEPPER_ROOT;13094;12;;;;;13108;12;13111;25;;;13101.0;0.0
-1;1100;VELVETFRUIT_EXTRACT;5262;55;;;;;5268;48;;;;;5265.0;0.0
-1;1100;VEV_4000;1251;15;1249;16;;;1273;15;1275;16;;;1262.0;0.0
-1;1100;VEV_4500;757;10;;;;;773;10;774;7;775;21;765.0;0.0
-1;1100;VEV_5000;263;24;;;;;269;8;270;24;;;266.0;0.0
-1;1100;VEV_5100;174;17;;;;;180;17;;;;;177.0;0.0
-1;1100;VEV_5200;99;10;98;33;;;102;19;;;;;100.5;0.0
-1;1100;VEV_5300;49;9;;;;;;;;;;;49.0;0.0
-1;1100;VEV_5400;15;22;;;;;17;24;;;;;16.0;0.0
-1;1100;VEV_5500;6;25;;;;;7;27;;;;;6.5;0.0
-1;1100;VEV_6000;0;26;;;;;1;26;;;;;0.5;0.0
-1;1100;VEV_6500;0;12;;;;;1;12;;;;;0.5;0.0
-1;1200;ASH_COATED_OSMIUM;9991;10;9989;25;;;10007;10;10010;25;;;9999.0;0.0
-1;1200;HYDROGEL_PACK;9971;10;9968;24;;;9987;10;9989;24;;;9979.0;0.0
-1;1200;INTARIAN_PEPPER_ROOT;13094;10;;;;;13108;10;13112;21;;;13101.0;0.0
-1;1200;VELVETFRUIT_EXTRACT;5263;22;5262;42;;;5268;64;;;;;5265.5;0.0
-1;1200;VEV_4000;1251;8;1249;26;;;1272;8;1275;26;;;1261.5;0.0
-1;1200;VEV_4500;758;9;;;;;774;9;776;13;;;766.0;0.0
-1;1200;VEV_5000;262;6;261;15;;;268;7;269;16;;;265.0;0.0
-1;1200;VEV_5100;175;8;174;16;;;179;24;180;24;;;177.0;0.0
-1;1200;VEV_5200;98;22;;;;;102;16;;;;;100.0;0.0
-1;1200;VEV_5300;49;26;;;;;51;24;;;;;50.0;0.0
-1;1200;VEV_5400;16;19;15;21;;;;;;;;;16.0;0.0
-1;1200;VEV_5500;6;18;;;;;7;27;;;;;6.5;0.0
-1;1200;VEV_6000;0;30;;;;;1;30;;;;;0.5;0.0
-1;1200;VEV_6500;0;18;;;;;1;18;;;;;0.5;0.0
-1;1300;ASH_COATED_OSMIUM;9991;10;9988;22;;;10007;10;10009;22;;;9999.0;0.0
-1;1300;HYDROGEL_PACK;9968;15;9966;21;;;9984;15;9987;21;;;9976.0;0.0
-1;1300;INTARIAN_PEPPER_ROOT;13091;20;;;;;13112;20;;;;;13101.5;0.0
-1;1300;VELVETFRUIT_EXTRACT;5265;18;5264;43;;;5270;15;;;;;5267.5;0.0
-1;1300;VEV_4000;1251;9;1248;17;;;1272;9;1275;17;;;1261.5;0.0
-1;1300;VEV_4500;757;11;755;21;;;773;11;775;21;;;765.0;0.0
-1;1300;VEV_5000;264;22;263;20;;;270;33;271;24;;;267.0;0.0
-1;1300;VEV_5100;174;12;;;;;;;;;;;174.0;0.0
-1;1300;VEV_5200;98;21;;;;;101;12;102;24;;;99.5;0.0
-1;1300;VEV_5300;49;6;;;;;51;26;52;14;;;50.0;0.0
-1;1300;VEV_5400;16;21;15;19;;;16;18;17;25;;;16.0;0.0
-1;1300;VEV_5500;6;20;;;;;7;25;;;;;6.5;0.0
-1;1300;VEV_6000;0;19;;;;;1;19;;;;;0.5;0.0
-1;1300;VEV_6500;0;15;;;;;1;15;;;;;0.5;0.0
-1;1400;ASH_COATED_OSMIUM;9991;10;9988;23;;;;;;;;;9991.0;0.0
-1;1400;HYDROGEL_PACK;9971;15;9968;28;;;9987;15;9989;28;;;9979.0;0.0
-1;1400;INTARIAN_PEPPER_ROOT;13094;8;13091;25;;;13112;25;;;;;13103.0;0.0
-1;1400;VELVETFRUIT_EXTRACT;5263;56;;;;;5268;15;5269;37;;;5265.5;0.0
-1;1400;VEV_4000;1249;15;1247;23;;;1271;15;1273;23;;;1260.0;0.0
-1;1400;VEV_4500;756;9;754;17;;;772;9;774;17;;;764.0;0.0
-1;1400;VEV_5000;266;8;265;14;;;272;10;273;19;;;269.0;0.0
-1;1400;VEV_5100;176;16;;;;;182;23;;;;;179.0;0.0
-1;1400;VEV_5200;99;8;98;20;;;101;27;102;31;;;100.0;0.0
-1;1400;VEV_5300;50;25;;;;;52;25;;;;;51.0;0.0
-1;1400;VEV_5400;15;21;;;;;16;29;17;25;;;15.5;0.0
-1;1400;VEV_5500;6;22;;;;;7;20;;;;;6.5;0.0
-1;1400;VEV_6000;0;19;;;;;1;19;;;;;0.5;0.0
-1;1400;VEV_6500;0;17;;;;;1;17;;;;;0.5;0.0
-1;1500;ASH_COATED_OSMIUM;9991;12;9989;29;;;10007;12;;;;;9999.0;0.0
-1;1500;HYDROGEL_PACK;9972;12;9970;27;;;9988;12;9991;27;;;9980.0;0.0
-1;1500;INTARIAN_PEPPER_ROOT;13094;11;13091;20;;;;;;;;;13094.0;0.0
-1;1500;VELVETFRUIT_EXTRACT;5263;57;;;;;5269;45;;;;;5266.0;0.0
-1;1500;VEV_4000;1250;9;1248;19;;;1271;9;1274;19;;;1260.5;0.0
-1;1500;VEV_4500;754;10;752;16;;;770;10;771;8;772;16;762.0;0.0
-1;1500;VEV_5000;265;10;264;28;;;271;12;272;21;;;268.0;0.0
-1;1500;VEV_5100;176;31;175;20;;;180;7;181;25;;;178.0;0.0
-1;1500;VEV_5200;98;21;;;;;101;8;102;29;;;99.5;0.0
-1;1500;VEV_5300;50;23;49;15;;;52;26;53;11;;;51.0;0.0
-1;1500;VEV_5400;;;;;;;16;5;17;27;;;16.0;0.0
-1;1500;VEV_5500;6;20;;;;;7;18;;;;;6.5;0.0
-1;1500;VEV_6000;0;19;;;;;1;19;;;;;0.5;0.0
-1;1500;VEV_6500;0;11;;;;;1;11;;;;;0.5;0.0
-1;1600;ASH_COATED_OSMIUM;9991;10;;;;;10007;10;10010;20;;;9999.0;0.0
-1;1600;HYDROGEL_PACK;9974;10;9972;30;;;9990;10;9993;30;;;9982.0;0.0
-1;1600;INTARIAN_PEPPER_ROOT;13095;8;13091;16;;;13109;8;13112;16;;;13102.0;0.0
-1;1600;VELVETFRUIT_EXTRACT;5264;19;5263;49;;;5269;59;;;;;5266.5;0.0
-1;1600;VEV_4000;1250;8;1247;26;;;1271;8;1273;26;;;1260.5;0.0
-1;1600;VEV_4500;754;10;752;12;;;770;10;771;10;772;12;762.0;0.0
-1;1600;VEV_5000;265;10;264;14;;;271;7;272;16;;;268.0;0.0
-1;1600;VEV_5100;175;21;174;19;;;;;;;;;175.0;0.0
-1;1600;VEV_5200;99;24;98;25;;;101;10;102;26;;;100.0;0.0
-1;1600;VEV_5300;50;5;;;;;52;6;53;25;;;51.0;0.0
-1;1600;VEV_5400;15;22;;;;;17;17;;;;;16.0;0.0
-1;1600;VEV_5500;6;29;;;;;7;19;;;;;6.5;0.0
-1;1600;VEV_6000;0;21;;;;;1;21;;;;;0.5;0.0
-1;1600;VEV_6500;0;14;;;;;1;14;;;;;0.5;0.0
-1;1700;ASH_COATED_OSMIUM;9991;15;;;;;10007;15;10010;29;;;9999.0;0.0
-1;1700;HYDROGEL_PACK;9975;12;9972;27;;;9991;12;9993;27;;;9983.0;0.0
-1;1700;INTARIAN_PEPPER_ROOT;13095;10;13091;25;;;13109;10;13112;25;;;13102.0;0.0
-1;1700;VELVETFRUIT_EXTRACT;5262;32;;;;;5267;20;5268;48;;;5264.5;0.0
-1;1700;VEV_4000;1251;13;1249;26;;;1272;13;1275;26;;;1261.5;0.0
-1;1700;VEV_4500;;;;;;;770;11;772;21;;;770.0;0.0
-1;1700;VEV_5000;265;10;264;19;;;271;12;272;31;;;268.0;0.0
-1;1700;VEV_5100;;;;;;;179;22;180;13;;;179.0;0.0
-1;1700;VEV_5200;99;12;98;27;;;101;7;;;;;100.0;0.0
-1;1700;VEV_5300;50;18;49;18;;;52;24;;;;;51.0;0.0
-1;1700;VEV_5400;;;;;;;17;20;;;;;17.0;0.0
-1;1700;VEV_5500;6;23;;;;;7;19;;;;;6.5;0.0
-1;1700;VEV_6000;0;21;;;;;1;21;;;;;0.5;0.0
-1;1700;VEV_6500;0;17;;;;;1;17;;;;;0.5;0.0
-1;1800;ASH_COATED_OSMIUM;9991;10;9989;30;;;10007;10;10010;30;;;9999.0;0.0
-1;1800;HYDROGEL_PACK;9974;12;9971;27;;;9990;12;9992;27;;;9982.0;0.0
-1;1800;INTARIAN_PEPPER_ROOT;13095;9;;;;;13109;9;13112;19;;;13102.0;0.0
-1;1800;VELVETFRUIT_EXTRACT;5263;21;5262;32;;;5267;21;5268;49;;;5265.0;0.0
-1;1800;VEV_4000;1252;7;1250;22;;;1273;7;1276;22;;;1262.5;0.0
-1;1800;VEV_4500;753;11;751;24;;;769;11;771;24;;;761.0;0.0
-1;1800;VEV_5000;263;7;262;15;;;269;10;270;20;;;266.0;0.0
-1;1800;VEV_5100;174;10;;;;;179;28;;;;;176.5;0.0
-1;1800;VEV_5200;98;26;;;;;101;20;102;19;;;99.5;0.0
-1;1800;VEV_5300;;;;;;;51;5;;;;;51.0;0.0
-1;1800;VEV_5400;15;21;;;;;17;20;;;;;16.0;0.0
-1;1800;VEV_5500;6;25;;;;;7;29;;;;;6.5;0.0
-1;1800;VEV_6000;0;19;;;;;1;19;;;;;0.5;0.0
-1;1800;VEV_6500;0;18;;;;;1;18;;;;;0.5;0.0
-1;1900;ASH_COATED_OSMIUM;9988;21;;;;;10000;1;10007;11;10009;21;9994.0;0.0
-1;1900;HYDROGEL_PACK;9973;14;9971;26;;;9989;14;9991;26;;;9981.0;0.0
-1;1900;INTARIAN_PEPPER_ROOT;13095;8;13092;19;;;13109;8;13112;19;;;13102.0;0.0
-1;1900;VELVETFRUIT_EXTRACT;5263;23;5262;33;5262;44;5268;51;;;;;5265.5;0.0
-1;1900;VEV_4000;1253;9;1250;20;;;1274;9;1276;20;;;1263.5;0.0
-1;1900;VEV_4500;753;7;751;19;;;769;7;771;19;;;761.0;0.0
-1;1900;VEV_5000;263;10;262;13;;;269;6;270;18;;;266.0;0.0
-1;1900;VEV_5100;174;12;173;16;;;178;23;179;15;;;176.0;0.0
-1;1900;VEV_5200;100;25;99;23;;;102;21;103;19;;;101.0;0.0
-1;1900;VEV_5300;48;13;;;;;51;26;;;;;49.5;0.0
-1;1900;VEV_5400;16;24;15;30;;;;;;;;;16.0;0.0
-1;1900;VEV_5500;6;25;;;;;7;21;;;;;6.5;0.0
-1;1900;VEV_6000;0;17;;;;;1;17;;;;;0.5;0.0
-1;1900;VEV_6500;0;19;;;;;1;19;;;;;0.5;0.0
-1;2000;ASH_COATED_OSMIUM;9989;29;;;;;10008;12;10010;29;;;9998.5;0.0
-1;2000;HYDROGEL_PACK;9975;12;9972;20;;;9991;12;9993;20;;;9983.0;0.0
-1;2000;INTARIAN_PEPPER_ROOT;13095;8;;;;;13109;8;13112;25;;;13102.0;0.0
-1;2000;VELVETFRUIT_EXTRACT;5261;36;;;;;5267;47;;;;;5264.0;0.0
-1;2000;VEV_4000;1252;13;1249;21;;;1273;13;1275;21;;;1262.5;0.0
-1;2000;VEV_4500;;;;;;;768;12;770;23;;;768.0;0.0
-1;2000;VEV_5000;263;27;;;;;270;9;271;28;;;266.5;0.0
-1;2000;VEV_5100;173;11;172;24;;;178;17;;;;;175.5;0.0
-1;2000;VEV_5200;100;8;;;;;102;7;;;;;101.0;0.0
-1;2000;VEV_5300;48;24;47;17;;;50;8;;;;;49.0;0.0
-1;2000;VEV_5400;15;23;;;;;17;23;;;;;16.0;0.0
-1;2000;VEV_5500;6;27;;;;;7;19;;;;;6.5;0.0
-1;2000;VEV_6000;0;25;;;;;1;25;;;;;0.5;0.0
-1;2000;VEV_6500;0;12;;;;;1;12;;;;;0.5;0.0
-1;2100;ASH_COATED_OSMIUM;9991;10;9989;20;;;10007;10;10010;20;;;9999.0;0.0
-1;2100;HYDROGEL_PACK;9976;13;9973;22;;;9992;13;9994;22;;;9984.0;0.0
-1;2100;INTARIAN_PEPPER_ROOT;13095;11;13092;20;;;13109;11;13112;20;;;13102.0;0.0
-1;2100;VELVETFRUIT_EXTRACT;5262;66;;;;;5268;64;;;;;5265.0;0.0
-1;2100;VEV_4000;1252;7;1250;26;;;1274;7;1276;26;;;1263.0;0.0
-1;2100;VEV_4500;752;11;750;16;;;768;11;770;16;;;760.0;0.0
-1;2100;VEV_5000;264;6;263;16;;;271;20;;;;;267.5;0.0
-1;2100;VEV_5100;173;12;;;;;179;15;;;;;176.0;0.0
-1;2100;VEV_5200;99;19;;;;;102;21;103;18;;;100.5;0.0
-1;2100;VEV_5300;48;5;;;;;50;19;50;25;;;49.0;0.0
-1;2100;VEV_5400;15;23;;;;;17;15;;;;;16.0;0.0
-1;2100;VEV_5500;6;27;;;;;7;23;;;;;6.5;0.0
-1;2100;VEV_6000;0;20;;;;;1;20;;;;;0.5;0.0
-1;2100;VEV_6500;0;15;;;;;1;15;;;;;0.5;0.0
-1;2200;ASH_COATED_OSMIUM;9991;11;9989;21;;;10007;11;10010;21;;;9999.0;0.0
-1;2200;HYDROGEL_PACK;9976;11;9973;20;;;9992;11;9994;20;;;9984.0;0.0
-1;2200;INTARIAN_PEPPER_ROOT;13095;12;13092;23;;;13113;23;;;;;13104.0;0.0
-1;2200;VELVETFRUIT_EXTRACT;5262;50;5262;24;;;5267;24;5268;46;;;5264.5;0.0
-1;2200;VEV_4000;1252;11;1249;26;;;1273;11;1275;26;;;1262.5;0.0
-1;2200;VEV_4500;753;8;751;15;;;771;15;;;;;762.0;0.0
-1;2200;VEV_5000;265;25;;;;;271;9;272;24;;;268.0;0.0
-1;2200;VEV_5100;;;;;;;178;21;;;;;178.0;0.0
-1;2200;VEV_5200;100;36;;;;;103;12;104;28;;;101.5;0.0
-1;2200;VEV_5300;47;21;;;;;49;21;;;;;48.0;0.0
-1;2200;VEV_5400;15;24;;;;;16;26;17;19;;;15.5;0.0
-1;2200;VEV_5500;6;18;;;;;7;21;;;;;6.5;0.0
-1;2200;VEV_6000;0;16;;;;;1;16;;;;;0.5;0.0
-1;2200;VEV_6500;0;12;;;;;1;12;;;;;0.5;0.0
-1;2300;ASH_COATED_OSMIUM;9991;14;9989;20;;;10007;14;10010;20;;;9999.0;0.0
-1;2300;HYDROGEL_PACK;9975;15;9973;27;;;9991;15;9993;27;;;9983.0;0.0
-1;2300;INTARIAN_PEPPER_ROOT;13095;9;13092;21;;;13109;9;13113;21;;;13102.0;0.0
-1;2300;VELVETFRUIT_EXTRACT;5262;62;5262;16;;;5267;16;5268;42;5268;32;5264.5;0.0
-1;2300;VEV_4000;1253;8;1250;22;;;1274;8;1276;22;;;1263.5;0.0
-1;2300;VEV_4500;754;8;752;17;;;771;6;772;17;;;762.5;0.0
-1;2300;VEV_5000;262;23;;;;;269;8;270;19;;;265.5;0.0
-1;2300;VEV_5100;172;8;171;20;;;176;11;;;;;174.0;0.0
-1;2300;VEV_5200;101;29;100;31;;;;;;;;;101.0;0.0
-1;2300;VEV_5300;47;29;;;;;49;16;;;;;48.0;0.0
-1;2300;VEV_5400;;;;;;;17;21;;;;;17.0;0.0
-1;2300;VEV_5500;6;5;;;;;7;24;;;;;6.5;0.0
-1;2300;VEV_6000;0;20;;;;;1;20;;;;;0.5;0.0
-1;2300;VEV_6500;0;18;;;;;1;18;;;;;0.5;0.0
-1;2400;ASH_COATED_OSMIUM;9992;11;9989;26;;;10010;26;;;;;10001.0;0.0
-1;2400;HYDROGEL_PACK;9973;23;;;;;9992;12;9994;23;;;9982.5;0.0
-1;2400;INTARIAN_PEPPER_ROOT;13095;11;13092;15;;;13109;11;13113;15;;;13102.0;0.0
-1;2400;VELVETFRUIT_EXTRACT;5261;47;;;;;5267;23;;;;;5264.0;0.0
-1;2400;VEV_4000;1252;12;1249;21;;;1273;12;1276;21;;;1262.5;0.0
-1;2400;VEV_4500;753;13;;;;;771;9;772;7;773;13;762.0;0.0
-1;2400;VEV_5000;263;7;;;;;269;24;270;21;;;266.0;0.0
-1;2400;VEV_5100;;;;;;;177;18;;;;;177.0;0.0
-1;2400;VEV_5200;101;25;;;;;103;22;104;27;;;102.0;0.0
-1;2400;VEV_5300;47;24;;;;;49;23;;;;;48.0;0.0
-1;2400;VEV_5400;15;24;15;23;;;17;23;;;;;16.0;0.0
-1;2400;VEV_5500;6;25;;;;;7;24;;;;;6.5;0.0
-1;2400;VEV_6000;0;26;;;;;1;26;;;;;0.5;0.0
-1;2400;VEV_6500;0;15;;;;;1;15;;;;;0.5;0.0
-1;2500;ASH_COATED_OSMIUM;9992;15;9989;27;;;;;;;;;9992.0;0.0
-1;2500;HYDROGEL_PACK;9975;12;9973;23;;;9991;12;9994;23;;;9983.0;0.0
-1;2500;INTARIAN_PEPPER_ROOT;13095;9;13092;20;;;13110;9;;;;;13102.5;0.0
-1;2500;VELVETFRUIT_EXTRACT;5262;17;5261;32;;;5267;21;;;;;5264.5;0.0
-1;2500;VEV_4000;1251;14;1249;17;;;1273;14;1275;17;;;1262.0;0.0
-1;2500;VEV_4500;755;11;753;22;;;773;22;;;;;764.0;0.0
-1;2500;VEV_5000;263;6;262;24;;;270;16;;;;;266.5;0.0
-1;2500;VEV_5100;173;6;172;23;;;177;8;178;15;;;175.0;0.0
-1;2500;VEV_5200;99;18;;;;;103;21;;;;;101.0;0.0
-1;2500;VEV_5300;46;20;;;;;48;19;;;;;47.0;0.0
-1;2500;VEV_5400;15;21;;;;;17;21;;;;;16.0;0.0
-1;2500;VEV_5500;6;20;;;;;7;23;;;;;6.5;0.0
-1;2500;VEV_6000;0;29;;;;;1;29;;;;;0.5;0.0
-1;2500;VEV_6500;0;14;;;;;1;14;;;;;0.5;0.0
-1;2600;ASH_COATED_OSMIUM;9992;10;9990;24;;;10008;10;10011;24;;;10000.0;0.0
-1;2600;HYDROGEL_PACK;9975;15;9972;28;;;9991;15;9993;28;;;9983.0;0.0
-1;2600;INTARIAN_PEPPER_ROOT;13096;12;;;;;13113;18;;;;;13104.5;0.0
-1;2600;VELVETFRUIT_EXTRACT;5260;50;;;;;5266;35;;;;;5263.0;0.0
-1;2600;VEV_4000;1252;12;1249;25;;;1273;12;1275;25;;;1262.5;0.0
-1;2600;VEV_4500;756;9;754;16;;;772;9;774;16;;;764.0;0.0
-1;2600;VEV_5000;263;11;262;24;;;269;12;270;25;;;266.0;0.0
-1;2600;VEV_5100;173;33;172;14;;;177;12;;;;;175.0;0.0
-1;2600;VEV_5200;98;28;;;;;101;24;;;;;99.5;0.0
-1;2600;VEV_5300;;;;;;;48;5;;;;;48.0;0.0
-1;2600;VEV_5400;16;29;15;11;;;17;25;;;;;16.5;0.0
-1;2600;VEV_5500;6;21;;;;;7;24;;;;;6.5;0.0
-1;2600;VEV_6000;0;28;;;;;1;28;;;;;0.5;0.0
-1;2600;VEV_6500;0;20;;;;;1;20;;;;;0.5;0.0
-1;2700;ASH_COATED_OSMIUM;9992;12;9989;20;;;10008;12;;;;;10000.0;0.0
-1;2700;HYDROGEL_PACK;9974;14;9972;27;;;9990;14;9993;27;;;9982.0;0.0
-1;2700;INTARIAN_PEPPER_ROOT;13092;22;;;;;13110;12;13113;22;;;13101.0;0.0
-1;2700;VELVETFRUIT_EXTRACT;5260;18;5259;72;;;5264;18;5265;36;;;5262.0;0.0
-1;2700;VEV_4000;1251;11;1248;27;;;1272;11;1275;27;;;1261.5;0.0
-1;2700;VEV_4500;755;12;753;15;;;;;;;;;755.0;0.0
-1;2700;VEV_5000;263;24;262;26;;;269;29;270;19;;;266.0;0.0
-1;2700;VEV_5100;;;;;;;178;15;;;;;178.0;0.0
-1;2700;VEV_5200;;;;;;;101;15;;;;;101.0;0.0
-1;2700;VEV_5300;45;23;44;18;;;47;8;;;;;46.0;0.0
-1;2700;VEV_5400;16;22;;;;;17;20;18;28;;;16.5;0.0
-1;2700;VEV_5500;6;19;;;;;7;25;;;;;6.5;0.0
-1;2700;VEV_6000;0;19;;;;;1;19;;;;;0.5;0.0
-1;2700;VEV_6500;0;13;;;;;1;13;;;;;0.5;0.0
-1;2800;ASH_COATED_OSMIUM;9990;29;;;;;10008;15;10011;29;;;9999.0;0.0
-1;2800;HYDROGEL_PACK;9978;11;9975;24;;;9994;11;9996;24;;;9986.0;0.0
-1;2800;INTARIAN_PEPPER_ROOT;13096;9;13092;19;;;13110;9;13113;19;;;13103.0;0.0
-1;2800;VELVETFRUIT_EXTRACT;5261;20;5260;67;;;5265;20;5266;50;;;5263.0;0.0
-1;2800;VEV_4000;1252;8;1249;30;;;1273;8;1276;30;;;1262.5;0.0
-1;2800;VEV_4500;756;8;754;22;;;772;8;774;22;;;764.0;0.0
-1;2800;VEV_5000;264;7;263;23;;;;;;;;;264.0;0.0
-1;2800;VEV_5100;;;;;;;177;16;;;;;177.0;0.0
-1;2800;VEV_5200;99;23;98;25;;;102;19;;;;;100.5;0.0
-1;2800;VEV_5300;45;16;;;;;47;19;;;;;46.0;0.0
-1;2800;VEV_5400;;;;;;;;;;;;;0.0;0.0
-1;2800;VEV_5500;6;26;;;;;7;21;;;;;6.5;0.0
-1;2800;VEV_6000;0;26;;;;;1;26;;;;;0.5;0.0
-1;2800;VEV_6500;0;17;;;;;1;17;;;;;0.5;0.0
-1;2900;ASH_COATED_OSMIUM;9992;11;9990;20;;;10008;11;;;;;10000.0;0.0
-1;2900;HYDROGEL_PACK;9979;13;9977;26;;;9995;13;9998;26;;;9987.0;0.0
-1;2900;INTARIAN_PEPPER_ROOT;13096;9;13093;15;;;13113;15;;;;;13104.5;0.0
-1;2900;VELVETFRUIT_EXTRACT;5259;50;5259;38;;;5265;19;;;;;5262.0;0.0
-1;2900;VEV_4000;1253;8;1250;25;;;1274;8;1276;25;;;1263.5;0.0
-1;2900;VEV_4500;754;17;;;;;772;7;774;17;;;763.0;0.0
-1;2900;VEV_5000;263;8;;;;;269;22;270;12;;;266.0;0.0
-1;2900;VEV_5100;171;34;;;;;175;24;;;;;173.0;0.0
-1;2900;VEV_5200;99;29;98;34;;;102;19;;;;;100.5;0.0
-1;2900;VEV_5300;44;21;;;;;46;27;;;;;45.0;0.0
-1;2900;VEV_5400;16;19;;;;;;;;;;;16.0;0.0
-1;2900;VEV_5500;6;19;;;;;7;22;;;;;6.5;0.0
-1;2900;VEV_6000;0;20;;;;;1;20;;;;;0.5;0.0
-1;2900;VEV_6500;0;18;;;;;1;18;;;;;0.5;0.0
-1;3000;ASH_COATED_OSMIUM;9990;29;;;;;10009;13;10011;29;;;9999.5;0.0
-1;3000;HYDROGEL_PACK;9978;12;9975;27;;;9994;12;9996;27;;;9986.0;0.0
-1;3000;INTARIAN_PEPPER_ROOT;13093;24;;;;;13110;12;13113;24;;;13101.5;0.0
-1;3000;VELVETFRUIT_EXTRACT;5258;17;5257;59;;;5262;17;5263;42;;;5260.0;0.0
-1;3000;VEV_4000;1253;15;1250;21;;;1274;15;1277;21;;;1263.5;0.0
-1;3000;VEV_4500;755;16;;;;;773;12;775;16;;;764.0;0.0
-1;3000;VEV_5000;265;6;264;15;;;271;12;272;22;;;268.0;0.0
-1;3000;VEV_5100;171;10;170;15;;;176;29;;;;;173.5;0.0
-1;3000;VEV_5200;97;11;96;25;;;100;24;;;;;98.5;0.0
-1;3000;VEV_5300;44;24;;;;;;;;;;;44.0;0.0
-1;3000;VEV_5400;15;19;;;;;17;26;;;;;16.0;0.0
-1;3000;VEV_5500;6;16;;;;;7;21;;;;;6.5;0.0
-1;3000;VEV_6000;0;27;;;;;1;27;;;;;0.5;0.0
-1;3000;VEV_6500;0;12;;;;;1;12;;;;;0.5;0.0
-1;3100;ASH_COATED_OSMIUM;;;;;;;10008;13;10011;22;;;10008.0;0.0
-1;3100;HYDROGEL_PACK;9981;10;9979;26;;;9997;10;10000;26;;;9989.0;0.0
-1;3100;INTARIAN_PEPPER_ROOT;13096;12;13093;22;;;13110;12;13113;22;;;13103.0;0.0
-1;3100;VELVETFRUIT_EXTRACT;5258;47;5258;39;;;5264;54;;;;;5261.0;0.0
-1;3100;VEV_4000;1253;9;1250;19;;;1274;9;1277;19;;;1263.5;0.0
-1;3100;VEV_4500;757;8;755;16;;;773;8;775;16;;;765.0;0.0
-1;3100;VEV_5000;266;10;;;;;272;8;;;;;269.0;0.0
-1;3100;VEV_5100;172;11;171;21;;;177;20;;;;;174.5;0.0
-1;3100;VEV_5200;;;;;;;101;21;;;;;101.0;0.0
-1;3100;VEV_5300;45;23;;;;;48;27;;;;;46.5;0.0
-1;3100;VEV_5400;16;15;16;23;;;18;26;;;;;17.0;0.0
-1;3100;VEV_5500;6;19;;;;;7;22;;;;;6.5;0.0
-1;3100;VEV_6000;0;26;;;;;1;26;;;;;0.5;0.0
-1;3100;VEV_6500;0;17;;;;;1;17;;;;;0.5;0.0
-1;3200;ASH_COATED_OSMIUM;9993;15;9990;24;;;10011;24;;;;;10002.0;0.0
-1;3200;HYDROGEL_PACK;9980;12;9978;22;;;9996;12;9999;22;;;9988.0;0.0
-1;3200;INTARIAN_PEPPER_ROOT;13096;9;13093;20;;;13110;9;13114;20;;;13103.0;0.0
-1;3200;VELVETFRUIT_EXTRACT;5258;52;5258;15;;;5264;36;;;;;5261.0;0.0
-1;3200;VEV_4000;1252;10;1250;15;;;1273;10;1276;15;;;1262.5;0.0
-1;3200;VEV_4500;756;9;754;17;;;772;9;774;17;;;764.0;0.0
-1;3200;VEV_5000;264;30;;;;;272;18;;;;;268.0;0.0
-1;3200;VEV_5100;173;12;172;13;;;177;7;178;12;;;175.0;0.0
-1;3200;VEV_5200;;;;;;;100;25;;;;;100.0;0.0
-1;3200;VEV_5300;;;;;;;47;24;48;30;;;47.0;0.0
-1;3200;VEV_5400;15;19;;;;;;;;;;;15.0;0.0
-1;3200;VEV_5500;6;25;;;;;7;18;;;;;6.5;0.0
-1;3200;VEV_6000;0;20;;;;;1;20;;;;;0.5;0.0
-1;3200;VEV_6500;0;20;;;;;1;20;;;;;0.5;0.0
-1;3300;ASH_COATED_OSMIUM;9993;10;9991;20;;;10009;10;10012;20;;;10001.0;0.0
-1;3300;HYDROGEL_PACK;9984;12;9981;20;;;10000;12;10002;20;;;9992.0;0.0
-1;3300;INTARIAN_PEPPER_ROOT;13096;9;13093;22;;;13114;22;;;;;13105.0;0.0
-1;3300;VELVETFRUIT_EXTRACT;5259;59;;;;;5264;25;5265;63;;;5261.5;0.0
-1;3300;VEV_4000;1252;13;1250;26;;;1274;13;1276;26;;;1263.0;0.0
-1;3300;VEV_4500;;;;;;;774;8;776;17;;;774.0;0.0
-1;3300;VEV_5000;264;11;263;14;;;270;9;271;23;;;267.0;0.0
-1;3300;VEV_5100;172;28;171;13;;;176;12;177;18;;;174.0;0.0
-1;3300;VEV_5200;97;25;;;;;100;12;101;30;;;98.5;0.0
-1;3300;VEV_5300;45;22;;;;;47;30;;;;;46.0;0.0
-1;3300;VEV_5400;15;20;;;;;17;25;;;;;16.0;0.0
-1;3300;VEV_5500;6;19;;;;;7;18;;;;;6.5;0.0
-1;3300;VEV_6000;0;20;;;;;1;20;;;;;0.5;0.0
-1;3300;VEV_6500;0;17;;;;;1;17;;;;;0.5;0.0
-1;3400;ASH_COATED_OSMIUM;9993;11;9990;28;;;10009;11;10011;28;;;10001.0;0.0
-1;3400;HYDROGEL_PACK;9982;13;9980;26;;;9998;13;10001;26;;;9990.0;0.0
-1;3400;INTARIAN_PEPPER_ROOT;13096;10;;;;;13110;10;;;;;13103.0;0.0
-1;3400;VELVETFRUIT_EXTRACT;5259;56;;;;;5265;52;;;;;5262.0;0.0
-1;3400;VEV_4000;1252;9;1250;15;;;1273;9;1276;15;;;1262.5;0.0
-1;3400;VEV_4500;757;11;755;22;;;773;11;775;22;;;765.0;0.0
-1;3400;VEV_5000;;;;;;;269;9;270;12;;;269.0;0.0
-1;3400;VEV_5100;174;31;173;14;;;;;;;;;174.0;0.0
-1;3400;VEV_5200;99;12;;;;;102;29;;;;;100.5;0.0
-1;3400;VEV_5300;45;20;;;;;47;22;47;8;;;46.0;0.0
-1;3400;VEV_5400;;;;;;;18;29;;;;;18.0;0.0
-1;3400;VEV_5500;6;25;;;;;7;27;;;;;6.5;0.0
-1;3400;VEV_6000;0;23;;;;;1;23;;;;;0.5;0.0
-1;3400;VEV_6500;0;14;;;;;1;14;;;;;0.5;0.0
-1;3500;ASH_COATED_OSMIUM;9993;11;9990;30;;;10009;11;10011;30;;;10001.0;0.0
-1;3500;HYDROGEL_PACK;9978;15;9975;26;;;9994;15;9996;26;;;9986.0;0.0
-1;3500;INTARIAN_PEPPER_ROOT;13096;12;13093;17;;;13106;11;13111;12;13114;17;13101.0;0.0
-1;3500;VELVETFRUIT_EXTRACT;5261;58;;;;;5266;22;5267;48;;;5263.5;0.0
-1;3500;VEV_4000;1253;8;1250;20;;;1274;8;1276;20;;;1263.5;0.0
-1;3500;VEV_4500;756;22;755;15;;;773;6;775;15;;;764.5;0.0
-1;3500;VEV_5000;263;7;;;;;269;8;;;;;266.0;0.0
-1;3500;VEV_5100;174;6;173;32;;;178;27;179;15;;;176.0;0.0
-1;3500;VEV_5200;;;;;;;101;7;;;;;101.0;0.0
-1;3500;VEV_5300;45;28;44;20;;;47;21;47;25;;;46.0;0.0
-1;3500;VEV_5400;16;29;15;24;;;17;25;;;;;16.5;0.0
-1;3500;VEV_5500;6;30;;;;;7;24;;;;;6.5;0.0
-1;3500;VEV_6000;0;17;;;;;1;17;;;;;0.5;0.0
-1;3500;VEV_6500;0;13;;;;;1;13;;;;;0.5;0.0
-1;3600;ASH_COATED_OSMIUM;9991;28;;;;;10009;13;;;;;10000.0;0.0
-1;3600;HYDROGEL_PACK;9979;10;9977;21;;;9995;10;9998;21;;;9987.0;0.0
-1;3600;INTARIAN_PEPPER_ROOT;13097;9;13093;16;;;13111;9;13114;16;;;13104.0;0.0
-1;3600;VELVETFRUIT_EXTRACT;5261;48;5261;55;;;5266;23;5267;40;;;5263.5;0.0
-1;3600;VEV_4000;1253;10;1250;19;;;1274;10;1276;19;;;1263.5;0.0
-1;3600;VEV_4500;755;21;;;;;775;21;;;;;765.0;0.0
-1;3600;VEV_5000;263;15;;;;;271;17;;;;;267.0;0.0
-1;3600;VEV_5100;;;;;;;177;6;;;;;177.0;0.0
-1;3600;VEV_5200;100;10;99;21;;;102;6;103;16;;;101.0;0.0
-1;3600;VEV_5300;45;23;;;;;47;12;47;20;;;46.0;0.0
-1;3600;VEV_5400;15;24;;;;;17;18;;;;;16.0;0.0
-1;3600;VEV_5500;6;10;;;;;7;17;;;;;6.5;0.0
-1;3600;VEV_6000;0;20;;;;;1;20;;;;;0.5;0.0
-1;3600;VEV_6500;0;17;;;;;1;17;;;;;0.5;0.0
-1;3700;ASH_COATED_OSMIUM;9993;11;9991;30;;;10009;11;10012;30;;;10001.0;0.0
-1;3700;HYDROGEL_PACK;9981;11;9978;28;;;9997;11;9999;28;;;9989.0;0.0
-1;3700;INTARIAN_PEPPER_ROOT;13093;17;;;;;13111;12;13114;17;;;13102.0;0.0
-1;3700;VELVETFRUIT_EXTRACT;5261;15;5260;60;;;5265;15;5266;36;;;5263.0;0.0
-1;3700;VEV_4000;1253;9;1250;19;;;1274;9;1277;19;;;1263.5;0.0
-1;3700;VEV_4500;755;9;754;6;753;15;771;9;773;15;;;763.0;0.0
-1;3700;VEV_5000;265;6;264;16;;;271;27;272;23;;;268.0;0.0
-1;3700;VEV_5100;173;11;;;;;177;31;178;18;;;175.0;0.0
-1;3700;VEV_5200;98;25;;;;;;;;;;;98.0;0.0
-1;3700;VEV_5300;45;19;;;;;47;5;;;;;46.0;0.0
-1;3700;VEV_5400;;;;;;;16;26;17;17;;;16.0;0.0
-1;3700;VEV_5500;6;25;;;;;7;22;;;;;6.5;0.0
-1;3700;VEV_6000;0;28;;;;;1;28;;;;;0.5;0.0
-1;3700;VEV_6500;0;14;;;;;1;14;;;;;0.5;0.0
-1;3800;ASH_COATED_OSMIUM;;;;;;;10009;13;10012;23;;;10009.0;0.0
-1;3800;HYDROGEL_PACK;9978;11;9976;23;;;9994;11;9997;23;;;9986.0;0.0
-1;3800;INTARIAN_PEPPER_ROOT;13097;12;;;;;13111;12;13114;16;;;13104.0;0.0
-1;3800;VELVETFRUIT_EXTRACT;5261;33;;;;;5267;57;;;;;5264.0;0.0
-1;3800;VEV_4000;1254;13;1251;15;;;1275;13;1278;15;;;1264.5;0.0
-1;3800;VEV_4500;756;10;754;12;;;772;10;774;12;;;764.0;0.0
-1;3800;VEV_5000;264;22;;;;;271;8;272;19;;;267.5;0.0
-1;3800;VEV_5100;172;20;;;;;176;8;;;;;174.0;0.0
-1;3800;VEV_5200;99;15;;;;;103;23;;;;;101.0;0.0
-1;3800;VEV_5300;45;23;;;;;47;6;;;;;46.0;0.0
-1;3800;VEV_5400;;;;;;;17;18;;;;;17.0;0.0
-1;3800;VEV_5500;6;20;;;;;7;26;;;;;6.5;0.0
-1;3800;VEV_6000;0;27;;;;;1;27;;;;;0.5;0.0
-1;3800;VEV_6500;0;17;;;;;1;17;;;;;0.5;0.0
-1;3900;ASH_COATED_OSMIUM;9993;10;9990;28;;;10009;10;10011;28;;;10001.0;0.0
-1;3900;HYDROGEL_PACK;9976;12;9973;20;;;9992;12;9994;20;;;9984.0;0.0
-1;3900;INTARIAN_PEPPER_ROOT;13094;20;;;;;13111;9;13114;20;;;13102.5;0.0
-1;3900;VELVETFRUIT_EXTRACT;5263;15;5262;50;;;5268;63;;;;;5265.5;0.0
-1;3900;VEV_4000;1253;13;1250;30;;;1274;13;1277;30;;;1263.5;0.0
-1;3900;VEV_4500;756;6;754;16;;;772;6;774;16;;;764.0;0.0
-1;3900;VEV_5000;264;10;;;;;271;13;;;;;267.5;0.0
-1;3900;VEV_5100;173;31;172;13;;;177;11;178;20;;;175.0;0.0
-1;3900;VEV_5200;99;31;;;;;102;9;;;;;100.5;0.0
-1;3900;VEV_5300;44;19;;;;;47;23;;;;;45.5;0.0
-1;3900;VEV_5400;15;21;14;26;;;16;21;;;;;15.5;0.0
-1;3900;VEV_5500;6;18;;;;;7;22;;;;;6.5;0.0
-1;3900;VEV_6000;0;20;;;;;1;20;;;;;0.5;0.0
-1;3900;VEV_6500;0;12;;;;;1;12;;;;;0.5;0.0
-1;4000;ASH_COATED_OSMIUM;9994;15;9991;30;;;10010;15;10012;30;;;10002.0;0.0
-1;4000;HYDROGEL_PACK;9976;12;9973;20;;;9992;12;9994;20;;;9984.0;0.0
-1;4000;INTARIAN_PEPPER_ROOT;13097;8;;;;;13111;8;;;;;13104.0;0.0
-1;4000;VELVETFRUIT_EXTRACT;5262;63;;;;;5268;47;;;;;5265.0;0.0
-1;4000;VEV_4000;1253;11;1250;19;;;1274;11;1277;19;;;1263.5;0.0
-1;4000;VEV_4500;753;20;;;;;771;9;773;20;;;762.0;0.0
-1;4000;VEV_5000;262;15;;;;;269;30;270;19;;;265.5;0.0
-1;4000;VEV_5100;172;12;;;;;176;23;;;;;174.0;0.0
-1;4000;VEV_5200;101;26;;;;;103;9;104;20;;;102.0;0.0
-1;4000;VEV_5300;44;16;;;;;46;23;;;;;45.0;0.0
-1;4000;VEV_5400;15;21;;;;;16;19;;;;;15.5;0.0
-1;4000;VEV_5500;6;29;;;;;7;18;;;;;6.5;0.0
-1;4000;VEV_6000;0;22;;;;;1;22;;;;;0.5;0.0
-1;4000;VEV_6500;0;15;;;;;1;15;;;;;0.5;0.0
-1;4100;ASH_COATED_OSMIUM;9994;15;9991;26;;;10010;15;;;;;10002.0;0.0
-1;4100;HYDROGEL_PACK;9977;12;9974;26;;;9993;12;9995;26;;;9985.0;0.0
-1;4100;INTARIAN_PEPPER_ROOT;13094;16;;;;;;;;;;;13094.0;0.0
-1;4100;VELVETFRUIT_EXTRACT;5263;30;5263;16;5262;39;5268;16;5269;41;;;5265.5;0.0
-1;4100;VEV_4000;1253;12;1251;24;;;1275;12;1277;24;;;1264.0;0.0
-1;4100;VEV_4500;756;9;754;18;;;772;9;774;18;;;764.0;0.0
-1;4100;VEV_5000;263;9;262;14;;;269;12;;;;;266.0;0.0
-1;4100;VEV_5100;172;11;;;;;176;8;;;;;174.0;0.0
-1;4100;VEV_5200;100;26;;;;;104;15;;;;;102.0;0.0
-1;4100;VEV_5300;44;21;;;;;46;7;;;;;45.0;0.0
-1;4100;VEV_5400;14;22;;;;;16;25;;;;;15.0;0.0
-1;4100;VEV_5500;6;20;;;;;7;26;;;;;6.5;0.0
-1;4100;VEV_6000;0;25;;;;;1;25;;;;;0.5;0.0
-1;4100;VEV_6500;0;18;;;;;1;18;;;;;0.5;0.0
-1;4200;ASH_COATED_OSMIUM;9993;12;9991;27;;;10009;12;10012;27;;;10001.0;0.0
-1;4200;HYDROGEL_PACK;9975;14;9973;28;;;9991;14;9994;28;;;9983.0;0.0
-1;4200;INTARIAN_PEPPER_ROOT;13097;8;13094;15;;;13111;8;;;;;13104.0;0.0
-1;4200;VELVETFRUIT_EXTRACT;5264;22;5263;17;;;5268;22;5269;47;5270;49;5266.0;0.0
-1;4200;VEV_4000;1252;10;1250;22;;;1273;10;1276;22;;;1262.5;0.0
-1;4200;VEV_4500;755;8;753;15;;;771;8;773;15;;;763.0;0.0
-1;4200;VEV_5000;262;10;;;;;268;11;269;24;;;265.0;0.0
-1;4200;VEV_5100;171;15;;;;;176;32;177;18;;;173.5;0.0
-1;4200;VEV_5200;101;19;;;;;105;15;;;;;103.0;0.0
-1;4200;VEV_5300;44;29;43;23;;;46;27;;;;;45.0;0.0
-1;4200;VEV_5400;;;;;;;16;16;;;;;16.0;0.0
-1;4200;VEV_5500;6;22;;;;;7;20;;;;;6.5;0.0
-1;4200;VEV_6000;0;29;;;;;1;29;;;;;0.5;0.0
-1;4200;VEV_6500;0;18;;;;;1;18;;;;;0.5;0.0
-1;4300;ASH_COATED_OSMIUM;9991;20;;;;;10009;11;10012;20;;;10000.0;0.0
-1;4300;HYDROGEL_PACK;9970;10;9968;24;;;9986;10;9989;24;;;9978.0;0.0
-1;4300;INTARIAN_PEPPER_ROOT;13097;12;13094;24;;;13111;12;;;;;13104.0;0.0
-1;4300;VELVETFRUIT_EXTRACT;5264;56;;;;;5270;57;;;;;5267.0;0.0
-1;4300;VEV_4000;1251;14;1248;24;;;1272;14;1274;24;;;1261.5;0.0
-1;4300;VEV_4500;755;12;753;24;;;771;12;773;24;;;763.0;0.0
-1;4300;VEV_5000;262;28;;;;;270;18;;;;;266.0;0.0
-1;4300;VEV_5100;172;10;171;17;;;176;31;177;25;;;174.0;0.0
-1;4300;VEV_5200;102;26;;;;;105;12;106;19;;;103.5;0.0
-1;4300;VEV_5300;45;20;;;;;47;9;;;;;46.0;0.0
-1;4300;VEV_5400;15;24;;;;;17;28;;;;;16.0;0.0
-1;4300;VEV_5500;6;29;;;;;7;22;;;;;6.5;0.0
-1;4300;VEV_6000;0;19;;;;;1;19;;;;;0.5;0.0
-1;4300;VEV_6500;0;15;;;;;1;15;;;;;0.5;0.0
-1;4400;ASH_COATED_OSMIUM;9991;20;;;;;10010;15;;;;;10000.5;0.0
-1;4400;HYDROGEL_PACK;9966;14;9964;20;;;9982;14;9985;20;;;9974.0;0.0
-1;4400;INTARIAN_PEPPER_ROOT;13097;9;13094;22;;;13111;9;13115;22;;;13104.0;0.0
-1;4400;VELVETFRUIT_EXTRACT;5264;63;;;;;5269;20;5270;56;;;5266.5;0.0
-1;4400;VEV_4000;1251;12;1248;23;;;1272;12;1275;23;;;1261.5;0.0
-1;4400;VEV_4500;753;8;752;21;;;772;21;;;;;762.5;0.0
-1;4400;VEV_5000;264;6;263;26;;;271;27;;;;;267.5;0.0
-1;4400;VEV_5100;172;26;;;;;176;8;177;15;;;174.0;0.0
-1;4400;VEV_5200;103;25;102;31;;;105;6;106;34;;;104.0;0.0
-1;4400;VEV_5300;46;26;;;;;48;7;;;;;47.0;0.0
-1;4400;VEV_5400;15;17;;;;;17;25;;;;;16.0;0.0
-1;4400;VEV_5500;6;25;;;;;7;21;;;;;6.5;0.0
-1;4400;VEV_6000;0;19;;;;;1;19;;;;;0.5;0.0
-1;4400;VEV_6500;0;13;;;;;1;13;;;;;0.5;0.0
-1;4500;ASH_COATED_OSMIUM;9993;14;9991;25;;;10012;25;;;;;10002.5;0.0
-1;4500;HYDROGEL_PACK;9968;12;9966;24;;;9984;12;9987;24;;;9976.0;0.0
-1;4500;INTARIAN_PEPPER_ROOT;13097;10;;;;;13115;19;;;;;13106.0;0.0
-1;4500;VELVETFRUIT_EXTRACT;5263;72;;;;;5268;17;5269;56;;;5265.5;0.0
-1;4500;VEV_4000;1250;10;1248;25;;;1272;10;1274;25;;;1261.0;0.0
-1;4500;VEV_4500;755;12;753;23;;;771;12;773;23;;;763.0;0.0
-1;4500;VEV_5000;;;;;;;272;29;;;;;272.0;0.0
-1;4500;VEV_5100;172;21;171;18;;;176;27;177;27;;;174.0;0.0
-1;4500;VEV_5200;103;9;102;34;;;105;7;106;15;;;104.0;0.0
-1;4500;VEV_5300;45;6;44;30;;;47;22;;;;;46.0;0.0
-1;4500;VEV_5400;15;28;;;;;17;18;;;;;16.0;0.0
-1;4500;VEV_5500;6;16;;;;;7;23;;;;;6.5;0.0
-1;4500;VEV_6000;0;18;;;;;1;18;;;;;0.5;0.0
-1;4500;VEV_6500;0;15;;;;;1;15;;;;;0.5;0.0
-1;4600;ASH_COATED_OSMIUM;9990;21;;;;;10009;13;10011;21;;;9999.5;0.0
-1;4600;HYDROGEL_PACK;9968;14;9966;21;;;9984;14;9987;21;;;9976.0;0.0
-1;4600;INTARIAN_PEPPER_ROOT;13108;5;13098;9;13094;15;13112;9;;;;;13110.0;0.0
-1;4600;VELVETFRUIT_EXTRACT;5263;23;5262;59;;;5267;23;5268;15;;;5265.0;0.0
-1;4600;VEV_4000;1252;10;1249;16;;;1273;10;1276;16;;;1262.5;0.0
-1;4600;VEV_4500;754;6;752;22;;;770;6;772;22;;;762.0;0.0
-1;4600;VEV_5000;265;8;264;17;;;271;11;272;13;;;268.0;0.0
-1;4600;VEV_5100;170;36;;;;;175;11;176;32;;;172.5;0.0
-1;4600;VEV_5200;102;26;;;;;106;19;;;;;104.0;0.0
-1;4600;VEV_5300;45;29;;;;;47;9;;;;;46.0;0.0
-1;4600;VEV_5400;15;21;;;;;17;20;;;;;16.0;0.0
-1;4600;VEV_5500;6;25;;;;;7;12;;;;;6.5;0.0
-1;4600;VEV_6000;0;28;;;;;1;28;;;;;0.5;0.0
-1;4600;VEV_6500;0;20;;;;;1;20;;;;;0.5;0.0
-1;4700;ASH_COATED_OSMIUM;9993;12;;;;;10009;12;;;;;10001.0;0.0
-1;4700;HYDROGEL_PACK;9970;10;9968;20;;;9986;10;9989;20;;;9978.0;0.0
-1;4700;INTARIAN_PEPPER_ROOT;13098;11;13094;16;;;13115;16;;;;;13106.5;0.0
-1;4700;VELVETFRUIT_EXTRACT;5263;17;5262;50;;;5267;17;5268;65;;;5265.0;0.0
-1;4700;VEV_4000;1251;12;1249;23;;;1272;12;1275;23;;;1261.5;0.0
-1;4700;VEV_4500;754;12;752;14;;;770;12;;;;;762.0;0.0
-1;4700;VEV_5000;265;12;264;18;;;271;7;272;13;;;268.0;0.0
-1;4700;VEV_5100;171;9;;;;;175;21;;;;;173.0;0.0
-1;4700;VEV_5200;103;27;102;13;;;105;27;106;26;;;104.0;0.0
-1;4700;VEV_5300;44;20;43;16;;;46;22;;;;;45.0;0.0
-1;4700;VEV_5400;15;22;15;20;;;17;26;;;;;16.0;0.0
-1;4700;VEV_5500;6;21;;;;;7;26;;;;;6.5;0.0
-1;4700;VEV_6000;0;25;;;;;1;25;;;;;0.5;0.0
-1;4700;VEV_6500;0;12;;;;;1;12;;;;;0.5;0.0
-1;4800;ASH_COATED_OSMIUM;9993;14;;;;;10011;23;;;;;10002.0;0.0
-1;4800;HYDROGEL_PACK;9969;14;9967;29;;;9988;29;;;;;9978.5;0.0
-1;4800;INTARIAN_PEPPER_ROOT;13098;11;;;;;13112;11;13115;23;;;13105.0;0.0
-1;4800;VELVETFRUIT_EXTRACT;5263;15;5262;23;;;5268;50;;;;;5265.5;0.0
-1;4800;VEV_4000;1252;11;1249;27;;;1273;11;1275;27;;;1262.5;0.0
-1;4800;VEV_4500;753;6;751;18;;;769;6;771;18;;;761.0;0.0
-1;4800;VEV_5000;266;11;265;18;;;272;8;;;;;269.0;0.0
-1;4800;VEV_5100;170;8;169;20;;;174;27;;;;;172.0;0.0
-1;4800;VEV_5200;101;23;;;;;;;;;;;101.0;0.0
-1;4800;VEV_5300;45;23;;;;;47;24;;;;;46.0;0.0
-1;4800;VEV_5400;15;16;;;;;17;28;;;;;16.0;0.0
-1;4800;VEV_5500;6;20;;;;;7;19;;;;;6.5;0.0
-1;4800;VEV_6000;0;21;;;;;1;21;;;;;0.5;0.0
-1;4800;VEV_6500;0;14;;;;;1;14;;;;;0.5;0.0
-1;4900;ASH_COATED_OSMIUM;9992;10;9990;29;;;10008;10;10011;29;;;10000.0;0.0
-1;4900;HYDROGEL_PACK;9966;12;9964;24;;;9982;12;9985;24;;;9974.0;0.0
-1;4900;INTARIAN_PEPPER_ROOT;13098;8;13095;18;;;13112;8;13115;18;;;13105.0;0.0
-1;4900;VELVETFRUIT_EXTRACT;5263;34;;;;;5269;47;;;;;5266.0;0.0
-1;4900;VEV_4000;1252;9;1250;20;;;1273;9;1276;20;;;1262.5;0.0
-1;4900;VEV_4500;755;10;753;13;;;771;10;773;13;;;763.0;0.0
-1;4900;VEV_5000;265;10;264;19;;;271;7;272;29;;;268.0;0.0
-1;4900;VEV_5100;171;23;170;30;;;175;23;176;15;;;173.0;0.0
-1;4900;VEV_5200;;;;;;;104;12;105;23;;;104.0;0.0
-1;4900;VEV_5300;45;24;;;;;47;21;;;;;46.0;0.0
-1;4900;VEV_5400;15;25;15;23;;;17;20;;;;;16.0;0.0
-1;4900;VEV_5500;6;24;;;;;7;19;;;;;6.5;0.0
-1;4900;VEV_6000;0;18;;;;;1;18;;;;;0.5;0.0
-1;4900;VEV_6500;0;19;;;;;1;19;;;;;0.5;0.0
-1;5000;ASH_COATED_OSMIUM;9993;11;9990;27;;;10011;27;;;;;10002.0;0.0
-1;5000;HYDROGEL_PACK;9967;14;9964;28;;;9983;14;9985;28;;;9975.0;0.0
-1;5000;INTARIAN_PEPPER_ROOT;13098;11;13095;18;;;13115;18;;;;;13106.5;0.0
-1;5000;VELVETFRUIT_EXTRACT;5261;34;5261;68;;;5267;59;;;;;5264.0;0.0
-1;5000;VEV_4000;1251;14;1248;17;;;1272;14;1274;17;;;1261.5;0.0
-1;5000;VEV_4500;753;9;;;;;771;21;;;;;762.0;0.0
-1;5000;VEV_5000;266;21;265;19;;;273;18;;;;;269.5;0.0
-1;5000;VEV_5100;171;15;;;;;176;23;177;32;;;173.5;0.0
-1;5000;VEV_5200;102;8;101;18;;;105;32;;;;;103.5;0.0
-1;5000;VEV_5300;45;22;;;;;47;5;;;;;46.0;0.0
-1;5000;VEV_5400;15;25;14;23;;;15;22;16;21;;;15.0;0.0
-1;5000;VEV_5500;6;22;;;;;7;21;;;;;6.5;0.0
-1;5000;VEV_6000;0;29;;;;;1;29;;;;;0.5;0.0
-1;5000;VEV_6500;0;19;;;;;1;19;;;;;0.5;0.0
-1;5100;ASH_COATED_OSMIUM;9993;15;;;;;10011;28;;;;;10002.0;0.0
-1;5100;HYDROGEL_PACK;9968;15;9965;22;;;9984;15;9986;22;;;9976.0;0.0
-1;5100;INTARIAN_PEPPER_ROOT;13098;9;13095;15;;;13112;9;13115;15;;;13105.0;0.0
-1;5100;VELVETFRUIT_EXTRACT;5261;42;;;;;5267;38;;;;;5264.0;0.0
-1;5100;VEV_4000;1250;8;1247;29;;;1271;8;1273;29;;;1260.5;0.0
-1;5100;VEV_4500;753;8;752;6;751;21;769;8;771;21;;;761.0;0.0
-1;5100;VEV_5000;264;10;;;;;270;6;;;;;267.0;0.0
-1;5100;VEV_5100;172;25;;;;;;;;;;;172.0;0.0
-1;5100;VEV_5200;101;9;100;14;;;104;26;;;;;102.5;0.0
-1;5100;VEV_5300;;;;;;;47;21;;;;;47.0;0.0
-1;5100;VEV_5400;14;17;;;;;15;24;16;19;;;14.5;0.0
-1;5100;VEV_5500;6;21;;;;;7;17;;;;;6.5;0.0
-1;5100;VEV_6000;0;25;;;;;1;25;;;;;0.5;0.0
-1;5100;VEV_6500;0;19;;;;;1;19;;;;;0.5;0.0
-1;5200;ASH_COATED_OSMIUM;9992;14;9990;27;;;;;;;;;9992.0;0.0
-1;5200;HYDROGEL_PACK;9969;13;9967;21;;;9985;13;9988;21;;;9977.0;0.0
-1;5200;INTARIAN_PEPPER_ROOT;13098;8;;;;;13112;8;13116;25;;;13105.0;0.0
-1;5200;VELVETFRUIT_EXTRACT;5264;16;5263;44;;;5269;45;;;;;5266.5;0.0
-1;5200;VEV_4000;1251;10;1248;28;;;1272;10;1274;28;;;1261.5;0.0
-1;5200;VEV_4500;753;10;751;14;;;769;10;771;14;;;761.0;0.0
-1;5200;VEV_5000;263;12;262;32;;;269;9;270;18;;;266.0;0.0
-1;5200;VEV_5100;172;23;;;;;177;26;178;24;;;174.5;0.0
-1;5200;VEV_5200;102;33;101;30;;;104;22;105;23;;;103.0;0.0
-1;5200;VEV_5300;45;24;44;11;;;47;9;48;16;;;46.0;0.0
-1;5200;VEV_5400;15;24;14;22;;;16;25;;;;;15.5;0.0
-1;5200;VEV_5500;6;24;;;;;7;27;;;;;6.5;0.0
-1;5200;VEV_6000;0;24;;;;;1;24;;;;;0.5;0.0
-1;5200;VEV_6500;0;18;;;;;1;18;;;;;0.5;0.0
-1;5300;ASH_COATED_OSMIUM;9992;15;9990;26;;;10011;26;;;;;10001.5;0.0
-1;5300;HYDROGEL_PACK;9970;15;9967;22;;;9986;15;9988;22;;;9978.0;0.0
-1;5300;INTARIAN_PEPPER_ROOT;13098;11;13095;24;;;13112;11;;;;;13105.0;0.0
-1;5300;VELVETFRUIT_EXTRACT;5264;59;5264;25;;;5269;25;5270;40;5270;47;5266.5;0.0
-1;5300;VEV_4000;1251;9;1249;24;;;1272;9;1275;24;;;1261.5;0.0
-1;5300;VEV_4500;753;8;751;15;;;769;8;771;15;;;761.0;0.0
-1;5300;VEV_5000;263;9;262;16;;;269;9;;;;;266.0;0.0
-1;5300;VEV_5100;173;9;172;18;;;177;12;178;13;;;175.0;0.0
-1;5300;VEV_5200;101;33;;;;;104;19;105;13;;;102.5;0.0
-1;5300;VEV_5300;45;24;;;;;47;25;;;;;46.0;0.0
-1;5300;VEV_5400;14;26;;;;;15;25;;;;;14.5;0.0
-1;5300;VEV_5500;6;18;;;;;7;27;;;;;6.5;0.0
-1;5300;VEV_6000;0;24;;;;;1;24;;;;;0.5;0.0
-1;5300;VEV_6500;0;20;;;;;1;20;;;;;0.5;0.0
-1;5400;ASH_COATED_OSMIUM;9992;12;;;;;10008;12;10011;30;;;10000.0;0.0
-1;5400;HYDROGEL_PACK;9973;12;9971;22;;;9989;12;9992;22;;;9981.0;0.0
-1;5400;INTARIAN_PEPPER_ROOT;13098;12;13095;20;;;13112;12;13116;20;;;13105.0;0.0
-1;5400;VELVETFRUIT_EXTRACT;5265;52;;;;;5271;64;5272;36;;;5268.0;0.0
-1;5400;VEV_4000;1251;13;1248;18;;;1272;13;1274;18;;;1261.5;0.0
-1;5400;VEV_4500;753;9;751;14;;;769;9;771;14;;;761.0;0.0
-1;5400;VEV_5000;264;8;263;22;;;270;7;;;;;267.0;0.0
-1;5400;VEV_5100;172;32;171;23;;;176;29;177;18;;;174.0;0.0
-1;5400;VEV_5200;102;8;101;22;;;104;9;;;;;103.0;0.0
-1;5400;VEV_5300;45;18;;;;;48;22;;;;;46.5;0.0
-1;5400;VEV_5400;15;23;;;;;17;20;;;;;16.0;0.0
-1;5400;VEV_5500;6;24;;;;;7;29;;;;;6.5;0.0
-1;5400;VEV_6000;0;19;;;;;1;19;;;;;0.5;0.0
-1;5400;VEV_6500;0;15;;;;;1;15;;;;;0.5;0.0
-1;5500;ASH_COATED_OSMIUM;9992;14;9990;21;;;10011;21;;;;;10001.5;0.0
-1;5500;HYDROGEL_PACK;9975;15;9972;29;;;9991;15;9993;29;;;9983.0;0.0
-1;5500;INTARIAN_PEPPER_ROOT;13098;12;;;;;13113;12;13116;17;;;13105.5;0.0
-1;5500;VELVETFRUIT_EXTRACT;5266;36;;;;;5272;53;;;;;5269.0;0.0
-1;5500;VEV_4000;1253;9;1250;17;;;1274;9;1277;17;;;1263.5;0.0
-1;5500;VEV_4500;754;9;752;24;;;770;9;772;24;;;762.0;0.0
-1;5500;VEV_5000;264;25;263;23;;;270;12;271;19;;;267.0;0.0
-1;5500;VEV_5100;172;11;;;;;177;19;;;;;174.5;0.0
-1;5500;VEV_5200;101;8;;;;;103;27;;;;;102.0;0.0
-1;5500;VEV_5300;46;15;;;;;;;;;;;46.0;0.0
-1;5500;VEV_5400;15;25;15;27;;;16;25;17;30;;;15.5;0.0
-1;5500;VEV_5500;6;25;;;;;7;18;;;;;6.5;0.0
-1;5500;VEV_6000;0;29;;;;;1;29;;;;;0.5;0.0
-1;5500;VEV_6500;0;19;;;;;1;19;;;;;0.5;0.0
-1;5600;ASH_COATED_OSMIUM;9991;15;9989;27;;;10007;15;10010;27;;;9999.0;0.0
-1;5600;HYDROGEL_PACK;9973;15;9971;26;;;9989;15;9991;26;;;9981.0;0.0
-1;5600;INTARIAN_PEPPER_ROOT;13099;11;;;;;13113;11;;;;;13106.0;0.0
-1;5600;VELVETFRUIT_EXTRACT;5266;32;5266;24;;;5272;57;5273;32;;;5269.0;0.0
-1;5600;VEV_4000;1252;11;1250;17;;;1274;11;1276;17;;;1263.0;0.0
-1;5600;VEV_4500;753;10;751;19;;;769;10;771;19;;;761.0;0.0
-1;5600;VEV_5000;263;8;262;24;;;269;7;270;28;;;266.0;0.0
-1;5600;VEV_5100;;;;;;;175;9;;;;;175.0;0.0
-1;5600;VEV_5200;101;25;100;16;;;103;10;;;;;102.0;0.0
-1;5600;VEV_5300;45;10;;;;;47;10;;;;;46.0;0.0
-1;5600;VEV_5400;14;28;;;;;;;;;;;14.0;0.0
-1;5600;VEV_5500;6;23;;;;;7;25;;;;;6.5;0.0
-1;5600;VEV_6000;0;16;;;;;1;16;;;;;0.5;0.0
-1;5600;VEV_6500;0;16;;;;;1;16;;;;;0.5;0.0
-1;5700;ASH_COATED_OSMIUM;9992;10;9989;30;;;10008;10;10010;30;;;10000.0;0.0
-1;5700;HYDROGEL_PACK;9972;10;9970;25;;;9988;10;9991;25;;;9980.0;0.0
-1;5700;INTARIAN_PEPPER_ROOT;13099;8;13095;19;;;13113;8;13116;19;;;13106.0;0.0
-1;5700;VELVETFRUIT_EXTRACT;5266;25;5265;54;;;5271;61;;;;;5268.5;0.0
-1;5700;VEV_4000;1251;15;1248;30;;;1272;15;1274;30;;;1261.5;0.0
-1;5700;VEV_4500;753;9;751;24;;;769;9;771;24;;;761.0;0.0
-1;5700;VEV_5000;;;;;;;271;15;;;;;271.0;0.0
-1;5700;VEV_5100;170;21;;;;;175;29;176;32;;;172.5;0.0
-1;5700;VEV_5200;101;30;100;20;;;103;6;104;32;;;102.0;0.0
-1;5700;VEV_5300;44;20;;;;;46;26;;;;;45.0;0.0
-1;5700;VEV_5400;15;25;;;;;16;24;;;;;15.5;0.0
-1;5700;VEV_5500;6;24;;;;;7;22;;;;;6.5;0.0
-1;5700;VEV_6000;0;25;;;;;1;25;;;;;0.5;0.0
-1;5700;VEV_6500;0;15;;;;;1;15;;;;;0.5;0.0
-1;5800;ASH_COATED_OSMIUM;9992;11;9990;30;;;10008;11;;;;;10000.0;0.0
-1;5800;HYDROGEL_PACK;9973;14;9970;30;;;9989;14;9991;30;;;9981.0;0.0
-1;5800;INTARIAN_PEPPER_ROOT;13095;18;;;;;13113;8;13116;18;;;13104.0;0.0
-1;5800;VELVETFRUIT_EXTRACT;5267;17;5266;44;;;5272;25;;;;;5269.5;0.0
-1;5800;VEV_4000;1252;12;1250;29;;;1273;12;1276;29;;;1262.5;0.0
-1;5800;VEV_4500;752;12;750;16;;;769;10;770;16;;;760.5;0.0
-1;5800;VEV_5000;263;11;262;12;;;269;11;270;23;;;266.0;0.0
-1;5800;VEV_5100;169;24;;;;;174;12;175;25;;;171.5;0.0
-1;5800;VEV_5200;101;26;100;15;;;104;17;;;;;102.5;0.0
-1;5800;VEV_5300;44;9;43;23;;;;;;;;;44.0;0.0
-1;5800;VEV_5400;15;26;;;;;17;17;;;;;16.0;0.0
-1;5800;VEV_5500;6;24;;;;;7;24;;;;;6.5;0.0
-1;5800;VEV_6000;0;23;;;;;1;23;;;;;0.5;0.0
-1;5800;VEV_6500;0;11;;;;;1;11;;;;;0.5;0.0
-1;5900;ASH_COATED_OSMIUM;9992;13;9990;25;;;10011;25;;;;;10001.5;0.0
-1;5900;HYDROGEL_PACK;9970;24;;;;;9988;11;9991;24;;;9979.0;0.0
-1;5900;INTARIAN_PEPPER_ROOT;13099;11;13096;16;;;13116;16;;;;;13107.5;0.0
-1;5900;VELVETFRUIT_EXTRACT;5267;49;5267;56;;;5273;67;;;;;5270.0;0.0
-1;5900;VEV_4000;1252;10;1249;20;;;1273;10;1275;20;;;1262.5;0.0
-1;5900;VEV_4500;754;8;752;16;;;772;16;;;;;763.0;0.0
-1;5900;VEV_5000;264;6;263;22;;;270;10;271;13;;;267.0;0.0
-1;5900;VEV_5100;170;25;169;12;;;175;20;;;;;172.5;0.0
-1;5900;VEV_5200;102;33;;;;;104;27;;;;;103.0;0.0
-1;5900;VEV_5300;45;8;;;;;47;30;47;23;;;46.0;0.0
-1;5900;VEV_5400;;;;;;;17;23;;;;;17.0;0.0
-1;5900;VEV_5500;6;24;;;;;7;27;;;;;6.5;0.0
-1;5900;VEV_6000;0;28;;;;;1;28;;;;;0.5;0.0
-1;5900;VEV_6500;0;13;;;;;1;13;;;;;0.5;0.0
-1;6000;ASH_COATED_OSMIUM;9993;10;9990;25;;;10011;25;;;;;10002.0;0.0
-1;6000;HYDROGEL_PACK;9972;12;9970;25;;;9988;12;9991;25;;;9980.0;0.0
-1;6000;INTARIAN_PEPPER_ROOT;13099;12;13096;22;;;13113;12;;;;;13106.0;0.0
-1;6000;VELVETFRUIT_EXTRACT;5268;16;5268;16;;;5273;16;5274;54;;;5270.5;0.0
-1;6000;VEV_4000;1252;14;1249;20;;;1273;14;1275;20;;;1262.5;0.0
-1;6000;VEV_4500;753;19;;;;;771;11;773;19;;;762.0;0.0
-1;6000;VEV_5000;264;8;263;26;;;;;;;;;264.0;0.0
-1;6000;VEV_5100;170;10;169;27;;;174;11;175;19;;;172.0;0.0
-1;6000;VEV_5200;102;8;101;28;;;104;21;105;24;;;103.0;0.0
-1;6000;VEV_5300;45;25;;;;;47;10;;;;;46.0;0.0
-1;6000;VEV_5400;15;17;15;23;;;16;21;17;20;;;15.5;0.0
-1;6000;VEV_5500;6;19;;;;;7;25;;;;;6.5;0.0
-1;6000;VEV_6000;0;19;;;;;1;19;;;;;0.5;0.0
-1;6000;VEV_6500;0;11;;;;;1;11;;;;;0.5;0.0
-1;6100;ASH_COATED_OSMIUM;9998;2;9992;12;9990;21;10008;12;10011;21;;;10003.0;0.0
-1;6100;HYDROGEL_PACK;9976;13;9974;20;;;9992;13;9995;20;;;9984.0;0.0
-1;6100;INTARIAN_PEPPER_ROOT;13099;11;13096;16;;;13116;16;;;;;13107.5;0.0
-1;6100;VELVETFRUIT_EXTRACT;5269;46;;;;;5275;51;;;;;5272.0;0.0
-1;6100;VEV_4000;1252;11;1249;18;;;1273;11;1275;18;;;1262.5;0.0
-1;6100;VEV_4500;754;7;753;20;752;12;770;7;771;23;772;12;762.0;0.0
-1;6100;VEV_5000;265;12;264;19;;;271;10;;;;;268.0;0.0
-1;6100;VEV_5100;;;;;;;174;6;175;15;;;174.0;0.0
-1;6100;VEV_5200;100;9;99;24;;;;;;;;;100.0;0.0
-1;6100;VEV_5300;45;6;;;;;47;10;;;;;46.0;0.0
-1;6100;VEV_5400;15;25;;;;;17;25;;;;;16.0;0.0
-1;6100;VEV_5500;6;20;;;;;7;23;;;;;6.5;0.0
-1;6100;VEV_6000;0;23;;;;;1;23;;;;;0.5;0.0
-1;6100;VEV_6500;0;17;;;;;1;17;;;;;0.5;0.0
-1;6200;ASH_COATED_OSMIUM;9992;10;9989;26;;;10008;10;10010;26;;;10000.0;0.0
-1;6200;HYDROGEL_PACK;9976;15;9973;24;;;9992;15;9994;24;;;9984.0;0.0
-1;6200;INTARIAN_PEPPER_ROOT;13099;8;13096;15;;;13113;8;13117;15;;;13106.0;0.0
-1;6200;VELVETFRUIT_EXTRACT;5268;66;;;;;5274;60;;;;;5271.0;0.0
-1;6200;VEV_4000;1250;10;1247;28;;;1271;10;1274;28;;;1260.5;0.0
-1;6200;VEV_4500;753;12;751;21;;;771;21;;;;;762.0;0.0
-1;6200;VEV_5000;265;16;;;;;272;34;273;18;;;268.5;0.0
-1;6200;VEV_5100;170;8;169;14;;;175;22;;;;;172.5;0.0
-1;6200;VEV_5200;100;21;;;;;103;11;104;22;;;101.5;0.0
-1;6200;VEV_5300;45;23;;;;;47;21;;;;;46.0;0.0
-1;6200;VEV_5400;16;10;15;16;;;16;17;17;15;;;16.0;0.0
-1;6200;VEV_5500;6;20;;;;;7;22;;;;;6.5;0.0
-1;6200;VEV_6000;0;19;;;;;1;19;;;;;0.5;0.0
-1;6200;VEV_6500;0;16;;;;;1;16;;;;;0.5;0.0
-1;6300;ASH_COATED_OSMIUM;9992;12;;;;;10008;12;;;;;10000.0;0.0
-1;6300;HYDROGEL_PACK;9976;15;9974;30;;;9992;15;9995;30;;;9984.0;0.0
-1;6300;INTARIAN_PEPPER_ROOT;13099;10;13096;25;;;13117;25;;;;;13108.0;0.0
-1;6300;VELVETFRUIT_EXTRACT;5270;20;5269;46;;;5275;51;;;;;5272.5;0.0
-1;6300;VEV_4000;1250;15;1247;15;;;1271;15;1273;15;;;1260.5;0.0
-1;6300;VEV_4500;752;11;750;21;;;768;11;770;21;;;760.0;0.0
-1;6300;VEV_5000;265;12;;;;;271;31;272;20;;;268.0;0.0
-1;6300;VEV_5100;170;10;169;27;;;174;7;175;28;;;172.0;0.0
-1;6300;VEV_5200;101;24;;;;;105;19;;;;;103.0;0.0
-1;6300;VEV_5300;44;17;;;;;46;26;;;;;45.0;0.0
-1;6300;VEV_5400;15;12;;;;;;;;;;;15.0;0.0
-1;6300;VEV_5500;6;26;;;;;7;19;;;;;6.5;0.0
-1;6300;VEV_6000;0;21;;;;;1;21;;;;;0.5;0.0
-1;6300;VEV_6500;0;14;;;;;1;14;;;;;0.5;0.0
-1;6400;ASH_COATED_OSMIUM;9992;15;9990;26;;;10008;15;10011;26;;;10000.0;0.0
-1;6400;HYDROGEL_PACK;9974;15;9971;30;;;9990;15;9992;30;;;9982.0;0.0
-1;6400;INTARIAN_PEPPER_ROOT;13096;18;;;;;13113;8;13117;18;;;13104.5;0.0
-1;6400;VELVETFRUIT_EXTRACT;5271;35;5271;20;;;5276;20;5277;17;;;5273.5;0.0
-1;6400;VEV_4000;1249;13;1247;19;;;1271;13;1273;19;;;1260.0;0.0
-1;6400;VEV_4500;751;11;749;17;;;767;11;769;17;;;759.0;0.0
-1;6400;VEV_5000;265;10;264;22;;;271;6;;;;;268.0;0.0
-1;6400;VEV_5100;170;6;169;16;;;174;7;175;14;;;172.0;0.0
-1;6400;VEV_5200;101;19;;;;;105;16;;;;;103.0;0.0
-1;6400;VEV_5300;45;29;;;;;47;19;;;;;46.0;0.0
-1;6400;VEV_5400;15;21;;;;;16;24;;;;;15.5;0.0
-1;6400;VEV_5500;6;25;;;;;7;20;;;;;6.5;0.0
-1;6400;VEV_6000;0;24;;;;;1;24;;;;;0.5;0.0
-1;6400;VEV_6500;0;20;;;;;1;20;;;;;0.5;0.0
-1;6500;ASH_COATED_OSMIUM;9992;12;9990;27;;;10008;12;10011;27;;;10000.0;0.0
-1;6500;HYDROGEL_PACK;9977;14;9974;23;;;9993;14;9995;23;;;9985.0;0.0
-1;6500;INTARIAN_PEPPER_ROOT;13099;10;13096;20;;;13109;8;13114;10;13117;20;13104.0;0.0
-1;6500;VELVETFRUIT_EXTRACT;5271;59;;;;;5277;22;;;;;5274.0;0.0
-1;6500;VEV_4000;1249;7;1246;28;;;1270;7;1272;28;;;1259.5;0.0
-1;6500;VEV_4500;751;10;749;13;;;767;10;769;13;;;759.0;0.0
-1;6500;VEV_5000;263;21;;;;;271;23;;;;;267.0;0.0
-1;6500;VEV_5100;169;25;168;14;;;173;10;174;15;;;171.0;0.0
-1;6500;VEV_5200;101;9;100;24;;;104;17;;;;;102.5;0.0
-1;6500;VEV_5300;45;17;44;12;;;47;27;;;;;46.0;0.0
-1;6500;VEV_5400;;;;;;;16;19;17;24;;;16.0;0.0
-1;6500;VEV_5500;6;28;;;;;7;20;;;;;6.5;0.0
-1;6500;VEV_6000;0;16;;;;;1;16;;;;;0.5;0.0
-1;6500;VEV_6500;0;11;;;;;1;11;;;;;0.5;0.0
-1;6600;ASH_COATED_OSMIUM;9992;11;9989;30;;;10008;11;;;;;10000.0;0.0
-1;6600;HYDROGEL_PACK;9977;14;9975;26;;;9993;14;9996;26;;;9985.0;0.0
-1;6600;INTARIAN_PEPPER_ROOT;13096;24;;;;;13117;24;;;;;13106.5;0.0
-1;6600;VELVETFRUIT_EXTRACT;5270;22;5269;36;;;5275;43;;;;;5272.5;0.0
-1;6600;VEV_4000;1249;14;1247;20;;;1270;14;1273;20;;;1259.5;0.0
-1;6600;VEV_4500;751;12;749;16;;;767;12;769;16;;;759.0;0.0
-1;6600;VEV_5000;264;8;263;14;;;270;6;271;22;;;267.0;0.0
-1;6600;VEV_5100;170;33;;;;;174;10;175;28;;;172.0;0.0
-1;6600;VEV_5200;101;10;100;14;;;104;16;;;;;102.5;0.0
-1;6600;VEV_5300;45;29;;;;;47;21;48;19;;;46.0;0.0
-1;6600;VEV_5400;16;27;15;20;;;17;21;;;;;16.5;0.0
-1;6600;VEV_5500;6;19;;;;;7;19;;;;;6.5;0.0
-1;6600;VEV_6000;0;21;;;;;1;21;;;;;0.5;0.0
-1;6600;VEV_6500;0;18;;;;;1;18;;;;;0.5;0.0
-1;6700;ASH_COATED_OSMIUM;9989;27;;;;;10008;12;;;;;9998.5;0.0
-1;6700;HYDROGEL_PACK;9975;30;;;;;9994;12;9996;30;;;9984.5;0.0
-1;6700;INTARIAN_PEPPER_ROOT;13100;9;13096;25;;;13114;9;13117;25;;;13107.0;0.0
-1;6700;VELVETFRUIT_EXTRACT;5269;65;;;;;5274;15;5275;61;;;5271.5;0.0
-1;6700;VEV_4000;1249;15;1246;23;;;1270;15;1273;23;;;1259.5;0.0
-1;6700;VEV_4500;750;8;748;13;;;766;8;768;13;;;758.0;0.0
-1;6700;VEV_5000;266;9;265;20;;;273;32;;;;;269.5;0.0
-1;6700;VEV_5100;170;30;;;;;175;7;;;;;172.5;0.0
-1;6700;VEV_5200;102;31;101;34;;;104;10;105;29;;;103.0;0.0
-1;6700;VEV_5300;45;24;;;;;47;27;;;;;46.0;0.0
-1;6700;VEV_5400;;;;;;;17;23;;;;;17.0;0.0
-1;6700;VEV_5500;6;25;;;;;7;22;;;;;6.5;0.0
-1;6700;VEV_6000;0;25;;;;;1;25;;;;;0.5;0.0
-1;6700;VEV_6500;0;18;;;;;1;18;;;;;0.5;0.0
-1;6800;ASH_COATED_OSMIUM;9989;27;;;;;10008;14;10010;27;;;9998.5;0.0
-1;6800;HYDROGEL_PACK;9980;10;9977;29;;;9996;10;9998;29;;;9988.0;0.0
-1;6800;INTARIAN_PEPPER_ROOT;13100;8;13096;22;;;13117;22;;;;;13108.5;0.0
-1;6800;VELVETFRUIT_EXTRACT;5268;53;;;;;5273;20;5274;15;;;5270.5;0.0
-1;6800;VEV_4000;1249;15;1247;24;;;1271;15;1273;24;;;1260.0;0.0
-1;6800;VEV_4500;749;11;747;13;;;765;11;767;13;;;757.0;0.0
-1;6800;VEV_5000;266;7;;;;;273;12;;;;;269.5;0.0
-1;6800;VEV_5100;171;32;;;;;176;28;177;23;;;173.5;0.0
-1;6800;VEV_5200;102;8;101;16;;;104;32;105;34;;;103.0;0.0
-1;6800;VEV_5300;45;24;;;;;47;7;;;;;46.0;0.0
-1;6800;VEV_5400;16;29;;;;;17;10;;;;;16.5;0.0
-1;6800;VEV_5500;6;29;;;;;7;20;;;;;6.5;0.0
-1;6800;VEV_6000;0;27;;;;;1;27;;;;;0.5;0.0
-1;6800;VEV_6500;0;19;;;;;1;19;;;;;0.5;0.0
-1;6900;ASH_COATED_OSMIUM;9992;15;;;;;10011;22;;;;;10001.5;0.0
-1;6900;HYDROGEL_PACK;9980;15;9977;22;;;9996;15;9998;22;;;9988.0;0.0
-1;6900;INTARIAN_PEPPER_ROOT;;;;;;;13114;8;13117;23;;;13114.0;0.0
-1;6900;VELVETFRUIT_EXTRACT;5270;17;5269;63;;;5275;20;;;;;5272.5;0.0
-1;6900;VEV_4000;1250;11;1247;17;;;1271;11;1273;17;;;1260.5;0.0
-1;6900;VEV_4500;750;10;748;15;;;766;10;768;15;;;758.0;0.0
-1;6900;VEV_5000;266;10;265;20;;;272;6;;;;;269.0;0.0
-1;6900;VEV_5100;173;26;172;13;;;178;24;;;;;175.5;0.0
-1;6900;VEV_5200;101;6;100;21;;;103;7;104;22;;;102.0;0.0
-1;6900;VEV_5300;;;;;;;47;18;;;;;47.0;0.0
-1;6900;VEV_5400;16;23;;;;;18;21;;;;;17.0;0.0
-1;6900;VEV_5500;6;27;;;;;7;21;;;;;6.5;0.0
-1;6900;VEV_6000;0;26;;;;;1;26;;;;;0.5;0.0
-1;6900;VEV_6500;0;20;;;;;1;20;;;;;0.5;0.0
-1;7000;ASH_COATED_OSMIUM;9992;10;9990;24;;;;;;;;;9992.0;0.0
-1;7000;HYDROGEL_PACK;9984;12;9981;25;;;10000;12;10002;25;;;9992.0;0.0
-1;7000;INTARIAN_PEPPER_ROOT;13100;11;;;;;13117;20;;;;;13108.5;0.0
-1;7000;VELVETFRUIT_EXTRACT;5269;47;;;;;5275;50;;;;;5272.0;0.0
-1;7000;VEV_4000;1250;12;1247;23;;;1271;12;1273;23;;;1260.5;0.0
-1;7000;VEV_4500;752;9;750;12;;;768;9;770;12;;;760.0;0.0
-1;7000;VEV_5000;267;11;266;29;;;273;7;274;27;;;270.0;0.0
-1;7000;VEV_5100;173;21;172;14;;;178;18;;;;;175.5;0.0
-1;7000;VEV_5200;101;31;;;;;105;21;;;;;103.0;0.0
-1;7000;VEV_5300;45;27;;;;;47;21;;;;;46.0;0.0
-1;7000;VEV_5400;16;20;;;;;18;22;;;;;17.0;0.0
-1;7000;VEV_5500;6;23;;;;;7;21;;;;;6.5;0.0
-1;7000;VEV_6000;0;25;;;;;1;25;;;;;0.5;0.0
-1;7000;VEV_6500;0;17;;;;;1;17;;;;;0.5;0.0
-1;7100;ASH_COATED_OSMIUM;9990;26;;;;;10008;15;10011;26;;;9999.0;0.0
-1;7100;HYDROGEL_PACK;9989;13;9986;28;;;10005;13;10007;28;;;9997.0;0.0
-1;7100;INTARIAN_PEPPER_ROOT;13097;21;;;;;13114;8;13117;21;;;13105.5;0.0
-1;7100;VELVETFRUIT_EXTRACT;5269;71;5269;15;;;5274;15;5275;15;;;5271.5;0.0
-1;7100;VEV_4000;1249;12;1247;15;;;1271;12;1273;15;;;1260.0;0.0
-1;7100;VEV_4500;748;20;;;;;768;20;;;;;758.0;0.0
-1;7100;VEV_5000;267;8;266;35;;;273;33;274;16;;;270.0;0.0
-1;7100;VEV_5100;172;24;171;24;;;176;11;177;19;;;174.0;0.0
-1;7100;VEV_5200;;;;;;;104;11;105;17;;;104.0;0.0
-1;7100;VEV_5300;45;17;;;;;47;24;;;;;46.0;0.0
-1;7100;VEV_5400;16;19;;;;;;;;;;;16.0;0.0
-1;7100;VEV_5500;6;19;;;;;7;22;;;;;6.5;0.0
-1;7100;VEV_6000;0;15;;;;;1;15;;;;;0.5;0.0
-1;7100;VEV_6500;0;13;;;;;1;13;;;;;0.5;0.0
-1;7200;ASH_COATED_OSMIUM;9992;14;;;;;10011;20;;;;;10001.5;0.0
-1;7200;HYDROGEL_PACK;9990;15;9988;30;;;10006;15;10009;30;;;9998.0;0.0
-1;7200;INTARIAN_PEPPER_ROOT;13100;12;13097;17;;;13114;12;13118;17;;;13107.0;0.0
-1;7200;VELVETFRUIT_EXTRACT;5267;53;;;;;5273;58;;;;;5270.0;0.0
-1;7200;VEV_4000;1248;13;1246;16;;;1270;13;1272;16;;;1259.0;0.0
-1;7200;VEV_4500;750;8;748;18;;;766;8;768;18;;;758.0;0.0
-1;7200;VEV_5000;267;6;266;14;;;273;10;274;15;;;270.0;0.0
-1;7200;VEV_5100;171;21;;;;;176;22;177;15;;;173.5;0.0
-1;7200;VEV_5200;101;29;;;;;105;26;;;;;103.0;0.0
-1;7200;VEV_5300;45;20;;;;;47;25;;;;;46.0;0.0
-1;7200;VEV_5400;16;19;;;;;18;27;;;;;17.0;0.0
-1;7200;VEV_5500;6;24;;;;;7;18;;;;;6.5;0.0
-1;7200;VEV_6000;0;18;;;;;1;18;;;;;0.5;0.0
-1;7200;VEV_6500;0;16;;;;;1;16;;;;;0.5;0.0
-1;7300;ASH_COATED_OSMIUM;9992;15;9990;21;;;10008;15;10011;21;;;10000.0;0.0
-1;7300;HYDROGEL_PACK;9987;10;9985;20;;;10003;10;10006;20;;;9995.0;0.0
-1;7300;INTARIAN_PEPPER_ROOT;13097;21;;;;;13114;9;;;;;13105.5;0.0
-1;7300;VELVETFRUIT_EXTRACT;5267;44;;;;;5273;58;;;;;5270.0;0.0
-1;7300;VEV_4000;1249;15;1246;16;;;1270;15;1272;16;;;1259.5;0.0
-1;7300;VEV_4500;749;12;747;19;;;765;12;767;19;;;757.0;0.0
-1;7300;VEV_5000;266;23;;;;;273;10;274;14;;;269.5;0.0
-1;7300;VEV_5100;173;34;172;18;;;178;21;;;;;175.5;0.0
-1;7300;VEV_5200;100;36;;;;;104;20;;;;;102.0;0.0
-1;7300;VEV_5300;45;23;;;;;47;26;;;;;46.0;0.0
-1;7300;VEV_5400;;;;;;;18;11;;;;;18.0;0.0
-1;7300;VEV_5500;6;22;;;;;7;19;;;;;6.5;0.0
-1;7300;VEV_6000;0;28;;;;;1;28;;;;;0.5;0.0
-1;7300;VEV_6500;0;13;;;;;1;13;;;;;0.5;0.0
-1;7400;ASH_COATED_OSMIUM;9993;14;9990;20;;;10011;20;;;;;10002.0;0.0
-1;7400;HYDROGEL_PACK;9990;12;9987;28;;;10006;12;10008;28;;;9998.0;0.0
-1;7400;INTARIAN_PEPPER_ROOT;13100;8;;;;;13118;23;;;;;13109.0;0.0
-1;7400;VELVETFRUIT_EXTRACT;5268;73;;;;;5273;16;5274;49;5274;61;5270.5;0.0
-1;7400;VEV_4000;1249;11;1247;23;;;1270;11;1273;23;;;1259.5;0.0
-1;7400;VEV_4500;748;7;746;17;;;764;7;766;17;;;756.0;0.0
-1;7400;VEV_5000;268;6;267;24;;;274;7;275;15;;;271.0;0.0
-1;7400;VEV_5100;171;11;170;18;;;175;30;;;;;173.0;0.0
-1;7400;VEV_5200;100;13;;;;;104;19;;;;;102.0;0.0
-1;7400;VEV_5300;45;20;44;21;;;47;22;;;;;46.0;0.0
-1;7400;VEV_5400;16;19;;;;;18;23;;;;;17.0;0.0
-1;7400;VEV_5500;6;22;;;;;7;24;;;;;6.5;0.0
-1;7400;VEV_6000;0;19;;;;;1;19;;;;;0.5;0.0
-1;7400;VEV_6500;0;15;;;;;1;15;;;;;0.5;0.0
-1;7500;ASH_COATED_OSMIUM;9993;15;9990;21;;;10003;1;10009;15;10011;21;9998.0;0.0
-1;7500;HYDROGEL_PACK;9991;13;9989;20;;;10007;13;10010;20;;;9999.0;0.0
-1;7500;INTARIAN_PEPPER_ROOT;13097;21;;;;;13115;9;13118;21;;;13106.0;0.0
-1;7500;VELVETFRUIT_EXTRACT;5268;41;;;;;5274;53;;;;;5271.0;0.0
-1;7500;VEV_4000;1250;11;1248;17;;;1272;11;1274;17;;;1261.0;0.0
-1;7500;VEV_4500;748;10;;;;;764;10;766;15;;;756.0;0.0
-1;7500;VEV_5000;268;22;267;21;;;274;23;275;15;;;271.0;0.0
-1;7500;VEV_5100;170;30;169;15;;;174;6;175;30;;;172.0;0.0
-1;7500;VEV_5200;99;28;;;;;102;17;;;;;100.5;0.0
-1;7500;VEV_5300;45;28;;;;;47;28;48;15;;;46.0;0.0
-1;7500;VEV_5400;16;29;;;;;;;;;;;16.0;0.0
-1;7500;VEV_5500;6;24;;;;;7;23;;;;;6.5;0.0
-1;7500;VEV_6000;0;19;;;;;1;19;;;;;0.5;0.0
-1;7500;VEV_6500;0;14;;;;;1;14;;;;;0.5;0.0
-1;7600;ASH_COATED_OSMIUM;9990;21;;;;;10009;15;10011;21;;;9999.5;0.0
-1;7600;HYDROGEL_PACK;9990;12;9988;26;;;10006;12;10009;26;;;9998.0;0.0
-1;7600;INTARIAN_PEPPER_ROOT;13101;9;13097;21;;;13115;9;;;;;13108.0;0.0
-1;7600;VELVETFRUIT_EXTRACT;5269;23;5268;60;;;5274;71;;;;;5271.5;0.0
-1;7600;VEV_4000;1250;10;1248;26;;;1271;10;1274;26;;;1260.5;0.0
-1;7600;VEV_4500;749;12;747;12;;;767;12;;;;;758.0;0.0
-1;7600;VEV_5000;267;12;266;31;;;273;11;274;18;;;270.0;0.0
-1;7600;VEV_5100;170;10;169;30;;;174;12;175;12;;;172.0;0.0
-1;7600;VEV_5200;;;;;;;103;25;;;;;103.0;0.0
-1;7600;VEV_5300;44;16;43;11;;;46;21;;;;;45.0;0.0
-1;7600;VEV_5400;16;19;;;;;18;26;;;;;17.0;0.0
-1;7600;VEV_5500;6;20;;;;;7;24;;;;;6.5;0.0
-1;7600;VEV_6000;0;17;;;;;1;17;;;;;0.5;0.0
-1;7600;VEV_6500;0;18;;;;;1;18;;;;;0.5;0.0
-1;7700;ASH_COATED_OSMIUM;9993;12;9990;24;;;10009;12;;;;;10001.0;0.0
-1;7700;HYDROGEL_PACK;9991;11;9988;20;;;10007;11;10009;20;;;9999.0;0.0
-1;7700;INTARIAN_PEPPER_ROOT;13101;12;13097;24;;;13115;12;13118;24;;;13108.0;0.0
-1;7700;VELVETFRUIT_EXTRACT;5267;32;5267;18;;;5273;39;;;;;5270.0;0.0
-1;7700;VEV_4000;1249;9;1247;22;;;1271;9;1273;22;;;1260.0;0.0
-1;7700;VEV_4500;750;10;748;17;;;768;17;;;;;759.0;0.0
-1;7700;VEV_5000;267;12;266;31;;;273;6;274;30;;;270.0;0.0
-1;7700;VEV_5100;169;26;168;19;;;173;26;174;22;;;171.0;0.0
-1;7700;VEV_5200;99;25;;;;;102;30;;;;;100.5;0.0
-1;7700;VEV_5300;45;23;;;;;47;19;;;;;46.0;0.0
-1;7700;VEV_5400;16;22;;;;;;;;;;;16.0;0.0
-1;7700;VEV_5500;6;21;;;;;7;19;;;;;6.5;0.0
-1;7700;VEV_6000;0;24;;;;;1;24;;;;;0.5;0.0
-1;7700;VEV_6500;0;15;;;;;1;15;;;;;0.5;0.0
-1;7800;ASH_COATED_OSMIUM;9993;11;;;;;10009;11;10011;25;;;10001.0;0.0
-1;7800;HYDROGEL_PACK;9991;14;9988;30;;;10007;14;10009;30;;;9999.0;0.0
-1;7800;INTARIAN_PEPPER_ROOT;13101;9;;;;;13115;9;13118;17;;;13108.0;0.0
-1;7800;VELVETFRUIT_EXTRACT;5267;24;5266;68;;;5272;55;;;;;5269.5;0.0
-1;7800;VEV_4000;1251;11;1249;15;;;1272;11;1275;15;;;1261.5;0.0
-1;7800;VEV_4500;749;12;748;6;;;765;12;767;13;;;757.0;0.0
-1;7800;VEV_5000;267;8;;;;;273;23;274;23;;;270.0;0.0
-1;7800;VEV_5100;170;11;169;21;;;174;30;175;18;;;172.0;0.0
-1;7800;VEV_5200;97;33;;;;;100;6;101;27;;;98.5;0.0
-1;7800;VEV_5300;45;21;;;;;47;24;;;;;46.0;0.0
-1;7800;VEV_5400;16;22;;;;;17;19;18;19;;;16.5;0.0
-1;7800;VEV_5500;6;23;;;;;7;16;;;;;6.5;0.0
-1;7800;VEV_6000;0;20;;;;;1;20;;;;;0.5;0.0
-1;7800;VEV_6500;0;10;;;;;1;10;;;;;0.5;0.0
-1;7900;ASH_COATED_OSMIUM;9993;10;9991;30;;;10009;10;10012;30;;;10001.0;0.0
-1;7900;HYDROGEL_PACK;9990;10;9988;28;;;10006;10;10009;28;;;9998.0;0.0
-1;7900;INTARIAN_PEPPER_ROOT;13101;9;13098;15;;;13115;9;13118;15;;;13108.0;0.0
-1;7900;VELVETFRUIT_EXTRACT;5265;58;;;;;5271;18;;;;;5268.0;0.0
-1;7900;VEV_4000;1250;7;1247;28;;;1271;7;1274;28;;;1260.5;0.0
-1;7900;VEV_4500;751;9;749;14;;;767;9;769;14;;;759.0;0.0
-1;7900;VEV_5000;267;9;266;17;;;273;23;274;20;;;270.0;0.0
-1;7900;VEV_5100;170;6;;;;;174;12;175;30;;;172.0;0.0
-1;7900;VEV_5200;;;;;;;101;22;;;;;101.0;0.0
-1;7900;VEV_5300;45;27;;;;;47;25;;;;;46.0;0.0
-1;7900;VEV_5400;;;;;;;18;18;;;;;18.0;0.0
-1;7900;VEV_5500;6;17;;;;;7;29;;;;;6.5;0.0
-1;7900;VEV_6000;0;25;;;;;1;25;;;;;0.5;0.0
-1;7900;VEV_6500;0;10;;;;;1;10;;;;;0.5;0.0
-1;8000;ASH_COATED_OSMIUM;9994;13;9991;30;;;10010;13;;;;;10002.0;0.0
-1;8000;HYDROGEL_PACK;9991;10;9989;26;;;10007;10;10010;26;;;9999.0;0.0
-1;8000;INTARIAN_PEPPER_ROOT;13101;12;13098;17;;;13115;12;13118;17;;;13108.0;0.0
-1;8000;VELVETFRUIT_EXTRACT;5264;52;;;;;5269;20;5270;54;;;5266.5;0.0
-1;8000;VEV_4000;1251;10;1249;17;;;1272;10;1275;17;;;1261.5;0.0
-1;8000;VEV_4500;750;11;748;24;;;766;11;768;24;;;758.0;0.0
-1;8000;VEV_5000;267;10;266;20;;;273;9;274;21;;;270.0;0.0
-1;8000;VEV_5100;169;23;;;;;174;9;;;;;171.5;0.0
-1;8000;VEV_5200;98;27;;;;;101;22;102;33;;;99.5;0.0
-1;8000;VEV_5300;45;17;;;;;47;8;;;;;46.0;0.0
-1;8000;VEV_5400;;;;;;;;;;;;;0.0;0.0
-1;8000;VEV_5500;6;20;;;;;7;18;;;;;6.5;0.0
-1;8000;VEV_6000;0;17;;;;;1;17;;;;;0.5;0.0
-1;8000;VEV_6500;0;16;;;;;1;16;;;;;0.5;0.0
-1;8100;ASH_COATED_OSMIUM;;;;;;;10009;14;10012;24;;;10009.0;0.0
-1;8100;HYDROGEL_PACK;9990;11;9987;28;;;10006;11;10008;28;;;9998.0;0.0
-1;8100;INTARIAN_PEPPER_ROOT;13101;9;13098;20;;;13115;9;13118;20;;;13108.0;0.0
-1;8100;VELVETFRUIT_EXTRACT;5265;25;5264;35;;;5270;34;;;;;5267.5;0.0
-1;8100;VEV_4000;1251;9;1248;29;;;1272;9;1275;29;;;1261.5;0.0
-1;8100;VEV_4500;749;12;747;23;;;765;12;767;23;;;757.0;0.0
-1;8100;VEV_5000;266;12;265;20;;;272;8;;;;;269.0;0.0
-1;8100;VEV_5100;169;7;168;33;;;173;9;174;15;;;171.0;0.0
-1;8100;VEV_5200;98;13;;;;;101;12;102;22;;;99.5;0.0
-1;8100;VEV_5300;46;20;;;;;48;27;;;;;47.0;0.0
-1;8100;VEV_5400;16;18;;;;;17;18;;;;;16.5;0.0
-1;8100;VEV_5500;6;23;;;;;7;24;;;;;6.5;0.0
-1;8100;VEV_6000;0;25;;;;;1;25;;;;;0.5;0.0
-1;8100;VEV_6500;0;16;;;;;1;16;;;;;0.5;0.0
-1;8200;ASH_COATED_OSMIUM;9993;15;9991;26;;;10012;26;;;;;10002.5;0.0
-1;8200;HYDROGEL_PACK;9990;12;9988;25;;;10006;12;10009;25;;;9998.0;0.0
-1;8200;INTARIAN_PEPPER_ROOT;13101;10;13098;19;;;13115;10;13119;19;;;13108.0;0.0
-1;8200;VELVETFRUIT_EXTRACT;5265;23;5264;31;;;5270;49;;;;;5267.5;0.0
-1;8200;VEV_4000;1252;14;1250;26;;;1273;14;1276;26;;;1262.5;0.0
-1;8200;VEV_4500;747;12;745;13;;;763;12;765;13;;;755.0;0.0
-1;8200;VEV_5000;266;12;265;22;;;272;10;273;12;;;269.0;0.0
-1;8200;VEV_5100;168;28;167;23;;;173;25;;;;;170.5;0.0
-1;8200;VEV_5200;99;26;98;13;;;;;;;;;99.0;0.0
-1;8200;VEV_5300;45;27;;;;;47;21;;;;;46.0;0.0
-1;8200;VEV_5400;16;17;;;;;18;23;;;;;17.0;0.0
-1;8200;VEV_5500;6;21;;;;;7;22;;;;;6.5;0.0
-1;8200;VEV_6000;0;20;;;;;1;20;;;;;0.5;0.0
-1;8200;VEV_6500;0;18;;;;;1;18;;;;;0.5;0.0
-1;8300;ASH_COATED_OSMIUM;9993;14;;;;;10009;14;10012;21;;;10001.0;0.0
-1;8300;HYDROGEL_PACK;9988;11;9986;23;;;10004;11;10007;23;;;9996.0;0.0
-1;8300;INTARIAN_PEPPER_ROOT;13101;8;;;;;13115;8;13119;16;;;13108.0;0.0
-1;8300;VELVETFRUIT_EXTRACT;5265;25;5264;39;;;5270;62;;;;;5267.5;0.0
-1;8300;VEV_4000;1252;11;1249;25;;;1273;11;1275;25;;;1262.5;0.0
-1;8300;VEV_4500;748;10;746;13;;;764;10;;;;;756.0;0.0
-1;8300;VEV_5000;265;13;;;;;272;7;;;;;268.5;0.0
-1;8300;VEV_5100;168;26;;;;;172;11;173;33;;;170.0;0.0
-1;8300;VEV_5200;97;24;;;;;100;26;;;;;98.5;0.0
-1;8300;VEV_5300;45;9;;;;;47;8;;;;;46.0;0.0
-1;8300;VEV_5400;16;18;;;;;17;7;18;21;;;16.5;0.0
-1;8300;VEV_5500;6;24;;;;;7;19;;;;;6.5;0.0
-1;8300;VEV_6000;0;20;;;;;1;20;;;;;0.5;0.0
-1;8300;VEV_6500;0;16;;;;;1;16;;;;;0.5;0.0
-1;8400;ASH_COATED_OSMIUM;9993;10;;;;;10012;22;;;;;10002.5;0.0
-1;8400;HYDROGEL_PACK;9985;15;9983;26;;;10001;15;10004;26;;;9993.0;0.0
-1;8400;INTARIAN_PEPPER_ROOT;13101;10;13098;19;;;13115;10;;;;;13108.0;0.0
-1;8400;VELVETFRUIT_EXTRACT;5266;18;5265;63;;;5271;24;;;;;5268.5;0.0
-1;8400;VEV_4000;1250;10;1248;26;;;1271;10;1274;26;;;1260.5;0.0
-1;8400;VEV_4500;749;12;747;18;;;765;12;767;18;;;757.0;0.0
-1;8400;VEV_5000;265;7;;;;;271;22;272;24;;;268.0;0.0
-1;8400;VEV_5100;167;20;166;33;;;171;12;172;19;;;169.0;0.0
-1;8400;VEV_5200;97;29;;;;;100;33;101;22;;;98.5;0.0
-1;8400;VEV_5300;45;23;;;;;47;20;;;;;46.0;0.0
-1;8400;VEV_5400;16;19;;;;;17;20;18;26;;;16.5;0.0
-1;8400;VEV_5500;6;30;;;;;8;21;;;;;7.0;0.0
-1;8400;VEV_6000;0;20;;;;;1;20;;;;;0.5;0.0
-1;8400;VEV_6500;0;18;;;;;1;18;;;;;0.5;0.0
-1;8500;ASH_COATED_OSMIUM;9993;10;9990;22;;;10009;10;10011;22;;;10001.0;0.0
-1;8500;HYDROGEL_PACK;9984;13;9982;27;;;10000;13;10003;27;;;9992.0;0.0
-1;8500;INTARIAN_PEPPER_ROOT;13098;15;;;;;13116;10;13119;15;;;13107.0;0.0
-1;8500;VELVETFRUIT_EXTRACT;5265;49;5265;25;;;5270;25;5271;46;;;5267.5;0.0
-1;8500;VEV_4000;1251;13;1249;26;;;1272;13;1275;26;;;1261.5;0.0
-1;8500;VEV_4500;750;11;748;21;;;766;11;768;21;;;758.0;0.0
-1;8500;VEV_5000;265;11;;;;;271;30;272;15;;;268.0;0.0
-1;8500;VEV_5100;167;26;;;;;;;;;;;167.0;0.0
-1;8500;VEV_5200;98;24;;;;;101;27;;;;;99.5;0.0
-1;8500;VEV_5300;44;24;;;;;46;26;47;10;;;45.0;0.0
-1;8500;VEV_5400;16;27;;;;;18;19;;;;;17.0;0.0
-1;8500;VEV_5500;6;22;;;;;8;27;;;;;7.0;0.0
-1;8500;VEV_6000;0;29;;;;;1;29;;;;;0.5;0.0
-1;8500;VEV_6500;0;20;;;;;1;20;;;;;0.5;0.0
-1;8600;ASH_COATED_OSMIUM;9993;15;9990;30;;;10011;30;;;;;10002.0;0.0
-1;8600;HYDROGEL_PACK;9984;10;9981;28;;;10000;10;10002;28;;;9992.0;0.0
-1;8600;INTARIAN_PEPPER_ROOT;13098;15;;;;;13116;9;13119;15;;;13107.0;0.0
-1;8600;VELVETFRUIT_EXTRACT;5266;68;;;;;5272;63;;;;;5269.0;0.0
-1;8600;VEV_4000;1251;9;1248;24;;;1272;9;1275;24;;;1261.5;0.0
-1;8600;VEV_4500;750;6;748;24;;;766;6;767;8;768;24;758.0;0.0
-1;8600;VEV_5000;266;29;265;15;;;272;11;273;16;;;269.0;0.0
-1;8600;VEV_5100;168;32;167;20;;;172;32;;;;;170.0;0.0
-1;8600;VEV_5200;;;;;;;100;23;101;20;;;100.0;0.0
-1;8600;VEV_5300;44;21;;;;;46;26;;;;;45.0;0.0
-1;8600;VEV_5400;16;25;;;;;18;19;;;;;17.0;0.0
-1;8600;VEV_5500;6;19;;;;;8;27;;;;;7.0;0.0
-1;8600;VEV_6000;0;21;;;;;1;21;;;;;0.5;0.0
-1;8600;VEV_6500;0;17;;;;;1;17;;;;;0.5;0.0
-1;8700;ASH_COATED_OSMIUM;9992;11;9990;20;;;10001;2;10008;11;;;9996.5;0.0
-1;8700;HYDROGEL_PACK;9984;11;9981;20;;;10000;11;10002;20;;;9992.0;0.0
-1;8700;INTARIAN_PEPPER_ROOT;13102;8;;;;;13116;8;13119;17;;;13109.0;0.0
-1;8700;VELVETFRUIT_EXTRACT;5266;30;;;;;5272;45;;;;;5269.0;0.0
-1;8700;VEV_4000;1251;11;1248;15;;;1272;11;1274;15;;;1261.5;0.0
-1;8700;VEV_4500;749;10;747;13;;;765;10;;;;;757.0;0.0
-1;8700;VEV_5000;266;12;;;;;272;12;273;25;;;269.0;0.0
-1;8700;VEV_5100;169;6;168;25;;;174;36;;;;;171.5;0.0
-1;8700;VEV_5200;97;15;;;;;;;;;;;97.0;0.0
-1;8700;VEV_5300;44;23;;;;;46;19;;;;;45.0;0.0
-1;8700;VEV_5400;16;26;;;;;18;21;;;;;17.0;0.0
-1;8700;VEV_5500;6;15;;;;;8;23;;;;;7.0;0.0
-1;8700;VEV_6000;0;17;;;;;1;17;;;;;0.5;0.0
-1;8700;VEV_6500;0;18;;;;;1;18;;;;;0.5;0.0
-1;8800;ASH_COATED_OSMIUM;9993;11;;;;;10012;26;;;;;10002.5;0.0
-1;8800;HYDROGEL_PACK;9982;12;9980;21;;;9998;12;10001;21;;;9990.0;0.0
-1;8800;INTARIAN_PEPPER_ROOT;13102;10;13098;15;;;;;;;;;13102.0;0.0
-1;8800;VELVETFRUIT_EXTRACT;5265;33;5265;50;;;5270;21;5271;64;;;5267.5;0.0
-1;8800;VEV_4000;1253;11;1250;15;;;1274;11;1277;15;;;1263.5;0.0
-1;8800;VEV_4500;750;7;748;18;;;766;7;768;18;;;758.0;0.0
-1;8800;VEV_5000;267;9;266;13;;;;;;;;;267.0;0.0
-1;8800;VEV_5100;168;7;167;33;;;172;7;;;;;170.0;0.0
-1;8800;VEV_5200;96;25;;;;;99;12;100;21;;;97.5;0.0
-1;8800;VEV_5300;44;23;;;;;46;5;;;;;45.0;0.0
-1;8800;VEV_5400;17;18;16;21;;;18;25;;;;;17.5;0.0
-1;8800;VEV_5500;6;26;;;;;8;19;;;;;7.0;0.0
-1;8800;VEV_6000;0;20;;;;;1;20;;;;;0.5;0.0
-1;8800;VEV_6500;0;13;;;;;1;13;;;;;0.5;0.0
-1;8900;ASH_COATED_OSMIUM;9991;24;;;;;10009;13;10012;24;;;10000.0;0.0
-1;8900;HYDROGEL_PACK;9981;12;9978;27;;;9997;12;9999;27;;;9989.0;0.0
-1;8900;INTARIAN_PEPPER_ROOT;13102;8;13099;22;;;13116;8;13119;22;;;13109.0;0.0
-1;8900;VELVETFRUIT_EXTRACT;5266;74;;;;;5272;58;;;;;5269.0;0.0
-1;8900;VEV_4000;1254;9;1251;26;;;1275;9;1277;26;;;1264.5;0.0
-1;8900;VEV_4500;749;6;747;18;;;765;6;766;10;767;18;757.0;0.0
-1;8900;VEV_5000;268;25;267;24;;;274;10;275;30;;;271.0;0.0
-1;8900;VEV_5100;168;6;;;;;172;9;173;24;;;170.0;0.0
-1;8900;VEV_5200;97;20;96;19;;;99;22;100;12;;;98.0;0.0
-1;8900;VEV_5300;45;27;44;19;;;47;24;;;;;46.0;0.0
-1;8900;VEV_5400;16;22;;;;;18;15;;;;;17.0;0.0
-1;8900;VEV_5500;6;27;;;;;7;18;;;;;6.5;0.0
-1;8900;VEV_6000;0;19;;;;;1;19;;;;;0.5;0.0
-1;8900;VEV_6500;0;18;;;;;1;18;;;;;0.5;0.0
-1;9000;ASH_COATED_OSMIUM;9993;11;9990;25;;;10009;11;10011;25;;;10001.0;0.0
-1;9000;HYDROGEL_PACK;9980;14;9978;22;;;9996;14;9999;22;;;9988.0;0.0
-1;9000;INTARIAN_PEPPER_ROOT;13102;10;13099;21;;;13116;10;13119;21;;;13109.0;0.0
-1;9000;VELVETFRUIT_EXTRACT;5267;63;;;;;5273;54;;;;;5270.0;0.0
-1;9000;VEV_4000;1252;14;1250;15;;;1274;14;1276;15;;;1263.0;0.0
-1;9000;VEV_4500;748;9;746;24;;;764;9;766;24;;;756.0;0.0
-1;9000;VEV_5000;267;8;266;12;;;273;8;274;15;;;270.0;0.0
-1;9000;VEV_5100;168;12;167;29;;;;;;;;;168.0;0.0
-1;9000;VEV_5200;97;20;;;;;;;;;;;97.0;0.0
-1;9000;VEV_5300;45;28;;;;;47;25;;;;;46.0;0.0
-1;9000;VEV_5400;16;26;;;;;18;24;;;;;17.0;0.0
-1;9000;VEV_5500;6;26;;;;;7;20;;;;;6.5;0.0
-1;9000;VEV_6000;0;24;;;;;1;24;;;;;0.5;0.0
-1;9000;VEV_6500;0;19;;;;;1;19;;;;;0.5;0.0
-1;9100;ASH_COATED_OSMIUM;;;;;;;10009;14;10012;23;;;10009.0;0.0
-1;9100;HYDROGEL_PACK;9982;15;9980;30;;;9998;15;10001;30;;;9990.0;0.0
-1;9100;INTARIAN_PEPPER_ROOT;13102;8;13099;18;;;13116;8;13119;18;;;13109.0;0.0
-1;9100;VELVETFRUIT_EXTRACT;5268;21;5267;51;;;5273;62;5274;38;;;5270.5;0.0
-1;9100;VEV_4000;1252;10;1249;21;;;1273;10;1276;21;;;1262.5;0.0
-1;9100;VEV_4500;746;9;744;21;;;762;9;764;21;;;754.0;0.0
-1;9100;VEV_5000;266;18;;;;;273;9;;;;;269.5;0.0
-1;9100;VEV_5100;169;10;168;22;;;173;31;174;30;;;171.0;0.0
-1;9100;VEV_5200;98;9;97;24;;;100;21;101;21;;;99.0;0.0
-1;9100;VEV_5300;45;19;44;11;;;;;;;;;45.0;0.0
-1;9100;VEV_5400;16;20;;;;;18;23;;;;;17.0;0.0
-1;9100;VEV_5500;6;26;;;;;8;23;;;;;7.0;0.0
-1;9100;VEV_6000;0;23;;;;;1;23;;;;;0.5;0.0
-1;9100;VEV_6500;0;15;;;;;1;15;;;;;0.5;0.0
-1;9200;ASH_COATED_OSMIUM;9993;11;;;;;10009;11;10012;26;;;10001.0;0.0
-1;9200;HYDROGEL_PACK;9982;10;9980;21;;;9998;10;10001;21;;;9990.0;0.0
-1;9200;INTARIAN_PEPPER_ROOT;13102;12;13099;22;;;13111;12;13116;12;13120;22;13106.5;0.0
-1;9200;VELVETFRUIT_EXTRACT;5269;60;;;;;5275;63;;;;;5272.0;0.0
-1;9200;VEV_4000;1251;10;1249;29;;;1272;10;1275;29;;;1261.5;0.0
-1;9200;VEV_4500;745;11;744;6;743;14;761;11;762;11;763;14;753.0;0.0
-1;9200;VEV_5000;267;26;266;22;;;273;12;274;13;;;270.0;0.0
-1;9200;VEV_5100;169;31;168;20;;;;;;;;;169.0;0.0
-1;9200;VEV_5200;97;27;96;21;;;;;;;;;97.0;0.0
-1;9200;VEV_5300;45;25;;;;;47;24;;;;;46.0;0.0
-1;9200;VEV_5400;17;20;16;21;;;18;16;;;;;17.5;0.0
-1;9200;VEV_5500;6;20;;;;;7;27;;;;;6.5;0.0
-1;9200;VEV_6000;0;19;;;;;1;19;;;;;0.5;0.0
-1;9200;VEV_6500;0;18;;;;;1;18;;;;;0.5;0.0
-1;9300;ASH_COATED_OSMIUM;9994;10;9991;22;;;10010;10;10012;22;;;10002.0;0.0
-1;9300;HYDROGEL_PACK;9984;11;9981;23;;;10000;11;10002;23;;;9992.0;0.0
-1;9300;INTARIAN_PEPPER_ROOT;13112;8;13102;8;13099;23;13116;8;13120;23;;;13114.0;0.0
-1;9300;VELVETFRUIT_EXTRACT;5270;54;5269;42;;;5275;17;5276;16;;;5272.5;0.0
-1;9300;VEV_4000;1250;14;1248;15;;;1272;14;1274;15;;;1261.0;0.0
-1;9300;VEV_4500;745;7;;;;;761;7;763;15;;;753.0;0.0
-1;9300;VEV_5000;266;11;265;23;;;273;13;;;;;269.5;0.0
-1;9300;VEV_5100;169;29;;;;;173;12;174;12;;;171.0;0.0
-1;9300;VEV_5200;;;;;;;100;26;;;;;100.0;0.0
-1;9300;VEV_5300;45;16;44;18;;;47;16;;;;;46.0;0.0
-1;9300;VEV_5400;16;23;;;;;18;25;;;;;17.0;0.0
-1;9300;VEV_5500;6;26;;;;;7;19;;;;;6.5;0.0
-1;9300;VEV_6000;0;25;;;;;1;25;;;;;0.5;0.0
-1;9300;VEV_6500;0;16;;;;;1;16;;;;;0.5;0.0
-1;9400;ASH_COATED_OSMIUM;9994;14;9991;22;;;10003;1;10010;14;10012;22;9998.5;0.0
-1;9400;HYDROGEL_PACK;9985;15;9983;24;;;10001;15;10004;24;;;9993.0;0.0
-1;9400;INTARIAN_PEPPER_ROOT;13102;11;13099;15;;;13120;15;;;;;13111.0;0.0
-1;9400;VELVETFRUIT_EXTRACT;5269;21;5268;17;;;5273;21;5274;56;5275;40;5271.0;0.0
-1;9400;VEV_4000;1251;14;1249;28;;;1272;14;1275;28;;;1261.5;0.0
-1;9400;VEV_4500;744;6;742;21;;;760;6;762;21;;;752.0;0.0
-1;9400;VEV_5000;267;11;266;15;;;273;9;274;24;;;270.0;0.0
-1;9400;VEV_5100;169;22;;;;;174;21;175;29;;;171.5;0.0
-1;9400;VEV_5200;96;30;;;;;100;19;;;;;98.0;0.0
-1;9400;VEV_5300;46;16;;;;;48;25;;;;;47.0;0.0
-1;9400;VEV_5400;17;20;17;9;;;19;24;;;;;18.0;0.0
-1;9400;VEV_5500;6;27;;;;;8;16;;;;;7.0;0.0
-1;9400;VEV_6000;0;23;;;;;1;23;;;;;0.5;0.0
-1;9400;VEV_6500;0;17;;;;;1;17;;;;;0.5;0.0
-1;9500;ASH_COATED_OSMIUM;9993;12;9991;27;;;10012;27;;;;;10002.5;0.0
-1;9500;HYDROGEL_PACK;9986;12;9983;22;;;10002;12;10004;22;;;9994.0;0.0
-1;9500;INTARIAN_PEPPER_ROOT;13102;9;13099;22;;;13117;9;13120;22;;;13109.5;0.0
-1;9500;VELVETFRUIT_EXTRACT;5268;18;5267;70;;;5273;39;;;;;5270.5;0.0
-1;9500;VEV_4000;1250;10;1248;19;;;1271;10;1274;19;;;1260.5;0.0
-1;9500;VEV_4500;744;10;742;13;;;760;10;761;6;762;13;752.0;0.0
-1;9500;VEV_5000;264;14;;;;;271;8;272;21;;;267.5;0.0
-1;9500;VEV_5100;170;23;169;14;;;174;12;175;27;;;172.0;0.0
-1;9500;VEV_5200;96;17;;;;;;;;;;;96.0;0.0
-1;9500;VEV_5300;46;21;;;;;48;29;;;;;47.0;0.0
-1;9500;VEV_5400;17;20;;;;;19;19;;;;;18.0;0.0
-1;9500;VEV_5500;6;24;;;;;7;20;;;;;6.5;0.0
-1;9500;VEV_6000;0;18;;;;;1;18;;;;;0.5;0.0
-1;9500;VEV_6500;0;15;;;;;1;15;;;;;0.5;0.0
-1;9600;ASH_COATED_OSMIUM;9990;20;;;;;10009;11;;;;;9999.5;0.0
-1;9600;HYDROGEL_PACK;9983;13;9981;25;;;9999;13;10002;25;;;9991.0;0.0
-1;9600;INTARIAN_PEPPER_ROOT;13103;8;13099;17;;;13117;8;13120;17;;;13110.0;0.0
-1;9600;VELVETFRUIT_EXTRACT;5267;23;5266;62;;;5272;41;5273;45;;;5269.5;0.0
-1;9600;VEV_4000;1250;7;1247;28;;;1271;7;;;;;1260.5;0.0
-1;9600;VEV_4500;743;7;741;22;;;759;7;761;22;;;751.0;0.0
-1;9600;VEV_5000;265;7;264;14;;;271;8;272;24;;;268.0;0.0
-1;9600;VEV_5100;170;28;169;15;;;;;;;;;170.0;0.0
-1;9600;VEV_5200;97;25;96;18;;;99;12;100;15;;;98.0;0.0
-1;9600;VEV_5300;45;30;;;;;;;;;;;45.0;0.0
-1;9600;VEV_5400;17;16;;;;;;;;;;;17.0;0.0
-1;9600;VEV_5500;6;19;;;;;7;30;;;;;6.5;0.0
-1;9600;VEV_6000;0;26;;;;;1;26;;;;;0.5;0.0
-1;9600;VEV_6500;0;16;;;;;1;16;;;;;0.5;0.0
-1;9700;ASH_COATED_OSMIUM;9993;10;9990;27;;;10009;10;;;;;10001.0;0.0
-1;9700;HYDROGEL_PACK;9980;13;9977;24;;;9996;13;9998;24;;;9988.0;0.0
-1;9700;INTARIAN_PEPPER_ROOT;13103;12;;;;;;;;;;;13103.0;0.0
-1;9700;VELVETFRUIT_EXTRACT;5267;43;5267;15;;;5273;61;;;;;5270.0;0.0
-1;9700;VEV_4000;1251;12;1248;30;;;1272;12;1275;30;;;1261.5;0.0
-1;9700;VEV_4500;740;11;738;16;;;756;11;758;16;;;748.0;0.0
-1;9700;VEV_5000;265;8;264;23;;;271;10;;;;;268.0;0.0
-1;9700;VEV_5100;171;12;170;25;;;176;21;;;;;173.5;0.0
-1;9700;VEV_5200;98;9;97;17;;;101;25;;;;;99.5;0.0
-1;9700;VEV_5300;45;24;;;;;47;18;;;;;46.0;0.0
-1;9700;VEV_5400;;;;;;;18;21;;;;;18.0;0.0
-1;9700;VEV_5500;6;21;;;;;7;23;;;;;6.5;0.0
-1;9700;VEV_6000;0;21;;;;;1;21;;;;;0.5;0.0
-1;9700;VEV_6500;0;11;;;;;1;11;;;;;0.5;0.0
-1;9800;ASH_COATED_OSMIUM;;;;;;;10009;14;10011;23;;;10009.0;0.0
-1;9800;HYDROGEL_PACK;9980;13;9977;26;;;9996;13;9998;26;;;9988.0;0.0
-1;9800;INTARIAN_PEPPER_ROOT;13103;12;;;;;13117;12;13120;20;;;13110.0;0.0
-1;9800;VELVETFRUIT_EXTRACT;5268;65;;;;;5274;51;;;;;5271.0;0.0
-1;9800;VEV_4000;1250;10;1248;21;;;1271;10;1274;21;;;1260.5;0.0
-1;9800;VEV_4500;738;12;736;21;;;754;12;756;21;;;746.0;0.0
-1;9800;VEV_5000;264;9;;;;;270;33;271;12;;;267.0;0.0
-1;9800;VEV_5100;170;25;;;;;174;32;175;24;;;172.0;0.0
-1;9800;VEV_5200;97;36;;;;;101;21;;;;;99.0;0.0
-1;9800;VEV_5300;45;28;;;;;47;16;48;19;;;46.0;0.0
-1;9800;VEV_5400;16;19;;;;;18;19;;;;;17.0;0.0
-1;9800;VEV_5500;6;19;;;;;8;22;;;;;7.0;0.0
-1;9800;VEV_6000;0;24;;;;;1;24;;;;;0.5;0.0
-1;9800;VEV_6500;0;17;;;;;1;17;;;;;0.5;0.0
-1;9900;ASH_COATED_OSMIUM;9993;12;9990;22;;;10009;12;10011;22;;;10001.0;0.0
-1;9900;HYDROGEL_PACK;9980;15;9977;20;;;9996;15;9998;20;;;9988.0;0.0
-1;9900;INTARIAN_PEPPER_ROOT;13103;10;13100;17;;;13120;17;;;;;13111.5;0.0
-1;9900;VELVETFRUIT_EXTRACT;5269;22;;;;;5274;16;5275;57;;;5271.5;0.0
-1;9900;VEV_4000;1251;13;1248;16;;;1272;13;1275;16;;;1261.5;0.0
-1;9900;VEV_4500;739;8;;;;;755;8;757;23;;;747.0;0.0
-1;9900;VEV_5000;264;12;263;14;;;270;7;;;;;267.0;0.0
-1;9900;VEV_5100;171;12;;;;;175;24;;;;;173.0;0.0
-1;9900;VEV_5200;99;28;;;;;101;11;102;22;;;100.0;0.0
-1;9900;VEV_5300;;;;;;;48;28;;;;;48.0;0.0
-1;9900;VEV_5400;16;25;;;;;17;19;18;25;;;16.5;0.0
-1;9900;VEV_5500;6;24;;;;;8;24;;;;;7.0;0.0
-1;9900;VEV_6000;0;24;;;;;1;24;;;;;0.5;0.0
-1;9900;VEV_6500;0;16;;;;;1;16;;;;;0.5;0.0
-1;10000;ASH_COATED_OSMIUM;9993;11;9990;23;;;10009;11;10011;23;;;10001.0;0.0
-1;10000;HYDROGEL_PACK;9979;15;9977;23;;;9998;23;;;;;9988.5;0.0
-1;10000;INTARIAN_PEPPER_ROOT;;;;;;;13117;10;13120;17;;;13117.0;0.0
-1;10000;VELVETFRUIT_EXTRACT;5271;19;5270;36;;;5276;52;;;;;5273.5;0.0
-1;10000;VEV_4000;1251;13;1248;20;;;1272;13;1275;20;;;1261.5;0.0
-1;10000;VEV_4500;738;8;;;;;754;8;755;11;756;13;746.0;0.0
-1;10000;VEV_5000;267;6;;;;;273;35;;;;;270.0;0.0
-1;10000;VEV_5100;171;9;170;19;;;175;28;176;12;;;173.0;0.0
-1;10000;VEV_5200;;;;;;;102;27;;;;;102.0;0.0
-1;10000;VEV_5300;46;27;;;;;48;23;49;22;;;47.0;0.0
-1;10000;VEV_5400;17;19;17;25;;;19;25;;;;;18.0;0.0
-1;10000;VEV_5500;6;21;;;;;8;24;;;;;7.0;0.0
-1;10000;VEV_6000;0;18;;;;;1;18;;;;;0.5;0.0
-1;10000;VEV_6500;0;15;;;;;1;15;;;;;0.5;0.0
-1;10100;ASH_COATED_OSMIUM;9990;22;;;;;10009;10;;;;;9999.5;0.0
-1;10100;HYDROGEL_PACK;9978;14;9975;28;;;9994;14;9996;28;;;9986.0;0.0
-1;10100;INTARIAN_PEPPER_ROOT;13103;9;13100;15;;;;;;;;;13103.0;0.0
-1;10100;VELVETFRUIT_EXTRACT;5269;52;5269;17;;;5275;46;5275;38;;;5272.0;0.0
-1;10100;VEV_4000;1251;10;1249;20;;;1273;10;1275;20;;;1262.0;0.0
-1;10100;VEV_4500;737;6;;;;;755;24;;;;;746.0;0.0
-1;10100;VEV_5000;266;12;;;;;272;27;;;;;269.0;0.0
-1;10100;VEV_5100;171;35;170;18;;;176;30;;;;;173.5;0.0
-1;10100;VEV_5200;100;12;99;34;;;;;;;;;100.0;0.0
-1;10100;VEV_5300;47;21;;;;;49;14;49;29;;;48.0;0.0
-1;10100;VEV_5400;17;24;;;;;19;18;;;;;18.0;0.0
-1;10100;VEV_5500;6;18;;;;;8;20;;;;;7.0;0.0
-1;10100;VEV_6000;0;28;;;;;1;28;;;;;0.5;0.0
-1;10100;VEV_6500;0;13;;;;;1;13;;;;;0.5;0.0
-1;10200;ASH_COATED_OSMIUM;9992;12;9990;26;;;10011;26;;;;;10001.5;0.0
-1;10200;HYDROGEL_PACK;9974;12;9971;25;;;9990;12;9992;25;;;9982.0;0.0
-1;10200;INTARIAN_PEPPER_ROOT;13103;11;13100;19;;;13117;11;13121;19;;;13110.0;0.0
-1;10200;VELVETFRUIT_EXTRACT;5271;16;5270;50;;;5275;16;5276;54;;;5273.0;0.0
-1;10200;VEV_4000;1251;11;1248;24;;;1272;11;1274;24;;;1261.5;0.0
-1;10200;VEV_4500;736;12;734;22;;;752;12;754;22;;;744.0;0.0
-1;10200;VEV_5000;266;9;265;18;;;272;8;273;32;;;269.0;0.0
-1;10200;VEV_5100;;;;;;;175;27;176;14;;;175.0;0.0
-1;10200;VEV_5200;100;28;;;;;103;31;;;;;101.5;0.0
-1;10200;VEV_5300;46;8;45;20;;;48;18;;;;;47.0;0.0
-1;10200;VEV_5400;17;25;;;;;19;17;;;;;18.0;0.0
-1;10200;VEV_5500;6;29;;;;;8;18;;;;;7.0;0.0
-1;10200;VEV_6000;0;13;;;;;1;13;;;;;0.5;0.0
-1;10200;VEV_6500;0;15;;;;;1;15;;;;;0.5;0.0
-1;10300;ASH_COATED_OSMIUM;;;;;;;10008;13;10011;30;;;10008.0;0.0
-1;10300;HYDROGEL_PACK;9979;10;9976;27;;;9995;10;9997;27;;;9987.0;0.0
-1;10300;INTARIAN_PEPPER_ROOT;13103;10;13100;24;;;13121;24;;;;;13112.0;0.0
-1;10300;VELVETFRUIT_EXTRACT;5270;63;;;;;5275;15;5276;50;;;5272.5;0.0
-1;10300;VEV_4000;1251;11;1248;17;;;1272;11;1274;17;;;1261.5;0.0
-1;10300;VEV_4500;737;8;735;19;;;753;8;755;19;;;745.0;0.0
-1;10300;VEV_5000;266;20;265;21;;;272;9;273;14;;;269.0;0.0
-1;10300;VEV_5100;171;22;170;25;;;175;32;176;16;;;173.0;0.0
-1;10300;VEV_5200;100;21;99;26;;;;;;;;;100.0;0.0
-1;10300;VEV_5300;47;21;46;20;;;49;20;49;5;;;48.0;0.0
-1;10300;VEV_5400;;;;;;;19;27;;;;;19.0;0.0
-1;10300;VEV_5500;6;25;;;;;8;25;;;;;7.0;0.0
-1;10300;VEV_6000;0;28;;;;;1;28;;;;;0.5;0.0
-1;10300;VEV_6500;0;15;;;;;1;15;;;;;0.5;0.0
-1;10400;ASH_COATED_OSMIUM;9992;15;;;;;10008;15;10011;24;;;10000.0;0.0
-1;10400;HYDROGEL_PACK;9975;12;9973;21;;;9991;12;9994;21;;;9983.0;0.0
-1;10400;INTARIAN_PEPPER_ROOT;13100;22;;;;;13117;12;;;;;13108.5;0.0
-1;10400;VELVETFRUIT_EXTRACT;5272;22;5271;37;;;5276;22;5277;49;;;5274.0;0.0
-1;10400;VEV_4000;1250;7;1248;19;;;1271;7;1274;19;;;1260.5;0.0
-1;10400;VEV_4500;739;7;737;24;;;755;7;757;24;;;747.0;0.0
-1;10400;VEV_5000;266;27;;;;;272;9;273;13;;;269.0;0.0
-1;10400;VEV_5100;;;;;;;176;12;;;;;176.0;0.0
-1;10400;VEV_5200;98;25;;;;;;;;;;;98.0;0.0
-1;10400;VEV_5300;46;25;;;;;48;26;49;15;;;47.0;0.0
-1;10400;VEV_5400;17;10;16;16;;;;;;;;;17.0;0.0
-1;10400;VEV_5500;7;16;;;;;8;24;;;;;7.5;0.0
-1;10400;VEV_6000;0;18;;;;;1;18;;;;;0.5;0.0
-1;10400;VEV_6500;0;17;;;;;1;17;;;;;0.5;0.0
-1;10500;ASH_COATED_OSMIUM;9992;10;9990;21;;;10008;10;10011;21;;;10000.0;0.0
-1;10500;HYDROGEL_PACK;9976;14;9974;22;;;9992;14;9994;22;;;9984.0;0.0
-1;10500;INTARIAN_PEPPER_ROOT;13103;11;;;;;13118;11;;;;;13110.5;0.0
-1;10500;VELVETFRUIT_EXTRACT;5272;18;5271;54;;;5277;46;5278;39;;;5274.5;0.0
-1;10500;VEV_4000;1248;12;1246;25;;;1270;12;1272;25;;;1259.0;0.0
-1;10500;VEV_4500;739;9;737;22;;;755;9;756;22;756;10;747.0;0.0
-1;10500;VEV_5000;267;10;;;;;273;7;274;31;;;270.0;0.0
-1;10500;VEV_5100;172;9;;;;;176;24;177;16;;;174.0;0.0
-1;10500;VEV_5200;;;;;;;102;36;;;;;102.0;0.0
-1;10500;VEV_5300;46;24;;;;;48;23;;;;;47.0;0.0
-1;10500;VEV_5400;16;26;;;;;18;27;;;;;17.0;0.0
-1;10500;VEV_5500;7;25;;;;;8;18;;;;;7.5;0.0
-1;10500;VEV_6000;0;21;;;;;1;21;;;;;0.5;0.0
-1;10500;VEV_6500;0;15;;;;;1;15;;;;;0.5;0.0
-1;10600;ASH_COATED_OSMIUM;9992;14;9990;26;;;10008;14;10011;26;;;10000.0;0.0
-1;10600;HYDROGEL_PACK;9973;11;9971;29;;;9989;11;9992;29;;;9981.0;0.0
-1;10600;INTARIAN_PEPPER_ROOT;13104;8;13100;21;;;13121;21;;;;;13112.5;0.0
-1;10600;VELVETFRUIT_EXTRACT;5271;60;;;;;5277;33;;;;;5274.0;0.0
-1;10600;VEV_4000;1249;11;1246;18;;;1270;11;1272;18;;;1259.5;0.0
-1;10600;VEV_4500;738;10;736;15;;;756;15;;;;;747.0;0.0
-1;10600;VEV_5000;264;14;;;;;271;6;272;12;;;267.5;0.0
-1;10600;VEV_5100;172;9;171;13;;;;;;;;;172.0;0.0
-1;10600;VEV_5200;99;19;;;;;103;21;;;;;101.0;0.0
-1;10600;VEV_5300;46;15;;;;;48;28;49;18;;;47.0;0.0
-1;10600;VEV_5400;17;19;16;15;;;18;20;;;;;17.5;0.0
-1;10600;VEV_5500;7;22;;;;;8;27;;;;;7.5;0.0
-1;10600;VEV_6000;0;21;;;;;1;21;;;;;0.5;0.0
-1;10600;VEV_6500;0;10;;;;;1;10;;;;;0.5;0.0
-1;10700;ASH_COATED_OSMIUM;9992;10;9990;20;;;;;;;;;9992.0;0.0
-1;10700;HYDROGEL_PACK;9975;10;9973;20;;;9991;10;9994;20;;;9983.0;0.0
-1;10700;INTARIAN_PEPPER_ROOT;13104;8;13100;16;;;13118;8;13121;16;;;13111.0;0.0
-1;10700;VELVETFRUIT_EXTRACT;5275;16;5274;55;;;5279;16;5280;59;;;5277.0;0.0
-1;10700;VEV_4000;1249;13;1246;29;;;1270;13;1273;29;;;1259.5;0.0
-1;10700;VEV_4500;736;9;734;13;;;752;9;754;13;;;744.0;0.0
-1;10700;VEV_5000;266;8;265;23;;;272;10;273;22;;;269.0;0.0
-1;10700;VEV_5100;174;6;173;22;;;178;9;179;19;;;176.0;0.0
-1;10700;VEV_5200;99;25;;;;;102;33;103;30;;;100.5;0.0
-1;10700;VEV_5300;45;28;;;;;47;9;;;;;46.0;0.0
-1;10700;VEV_5400;;;;;;;17;5;18;16;;;17.0;0.0
-1;10700;VEV_5500;7;22;;;;;8;25;;;;;7.5;0.0
-1;10700;VEV_6000;0;23;;;;;1;23;;;;;0.5;0.0
-1;10700;VEV_6500;0;13;;;;;1;13;;;;;0.5;0.0
-1;10800;ASH_COATED_OSMIUM;9993;14;9990;25;;;10009;14;10011;25;;;10001.0;0.0
-1;10800;HYDROGEL_PACK;9978;12;9975;23;;;9994;12;9996;23;;;9986.0;0.0
-1;10800;INTARIAN_PEPPER_ROOT;13104;12;13100;25;;;13118;12;13121;25;;;13111.0;0.0
-1;10800;VELVETFRUIT_EXTRACT;5274;45;;;;;5280;31;;;;;5277.0;0.0
-1;10800;VEV_4000;1248;13;1245;17;;;1269;13;1272;17;;;1258.5;0.0
-1;10800;VEV_4500;734;9;732;14;;;750;9;752;14;;;742.0;0.0
-1;10800;VEV_5000;265;17;;;;;272;9;273;15;;;268.5;0.0
-1;10800;VEV_5100;174;22;173;23;;;178;22;179;24;;;176.0;0.0
-1;10800;VEV_5200;100;28;;;;;102;11;103;16;;;101.0;0.0
-1;10800;VEV_5300;46;9;45;16;;;48;21;;;;;47.0;0.0
-1;10800;VEV_5400;;;;;;;17;22;18;27;;;17.0;0.0
-1;10800;VEV_5500;7;17;;;;;8;25;;;;;7.5;0.0
-1;10800;VEV_6000;0;25;;;;;1;25;;;;;0.5;0.0
-1;10800;VEV_6500;0;14;;;;;1;14;;;;;0.5;0.0
-1;10900;ASH_COATED_OSMIUM;9992;15;9989;23;;;10008;15;10010;23;;;10000.0;0.0
-1;10900;HYDROGEL_PACK;9978;15;9976;23;;;9994;15;9997;23;;;9986.0;0.0
-1;10900;INTARIAN_PEPPER_ROOT;13108;10;13104;9;13101;21;;;;;;;13108.0;0.0
-1;10900;VELVETFRUIT_EXTRACT;5274;20;;;;;5280;59;;;;;5277.0;0.0
-1;10900;VEV_4000;1247;15;1244;26;;;1268;15;1271;26;;;1257.5;0.0
-1;10900;VEV_4500;735;10;733;23;;;751;10;752;23;;;743.0;0.0
-1;10900;VEV_5000;267;8;266;20;;;273;12;274;12;;;270.0;0.0
-1;10900;VEV_5100;175;7;174;25;;;179;33;180;15;;;177.0;0.0
-1;10900;VEV_5200;99;22;;;;;102;8;103;26;;;100.5;0.0
-1;10900;VEV_5300;;;;;;;48;24;;;;;48.0;0.0
-1;10900;VEV_5400;16;18;;;;;;;;;;;16.0;0.0
-1;10900;VEV_5500;7;25;;;;;8;25;;;;;7.5;0.0
-1;10900;VEV_6000;0;25;;;;;1;25;;;;;0.5;0.0
-1;10900;VEV_6500;0;17;;;;;1;17;;;;;0.5;0.0
-1;11000;ASH_COATED_OSMIUM;9990;26;;;;;10009;14;;;;;9999.5;0.0
-1;11000;HYDROGEL_PACK;9976;13;9973;29;;;9992;13;9994;29;;;9984.0;0.0
-1;11000;INTARIAN_PEPPER_ROOT;13104;12;13101;20;;;13118;12;13121;20;;;13111.0;0.0
-1;11000;VELVETFRUIT_EXTRACT;5274;41;;;;;5279;22;5280;56;;;5276.5;0.0
-1;11000;VEV_4000;1247;14;1245;30;;;1268;14;1271;30;;;1257.5;0.0
-1;11000;VEV_4500;735;12;733;21;;;752;21;;;;;743.5;0.0
-1;11000;VEV_5000;267;11;266;20;;;273;11;274;17;;;270.0;0.0
-1;11000;VEV_5100;175;6;174;28;;;179;11;180;18;;;177.0;0.0
-1;11000;VEV_5200;99;32;98;22;;;;;;;;;99.0;0.0
-1;11000;VEV_5300;46;28;;;;;48;23;48;19;;;47.0;0.0
-1;11000;VEV_5400;16;17;;;;;18;19;;;;;17.0;0.0
-1;11000;VEV_5500;7;27;;;;;8;25;;;;;7.5;0.0
-1;11000;VEV_6000;0;16;;;;;1;16;;;;;0.5;0.0
-1;11000;VEV_6500;0;14;;;;;1;14;;;;;0.5;0.0
-1;11100;ASH_COATED_OSMIUM;9993;10;9990;27;;;10009;10;;;;;10001.0;0.0
-1;11100;HYDROGEL_PACK;9976;10;9973;22;;;9992;10;9994;22;;;9984.0;0.0
-1;11100;INTARIAN_PEPPER_ROOT;13104;11;13101;17;;;13121;17;;;;;13112.5;0.0
-1;11100;VELVETFRUIT_EXTRACT;5273;54;;;;;5278;19;5279;67;;;5275.5;0.0
-1;11100;VEV_4000;1248;13;1245;26;;;1269;13;1272;26;;;1258.5;0.0
-1;11100;VEV_4500;736;6;734;22;;;752;6;754;22;;;744.0;0.0
-1;11100;VEV_5000;267;7;266;13;;;273;12;274;14;;;270.0;0.0
-1;11100;VEV_5100;;;;;;;179;26;180;16;;;179.0;0.0
-1;11100;VEV_5200;99;26;;;;;;;;;;;99.0;0.0
-1;11100;VEV_5300;46;7;45;16;;;48;20;49;19;;;47.0;0.0
-1;11100;VEV_5400;16;19;;;;;18;21;;;;;17.0;0.0
-1;11100;VEV_5500;7;26;;;;;8;27;;;;;7.5;0.0
-1;11100;VEV_6000;0;26;;;;;1;26;;;;;0.5;0.0
-1;11100;VEV_6500;0;12;;;;;1;12;;;;;0.5;0.0
-1;11200;ASH_COATED_OSMIUM;9993;12;;;;;10009;12;;;;;10001.0;0.0
-1;11200;HYDROGEL_PACK;9977;11;9974;28;;;9993;11;9995;28;;;9985.0;0.0
-1;11200;INTARIAN_PEPPER_ROOT;13104;9;13101;24;;;13118;9;13122;24;;;13111.0;0.0
-1;11200;VELVETFRUIT_EXTRACT;5274;61;;;;;5280;32;;;;;5277.0;0.0
-1;11200;VEV_4000;1248;8;1246;28;;;1269;8;1272;28;;;1258.5;0.0
-1;11200;VEV_4500;735;7;733;13;;;751;7;752;13;;;743.0;0.0
-1;11200;VEV_5000;265;22;;;;;272;12;273;15;;;268.5;0.0
-1;11200;VEV_5100;174;30;173;18;;;;;;;;;174.0;0.0
-1;11200;VEV_5200;99;32;;;;;103;16;;;;;101.0;0.0
-1;11200;VEV_5300;46;22;;;;;48;21;;;;;47.0;0.0
-1;11200;VEV_5400;;;;;;;18;19;;;;;18.0;0.0
-1;11200;VEV_5500;7;23;;;;;8;12;;;;;7.5;0.0
-1;11200;VEV_6000;0;22;;;;;1;22;;;;;0.5;0.0
-1;11200;VEV_6500;0;17;;;;;1;17;;;;;0.5;0.0
-1;11300;ASH_COATED_OSMIUM;9993;15;;;;;10009;15;10011;22;;;10001.0;0.0
-1;11300;HYDROGEL_PACK;9971;24;;;;;9990;13;9992;24;;;9980.5;0.0
-1;11300;INTARIAN_PEPPER_ROOT;13104;9;;;;;13118;9;13122;24;;;13111.0;0.0
-1;11300;VELVETFRUIT_EXTRACT;5274;20;5273;58;;;5279;17;;;;;5276.5;0.0
-1;11300;VEV_4000;1248;7;1246;27;;;1269;7;1272;27;;;1258.5;0.0
-1;11300;VEV_4500;734;10;732;21;;;750;10;752;21;;;742.0;0.0
-1;11300;VEV_5000;264;6;;;;;270;11;271;20;;;267.0;0.0
-1;11300;VEV_5100;175;32;;;;;180;20;;;;;177.5;0.0
-1;11300;VEV_5200;100;12;99;12;;;102;34;;;;;101.0;0.0
-1;11300;VEV_5300;46;22;;;;;48;30;;;;;47.0;0.0
-1;11300;VEV_5400;17;19;;;;;19;19;;;;;18.0;0.0
-1;11300;VEV_5500;7;19;;;;;8;18;;;;;7.5;0.0
-1;11300;VEV_6000;0;29;;;;;1;29;;;;;0.5;0.0
-1;11300;VEV_6500;0;13;;;;;1;13;;;;;0.5;0.0
-1;11400;ASH_COATED_OSMIUM;9993;10;9991;25;;;10009;10;10012;25;;;10001.0;0.0
-1;11400;HYDROGEL_PACK;9970;14;9967;29;;;9986;14;9988;29;;;9978.0;0.0
-1;11400;INTARIAN_PEPPER_ROOT;13104;11;13101;20;;;13118;11;13122;20;;;13111.0;0.0
-1;11400;VELVETFRUIT_EXTRACT;5272;41;5272;48;;;5278;40;;;;;5275.0;0.0
-1;11400;VEV_4000;1248;15;1246;16;;;1269;15;1272;16;;;1258.5;0.0
-1;11400;VEV_4500;735;6;733;19;;;751;6;752;19;;;743.0;0.0
-1;11400;VEV_5000;264;8;263;19;;;270;10;271;34;;;267.0;0.0
-1;11400;VEV_5100;175;26;;;;;180;21;181;16;;;177.5;0.0
-1;11400;VEV_5200;98;22;;;;;102;21;;;;;100.0;0.0
-1;11400;VEV_5300;45;21;;;;;47;28;;;;;46.0;0.0
-1;11400;VEV_5400;;;;;;;19;22;;;;;19.0;0.0
-1;11400;VEV_5500;7;21;;;;;8;25;;;;;7.5;0.0
-1;11400;VEV_6000;0;18;;;;;1;18;;;;;0.5;0.0
-1;11400;VEV_6500;0;18;;;;;1;18;;;;;0.5;0.0
-1;11500;ASH_COATED_OSMIUM;9993;11;;;;;10012;26;;;;;10002.5;0.0
-1;11500;HYDROGEL_PACK;9969;14;9967;28;;;9985;14;9988;28;;;9977.0;0.0
-1;11500;INTARIAN_PEPPER_ROOT;13104;12;13101;23;;;13119;12;;;;;13111.5;0.0
-1;11500;VELVETFRUIT_EXTRACT;5274;56;5274;18;;;5280;59;;;;;5277.0;0.0
-1;11500;VEV_4000;1247;8;1244;19;;;1268;8;1270;19;;;1257.5;0.0
-1;11500;VEV_4500;734;12;732;23;;;750;12;752;23;;;742.0;0.0
-1;11500;VEV_5000;266;12;265;15;;;272;10;273;13;;;269.0;0.0
-1;11500;VEV_5100;175;24;;;;;180;6;;;;;177.5;0.0
-1;11500;VEV_5200;97;34;;;;;101;12;;;;;99.0;0.0
-1;11500;VEV_5300;45;27;;;;;47;22;;;;;46.0;0.0
-1;11500;VEV_5400;;;;;;;19;12;;;;;19.0;0.0
-1;11500;VEV_5500;7;22;;;;;8;19;;;;;7.5;0.0
-1;11500;VEV_6000;0;19;;;;;1;19;;;;;0.5;0.0
-1;11500;VEV_6500;0;18;;;;;1;18;;;;;0.5;0.0
-1;11600;ASH_COATED_OSMIUM;9992;13;9990;30;;;9998;6;10008;13;10011;30;9995.0;0.0
-1;11600;HYDROGEL_PACK;9971;15;9968;23;;;9987;15;9989;23;;;9979.0;0.0
-1;11600;INTARIAN_PEPPER_ROOT;13105;8;;;;;13119;8;13122;20;;;13112.0;0.0
-1;11600;VELVETFRUIT_EXTRACT;5273;32;;;;;5279;35;5280;41;;;5276.0;0.0
-1;11600;VEV_4000;1247;11;1245;20;;;1268;11;1271;20;;;1257.5;0.0
-1;11600;VEV_4500;734;9;732;12;;;750;9;752;12;;;742.0;0.0
-1;11600;VEV_5000;267;10;266;21;;;273;6;274;20;;;270.0;0.0
-1;11600;VEV_5100;176;10;;;;;180;7;181;15;;;178.0;0.0
-1;11600;VEV_5200;;;;;;;102;22;;;;;102.0;0.0
-1;11600;VEV_5300;45;27;44;25;;;47;17;;;;;46.0;0.0
-1;11600;VEV_5400;16;25;;;;;;;;;;;16.0;0.0
-1;11600;VEV_5500;7;28;;;;;8;23;;;;;7.5;0.0
-1;11600;VEV_6000;0;19;;;;;1;19;;;;;0.5;0.0
-1;11600;VEV_6500;0;17;;;;;1;17;;;;;0.5;0.0
-1;11700;ASH_COATED_OSMIUM;9992;11;9990;23;;;10008;11;10011;23;;;10000.0;0.0
-1;11700;HYDROGEL_PACK;9971;15;9968;20;;;9987;15;9989;20;;;9979.0;0.0
-1;11700;INTARIAN_PEPPER_ROOT;13105;10;13101;16;;;13119;10;13122;16;;;13112.0;0.0
-1;11700;VELVETFRUIT_EXTRACT;5275;70;;;;;5281;47;;;;;5278.0;0.0
-1;11700;VEV_4000;1247;7;1245;24;;;1268;7;1271;24;;;1257.5;0.0
-1;11700;VEV_4500;735;12;733;19;;;751;12;753;19;;;743.0;0.0
-1;11700;VEV_5000;267;9;266;13;;;273;12;274;14;;;270.0;0.0
-1;11700;VEV_5100;176;12;175;24;;;181;20;;;;;178.5;0.0
-1;11700;VEV_5200;97;19;;;;;100;12;;;;;98.5;0.0
-1;11700;VEV_5300;44;21;;;;;46;29;;;;;45.0;0.0
-1;11700;VEV_5400;;;;;;;18;17;19;22;;;18.0;0.0
-1;11700;VEV_5500;7;19;;;;;8;29;;;;;7.5;0.0
-1;11700;VEV_6000;0;24;;;;;1;24;;;;;0.5;0.0
-1;11700;VEV_6500;0;12;;;;;1;12;;;;;0.5;0.0
-1;11800;ASH_COATED_OSMIUM;10002;10;9992;13;9989;24;10008;13;10010;24;;;10005.0;0.0
-1;11800;HYDROGEL_PACK;9971;11;9969;24;;;9987;11;9990;24;;;9979.0;0.0
-1;11800;INTARIAN_PEPPER_ROOT;13105;12;13101;18;;;13119;12;13122;18;;;13112.0;0.0
-1;11800;VELVETFRUIT_EXTRACT;5275;16;;;;;5281;58;;;;;5278.0;0.0
-1;11800;VEV_4000;1248;7;1246;15;;;1269;7;1272;15;;;1258.5;0.0
-1;11800;VEV_4500;735;11;733;17;;;751;11;752;17;;;743.0;0.0
-1;11800;VEV_5000;267;12;266;19;;;273;12;274;19;;;270.0;0.0
-1;11800;VEV_5100;177;11;176;27;;;181;7;;;;;179.0;0.0
-1;11800;VEV_5200;97;8;;;;;99;26;100;23;;;98.0;0.0
-1;11800;VEV_5300;43;25;;;;;45;30;46;18;;;44.0;0.0
-1;11800;VEV_5400;17;20;;;;;19;21;;;;;18.0;0.0
-1;11800;VEV_5500;7;23;;;;;8;23;;;;;7.5;0.0
-1;11800;VEV_6000;0;23;;;;;1;23;;;;;0.5;0.0
-1;11800;VEV_6500;0;17;;;;;1;17;;;;;0.5;0.0
-1;11900;ASH_COATED_OSMIUM;9991;13;;;;;10007;13;10010;27;;;9999.0;0.0
-1;11900;HYDROGEL_PACK;9970;15;9968;23;;;9986;15;9989;23;;;9978.0;0.0
-1;11900;INTARIAN_PEPPER_ROOT;13105;12;13102;23;;;13119;12;13122;23;;;13112.0;0.0
-1;11900;VELVETFRUIT_EXTRACT;5275;53;;;;;5280;17;5281;66;;;5277.5;0.0
-1;11900;VEV_4000;1249;8;1246;26;;;1270;8;1272;26;;;1259.5;0.0
-1;11900;VEV_4500;735;8;733;23;;;751;8;752;23;;;743.0;0.0
-1;11900;VEV_5000;268;27;267;13;;;274;23;275;21;;;271.0;0.0
-1;11900;VEV_5100;;;;;;;179;6;180;27;;;179.0;0.0
-1;11900;VEV_5200;98;23;97;32;;;100;30;101;33;;;99.0;0.0
-1;11900;VEV_5300;;;;;;;45;28;;;;;45.0;0.0
-1;11900;VEV_5400;17;22;;;;;19;19;;;;;18.0;0.0
-1;11900;VEV_5500;7;19;;;;;8;26;;;;;7.5;0.0
-1;11900;VEV_6000;0;22;;;;;1;22;;;;;0.5;0.0
-1;11900;VEV_6500;0;17;;;;;1;17;;;;;0.5;0.0
-1;12000;ASH_COATED_OSMIUM;9992;14;9989;22;;;10008;14;10010;22;;;10000.0;0.0
-1;12000;HYDROGEL_PACK;9973;15;9970;24;;;9989;15;9991;24;;;9981.0;0.0
-1;12000;INTARIAN_PEPPER_ROOT;13105;9;13102;23;;;13119;9;13122;23;;;13112.0;0.0
-1;12000;VELVETFRUIT_EXTRACT;5275;54;5275;21;5274;36;5281;36;5281;30;;;5278.0;0.0
-1;12000;VEV_4000;1247;10;1245;22;;;1269;10;1271;22;;;1258.0;0.0
-1;12000;VEV_4500;735;6;733;21;;;751;6;753;21;;;743.0;0.0
-1;12000;VEV_5000;269;30;268;15;;;275;6;276;24;;;272.0;0.0
-1;12000;VEV_5100;174;31;;;;;178;9;179;28;;;176.0;0.0
-1;12000;VEV_5200;97;33;;;;;100;30;101;23;;;98.5;0.0
-1;12000;VEV_5300;43;23;;;;;45;26;;;;;44.0;0.0
-1;12000;VEV_5400;17;25;;;;;19;16;;;;;18.0;0.0
-1;12000;VEV_5500;7;30;;;;;8;21;;;;;7.5;0.0
-1;12000;VEV_6000;0;28;;;;;1;28;;;;;0.5;0.0
-1;12000;VEV_6500;0;16;;;;;1;16;;;;;0.5;0.0
-1;12100;ASH_COATED_OSMIUM;9992;12;9989;20;;;10008;12;10010;20;;;10000.0;0.0
-1;12100;HYDROGEL_PACK;9972;11;9970;20;;;9988;11;9991;20;;;9980.0;0.0
-1;12100;INTARIAN_PEPPER_ROOT;13105;8;13102;22;;;13119;8;13122;22;;;13112.0;0.0
-1;12100;VELVETFRUIT_EXTRACT;5276;49;;;;;5282;40;;;;;5279.0;0.0
-1;12100;VEV_4000;1247;12;1245;16;;;1268;12;1271;16;;;1257.5;0.0
-1;12100;VEV_4500;737;7;735;20;;;754;20;;;;;745.5;0.0
-1;12100;VEV_5000;268;34;;;;;274;6;275;19;;;271.0;0.0
-1;12100;VEV_5100;;;;;;;178;8;179;19;;;178.0;0.0
-1;12100;VEV_5200;98;24;97;13;;;101;32;;;;;99.5;0.0
-1;12100;VEV_5300;43;24;;;;;45;20;;;;;44.0;0.0
-1;12100;VEV_5400;17;26;;;;;19;25;;;;;18.0;0.0
-1;12100;VEV_5500;7;28;;;;;8;24;;;;;7.5;0.0
-1;12100;VEV_6000;0;17;;;;;1;17;;;;;0.5;0.0
-1;12100;VEV_6500;0;16;;;;;1;16;;;;;0.5;0.0
-1;12200;ASH_COATED_OSMIUM;;;;;;;10008;15;10010;22;;;10008.0;0.0
-1;12200;HYDROGEL_PACK;9973;12;9971;29;;;9989;12;9992;29;;;9981.0;0.0
-1;12200;INTARIAN_PEPPER_ROOT;13105;11;;;;;13119;11;13123;24;;;13112.0;0.0
-1;12200;VELVETFRUIT_EXTRACT;5277;41;;;;;5283;35;;;;;5280.0;0.0
-1;12200;VEV_4000;1247;7;1244;24;;;1268;7;1271;24;;;1257.5;0.0
-1;12200;VEV_4500;737;12;735;16;;;753;12;754;16;;;745.0;0.0
-1;12200;VEV_5000;267;12;266;14;;;273;8;274;16;;;270.0;0.0
-1;12200;VEV_5100;173;11;172;24;;;177;9;178;20;;;175.0;0.0
-1;12200;VEV_5200;99;12;98;22;;;102;29;;;;;100.5;0.0
-1;12200;VEV_5300;43;20;;;;;45;24;;;;;44.0;0.0
-1;12200;VEV_5400;17;20;17;19;;;19;22;;;;;18.0;0.0
-1;12200;VEV_5500;7;28;;;;;8;27;;;;;7.5;0.0
-1;12200;VEV_6000;0;20;;;;;1;20;;;;;0.5;0.0
-1;12200;VEV_6500;0;18;;;;;1;18;;;;;0.5;0.0
-1;12300;ASH_COATED_OSMIUM;9992;15;;;;;10008;15;10010;21;;;10000.0;0.0
-1;12300;HYDROGEL_PACK;9975;10;9972;24;;;9991;10;9993;24;;;9983.0;0.0
-1;12300;INTARIAN_PEPPER_ROOT;13109;8;13102;24;;;13119;11;;;;;13114.0;0.0
-1;12300;VELVETFRUIT_EXTRACT;5275;49;;;;;5281;61;;;;;5278.0;0.0
-1;12300;VEV_4000;1247;13;1245;18;;;1268;13;1271;18;;;1257.5;0.0
-1;12300;VEV_4500;734;12;733;7;732;20;750;12;752;20;;;742.0;0.0
-1;12300;VEV_5000;267;8;266;19;;;273;8;274;13;;;270.0;0.0
-1;12300;VEV_5100;173;32;;;;;177;12;178;22;;;175.0;0.0
-1;12300;VEV_5200;100;12;99;35;;;102;7;;;;;101.0;0.0
-1;12300;VEV_5300;43;22;;;;;45;27;;;;;44.0;0.0
-1;12300;VEV_5400;16;25;;;;;17;6;18;25;;;16.5;0.0
-1;12300;VEV_5500;7;26;;;;;8;23;;;;;7.5;0.0
-1;12300;VEV_6000;0;16;;;;;1;16;;;;;0.5;0.0
-1;12300;VEV_6500;0;18;;;;;1;18;;;;;0.5;0.0
-1;12400;ASH_COATED_OSMIUM;9992;11;9990;30;;;10008;11;10011;30;;;10000.0;0.0
-1;12400;HYDROGEL_PACK;9973;10;9970;21;;;9989;10;9991;21;;;9981.0;0.0
-1;12400;INTARIAN_PEPPER_ROOT;13102;18;;;;;13119;9;13123;18;;;13110.5;0.0
-1;12400;VELVETFRUIT_EXTRACT;5275;35;5275;37;;;5281;65;;;;;5278.0;0.0
-1;12400;VEV_4000;1247;10;1245;22;;;1268;10;1271;22;;;1257.5;0.0
-1;12400;VEV_4500;735;12;733;12;;;751;12;752;12;;;743.0;0.0
-1;12400;VEV_5000;267;10;266;26;;;274;13;;;;;270.5;0.0
-1;12400;VEV_5100;172;20;;;;;;;;;;;172.0;0.0
-1;12400;VEV_5200;99;24;;;;;103;20;;;;;101.0;0.0
-1;12400;VEV_5300;43;19;42;11;;;45;22;;;;;44.0;0.0
-1;12400;VEV_5400;16;24;;;;;18;21;;;;;17.0;0.0
-1;12400;VEV_5500;7;16;;;;;8;24;;;;;7.5;0.0
-1;12400;VEV_6000;0;18;;;;;1;18;;;;;0.5;0.0
-1;12400;VEV_6500;0;12;;;;;1;12;;;;;0.5;0.0
-1;12500;ASH_COATED_OSMIUM;9992;11;9990;27;;;10008;11;10011;27;;;10000.0;0.0
-1;12500;HYDROGEL_PACK;9975;13;9973;22;;;9991;13;9994;22;;;9983.0;0.0
-1;12500;INTARIAN_PEPPER_ROOT;13102;18;;;;;13120;12;13123;18;;;13111.0;0.0
-1;12500;VELVETFRUIT_EXTRACT;5275;49;5274;40;;;5281;25;;;;;5278.0;0.0
-1;12500;VEV_4000;1247;13;1245;16;;;1268;13;1271;16;;;1257.5;0.0
-1;12500;VEV_4500;733;12;;;;;751;7;753;12;;;742.0;0.0
-1;12500;VEV_5000;267;9;266;27;;;273;10;274;22;;;270.0;0.0
-1;12500;VEV_5100;;;;;;;177;6;178;27;;;177.0;0.0
-1;12500;VEV_5200;;;;;;;103;16;;;;;103.0;0.0
-1;12500;VEV_5300;;;;;;;45;23;;;;;45.0;0.0
-1;12500;VEV_5400;16;24;;;;;18;21;;;;;17.0;0.0
-1;12500;VEV_5500;7;19;;;;;8;25;;;;;7.5;0.0
-1;12500;VEV_6000;0;19;;;;;1;19;;;;;0.5;0.0
-1;12500;VEV_6500;0;18;;;;;1;18;;;;;0.5;0.0
-1;12600;ASH_COATED_OSMIUM;9990;20;;;;;10008;13;;;;;9999.0;0.0
-1;12600;HYDROGEL_PACK;9976;15;9974;30;;;9992;15;9995;30;;;9984.0;0.0
-1;12600;INTARIAN_PEPPER_ROOT;13106;10;13102;17;;;13120;10;13123;17;;;13113.0;0.0
-1;12600;VELVETFRUIT_EXTRACT;5276;25;5275;71;;;5280;25;5281;64;;;5278.0;0.0
-1;12600;VEV_4000;1247;14;1244;24;;;1268;14;1270;24;;;1257.5;0.0
-1;12600;VEV_4500;736;6;735;6;734;17;753;17;;;;;744.5;0.0
-1;12600;VEV_5000;266;31;265;12;;;272;35;273;19;;;269.0;0.0
-1;12600;VEV_5100;172;24;;;;;;;;;;;172.0;0.0
-1;12600;VEV_5200;100;24;;;;;104;32;;;;;102.0;0.0
-1;12600;VEV_5300;43;22;;;;;;;;;;;43.0;0.0
-1;12600;VEV_5400;16;19;;;;;;;;;;;16.0;0.0
-1;12600;VEV_5500;7;17;;;;;8;24;;;;;7.5;0.0
-1;12600;VEV_6000;0;17;;;;;1;17;;;;;0.5;0.0
-1;12600;VEV_6500;0;12;;;;;1;12;;;;;0.5;0.0
