timestamp;buyer;seller;symbol;currency;price;quantity
0;SUBMISSION;BOT;INTARIAN_PEPPER_ROOT;XIRECS;13107.0;10
100;BOT_TAKER;BOT_MAKER;HYDROGEL_PACK;XIRECS;9986.0;3
100;BOT_TAKER;BOT_MAKER;VEV_6500;XIRECS;1.0;2
100;BOT_TAKER;SUBMISSION;HYDROGEL_PACK;XIRECS;9985.0;5
100;BOT_TAKER;BOT_MAKER;HYDROGEL_PACK;XIRECS;9986.0;1
200;BOT_TAKER;BOT_MAKER;VELVETFRUIT_EXTRACT;XIRECS;5263.0;4
200;BOT_MAKER;BOT_TAKER;VELVETFRUIT_EXTRACT;XIRECS;5258.0;8
200;BOT_MAKER;BOT_TAKER;VEV_5400;XIRECS;15.0;5
200;SUBMISSION;BOT;INTARIAN_PEPPER_ROOT;XIRECS;13107.0;10
200;BOT_TAKER;SUBMISSION;VELVETFRUIT_EXTRACT;XIRECS;5262.0;5
200;BOT_TAKER;BOT_MAKER;VELVETFRUIT_EXTRACT;XIRECS;5263.0;2
300;BOT_MAKER;BOT_TAKER;VELVETFRUIT_EXTRACT;XIRECS;5260.0;8
300;BOT_TAKER;BOT_MAKER;VEV_4000;XIRECS;1271.0;1
300;BOT_MAKER;BOT_TAKER;VEV_6000;XIRECS;0.0;2
300;SUBMISSION;BOT;INTARIAN_PEPPER_ROOT;XIRECS;13107.0;10
400;SUBMISSION;BOT;INTARIAN_PEPPER_ROOT;XIRECS;13107.0;9
500;BOT_TAKER;BOT_MAKER;VELVETFRUIT_EXTRACT;XIRECS;5264.0;4
500;BOT_TAKER;BOT_MAKER;VEV_6000;XIRECS;1.0;3
500;SUBMISSION;BOT;INTARIAN_PEPPER_ROOT;XIRECS;13108.0;9
600;BOT_MAKER;BOT_TAKER;HYDROGEL_PACK;XIRECS;9975.0;2
600;BOT_TAKER;BOT_MAKER;VELVETFRUIT_EXTRACT;XIRECS;5264.0;15
600;BOT_MAKER;BOT_TAKER;VELVETFRUIT_EXTRACT;XIRECS;5259.0;5
600;SUBMISSION;BOT;INTARIAN_PEPPER_ROOT;XIRECS;13108.0;9
700;BOT_MAKER;BOT_TAKER;VELVETFRUIT_EXTRACT;XIRECS;5260.0;4
700;BOT_TAKER;BOT_MAKER;VEV_6500;XIRECS;1.0;4
700;SUBMISSION;BOT;INTARIAN_PEPPER_ROOT;XIRECS;13108.0;11
800;BOT_MAKER;BOT_TAKER;HYDROGEL_PACK;XIRECS;9973.0;4
800;SUBMISSION;BOT;INTARIAN_PEPPER_ROOT;XIRECS;13108.0;12
900;BOT_TAKER;BOT_MAKER;HYDROGEL_PACK;XIRECS;9989.0;5
900;BOT_TAKER;BOT_MAKER;VELVETFRUIT_EXTRACT;XIRECS;5265.0;7
900;BOT_TAKER;SUBMISSION;ASH_COATED_OSMIUM;XIRECS;10006.0;7
1000;BOT_TAKER;BOT_MAKER;VELVETFRUIT_EXTRACT;XIRECS;5266.0;3
1000;BOT_MAKER;BOT_TAKER;VEV_4000;XIRECS;1249.0;3
1000;BOT_TAKER;BOT_MAKER;VEV_6500;XIRECS;1.0;4
1000;SUBMISSION;BOT_TAKER;VELVETFRUIT_EXTRACT;XIRECS;5262.0;5
1000;BOT_MAKER;BOT_TAKER;VELVETFRUIT_EXTRACT;XIRECS;5261.0;3
1200;BOT_MAKER;BOT_TAKER;VELVETFRUIT_EXTRACT;XIRECS;5263.0;5
1300;BOT_MAKER;BOT_TAKER;VELVETFRUIT_EXTRACT;XIRECS;5265.0;6
1400;BOT_MAKER;BOT_TAKER;VELVETFRUIT_EXTRACT;XIRECS;5263.0;8
1500;BOT_TAKER;BOT_MAKER;VELVETFRUIT_EXTRACT;XIRECS;5269.0;11
1500;BOT_TAKER;SUBMISSION;VELVETFRUIT_EXTRACT;XIRECS;5268.0;5
1500;BOT_TAKER;BOT_MAKER;VELVETFRUIT_EXTRACT;XIRECS;5269.0;2
1600;BOT_MAKER;BOT_TAKER;HYDROGEL_PACK;XIRECS;9974.0;5
1600;BOT_TAKER;BOT_MAKER;VELVETFRUIT_EXTRACT;XIRECS;5269.0;7
1700;BOT_TAKER;BOT_MAKER;HYDROGEL_PACK;XIRECS;9991.0;4
1700;BOT_MAKER;BOT_TAKER;VELVETFRUIT_EXTRACT;XIRECS;5262.0;8
1700;BOT_MAKER;BOT_TAKER;VEV_4000;XIRECS;1251.0;3
1800;BOT_TAKER;BOT_MAKER;VELVETFRUIT_EXTRACT;XIRECS;5267.0;7
1900;BOT_MAKER;BOT_TAKER;VELVETFRUIT_EXTRACT;XIRECS;5263.0;5
1900;BOT_TAKER;BOT_MAKER;VEV_5500;XIRECS;7.0;3
1900;SUBMISSION;BOT_TAKER;ASH_COATED_OSMIUM;XIRECS;9990.0;4
2000;BOT_MAKER;BOT_TAKER;HYDROGEL_PACK;XIRECS;9975.0;4
2000;BOT_MAKER;BOT_TAKER;INTARIAN_PEPPER_ROOT;XIRECS;13095.0;5
2000;BOT_MAKER;BOT_TAKER;VELVETFRUIT_EXTRACT;XIRECS;5261.0;7
2000;BOT_MAKER;BOT_TAKER;VEV_5400;XIRECS;15.0;5
2000;BOT_MAKER;BOT_TAKER;VEV_5400;XIRECS;15.0;5
2300;BOT_MAKER;BOT_TAKER;VELVETFRUIT_EXTRACT;XIRECS;5262.0;3
2400;BOT_TAKER;BOT_MAKER;VELVETFRUIT_EXTRACT;XIRECS;5267.0;7
2700;BOT_MAKER;BOT_TAKER;HYDROGEL_PACK;XIRECS;9974.0;5
2800;BOT_MAKER;BOT_TAKER;VELVETFRUIT_EXTRACT;XIRECS;5261.0;5
2800;BOT_TAKER;BOT_MAKER;VEV_5500;XIRECS;7.0;3
2900;BOT_MAKER;BOT_TAKER;INTARIAN_PEPPER_ROOT;XIRECS;13096.0;8
2900;BOT_MAKER;BOT_TAKER;VELVETFRUIT_EXTRACT;XIRECS;5259.0;8
3000;BOT_TAKER;BOT_MAKER;VELVETFRUIT_EXTRACT;XIRECS;5262.0;10
3100;BOT_TAKER;BOT_MAKER;HYDROGEL_PACK;XIRECS;9997.0;3
3100;BOT_MAKER;BOT_TAKER;VELVETFRUIT_EXTRACT;XIRECS;5258.0;6
3100;BOT_MAKER;BOT_TAKER;VEV_4000;XIRECS;1253.0;3
3300;BOT_TAKER;BOT_MAKER;HYDROGEL_PACK;XIRECS;10000.0;4
3300;BOT_MAKER;BOT_TAKER;VELVETFRUIT_EXTRACT;XIRECS;5259.0;5
3300;BOT_TAKER;SUBMISSION;VELVETFRUIT_EXTRACT;XIRECS;5263.0;3
3400;BOT_MAKER;BOT_TAKER;HYDROGEL_PACK;XIRECS;9982.0;4
3400;BOT_MAKER;BOT_TAKER;VELVETFRUIT_EXTRACT;XIRECS;5259.0;5
3400;BOT_MAKER;BOT_TAKER;VEV_4000;XIRECS;1252.0;3
3400;BOT_TAKER;BOT_MAKER;VEV_6500;XIRECS;1.0;5
3500;BOT_TAKER;BOT_MAKER;HYDROGEL_PACK;XIRECS;9994.0;5
3500;BOT_TAKER;BOT_MAKER;HYDROGEL_PACK;XIRECS;9994.0;3
3500;BOT_MAKER;BOT_TAKER;VEV_5400;XIRECS;16.0;4
3600;BOT_TAKER;BOT_MAKER;HYDROGEL_PACK;XIRECS;9995.0;4
3600;BOT_MAKER;BOT_TAKER;VELVETFRUIT_EXTRACT;XIRECS;5261.0;6
3600;BOT_MAKER;BOT_TAKER;VEV_4000;XIRECS;1253.0;3
3600;BOT_TAKER;BOT_MAKER;VEV_6500;XIRECS;1.0;3
3800;BOT_MAKER;BOT_TAKER;HYDROGEL_PACK;XIRECS;9978.0;6
3800;BOT_TAKER;BOT_MAKER;HYDROGEL_PACK;XIRECS;9994.0;4
3900;BOT_TAKER;BOT_MAKER;VEV_6000;XIRECS;1.0;3
4000;BOT_TAKER;BOT_MAKER;VELVETFRUIT_EXTRACT;XIRECS;5268.0;6
4100;SUBMISSION;BOT_TAKER;ASH_COATED_OSMIUM;XIRECS;9995.0;4
4200;BOT_TAKER;BOT_MAKER;ASH_COATED_OSMIUM;XIRECS;10009.0;4
4200;BOT_MAKER;BOT_TAKER;VEV_4000;XIRECS;1252.0;2
4200;BOT_MAKER;BOT_TAKER;VEV_5500;XIRECS;6.0;4
4300;BOT_MAKER;BOT_TAKER;VELVETFRUIT_EXTRACT;XIRECS;5264.0;6
4500;BOT_TAKER;BOT_MAKER;VEV_6000;XIRECS;1.0;4
4600;BOT_TAKER;BOT_MAKER;VELVETFRUIT_EXTRACT;XIRECS;5267.0;8
4600;BOT_MAKER;BOT_TAKER;VEV_4000;XIRECS;1252.0;3
4700;BOT_TAKER;BOT_MAKER;VELVETFRUIT_EXTRACT;XIRECS;5267.0;5
4800;BOT_TAKER;SUBMISSION;HYDROGEL_PACK;XIRECS;9987.0;2
4900;BOT_TAKER;BOT_MAKER;VELVETFRUIT_EXTRACT;XIRECS;5269.0;7
4900;BOT_MAKER;BOT_TAKER;VEV_5500;XIRECS;6.0;2
5000;BOT_MAKER;BOT_TAKER;VEV_4000;XIRECS;1251.0;3
5100;BOT_MAKER;BOT_TAKER;VEV_6000;XIRECS;0.0;3
5200;BOT_MAKER;BOT_TAKER;HYDROGEL_PACK;XIRECS;9969.0;3
5200;BOT_TAKER;BOT_MAKER;INTARIAN_PEPPER_ROOT;XIRECS;13112.0;3
5200;BOT_MAKER;BOT_TAKER;VELVETFRUIT_EXTRACT;XIRECS;5264.0;3
5200;BOT_TAKER;BOT_MAKER;VEV_4000;XIRECS;1272.0;3
5300;BOT_TAKER;BOT_MAKER;HYDROGEL_PACK;XIRECS;9986.0;5
5300;BOT_MAKER;BOT_TAKER;HYDROGEL_PACK;XIRECS;9970.0;4
5300;BOT_MAKER;BOT_TAKER;VELVETFRUIT_EXTRACT;XIRECS;5264.0;7
5300;BOT_TAKER;BOT_MAKER;VEV_6500;XIRECS;1.0;4
5400;BOT_MAKER;BOT_TAKER;VELVETFRUIT_EXTRACT;XIRECS;5265.0;7
5500;BOT_MAKER;BOT_TAKER;VEV_6000;XIRECS;0.0;2
5600;BOT_MAKER;BOT_TAKER;VEV_4000;XIRECS;1252.0;1
5700;BOT_TAKER;BOT_MAKER;VEV_5400;XIRECS;16.0;5
5900;BOT_TAKER;BOT_MAKER;ASH_COATED_OSMIUM;XIRECS;10011.0;4
5900;BOT_MAKER;BOT_TAKER;VELVETFRUIT_EXTRACT;XIRECS;5267.0;3
6000;BOT_MAKER;BOT_TAKER;HYDROGEL_PACK;XIRECS;9972.0;4
6000;BOT_TAKER;BOT_MAKER;VELVETFRUIT_EXTRACT;XIRECS;5273.0;8
6200;SUBMISSION;BOT_TAKER;VEV_4000;XIRECS;1251.0;2
6400;BOT_MAKER;BOT_TAKER;VELVETFRUIT_EXTRACT;XIRECS;5271.0;4
6500;BOT_MAKER;BOT_TAKER;VELVETFRUIT_EXTRACT;XIRECS;5271.0;5
6500;BOT_MAKER;BOT_TAKER;VEV_5500;XIRECS;6.0;4
6700;BOT_MAKER;BOT_TAKER;HYDROGEL_PACK;XIRECS;9975.0;2
6700;SUBMISSION;BOT_TAKER;HYDROGEL_PACK;XIRECS;9976.0;4
6800;BOT_MAKER;BOT_TAKER;VELVETFRUIT_EXTRACT;XIRECS;5268.0;4
6800;BOT_TAKER;BOT_MAKER;VEV_6000;XIRECS;1.0;3
6900;BOT_MAKER;BOT_TAKER;HYDROGEL_PACK;XIRECS;9980.0;6
6900;BOT_TAKER;BOT_MAKER;VELVETFRUIT_EXTRACT;XIRECS;5275.0;5
6900;BOT_TAKER;BOT_MAKER;VEV_6500;XIRECS;1.0;5
7000;BOT_MAKER;BOT_TAKER;HYDROGEL_PACK;XIRECS;9984.0;3
7000;BOT_MAKER;BOT_TAKER;VELVETFRUIT_EXTRACT;XIRECS;5269.0;7
7100;BOT_MAKER;BOT_TAKER;VEV_5500;XIRECS;6.0;2
7200;BOT_TAKER;BOT_MAKER;VELVETFRUIT_EXTRACT;XIRECS;5273.0;12
7200;BOT_MAKER;BOT_TAKER;VEV_6500;XIRECS;0.0;4
7300;BOT_MAKER;BOT_TAKER;HYDROGEL_PACK;XIRECS;9987.0;5
7400;BOT_MAKER;BOT_TAKER;VELVETFRUIT_EXTRACT;XIRECS;5268.0;6
7400;BOT_MAKER;BOT_TAKER;VEV_5400;XIRECS;16.0;4
7500;BOT_TAKER;BOT_MAKER;VELVETFRUIT_EXTRACT;XIRECS;5274.0;8
7500;BOT_TAKER;BOT_MAKER;VEV_5300;XIRECS;47.0;2
7500;BOT_MAKER;BOT_TAKER;VEV_6000;XIRECS;0.0;4
7600;BOT_TAKER;BOT_MAKER;VELVETFRUIT_EXTRACT;XIRECS;5274.0;7
7600;BOT_MAKER;BOT_TAKER;VEV_4000;XIRECS;1250.0;2
7600;BOT_MAKER;BOT_TAKER;VEV_6000;XIRECS;0.0;4
7800;BOT_TAKER;BOT_MAKER;VEV_6500;XIRECS;1.0;3
7900;BOT_MAKER;BOT_TAKER;VELVETFRUIT_EXTRACT;XIRECS;5265.0;5
8000;BOT_TAKER;BOT_MAKER;VEV_6000;XIRECS;1.0;3
8100;BOT_TAKER;BOT_MAKER;HYDROGEL_PACK;XIRECS;10006.0;4
8200;BOT_TAKER;BOT_MAKER;VELVETFRUIT_EXTRACT;XIRECS;5270.0;5
8200;SUBMISSION;BOT_TAKER;HYDROGEL_PACK;XIRECS;9991.0;3
8300;BOT_MAKER;BOT_TAKER;HYDROGEL_PACK;XIRECS;9988.0;6
8400;BOT_TAKER;BOT_MAKER;VELVETFRUIT_EXTRACT;XIRECS;5271.0;13
8400;BOT_TAKER;BOT_MAKER;VEV_5500;XIRECS;8.0;3
8400;SUBMISSION;BOT_TAKER;VELVETFRUIT_EXTRACT;XIRECS;5267.0;3
8500;BOT_TAKER;BOT_MAKER;HYDROGEL_PACK;XIRECS;10000.0;4
8500;SUBMISSION;BOT_TAKER;VEV_4000;XIRECS;1252.0;2
8600;BOT_MAKER;BOT_TAKER;INTARIAN_PEPPER_ROOT;XIRECS;13098.0;5
8600;BOT_MAKER;BOT_TAKER;VELVETFRUIT_EXTRACT;XIRECS;5266.0;4
8600;BOT_TAKER;BOT_MAKER;VELVETFRUIT_EXTRACT;XIRECS;5272.0;6
8700;BOT_TAKER;BOT_MAKER;HYDROGEL_PACK;XIRECS;10000.0;5
8900;BOT_MAKER;BOT_TAKER;VELVETFRUIT_EXTRACT;XIRECS;5266.0;4
8900;BOT_MAKER;BOT_TAKER;VEV_4000;XIRECS;1254.0;2
9000;BOT_MAKER;BOT_TAKER;HYDROGEL_PACK;XIRECS;9980.0;3
9000;BOT_TAKER;BOT_MAKER;VELVETFRUIT_EXTRACT;XIRECS;5273.0;4
9000;BOT_MAKER;BOT_TAKER;VEV_5500;XIRECS;6.0;5
9200;BOT_MAKER;BOT_TAKER;HYDROGEL_PACK;XIRECS;9982.0;4
9200;BOT_TAKER;BOT_MAKER;VEV_4000;XIRECS;1272.0;3
9200;BOT_TAKER;SUBMISSION;VELVETFRUIT_EXTRACT;XIRECS;5274.0;5
9200;BOT_TAKER;BOT_MAKER;VELVETFRUIT_EXTRACT;XIRECS;5275.0;1
9300;BOT_TAKER;BOT_MAKER;VELVETFRUIT_EXTRACT;XIRECS;5275.0;7
9300;BOT_TAKER;SUBMISSION;HYDROGEL_PACK;XIRECS;9999.0;4
9400;BOT_MAKER;BOT_TAKER;HYDROGEL_PACK;XIRECS;9985.0;4
9500;BOT_MAKER;BOT_TAKER;HYDROGEL_PACK;XIRECS;9986.0;2
9500;BOT_MAKER;BOT_TAKER;VEV_4000;XIRECS;1250.0;1
9500;BOT_TAKER;BOT_MAKER;VEV_6000;XIRECS;1.0;2
9600;BOT_MAKER;BOT_TAKER;VEV_5300;XIRECS;45.0;5
9600;BOT_TAKER;BOT_MAKER;VEV_6000;XIRECS;1.0;5
9700;BOT_TAKER;BOT_MAKER;VELVETFRUIT_EXTRACT;XIRECS;5273.0;5
9800;BOT_MAKER;BOT_TAKER;VELVETFRUIT_EXTRACT;XIRECS;5268.0;5
9900;BOT_TAKER;BOT_MAKER;HYDROGEL_PACK;XIRECS;9996.0;3
9900;BOT_MAKER;BOT_TAKER;VELVETFRUIT_EXTRACT;XIRECS;5269.0;5
9900;BOT_MAKER;BOT_TAKER;VEV_5500;XIRECS;6.0;4
9900;SUBMISSION;BOT_TAKER;VELVETFRUIT_EXTRACT;XIRECS;5270.0;5
9900;BOT_MAKER;BOT_TAKER;VELVETFRUIT_EXTRACT;XIRECS;5269.0;3
10000;BOT_MAKER;BOT_TAKER;HYDROGEL_PACK;XIRECS;9979.0;5
10000;BOT_MAKER;BOT_TAKER;VEV_4000;XIRECS;1251.0;3
10000;BOT_TAKER;BOT_MAKER;VEV_5300;XIRECS;48.0;4
10000;SUBMISSION;BOT_TAKER;VELVETFRUIT_EXTRACT;XIRECS;5272.0;4
10100;BOT_MAKER;BOT_TAKER;HYDROGEL_PACK;XIRECS;9978.0;2
10100;BOT_TAKER;BOT_MAKER;VELVETFRUIT_EXTRACT;XIRECS;5275.0;12
10300;BOT_TAKER;BOT_MAKER;HYDROGEL_PACK;XIRECS;9995.0;6
10300;BOT_MAKER;BOT_TAKER;VELVETFRUIT_EXTRACT;XIRECS;5270.0;4
10400;SUBMISSION;BOT_TAKER;HYDROGEL_PACK;XIRECS;9976.0;4
10500;BOT_MAKER;BOT_TAKER;HYDROGEL_PACK;XIRECS;9976.0;2
10500;BOT_TAKER;BOT_MAKER;VELVETFRUIT_EXTRACT;XIRECS;5277.0;12
10500;BOT_MAKER;BOT_TAKER;VEV_4000;XIRECS;1248.0;2
10500;BOT_TAKER;BOT_MAKER;VEV_6000;XIRECS;1.0;5
10600;SUBMISSION;BOT_TAKER;HYDROGEL_PACK;XIRECS;9974.0;5
10700;BOT_MAKER;BOT_TAKER;VEV_6500;XIRECS;0.0;2
11000;BOT_TAKER;BOT_MAKER;VEV_5300;XIRECS;48.0;4
11100;BOT_TAKER;BOT_MAKER;HYDROGEL_PACK;XIRECS;9992.0;4
11100;BOT_MAKER;BOT_TAKER;VELVETFRUIT_EXTRACT;XIRECS;5273.0;6
11100;BOT_TAKER;BOT_MAKER;VEV_5500;XIRECS;8.0;4
11200;BOT_TAKER;BOT_MAKER;HYDROGEL_PACK;XIRECS;9993.0;6
11300;BOT_MAKER;BOT_TAKER;HYDROGEL_PACK;XIRECS;9971.0;6
11400;BOT_TAKER;BOT_MAKER;VEV_5500;XIRECS;8.0;2
11500;BOT_TAKER;BOT_MAKER;VELVETFRUIT_EXTRACT;XIRECS;5280.0;5
11500;BOT_TAKER;BOT_MAKER;VEV_5400;XIRECS;19.0;2
11600;BOT_MAKER;BOT_TAKER;HYDROGEL_PACK;XIRECS;9971.0;5
11600;BOT_TAKER;BOT_MAKER;VEV_5500;XIRECS;8.0;4
11600;SUBMISSION;BOT;ASH_COATED_OSMIUM;XIRECS;9998.0;6
11700;BOT_MAKER;BOT_TAKER;VEV_6500;XIRECS;0.0;5
11800;BOT_TAKER;BOT_MAKER;VELVETFRUIT_EXTRACT;XIRECS;5281.0;13
11800;BOT;SUBMISSION;ASH_COATED_OSMIUM;XIRECS;10002.0;10
11900;BOT_MAKER;BOT_TAKER;VELVETFRUIT_EXTRACT;XIRECS;5275.0;5
11900;BOT_TAKER;BOT_MAKER;VEV_4000;XIRECS;1270.0;2
12000;BOT_TAKER;BOT_MAKER;VELVETFRUIT_EXTRACT;XIRECS;5281.0;8
12100;BOT_MAKER;BOT_TAKER;HYDROGEL_PACK;XIRECS;9972.0;5
12100;BOT_MAKER;BOT_TAKER;VELVETFRUIT_EXTRACT;XIRECS;5276.0;4
12100;BOT_MAKER;BOT_TAKER;VEV_4000;XIRECS;1247.0;3
12200;BOT_MAKER;BOT_TAKER;HYDROGEL_PACK;XIRECS;9973.0;3
12200;BOT_TAKER;BOT_MAKER;VELVETFRUIT_EXTRACT;XIRECS;5283.0;6
12200;BOT_TAKER;BOT_MAKER;VEV_5500;XIRECS;8.0;4
12200;SUBMISSION;BOT_TAKER;VELVETFRUIT_EXTRACT;XIRECS;5278.0;4
12300;BOT_TAKER;BOT_MAKER;VEV_5400;XIRECS;17.0;4
12400;BOT_MAKER;BOT_TAKER;VEV_4000;XIRECS;1247.0;1
12500;BOT_TAKER;BOT_MAKER;HYDROGEL_PACK;XIRECS;9991.0;4
12500;BOT_TAKER;BOT_MAKER;VELVETFRUIT_EXTRACT;XIRECS;5281.0;6
12500;BOT_MAKER;BOT_TAKER;VEV_4000;XIRECS;1247.0;2
12500;BOT_TAKER;BOT_MAKER;VEV_5500;XIRECS;8.0;3
12500;SUBMISSION;BOT_TAKER;HYDROGEL_PACK;XIRECS;9976.0;3
12600;BOT_TAKER;BOT_MAKER;VEV_5500;XIRECS;8.0;3
12700;BOT_MAKER;BOT_TAKER;HYDROGEL_PACK;XIRECS;9976.0;5
12800;BOT_MAKER;BOT_TAKER;HYDROGEL_PACK;XIRECS;9975.0;3
12900;BOT_MAKER;BOT_TAKER;VEV_5300;XIRECS;43.0;5
13000;BOT_MAKER;BOT_TAKER;HYDROGEL_PACK;XIRECS;9975.0;5
13000;BOT_MAKER;BOT_TAKER;VELVETFRUIT_EXTRACT;XIRECS;5276.0;8
13100;BOT_MAKER;BOT_TAKER;VELVETFRUIT_EXTRACT;XIRECS;5277.0;5
13100;BOT_TAKER;BOT_MAKER;VEV_4000;XIRECS;1269.0;1
13200;BOT_TAKER;BOT_MAKER;VEV_4000;XIRECS;1269.0;2
13200;BOT_TAKER;SUBMISSION;HYDROGEL_PACK;XIRECS;9989.0;2
13300;BOT_TAKER;BOT_MAKER;HYDROGEL_PACK;XIRECS;9988.0;5
13300;BOT_MAKER;BOT_TAKER;VELVETFRUIT_EXTRACT;XIRECS;5276.0;12
13400;BOT_TAKER;BOT_MAKER;HYDROGEL_PACK;XIRECS;9989.0;4
13500;BOT_MAKER;BOT_TAKER;VELVETFRUIT_EXTRACT;XIRECS;5276.0;3
13500;BOT_MAKER;BOT_TAKER;VEV_4000;XIRECS;1246.0;3
13500;BOT_TAKER;BOT_MAKER;VEV_5300;XIRECS;44.0;4
13500;BOT_TAKER;BOT_MAKER;VEV_6500;XIRECS;1.0;4
13500;SUBMISSION;BOT_TAKER;VELVETFRUIT_EXTRACT;XIRECS;5277.0;5
13500;BOT_MAKER;BOT_TAKER;VELVETFRUIT_EXTRACT;XIRECS;5276.0;1
13600;BOT_MAKER;BOT_TAKER;HYDROGEL_PACK;XIRECS;9975.0;5
13600;BOT_TAKER;BOT_MAKER;INTARIAN_PEPPER_ROOT;XIRECS;13121.0;8
13600;BOT_MAKER;BOT_TAKER;VEV_4000;XIRECS;1245.0;3
13600;SUBMISSION;BOT;ASH_COATED_OSMIUM;XIRECS;9996.0;9
13600;SUBMISSION;BOT_TAKER;VELVETFRUIT_EXTRACT;XIRECS;5277.0;5
13600;BOT_MAKER;BOT_TAKER;VELVETFRUIT_EXTRACT;XIRECS;5276.0;2
13700;BOT_MAKER;BOT_TAKER;VELVETFRUIT_EXTRACT;XIRECS;5277.0;8
13900;BOT_MAKER;BOT_TAKER;VELVETFRUIT_EXTRACT;XIRECS;5278.0;6
14000;BOT_TAKER;BOT_MAKER;HYDROGEL_PACK;XIRECS;9990.0;2
14000;BOT_TAKER;BOT_MAKER;VELVETFRUIT_EXTRACT;XIRECS;5282.0;6
14000;BOT_MAKER;BOT_TAKER;VEV_4000;XIRECS;1248.0;2
14000;SUBMISSION;BOT_TAKER;ASH_COATED_OSMIUM;XIRECS;9989.0;5
14100;BOT_MAKER;BOT_TAKER;HYDROGEL_PACK;XIRECS;9970.0;2
14100;BOT_TAKER;BOT_MAKER;VELVETFRUIT_EXTRACT;XIRECS;5280.0;6
14200;BOT_MAKER;BOT_TAKER;HYDROGEL_PACK;XIRECS;9971.0;3
14200;BOT_TAKER;BOT_MAKER;VELVETFRUIT_EXTRACT;XIRECS;5280.0;10
14200;BOT_TAKER;BOT_MAKER;VEV_6500;XIRECS;1.0;5
14200;SUBMISSION;BOT_TAKER;HYDROGEL_PACK;XIRECS;9972.0;5
14300;BOT_TAKER;BOT_MAKER;VELVETFRUIT_EXTRACT;XIRECS;5281.0;3
14300;BOT_TAKER;BOT_MAKER;VEV_6500;XIRECS;1.0;2
14400;BOT_MAKER;BOT_TAKER;HYDROGEL_PACK;XIRECS;9971.0;3
14500;SUBMISSION;BOT_TAKER;VELVETFRUIT_EXTRACT;XIRECS;5279.0;5
14500;BOT_MAKER;BOT_TAKER;VELVETFRUIT_EXTRACT;XIRECS;5278.0;3
14500;BOT_TAKER;SUBMISSION;VEV_4000;XIRECS;1266.0;2
14700;BOT_MAKER;BOT_TAKER;HYDROGEL_PACK;XIRECS;9976.0;6
14700;BOT_MAKER;BOT_TAKER;VEV_5500;XIRECS;8.0;3
14700;SUBMISSION;BOT;ASH_COATED_OSMIUM;XIRECS;9994.0;10
14800;BOT_MAKER;BOT_TAKER;HYDROGEL_PACK;XIRECS;9971.0;2
14800;BOT_TAKER;BOT_MAKER;VELVETFRUIT_EXTRACT;XIRECS;5286.0;3
14800;BOT_MAKER;BOT_TAKER;VEV_5400;XIRECS;17.0;3
14900;BOT_MAKER;BOT_TAKER;HYDROGEL_PACK;XIRECS;9972.0;2
14900;BOT_MAKER;BOT_TAKER;VELVETFRUIT_EXTRACT;XIRECS;5280.0;4
14900;BOT_TAKER;BOT_MAKER;VEV_4000;XIRECS;1266.0;2
15100;BOT_MAKER;BOT_TAKER;VEV_5300;XIRECS;42.0;5
15100;BOT_TAKER;SUBMISSION;HYDROGEL_PACK;XIRECS;9986.0;2
15300;BOT_TAKER;BOT_MAKER;HYDROGEL_PACK;XIRECS;9986.0;6
15300;BOT_TAKER;BOT_MAKER;VELVETFRUIT_EXTRACT;XIRECS;5284.0;7
15400;BOT_TAKER;BOT_MAKER;HYDROGEL_PACK;XIRECS;9988.0;5
15400;BOT_MAKER;BOT_TAKER;VELVETFRUIT_EXTRACT;XIRECS;5281.0;8
15400;BOT_TAKER;BOT_MAKER;VEV_6000;XIRECS;1.0;5
15400;BOT_MAKER;BOT_TAKER;VEV_6500;XIRECS;0.0;2
15500;BOT_MAKER;BOT_TAKER;HYDROGEL_PACK;XIRECS;9973.0;2
15800;BOT_TAKER;BOT_MAKER;VELVETFRUIT_EXTRACT;XIRECS;5285.0;5
15900;BOT_MAKER;BOT_TAKER;VELVETFRUIT_EXTRACT;XIRECS;5279.0;6
15900;SUBMISSION;BOT_TAKER;VELVETFRUIT_EXTRACT;XIRECS;5280.0;3
16000;BOT_TAKER;BOT_MAKER;VELVETFRUIT_EXTRACT;XIRECS;5284.0;5
16000;SUBMISSION;BOT_TAKER;VEV_4000;XIRECS;1254.0;2
16100;BOT_MAKER;BOT_TAKER;VELVETFRUIT_EXTRACT;XIRECS;5277.0;6
16200;BOT_TAKER;BOT_MAKER;VEV_6500;XIRECS;1.0;3
16300;BOT_TAKER;BOT_MAKER;VEV_5400;XIRECS;19.0;2
16400;BOT_TAKER;BOT_MAKER;VELVETFRUIT_EXTRACT;XIRECS;5279.0;3
16400;BOT_TAKER;SUBMISSION;VEV_4000;XIRECS;1274.0;3
16500;BOT_MAKER;BOT_TAKER;VELVETFRUIT_EXTRACT;XIRECS;5277.0;3
16600;BOT_MAKER;BOT_TAKER;ASH_COATED_OSMIUM;XIRECS;9988.0;5
16700;BOT_TAKER;BOT_MAKER;ASH_COATED_OSMIUM;XIRECS;10004.0;9
16700;BOT_TAKER;BOT_MAKER;VELVETFRUIT_EXTRACT;XIRECS;5281.0;4
16800;BOT_TAKER;BOT_MAKER;VELVETFRUIT_EXTRACT;XIRECS;5281.0;4
16800;BOT_TAKER;BOT_MAKER;VEV_5500;XIRECS;8.0;2
16800;BOT_MAKER;BOT_TAKER;VEV_6000;XIRECS;0.0;4
16900;BOT_MAKER;BOT_TAKER;VELVETFRUIT_EXTRACT;XIRECS;5276.0;5
17000;BOT_TAKER;BOT_MAKER;HYDROGEL_PACK;XIRECS;9988.0;5
17000;BOT_MAKER;BOT_TAKER;VEV_5500;XIRECS;7.0;4
17000;BOT_MAKER;BOT_TAKER;VEV_6000;XIRECS;0.0;5
17000;BOT_TAKER;BOT_MAKER;VEV_6500;XIRECS;1.0;3
17000;SUBMISSION;BOT;ASH_COATED_OSMIUM;XIRECS;9992.0;9
17100;BOT_MAKER;BOT_TAKER;INTARIAN_PEPPER_ROOT;XIRECS;13110.0;6
17100;BOT_MAKER;BOT_TAKER;VEV_4000;XIRECS;1255.0;2
17200;BOT_MAKER;BOT_TAKER;HYDROGEL_PACK;XIRECS;9967.0;3
17200;BOT;SUBMISSION;ASH_COATED_OSMIUM;XIRECS;9997.0;10
17300;BOT_TAKER;BOT_MAKER;HYDROGEL_PACK;XIRECS;9985.0;2
17400;BOT_TAKER;BOT_MAKER;VEV_5500;XIRECS;8.0;2
17400;SUBMISSION;BOT_TAKER;ASH_COATED_OSMIUM;XIRECS;9988.0;3
17500;BOT_TAKER;BOT_MAKER;HYDROGEL_PACK;XIRECS;9985.0;5
17500;BOT_MAKER;BOT_TAKER;VELVETFRUIT_EXTRACT;XIRECS;5276.0;7
17500;BOT_MAKER;BOT_TAKER;VEV_5300;XIRECS;38.0;5
17600;BOT_TAKER;BOT_MAKER;VEV_4000;XIRECS;1272.0;3
17700;BOT_TAKER;BOT_MAKER;VELVETFRUIT_EXTRACT;XIRECS;5282.0;6
17800;BOT_TAKER;BOT_MAKER;VELVETFRUIT_EXTRACT;XIRECS;5281.0;8
17800;BOT_TAKER;BOT_MAKER;VEV_4000;XIRECS;1273.0;1
17900;BOT_MAKER;BOT_TAKER;HYDROGEL_PACK;XIRECS;9965.0;2
17900;BOT_TAKER;BOT_MAKER;VELVETFRUIT_EXTRACT;XIRECS;5283.0;4
17900;BOT;SUBMISSION;ASH_COATED_OSMIUM;XIRECS;9997.0;6
18000;BOT_TAKER;BOT_MAKER;VEV_4000;XIRECS;1273.0;1
18000;BOT_MAKER;BOT_TAKER;VEV_6500;XIRECS;0.0;4
18100;BOT_TAKER;BOT_MAKER;HYDROGEL_PACK;XIRECS;9983.0;5
18100;BOT_MAKER;BOT_TAKER;VELVETFRUIT_EXTRACT;XIRECS;5278.0;3
18400;BOT_TAKER;BOT_MAKER;VELVETFRUIT_EXTRACT;XIRECS;5281.0;3
18500;BOT_TAKER;BOT_MAKER;HYDROGEL_PACK;XIRECS;9981.0;3
18700;BOT_TAKER;BOT_MAKER;VELVETFRUIT_EXTRACT;XIRECS;5279.0;8
18700;BOT_TAKER;SUBMISSION;HYDROGEL_PACK;XIRECS;9983.0;4
18900;BOT_MAKER;BOT_TAKER;VELVETFRUIT_EXTRACT;XIRECS;5274.0;5
18900;BOT_TAKER;SUBMISSION;VEV_4000;XIRECS;1274.0;1
19100;BOT_TAKER;BOT_MAKER;VEV_5400;XIRECS;18.0;5
19100;BOT_TAKER;BOT_MAKER;VEV_6000;XIRECS;1.0;2
19100;SUBMISSION;BOT_TAKER;HYDROGEL_PACK;XIRECS;9971.0;5
19100;BOT_MAKER;BOT_TAKER;HYDROGEL_PACK;XIRECS;9970.0;1
19200;BOT_MAKER;BOT_TAKER;HYDROGEL_PACK;XIRECS;9969.0;2
19200;BOT_MAKER;BOT_TAKER;VELVETFRUIT_EXTRACT;XIRECS;5275.0;3
19200;BOT_MAKER;BOT_TAKER;VEV_4000;XIRECS;1250.0;2
19300;BOT_MAKER;BOT_TAKER;VEV_4000;XIRECS;1249.0;2
19400;BOT_TAKER;BOT_MAKER;ASH_COATED_OSMIUM;XIRECS;10004.0;3
19400;BOT_MAKER;BOT_TAKER;VELVETFRUIT_EXTRACT;XIRECS;5276.0;4
19400;BOT_MAKER;BOT_TAKER;VEV_4000;XIRECS;1249.0;2
19500;BOT_MAKER;BOT_TAKER;HYDROGEL_PACK;XIRECS;9964.0;5
19500;BOT_MAKER;BOT_TAKER;VELVETFRUIT_EXTRACT;XIRECS;5275.0;3
19600;BOT_MAKER;BOT_TAKER;VEV_6500;XIRECS;0.0;2
19700;BOT_MAKER;BOT_TAKER;HYDROGEL_PACK;XIRECS;9966.0;3
19700;SUBMISSION;BOT;ASH_COATED_OSMIUM;XIRECS;9994.0;6
19800;BOT_TAKER;BOT_MAKER;VELVETFRUIT_EXTRACT;XIRECS;5281.0;5
19800;BOT_TAKER;BOT_MAKER;VEV_4000;XIRECS;1269.0;1
19900;BOT_TAKER;BOT_MAKER;HYDROGEL_PACK;XIRECS;9981.0;2
19900;BOT_TAKER;BOT_MAKER;VELVETFRUIT_EXTRACT;XIRECS;5282.0;8
20000;BOT_TAKER;BOT_MAKER;HYDROGEL_PACK;XIRECS;9980.0;5
20300;BOT_MAKER;BOT_TAKER;VELVETFRUIT_EXTRACT;XIRECS;5279.0;11
20500;BOT_TAKER;BOT_MAKER;INTARIAN_PEPPER_ROOT;XIRECS;13128.0;3
20500;BOT_MAKER;BOT_TAKER;VELVETFRUIT_EXTRACT;XIRECS;5280.0;4
20500;BOT_MAKER;BOT_TAKER;VEV_5500;XIRECS;7.0;3
20500;BOT_TAKER;SUBMISSION;ASH_COATED_OSMIUM;XIRECS;10005.0;9
20600;BOT;SUBMISSION;ASH_COATED_OSMIUM;XIRECS;9998.0;10
20700;BOT_TAKER;BOT_MAKER;HYDROGEL_PACK;XIRECS;9974.0;3
20800;BOT_MAKER;BOT_TAKER;VEV_4000;XIRECS;1249.0;2
20900;BOT_MAKER;BOT_TAKER;HYDROGEL_PACK;XIRECS;9956.0;6
21000;BOT;SUBMISSION;ASH_COATED_OSMIUM;XIRECS;9999.0;4
21100;BOT_TAKER;BOT_MAKER;VELVETFRUIT_EXTRACT;XIRECS;5286.0;7
21100;BOT_TAKER;BOT_MAKER;VEV_6500;XIRECS;1.0;2
21300;BOT_TAKER;BOT_MAKER;VEV_4000;XIRECS;1272.0;3
21300;BOT_TAKER;BOT_MAKER;VEV_6500;XIRECS;1.0;2
21400;BOT_MAKER;BOT_TAKER;VELVETFRUIT_EXTRACT;XIRECS;5281.0;3
21400;BOT_TAKER;SUBMISSION;HYDROGEL_PACK;XIRECS;9972.0;5
21500;BOT_TAKER;BOT_MAKER;VEV_5500;XIRECS;9.0;2
21600;BOT_TAKER;BOT_MAKER;VELVETFRUIT_EXTRACT;XIRECS;5285.0;8
21600;BOT;SUBMISSION;ASH_COATED_OSMIUM;XIRECS;10000.0;5
21700;BOT_MAKER;BOT_TAKER;VELVETFRUIT_EXTRACT;XIRECS;5280.0;6
21800;SUBMISSION;BOT_TAKER;VEV_4000;XIRECS;1253.0;2
21900;BOT_TAKER;BOT_MAKER;HYDROGEL_PACK;XIRECS;9979.0;6
21900;BOT_MAKER;BOT_TAKER;VEV_5400;XIRECS;14.0;2
22000;BOT_MAKER;BOT_TAKER;VEV_4000;XIRECS;1252.0;2
22000;BOT_MAKER;BOT_TAKER;VEV_6000;XIRECS;0.0;4
22000;BOT_TAKER;BOT_MAKER;VEV_6000;XIRECS;1.0;3
22100;BOT_MAKER;BOT_TAKER;VELVETFRUIT_EXTRACT;XIRECS;5280.0;4
22200;BOT_TAKER;BOT_MAKER;VELVETFRUIT_EXTRACT;XIRECS;5287.0;7
22200;BOT_TAKER;BOT_MAKER;VELVETFRUIT_EXTRACT;XIRECS;5287.0;3
22200;BOT_TAKER;BOT_MAKER;VEV_5300;XIRECS;42.0;4
22300;BOT_MAKER;BOT_TAKER;ASH_COATED_OSMIUM;XIRECS;9991.0;5
22300;BOT_TAKER;BOT_MAKER;VELVETFRUIT_EXTRACT;XIRECS;5287.0;3
22300;BOT_TAKER;BOT_MAKER;VEV_6000;XIRECS;1.0;5
22500;BOT_TAKER;BOT_MAKER;HYDROGEL_PACK;XIRECS;9975.0;2
22500;BOT_MAKER;BOT_TAKER;VELVETFRUIT_EXTRACT;XIRECS;5279.0;4
22600;BOT_TAKER;BOT_MAKER;HYDROGEL_PACK;XIRECS;9977.0;2
22600;BOT_TAKER;BOT_MAKER;VELVETFRUIT_EXTRACT;XIRECS;5285.0;7
22700;BOT_MAKER;BOT_TAKER;HYDROGEL_PACK;XIRECS;9960.0;4
22700;BOT_TAKER;BOT_MAKER;VELVETFRUIT_EXTRACT;XIRECS;5285.0;5
22800;BOT_MAKER;BOT_TAKER;VEV_4000;XIRECS;1253.0;1
22900;BOT_MAKER;BOT_TAKER;ASH_COATED_OSMIUM;XIRECS;9988.0;5
22900;BOT_TAKER;SUBMISSION;INTARIAN_PEPPER_ROOT;XIRECS;13131.0;7
23000;BOT_MAKER;BOT_TAKER;VELVETFRUIT_EXTRACT;XIRECS;5277.0;3
23000;SUBMISSION;BOT;INTARIAN_PEPPER_ROOT;XIRECS;13130.0;7
23100;BOT_MAKER;BOT_TAKER;VEV_6500;XIRECS;0.0;3
23100;BOT_TAKER;BOT_MAKER;VEV_6500;XIRECS;1.0;3
23100;BOT_TAKER;SUBMISSION;HYDROGEL_PACK;XIRECS;9975.0;4
23200;BOT_TAKER;BOT_MAKER;VEV_4000;XIRECS;1271.0;3
23200;BOT_MAKER;BOT_TAKER;VEV_6000;XIRECS;0.0;5
23300;BOT_TAKER;BOT_MAKER;VEV_4000;XIRECS;1270.0;2
23500;BOT_TAKER;BOT_MAKER;VELVETFRUIT_EXTRACT;XIRECS;5282.0;3
23600;BOT_TAKER;BOT_MAKER;VELVETFRUIT_EXTRACT;XIRECS;5282.0;7
23600;BOT_TAKER;SUBMISSION;VELVETFRUIT_EXTRACT;XIRECS;5281.0;5
23600;BOT_TAKER;BOT_MAKER;VELVETFRUIT_EXTRACT;XIRECS;5282.0;3
23700;BOT_TAKER;BOT_MAKER;HYDROGEL_PACK;XIRECS;9980.0;4
23700;BOT_TAKER;BOT_MAKER;VEV_6500;XIRECS;1.0;4
23800;BOT_TAKER;BOT_MAKER;VELVETFRUIT_EXTRACT;XIRECS;5280.0;10
23800;BOT_TAKER;BOT_MAKER;VEV_5300;XIRECS;45.0;5
23800;BOT_MAKER;BOT_TAKER;VEV_6000;XIRECS;0.0;2
23900;BOT_TAKER;BOT_MAKER;VEV_4000;XIRECS;1267.0;3
24000;BOT_MAKER;BOT_TAKER;VEV_5500;XIRECS;8.0;4
24000;BOT_MAKER;BOT_TAKER;VEV_6500;XIRECS;0.0;2
24100;BOT_TAKER;BOT_MAKER;VELVETFRUIT_EXTRACT;XIRECS;5278.0;10
24300;BOT_MAKER;BOT_TAKER;VELVETFRUIT_EXTRACT;XIRECS;5273.0;4
24300;BOT_TAKER;SUBMISSION;HYDROGEL_PACK;XIRECS;9979.0;5
24400;BOT_MAKER;BOT_TAKER;HYDROGEL_PACK;XIRECS;9963.0;6
24400;BOT_TAKER;BOT_MAKER;VELVETFRUIT_EXTRACT;XIRECS;5280.0;4
24500;BOT_TAKER;BOT_MAKER;VELVETFRUIT_EXTRACT;XIRECS;5278.0;7
24500;BOT_MAKER;BOT_TAKER;VEV_4000;XIRECS;1247.0;1
24500;BOT_MAKER;BOT_TAKER;VEV_5400;XIRECS;13.0;3
24600;BOT_TAKER;BOT_MAKER;VELVETFRUIT_EXTRACT;XIRECS;5278.0;7
24600;SUBMISSION;BOT_TAKER;HYDROGEL_PACK;XIRECS;9965.0;4
24900;BOT_TAKER;BOT_MAKER;VELVETFRUIT_EXTRACT;XIRECS;5276.0;8
24900;BOT_TAKER;SUBMISSION;HYDROGEL_PACK;XIRECS;9978.0;2
25100;BOT_TAKER;BOT_MAKER;VEV_5200;XIRECS;94.0;4
25100;BOT_TAKER;BOT_MAKER;VEV_5400;XIRECS;15.0;3
25200;BOT_TAKER;BOT_MAKER;VELVETFRUIT_EXTRACT;XIRECS;5276.0;3
25200;BOT_TAKER;BOT_MAKER;VELVETFRUIT_EXTRACT;XIRECS;5276.0;3
25300;BOT_MAKER;BOT_TAKER;VELVETFRUIT_EXTRACT;XIRECS;5270.0;3
25300;BOT_MAKER;BOT_TAKER;VEV_4000;XIRECS;1247.0;2
25300;BOT_TAKER;BOT_MAKER;VEV_6000;XIRECS;1.0;5
25600;BOT_MAKER;BOT_TAKER;HYDROGEL_PACK;XIRECS;9958.0;6
25600;BOT_TAKER;BOT_MAKER;INTARIAN_PEPPER_ROOT;XIRECS;13133.0;4
25600;BOT_TAKER;BOT_MAKER;VEV_6000;XIRECS;1.0;5
25700;BOT_MAKER;BOT_TAKER;VEV_5400;XIRECS;14.0;3
25700;SUBMISSION;BOT_TAKER;VELVETFRUIT_EXTRACT;XIRECS;5271.0;3
25800;BOT_TAKER;BOT_MAKER;VEV_6500;XIRECS;1.0;3
25900;BOT_TAKER;BOT_MAKER;HYDROGEL_PACK;XIRECS;9974.0;3
25900;BOT_MAKER;BOT_TAKER;VELVETFRUIT_EXTRACT;XIRECS;5270.0;5
25900;BOT_MAKER;BOT_TAKER;VEV_4000;XIRECS;1245.0;3
26000;BOT_TAKER;BOT_MAKER;VEV_5500;XIRECS;9.0;3
26100;BOT_MAKER;BOT_TAKER;VELVETFRUIT_EXTRACT;XIRECS;5269.0;4
26200;BOT_TAKER;BOT_MAKER;HYDROGEL_PACK;XIRECS;9976.0;3
26200;BOT_TAKER;BOT_MAKER;VELVETFRUIT_EXTRACT;XIRECS;5275.0;3
26300;BOT_TAKER;BOT_MAKER;HYDROGEL_PACK;XIRECS;9977.0;4
26300;BOT_TAKER;BOT_MAKER;VELVETFRUIT_EXTRACT;XIRECS;5274.0;5
26400;BOT_MAKER;BOT_TAKER;ASH_COATED_OSMIUM;XIRECS;9992.0;3
26400;BOT_TAKER;BOT_MAKER;VELVETFRUIT_EXTRACT;XIRECS;5271.0;6
26400;BOT_TAKER;BOT_MAKER;VEV_5400;XIRECS;16.0;4
26400;BOT_TAKER;SUBMISSION;VEV_4000;XIRECS;1266.0;3
26500;BOT_TAKER;BOT_MAKER;VELVETFRUIT_EXTRACT;XIRECS;5273.0;8
26500;BOT_TAKER;BOT_MAKER;VELVETFRUIT_EXTRACT;XIRECS;5273.0;5
26700;BOT_TAKER;BOT_MAKER;HYDROGEL_PACK;XIRECS;9977.0;3
26700;BOT_MAKER;BOT_TAKER;VEV_6000;XIRECS;0.0;5
26700;BOT_TAKER;BOT_MAKER;INTARIAN_PEPPER_ROOT;XIRECS;13134.0;6
26900;BOT_TAKER;BOT_MAKER;HYDROGEL_PACK;XIRECS;9977.0;5
26900;BOT_TAKER;BOT_MAKER;INTARIAN_PEPPER_ROOT;XIRECS;13134.0;4
27000;BOT_MAKER;BOT_TAKER;HYDROGEL_PACK;XIRECS;9961.0;6
27100;BOT_MAKER;BOT_TAKER;HYDROGEL_PACK;XIRECS;9961.0;2
27100;BOT_MAKER;BOT_TAKER;VELVETFRUIT_EXTRACT;XIRECS;5267.0;6
27300;BOT_MAKER;BOT_TAKER;HYDROGEL_PACK;XIRECS;9966.0;5
27400;BOT_MAKER;BOT_TAKER;VELVETFRUIT_EXTRACT;XIRECS;5265.0;8
27400;BOT_MAKER;BOT_TAKER;VEV_6000;XIRECS;0.0;2
27400;SUBMISSION;BOT;ASH_COATED_OSMIUM;XIRECS;9997.0;8
27500;BOT_MAKER;BOT_TAKER;INTARIAN_PEPPER_ROOT;XIRECS;13120.0;3
27500;BOT_TAKER;BOT_MAKER;VELVETFRUIT_EXTRACT;XIRECS;5269.0;4
27500;SUBMISSION;BOT_TAKER;ASH_COATED_OSMIUM;XIRECS;9993.0;4
27600;BOT_TAKER;BOT_MAKER;HYDROGEL_PACK;XIRECS;9975.0;6
27600;BOT_MAKER;BOT_TAKER;VEV_4000;XIRECS;1244.0;1
27700;BOT_MAKER;BOT_TAKER;VEV_6000;XIRECS;0.0;5
27700;SUBMISSION;BOT_TAKER;HYDROGEL_PACK;XIRECS;9958.0;2
27800;BOT_TAKER;SUBMISSION;VELVETFRUIT_EXTRACT;XIRECS;5267.0;5
27800;BOT_TAKER;BOT_MAKER;VELVETFRUIT_EXTRACT;XIRECS;5268.0;1
27900;BOT_TAKER;BOT_MAKER;VELVETFRUIT_EXTRACT;XIRECS;5269.0;4
28100;BOT_MAKER;BOT_TAKER;VELVETFRUIT_EXTRACT;XIRECS;5263.0;7
28100;BOT_TAKER;BOT_MAKER;VEV_5500;XIRECS;10.0;5
28200;BOT_TAKER;BOT_MAKER;ASH_COATED_OSMIUM;XIRECS;10007.0;5
28200;BOT_MAKER;BOT_TAKER;HYDROGEL_PACK;XIRECS;9955.0;3
28200;BOT_MAKER;BOT_TAKER;VELVETFRUIT_EXTRACT;XIRECS;5264.0;8
28500;BOT_MAKER;BOT_TAKER;INTARIAN_PEPPER_ROOT;XIRECS;13121.0;6
28500;BOT_TAKER;BOT_MAKER;VELVETFRUIT_EXTRACT;XIRECS;5268.0;6
28500;BOT_MAKER;BOT_TAKER;VEV_5300;XIRECS;41.0;5
28600;BOT_MAKER;BOT_TAKER;HYDROGEL_PACK;XIRECS;9946.0;6
28700;BOT_TAKER;BOT_MAKER;HYDROGEL_PACK;XIRECS;9960.0;5
28700;BOT_TAKER;BOT_MAKER;VELVETFRUIT_EXTRACT;XIRECS;5270.0;11
28900;BOT_TAKER;BOT_MAKER;VEV_4000;XIRECS;1270.0;2
29000;BOT_TAKER;BOT_MAKER;HYDROGEL_PACK;XIRECS;9958.0;5
29000;BOT_TAKER;BOT_MAKER;VELVETFRUIT_EXTRACT;XIRECS;5267.0;7
29000;BOT_TAKER;BOT_MAKER;VEV_5300;XIRECS;42.0;4
29100;BOT_TAKER;BOT_MAKER;VELVETFRUIT_EXTRACT;XIRECS;5268.0;8
29300;BOT;SUBMISSION;ASH_COATED_OSMIUM;XIRECS;10000.0;5
29400;BOT_TAKER;BOT_MAKER;VELVETFRUIT_EXTRACT;XIRECS;5267.0;10
29400;BOT_TAKER;BOT_MAKER;VEV_5400;XIRECS;17.0;4
29400;BOT_TAKER;BOT_MAKER;VEV_6500;XIRECS;1.0;4
29500;BOT_MAKER;BOT_TAKER;HYDROGEL_PACK;XIRECS;9942.0;3
29700;BOT_MAKER;BOT_TAKER;VELVETFRUIT_EXTRACT;XIRECS;5261.0;6
29700;BOT_TAKER;BOT_MAKER;VELVETFRUIT_EXTRACT;XIRECS;5267.0;8
29800;BOT_MAKER;BOT_TAKER;HYDROGEL_PACK;XIRECS;9941.0;2
29800;BOT_MAKER;BOT_TAKER;VELVETFRUIT_EXTRACT;XIRECS;5262.0;5
29900;BOT_TAKER;BOT_MAKER;HYDROGEL_PACK;XIRECS;9956.0;3
29900;BOT_TAKER;SUBMISSION;HYDROGEL_PACK;XIRECS;9955.0;5
29900;SUBMISSION;BOT_TAKER;VELVETFRUIT_EXTRACT;XIRECS;5262.0;5
30000;BOT_TAKER;BOT_MAKER;HYDROGEL_PACK;XIRECS;9956.0;6
30000;BOT_MAKER;BOT_TAKER;VELVETFRUIT_EXTRACT;XIRECS;5260.0;3
30000;BOT_MAKER;BOT_TAKER;VEV_4000;XIRECS;1251.0;2
30100;BOT_TAKER;BOT_MAKER;VELVETFRUIT_EXTRACT;XIRECS;5266.0;7
30100;BOT_MAKER;BOT_TAKER;VEV_5400;XIRECS;16.0;4
30200;BOT_TAKER;BOT_MAKER;VELVETFRUIT_EXTRACT;XIRECS;5266.0;3
30200;BOT_MAKER;BOT_TAKER;VEV_6500;XIRECS;0.0;2
30200;BOT_TAKER;SUBMISSION;ASH_COATED_OSMIUM;XIRECS;10006.0;6
30300;BOT_TAKER;SUBMISSION;HYDROGEL_PACK;XIRECS;9947.0;3
30400;BOT_MAKER;BOT_TAKER;HYDROGEL_PACK;XIRECS;9931.0;4
30400;BOT_MAKER;BOT_TAKER;VEV_4000;XIRECS;1251.0;3
30400;BOT_MAKER;BOT_TAKER;VEV_5400;XIRECS;15.0;3
30500;BOT_TAKER;BOT_MAKER;HYDROGEL_PACK;XIRECS;9950.0;5
30500;BOT_TAKER;BOT_MAKER;VEV_5500;XIRECS;10.0;2
30800;BOT_TAKER;BOT_MAKER;VELVETFRUIT_EXTRACT;XIRECS;5267.0;7
30800;BOT_MAKER;BOT_TAKER;VEV_5400;XIRECS;16.0;5
30800;BOT_MAKER;BOT_TAKER;VEV_6000;XIRECS;0.0;3
30800;BOT_TAKER;BOT_MAKER;VEV_6500;XIRECS;1.0;5
31100;BOT_TAKER;BOT_MAKER;HYDROGEL_PACK;XIRECS;9944.0;5
31200;BOT_TAKER;BOT_MAKER;HYDROGEL_PACK;XIRECS;9943.0;2
31200;BOT_TAKER;BOT_MAKER;VELVETFRUIT_EXTRACT;XIRECS;5269.0;5
31200;BOT_MAKER;BOT_TAKER;VELVETFRUIT_EXTRACT;XIRECS;5264.0;3
31200;SUBMISSION;BOT_TAKER;ASH_COATED_OSMIUM;XIRECS;9988.0;3
31300;BOT_TAKER;BOT_MAKER;VELVETFRUIT_EXTRACT;XIRECS;5270.0;8
31300;BOT_TAKER;BOT_MAKER;VEV_4000;XIRECS;1277.0;2
31400;BOT_TAKER;BOT_MAKER;HYDROGEL_PACK;XIRECS;9946.0;6
31400;BOT_MAKER;BOT_TAKER;VEV_5400;XIRECS;15.0;2
31500;BOT_MAKER;BOT_TAKER;HYDROGEL_PACK;XIRECS;9929.0;5
31500;BOT_TAKER;BOT_MAKER;VELVETFRUIT_EXTRACT;XIRECS;5271.0;5
31500;BOT_MAKER;BOT_TAKER;VEV_4000;XIRECS;1254.0;2
31500;SUBMISSION;BOT_TAKER;VEV_4000;XIRECS;1255.0;3
31600;BOT_TAKER;BOT_MAKER;HYDROGEL_PACK;XIRECS;9944.0;6
31600;BOT_TAKER;BOT_MAKER;VELVETFRUIT_EXTRACT;XIRECS;5270.0;7
31700;BOT_TAKER;BOT_MAKER;HYDROGEL_PACK;XIRECS;9946.0;6
31700;BOT_MAKER;BOT_TAKER;VELVETFRUIT_EXTRACT;XIRECS;5264.0;8
31800;BOT_TAKER;BOT_MAKER;VEV_6500;XIRECS;1.0;4
31900;BOT_TAKER;BOT_MAKER;VELVETFRUIT_EXTRACT;XIRECS;5271.0;6
32000;BOT_TAKER;BOT_MAKER;VEV_5300;XIRECS;42.0;4
32100;BOT_MAKER;BOT_TAKER;HYDROGEL_PACK;XIRECS;9935.0;5
32200;BOT_MAKER;BOT_TAKER;HYDROGEL_PACK;XIRECS;9934.0;3
32200;BOT_TAKER;BOT_MAKER;VEV_5500;XIRECS;10.0;3
32200;BOT_TAKER;SUBMISSION;VEV_4000;XIRECS;1273.0;3
32300;BOT_MAKER;BOT_TAKER;HYDROGEL_PACK;XIRECS;9936.0;5
32300;BOT_MAKER;BOT_TAKER;VELVETFRUIT_EXTRACT;XIRECS;5264.0;8
32300;BOT_TAKER;BOT_MAKER;VELVETFRUIT_EXTRACT;XIRECS;5269.0;7
32500;BOT_TAKER;BOT_MAKER;HYDROGEL_PACK;XIRECS;9951.0;5
32500;BOT_TAKER;BOT_MAKER;VELVETFRUIT_EXTRACT;XIRECS;5267.0;3
32500;BOT_TAKER;BOT_MAKER;VEV_4000;XIRECS;1275.0;1
32500;SUBMISSION;BOT_TAKER;ASH_COATED_OSMIUM;XIRECS;9990.0;6
32600;BOT_MAKER;BOT_TAKER;VELVETFRUIT_EXTRACT;XIRECS;5263.0;4
32700;BOT_TAKER;SUBMISSION;HYDROGEL_PACK;XIRECS;9952.0;2
32800;BOT_TAKER;BOT_MAKER;HYDROGEL_PACK;XIRECS;9951.0;4
32800;BOT_TAKER;BOT_MAKER;VELVETFRUIT_EXTRACT;XIRECS;5268.0;7
32800;BOT_MAKER;BOT_TAKER;VEV_5500;XIRECS;9.0;4
32800;BOT_TAKER;BOT_MAKER;VEV_6000;XIRECS;1.0;5
32900;BOT_MAKER;BOT_TAKER;VELVETFRUIT_EXTRACT;XIRECS;5260.0;7
33100;BOT_MAKER;BOT_TAKER;HYDROGEL_PACK;XIRECS;9933.0;4
33100;BOT_MAKER;BOT_TAKER;VELVETFRUIT_EXTRACT;XIRECS;5259.0;6
33100;BOT_MAKER;BOT_TAKER;VEV_4000;XIRECS;1248.0;1
33100;BOT_TAKER;BOT_MAKER;VEV_4000;XIRECS;1269.0;1
33100;BOT;SUBMISSION;ASH_COATED_OSMIUM;XIRECS;9999.0;10
33200;BOT_MAKER;BOT_TAKER;VELVETFRUIT_EXTRACT;XIRECS;5261.0;8
33300;BOT_TAKER;BOT_MAKER;HYDROGEL_PACK;XIRECS;9953.0;6
33300;SUBMISSION;BOT_TAKER;HYDROGEL_PACK;XIRECS;9938.0;5
33400;BOT_MAKER;BOT_TAKER;VEV_6000;XIRECS;0.0;3
33500;BOT_MAKER;BOT_TAKER;VELVETFRUIT_EXTRACT;XIRECS;5261.0;12
33500;BOT_MAKER;BOT_TAKER;VEV_6000;XIRECS;0.0;5
33600;BOT_MAKER;BOT_TAKER;VELVETFRUIT_EXTRACT;XIRECS;5260.0;5
33600;BOT_MAKER;BOT_TAKER;VEV_4000;XIRECS;1244.0;1
33700;BOT_TAKER;BOT_MAKER;VEV_5300;XIRECS;41.0;2
33800;SUBMISSION;BOT_TAKER;ASH_COATED_OSMIUM;XIRECS;9990.0;3
33800;BOT_TAKER;SUBMISSION;HYDROGEL_PACK;XIRECS;9949.0;5
33800;BOT_TAKER;BOT_MAKER;HYDROGEL_PACK;XIRECS;9950.0;1
33800;BOT_TAKER;SUBMISSION;VELVETFRUIT_EXTRACT;XIRECS;5265.0;5
33800;BOT_TAKER;BOT_MAKER;VELVETFRUIT_EXTRACT;XIRECS;5266.0;1
33900;BOT_TAKER;SUBMISSION;VELVETFRUIT_EXTRACT;XIRECS;5262.0;5
33900;BOT_TAKER;BOT_MAKER;VELVETFRUIT_EXTRACT;XIRECS;5263.0;1
34000;BOT_MAKER;BOT_TAKER;HYDROGEL_PACK;XIRECS;9933.0;4
34000;BOT_TAKER;BOT_MAKER;VELVETFRUIT_EXTRACT;XIRECS;5263.0;6
34000;SUBMISSION;BOT_TAKER;VELVETFRUIT_EXTRACT;XIRECS;5258.0;5
34000;BOT_MAKER;BOT_TAKER;VELVETFRUIT_EXTRACT;XIRECS;5257.0;1
34100;BOT_MAKER;BOT_TAKER;INTARIAN_PEPPER_ROOT;XIRECS;13127.0;6
34100;SUBMISSION;BOT_TAKER;HYDROGEL_PACK;XIRECS;9935.0;3
34300;BOT_MAKER;BOT_TAKER;HYDROGEL_PACK;XIRECS;9933.0;6
34400;BOT_TAKER;BOT_MAKER;HYDROGEL_PACK;XIRECS;9951.0;6
34400;BOT_MAKER;BOT_TAKER;VELVETFRUIT_EXTRACT;XIRECS;5258.0;4
34400;BOT_TAKER;BOT_MAKER;VEV_4000;XIRECS;1265.0;3
34400;SUBMISSION;BOT;ASH_COATED_OSMIUM;XIRECS;9994.0;9
34500;BOT_TAKER;BOT_MAKER;HYDROGEL_PACK;XIRECS;9951.0;4
34500;BOT_MAKER;BOT_TAKER;VELVETFRUIT_EXTRACT;XIRECS;5257.0;8
34500;BOT_MAKER;BOT_TAKER;VEV_5400;XIRECS;18.0;3
34600;BOT_MAKER;BOT_TAKER;VELVETFRUIT_EXTRACT;XIRECS;5258.0;6
34700;BOT_MAKER;BOT_TAKER;VEV_6000;XIRECS;0.0;5
34700;BOT_TAKER;BOT_MAKER;VEV_6500;XIRECS;1.0;5
34900;BOT_TAKER;BOT_MAKER;VELVETFRUIT_EXTRACT;XIRECS;5262.0;8
35000;BOT_TAKER;BOT_MAKER;INTARIAN_PEPPER_ROOT;XIRECS;13142.0;4
35000;BOT_MAKER;BOT_TAKER;VEV_4000;XIRECS;1244.0;1
35100;BOT_MAKER;BOT_TAKER;HYDROGEL_PACK;XIRECS;9932.0;6
35100;BOT_MAKER;BOT_TAKER;VELVETFRUIT_EXTRACT;XIRECS;5256.0;5
35100;BOT_TAKER;BOT_MAKER;VEV_6000;XIRECS;1.0;3
35300;BOT_TAKER;BOT_MAKER;HYDROGEL_PACK;XIRECS;9947.0;4
35400;BOT_TAKER;BOT_MAKER;VELVETFRUIT_EXTRACT;XIRECS;5261.0;4
35500;BOT_MAKER;BOT_TAKER;VELVETFRUIT_EXTRACT;XIRECS;5254.0;8
35600;BOT_TAKER;BOT_MAKER;VELVETFRUIT_EXTRACT;XIRECS;5259.0;6
35600;BOT_TAKER;BOT_MAKER;VEV_4000;XIRECS;1265.0;1
35700;BOT_MAKER;BOT_TAKER;VEV_4000;XIRECS;1246.0;3
35700;BOT;SUBMISSION;ASH_COATED_OSMIUM;XIRECS;9997.0;7
36000;BOT_MAKER;BOT_TAKER;VELVETFRUIT_EXTRACT;XIRECS;5255.0;7
36000;BOT_MAKER;BOT_TAKER;VEV_6500;XIRECS;0.0;2
36200;BOT_TAKER;BOT_MAKER;VEV_4000;XIRECS;1269.0;3
36300;BOT_MAKER;BOT_TAKER;HYDROGEL_PACK;XIRECS;9936.0;4
36300;SUBMISSION;BOT_TAKER;VELVETFRUIT_EXTRACT;XIRECS;5257.0;3
36400;BOT_TAKER;BOT_MAKER;HYDROGEL_PACK;XIRECS;9951.0;6
36400;BOT_TAKER;BOT_MAKER;INTARIAN_PEPPER_ROOT;XIRECS;13143.0;3
36400;BOT_MAKER;BOT_TAKER;VELVETFRUIT_EXTRACT;XIRECS;5257.0;4
36400;BOT_MAKER;BOT_TAKER;VEV_6500;XIRECS;0.0;5
36400;SUBMISSION;BOT_TAKER;HYDROGEL_PACK;XIRECS;9936.0;4
36500;BOT_MAKER;BOT_TAKER;HYDROGEL_PACK;XIRECS;9934.0;6
36500;BOT_TAKER;BOT_MAKER;VEV_6500;XIRECS;1.0;3
36600;BOT_MAKER;BOT_TAKER;HYDROGEL_PACK;XIRECS;9933.0;3
36600;BOT_MAKER;BOT_TAKER;VELVETFRUIT_EXTRACT;XIRECS;5255.0;7
36600;BOT_MAKER;BOT_TAKER;VEV_4000;XIRECS;1248.0;2
36600;BOT_TAKER;SUBMISSION;HYDROGEL_PACK;XIRECS;9948.0;5
36700;BOT_MAKER;BOT_TAKER;HYDROGEL_PACK;XIRECS;9931.0;5
36700;BOT_TAKER;BOT_MAKER;VEV_6500;XIRECS;1.0;5
36900;BOT_MAKER;BOT_TAKER;HYDROGEL_PACK;XIRECS;9932.0;5
36900;BOT_MAKER;BOT_TAKER;VELVETFRUIT_EXTRACT;XIRECS;5258.0;3
37000;BOT_TAKER;BOT_MAKER;VELVETFRUIT_EXTRACT;XIRECS;5264.0;7
37100;BOT_MAKER;BOT_TAKER;VELVETFRUIT_EXTRACT;XIRECS;5257.0;3
37100;BOT_MAKER;BOT_TAKER;VEV_4000;XIRECS;1251.0;3
37200;BOT_TAKER;BOT_MAKER;VELVETFRUIT_EXTRACT;XIRECS;5265.0;5
37300;BOT_TAKER;BOT_MAKER;VEV_5400;XIRECS;18.0;5
37400;BOT_TAKER;BOT_MAKER;VELVETFRUIT_EXTRACT;XIRECS;5266.0;3
37500;BOT_MAKER;BOT_TAKER;HYDROGEL_PACK;XIRECS;9937.0;5
37500;BOT_MAKER;BOT_TAKER;VEV_5300;XIRECS;39.0;3
37500;BOT_MAKER;BOT_TAKER;VEV_5400;XIRECS;17.0;2
37600;BOT_TAKER;BOT_MAKER;HYDROGEL_PACK;XIRECS;9954.0;2
37600;BOT_TAKER;BOT_MAKER;VELVETFRUIT_EXTRACT;XIRECS;5268.0;8
37600;BOT_TAKER;BOT_MAKER;VEV_4000;XIRECS;1272.0;1
37700;BOT_MAKER;BOT_TAKER;VELVETFRUIT_EXTRACT;XIRECS;5263.0;6
37700;BOT_MAKER;BOT_TAKER;VEV_4000;XIRECS;1251.0;2
37700;BOT_MAKER;BOT_TAKER;VEV_5500;XIRECS;10.0;4
37800;BOT_MAKER;BOT_TAKER;VEV_4000;XIRECS;1252.0;1
37900;BOT_TAKER;BOT_MAKER;VELVETFRUIT_EXTRACT;XIRECS;5267.0;6
38000;BOT_TAKER;BOT_MAKER;HYDROGEL_PACK;XIRECS;9953.0;6
38000;BOT_TAKER;BOT_MAKER;VELVETFRUIT_EXTRACT;XIRECS;5266.0;7
38100;BOT_TAKER;BOT_MAKER;VELVETFRUIT_EXTRACT;XIRECS;5265.0;3
38100;SUBMISSION;BOT;ASH_COATED_OSMIUM;XIRECS;9994.0;10
38200;BOT_MAKER;BOT_TAKER;VELVETFRUIT_EXTRACT;XIRECS;5260.0;4
38200;BOT_MAKER;BOT_TAKER;VEV_5300;XIRECS;40.0;5
38300;BOT_TAKER;BOT_MAKER;VELVETFRUIT_EXTRACT;XIRECS;5264.0;6
38300;BOT_MAKER;BOT_TAKER;VEV_4000;XIRECS;1255.0;3
38300;BOT_MAKER;BOT_TAKER;VEV_6500;XIRECS;0.0;5
38400;BOT_TAKER;BOT_MAKER;VELVETFRUIT_EXTRACT;XIRECS;5266.0;8
38500;BOT_TAKER;BOT_MAKER;VEV_5500;XIRECS;11.0;3
38500;BOT_MAKER;BOT_TAKER;VEV_6500;XIRECS;0.0;3
38600;BOT_TAKER;BOT_MAKER;HYDROGEL_PACK;XIRECS;9957.0;4
38600;BOT_TAKER;BOT_MAKER;VELVETFRUIT_EXTRACT;XIRECS;5269.0;8
38700;BOT_TAKER;SUBMISSION;VELVETFRUIT_EXTRACT;XIRECS;5270.0;5
38800;SUBMISSION;BOT_TAKER;VELVETFRUIT_EXTRACT;XIRECS;5265.0;5
38800;BOT_MAKER;BOT_TAKER;VELVETFRUIT_EXTRACT;XIRECS;5264.0;3
38800;BOT_TAKER;SUBMISSION;VEV_4000;XIRECS;1279.0;2
38900;BOT_MAKER;BOT_TAKER;HYDROGEL_PACK;XIRECS;9945.0;3
39100;BOT_TAKER;BOT_MAKER;VELVETFRUIT_EXTRACT;XIRECS;5271.0;7
39200;BOT_TAKER;BOT_MAKER;HYDROGEL_PACK;XIRECS;9960.0;3
39300;BOT_TAKER;BOT_MAKER;HYDROGEL_PACK;XIRECS;9959.0;4
39500;BOT_MAKER;BOT_TAKER;HYDROGEL_PACK;XIRECS;9942.0;4
39500;BOT_MAKER;BOT_TAKER;VEV_5500;XIRECS;10.0;4
39600;BOT_MAKER;BOT_TAKER;HYDROGEL_PACK;XIRECS;9944.0;5
39600;BOT_MAKER;BOT_TAKER;VELVETFRUIT_EXTRACT;XIRECS;5267.0;4
39600;BOT_MAKER;BOT_TAKER;VEV_5400;XIRECS;16.0;4
39700;BOT_TAKER;BOT_MAKER;VEV_4000;XIRECS;1282.0;3
39700;BOT_MAKER;BOT_TAKER;VEV_6000;XIRECS;0.0;5
39800;BOT_TAKER;BOT_MAKER;INTARIAN_PEPPER_ROOT;XIRECS;13147.0;7
39800;BOT_TAKER;BOT_MAKER;VEV_4000;XIRECS;1280.0;2
39800;BOT_TAKER;BOT_MAKER;VEV_5500;XIRECS;11.0;4
39900;BOT_MAKER;BOT_TAKER;VELVETFRUIT_EXTRACT;XIRECS;5269.0;3
39900;BOT_TAKER;BOT_MAKER;VEV_5400;XIRECS;18.0;3
39900;BOT_TAKER;BOT_MAKER;VEV_6000;XIRECS;1.0;4
39900;BOT_MAKER;BOT_TAKER;VEV_6500;XIRECS;0.0;4
40000;BOT_MAKER;BOT_TAKER;VELVETFRUIT_EXTRACT;XIRECS;5271.0;13
40000;SUBMISSION;BOT_TAKER;HYDROGEL_PACK;XIRECS;9953.0;4
40100;BOT_TAKER;BOT_MAKER;HYDROGEL_PACK;XIRECS;9970.0;6
40100;BOT_MAKER;BOT_TAKER;VELVETFRUIT_EXTRACT;XIRECS;5270.0;7
40200;BOT_MAKER;BOT_TAKER;INTARIAN_PEPPER_ROOT;XIRECS;13133.0;5
40200;BOT;SUBMISSION;ASH_COATED_OSMIUM;XIRECS;9998.0;9
40300;BOT_TAKER;BOT_MAKER;HYDROGEL_PACK;XIRECS;9971.0;6
40300;BOT_MAKER;BOT_TAKER;VELVETFRUIT_EXTRACT;XIRECS;5270.0;5
40400;BOT_TAKER;SUBMISSION;VELVETFRUIT_EXTRACT;XIRECS;5275.0;5
40400;BOT_TAKER;BOT_MAKER;VELVETFRUIT_EXTRACT;XIRECS;5276.0;2
40500;BOT_MAKER;BOT_TAKER;VELVETFRUIT_EXTRACT;XIRECS;5269.0;9
40700;BOT_MAKER;BOT_TAKER;VELVETFRUIT_EXTRACT;XIRECS;5268.0;3
40800;BOT_MAKER;BOT_TAKER;VELVETFRUIT_EXTRACT;XIRECS;5268.0;7
40900;BOT_MAKER;BOT_TAKER;HYDROGEL_PACK;XIRECS;9957.0;6
40900;BOT_MAKER;BOT_TAKER;HYDROGEL_PACK;XIRECS;9957.0;5
40900;BOT_TAKER;BOT_MAKER;VELVETFRUIT_EXTRACT;XIRECS;5274.0;8
41000;BOT_TAKER;BOT_MAKER;HYDROGEL_PACK;XIRECS;9974.0;4
41000;BOT_TAKER;BOT_MAKER;HYDROGEL_PACK;XIRECS;9974.0;5
41000;BOT_MAKER;BOT_TAKER;VELVETFRUIT_EXTRACT;XIRECS;5268.0;4
41000;BOT_MAKER;BOT_TAKER;VEV_4000;XIRECS;1257.0;1
41000;SUBMISSION;BOT_TAKER;VELVETFRUIT_EXTRACT;XIRECS;5269.0;5
41000;BOT_MAKER;BOT_TAKER;VELVETFRUIT_EXTRACT;XIRECS;5268.0;1
41200;BOT_TAKER;BOT_MAKER;HYDROGEL_PACK;XIRECS;9974.0;6
41200;BOT_MAKER;BOT_TAKER;VELVETFRUIT_EXTRACT;XIRECS;5267.0;4
41200;SUBMISSION;BOT_TAKER;VELVETFRUIT_EXTRACT;XIRECS;5268.0;5
41200;BOT_MAKER;BOT_TAKER;VELVETFRUIT_EXTRACT;XIRECS;5267.0;4
41300;BOT_MAKER;BOT_TAKER;HYDROGEL_PACK;XIRECS;9965.0;2
41300;BOT_TAKER;BOT_MAKER;VEV_6000;XIRECS;1.0;3
41400;BOT_TAKER;BOT_MAKER;VELVETFRUIT_EXTRACT;XIRECS;5271.0;8
41500;BOT_MAKER;BOT_TAKER;HYDROGEL_PACK;XIRECS;9965.0;5
41500;BOT_MAKER;BOT_TAKER;VEV_4000;XIRECS;1256.0;2
41700;BOT_TAKER;BOT_MAKER;VEV_4000;XIRECS;1274.0;3
41800;BOT_MAKER;BOT_TAKER;VELVETFRUIT_EXTRACT;XIRECS;5264.0;8
41800;BOT_TAKER;BOT_MAKER;VEV_4000;XIRECS;1271.0;3
41900;BOT_MAKER;BOT_TAKER;VELVETFRUIT_EXTRACT;XIRECS;5264.0;6
42000;BOT_TAKER;BOT_MAKER;VELVETFRUIT_EXTRACT;XIRECS;5270.0;8
42100;BOT_TAKER;BOT_MAKER;VELVETFRUIT_EXTRACT;XIRECS;5269.0;13
42100;BOT_TAKER;SUBMISSION;VELVETFRUIT_EXTRACT;XIRECS;5268.0;5
42100;BOT_TAKER;BOT_MAKER;VELVETFRUIT_EXTRACT;XIRECS;5269.0;1
42200;BOT_MAKER;BOT_TAKER;HYDROGEL_PACK;XIRECS;9963.0;3
42200;BOT_MAKER;BOT_TAKER;VEV_4000;XIRECS;1247.0;1
42200;SUBMISSION;BOT;ASH_COATED_OSMIUM;XIRECS;9997.0;10
42200;SUBMISSION;BOT_TAKER;VELVETFRUIT_EXTRACT;XIRECS;5265.0;5
42200;BOT_MAKER;BOT_TAKER;VELVETFRUIT_EXTRACT;XIRECS;5264.0;2
42300;BOT_MAKER;BOT_TAKER;VEV_5500;XIRECS;10.0;4
42400;BOT_MAKER;BOT_TAKER;HYDROGEL_PACK;XIRECS;9964.0;3
42400;BOT_TAKER;BOT_MAKER;VELVETFRUIT_EXTRACT;XIRECS;5270.0;3
42600;BOT_TAKER;SUBMISSION;VELVETFRUIT_EXTRACT;XIRECS;5269.0;3
42600;BOT_TAKER;SUBMISSION;VEV_4000;XIRECS;1269.0;2
42700;BOT_TAKER;BOT_MAKER;VEV_4000;XIRECS;1272.0;3
42700;BOT_TAKER;SUBMISSION;HYDROGEL_PACK;XIRECS;9974.0;3
42800;SUBMISSION;BOT_TAKER;VELVETFRUIT_EXTRACT;XIRECS;5264.0;5
42800;BOT_MAKER;BOT_TAKER;VELVETFRUIT_EXTRACT;XIRECS;5263.0;4
42900;BOT_TAKER;BOT_MAKER;VELVETFRUIT_EXTRACT;XIRECS;5265.0;6
42900;BOT_TAKER;BOT_MAKER;VEV_6000;XIRECS;1.0;2
43000;BOT_MAKER;BOT_TAKER;VELVETFRUIT_EXTRACT;XIRECS;5262.0;10
43100;BOT_MAKER;BOT_TAKER;HYDROGEL_PACK;XIRECS;9949.0;4
43300;BOT_TAKER;BOT_MAKER;HYDROGEL_PACK;XIRECS;9966.0;4
43300;BOT_TAKER;BOT_MAKER;VEV_5400;XIRECS;19.0;4
43300;BOT_MAKER;BOT_TAKER;VEV_6500;XIRECS;0.0;3
43400;BOT_MAKER;BOT_TAKER;VEV_5400;XIRECS;17.0;4
43500;BOT_MAKER;BOT_TAKER;HYDROGEL_PACK;XIRECS;9953.0;2
43500;BOT_TAKER;SUBMISSION;VELVETFRUIT_EXTRACT;XIRECS;5267.0;3
43600;BOT_TAKER;BOT_MAKER;VEV_6500;XIRECS;1.0;5
43700;BOT_MAKER;BOT_TAKER;HYDROGEL_PACK;XIRECS;9955.0;6
43800;BOT_MAKER;BOT_TAKER;VELVETFRUIT_EXTRACT;XIRECS;5264.0;4
43800;BOT_MAKER;BOT_TAKER;VEV_4000;XIRECS;1250.0;3
43800;SUBMISSION;BOT;ASH_COATED_OSMIUM;XIRECS;9998.0;6
43900;BOT_TAKER;BOT_MAKER;VELVETFRUIT_EXTRACT;XIRECS;5269.0;4
44000;BOT_TAKER;BOT_MAKER;VELVETFRUIT_EXTRACT;XIRECS;5267.0;6
44100;BOT_TAKER;BOT_MAKER;HYDROGEL_PACK;XIRECS;9973.0;4
44300;BOT_TAKER;BOT_MAKER;VEV_5500;XIRECS;11.0;5
44400;BOT_MAKER;BOT_TAKER;HYDROGEL_PACK;XIRECS;9954.0;6
44400;BOT_TAKER;BOT_MAKER;VEV_4000;XIRECS;1269.0;2
44400;BOT_TAKER;BOT_MAKER;VEV_4000;XIRECS;1269.0;1
44500;BOT_TAKER;BOT_MAKER;HYDROGEL_PACK;XIRECS;9969.0;4
44500;BOT_TAKER;BOT_MAKER;VELVETFRUIT_EXTRACT;XIRECS;5265.0;4
44500;BOT_TAKER;SUBMISSION;VELVETFRUIT_EXTRACT;XIRECS;5264.0;4
44600;BOT_MAKER;BOT_TAKER;VEV_5500;XIRECS;10.0;3
44600;SUBMISSION;BOT_TAKER;VELVETFRUIT_EXTRACT;XIRECS;5262.0;3
44700;BOT_MAKER;BOT_TAKER;VELVETFRUIT_EXTRACT;XIRECS;5259.0;3
44700;BOT_TAKER;BOT_MAKER;VEV_4000;XIRECS;1270.0;2
44800;BOT_TAKER;BOT_MAKER;VELVETFRUIT_EXTRACT;XIRECS;5261.0;8
44800;BOT_MAKER;BOT_TAKER;VEV_5400;XIRECS;17.0;4
44800;SUBMISSION;BOT_TAKER;VELVETFRUIT_EXTRACT;XIRECS;5257.0;5
44800;BOT_MAKER;BOT_TAKER;VELVETFRUIT_EXTRACT;XIRECS;5256.0;1
44900;SUBMISSION;BOT_TAKER;VELVETFRUIT_EXTRACT;XIRECS;5258.0;4
45000;BOT_MAKER;BOT_TAKER;HYDROGEL_PACK;XIRECS;9947.0;4
45100;BOT_TAKER;BOT_MAKER;HYDROGEL_PACK;XIRECS;9963.0;4
45200;BOT_TAKER;BOT_MAKER;VELVETFRUIT_EXTRACT;XIRECS;5262.0;6
45300;BOT_MAKER;BOT_TAKER;VELVETFRUIT_EXTRACT;XIRECS;5257.0;7
45500;BOT_TAKER;BOT_MAKER;HYDROGEL_PACK;XIRECS;9955.0;4
45700;BOT_TAKER;BOT_MAKER;VEV_6000;XIRECS;1.0;2
45800;BOT_MAKER;BOT_TAKER;HYDROGEL_PACK;XIRECS;9936.0;5
45900;BOT_TAKER;BOT_MAKER;VEV_5500;XIRECS;10.0;3
46000;SUBMISSION;BOT_TAKER;VELVETFRUIT_EXTRACT;XIRECS;5259.0;5
46000;BOT_MAKER;BOT_TAKER;VELVETFRUIT_EXTRACT;XIRECS;5258.0;3
46100;BOT_TAKER;BOT_MAKER;ASH_COATED_OSMIUM;XIRECS;10008.0;3
46200;BOT_MAKER;BOT_TAKER;INTARIAN_PEPPER_ROOT;XIRECS;13139.0;6
46300;BOT_TAKER;BOT_MAKER;HYDROGEL_PACK;XIRECS;9953.0;2
46400;BOT_MAKER;BOT_TAKER;VELVETFRUIT_EXTRACT;XIRECS;5259.0;4
46500;BOT_TAKER;BOT_MAKER;VELVETFRUIT_EXTRACT;XIRECS;5263.0;8
46500;BOT_MAKER;BOT_TAKER;VEV_4000;XIRECS;1247.0;1
46600;SUBMISSION;BOT_TAKER;HYDROGEL_PACK;XIRECS;9939.0;3
46700;BOT_MAKER;BOT_TAKER;HYDROGEL_PACK;XIRECS;9936.0;6
46700;BOT_MAKER;BOT_TAKER;VELVETFRUIT_EXTRACT;XIRECS;5259.0;5
46700;SUBMISSION;BOT_TAKER;VELVETFRUIT_EXTRACT;XIRECS;5260.0;5
46700;BOT_MAKER;BOT_TAKER;VELVETFRUIT_EXTRACT;XIRECS;5259.0;3
46800;BOT_TAKER;BOT_MAKER;VEV_5400;XIRECS;20.0;3
46800;BOT_MAKER;BOT_TAKER;VEV_6500;XIRECS;0.0;5
46900;BOT_MAKER;BOT_TAKER;HYDROGEL_PACK;XIRECS;9936.0;5
47000;BOT_TAKER;SUBMISSION;HYDROGEL_PACK;XIRECS;9952.0;5
47000;BOT_TAKER;BOT_MAKER;HYDROGEL_PACK;XIRECS;9953.0;1
47100;BOT_TAKER;BOT_MAKER;HYDROGEL_PACK;XIRECS;9951.0;6
47100;BOT_MAKER;BOT_TAKER;VELVETFRUIT_EXTRACT;XIRECS;5258.0;10
47100;BOT_MAKER;BOT_TAKER;VEV_4000;XIRECS;1244.0;3
47100;BOT_TAKER;BOT_MAKER;VEV_6500;XIRECS;1.0;5
47300;BOT_TAKER;BOT_MAKER;VELVETFRUIT_EXTRACT;XIRECS;5264.0;8
47300;BOT_MAKER;BOT_TAKER;VEV_4000;XIRECS;1245.0;2
47400;BOT_MAKER;BOT_TAKER;VELVETFRUIT_EXTRACT;XIRECS;5258.0;10
47500;BOT_MAKER;BOT_TAKER;VELVETFRUIT_EXTRACT;XIRECS;5260.0;6
47500;BOT_TAKER;BOT_MAKER;VEV_4000;XIRECS;1268.0;2
47600;BOT_MAKER;BOT_TAKER;HYDROGEL_PACK;XIRECS;9929.0;4
47600;BOT_TAKER;BOT_MAKER;VEV_6500;XIRECS;1.0;2
47700;BOT_TAKER;BOT_MAKER;HYDROGEL_PACK;XIRECS;9944.0;2
47900;BOT_MAKER;BOT_TAKER;HYDROGEL_PACK;XIRECS;9921.0;6
47900;BOT_MAKER;BOT_TAKER;VELVETFRUIT_EXTRACT;XIRECS;5257.0;4
47900;BOT_TAKER;BOT_MAKER;VEV_5500;XIRECS;10.0;2
47900;BOT_TAKER;SUBMISSION;VELVETFRUIT_EXTRACT;XIRECS;5262.0;5
48000;BOT_TAKER;BOT_MAKER;VEV_5400;XIRECS;19.0;4
48100;BOT_TAKER;BOT_MAKER;VELVETFRUIT_EXTRACT;XIRECS;5262.0;5
48200;BOT_TAKER;BOT_MAKER;VELVETFRUIT_EXTRACT;XIRECS;5261.0;3
48300;BOT_MAKER;BOT_TAKER;VELVETFRUIT_EXTRACT;XIRECS;5255.0;10
48300;BOT_MAKER;BOT_TAKER;VEV_4000;XIRECS;1244.0;3
48300;BOT_MAKER;BOT_TAKER;VEV_6500;XIRECS;0.0;5
48400;BOT_TAKER;BOT_MAKER;HYDROGEL_PACK;XIRECS;9937.0;3
48400;BOT_TAKER;BOT_MAKER;INTARIAN_PEPPER_ROOT;XIRECS;13155.0;5
48400;BOT_MAKER;BOT_TAKER;VEV_6000;XIRECS;0.0;3
48500;BOT_MAKER;BOT_TAKER;VELVETFRUIT_EXTRACT;XIRECS;5254.0;7
48600;BOT_MAKER;BOT_TAKER;INTARIAN_PEPPER_ROOT;XIRECS;13142.0;5
48700;BOT_MAKER;BOT_TAKER;VEV_5500;XIRECS;9.0;4
48800;BOT_TAKER;BOT_MAKER;VELVETFRUIT_EXTRACT;XIRECS;5260.0;6
48800;SUBMISSION;BOT_TAKER;HYDROGEL_PACK;XIRECS;9920.0;4
48900;BOT_TAKER;BOT_MAKER;VELVETFRUIT_EXTRACT;XIRECS;5259.0;3
49000;BOT_MAKER;BOT_TAKER;VELVETFRUIT_EXTRACT;XIRECS;5253.0;8
49000;BOT_MAKER;BOT_TAKER;VEV_5500;XIRECS;9.0;5
49100;BOT_TAKER;BOT_MAKER;HYDROGEL_PACK;XIRECS;9937.0;3
49100;BOT;SUBMISSION;ASH_COATED_OSMIUM;XIRECS;10001.0;8
49200;BOT_MAKER;BOT_TAKER;ASH_COATED_OSMIUM;XIRECS;9990.0;3
49200;BOT_TAKER;BOT_MAKER;HYDROGEL_PACK;XIRECS;9939.0;6
49400;SUBMISSION;BOT_TAKER;VELVETFRUIT_EXTRACT;XIRECS;5252.0;3
49500;BOT_MAKER;BOT_TAKER;VELVETFRUIT_EXTRACT;XIRECS;5252.0;7
49700;BOT_MAKER;BOT_TAKER;HYDROGEL_PACK;XIRECS;9926.0;4
49800;BOT_MAKER;BOT_TAKER;VELVETFRUIT_EXTRACT;XIRECS;5251.0;8
49800;BOT_MAKER;BOT_TAKER;VEV_4000;XIRECS;1242.0;1
49800;BOT_TAKER;BOT_MAKER;VEV_6500;XIRECS;1.0;4
49800;BOT_TAKER;SUBMISSION;ASH_COATED_OSMIUM;XIRECS;10009.0;10
49900;BOT_MAKER;BOT_TAKER;HYDROGEL_PACK;XIRECS;9922.0;3
49900;BOT_MAKER;BOT_TAKER;VEV_6500;XIRECS;0.0;2
49900;BOT_TAKER;SUBMISSION;VELVETFRUIT_EXTRACT;XIRECS;5257.0;5
49900;BOT_TAKER;BOT_MAKER;VELVETFRUIT_EXTRACT;XIRECS;5258.0;2
50000;BOT_TAKER;BOT_MAKER;VELVETFRUIT_EXTRACT;XIRECS;5258.0;6
50000;BOT_TAKER;BOT_MAKER;VEV_5400;XIRECS;18.0;4
50000;BOT_TAKER;BOT_MAKER;VEV_6500;XIRECS;1.0;5
50000;BOT_TAKER;SUBMISSION;VELVETFRUIT_EXTRACT;XIRECS;5257.0;5
50000;BOT_TAKER;BOT_MAKER;VELVETFRUIT_EXTRACT;XIRECS;5258.0;2
50100;BOT_MAKER;BOT_TAKER;VELVETFRUIT_EXTRACT;XIRECS;5255.0;7
50200;BOT_TAKER;BOT_MAKER;HYDROGEL_PACK;XIRECS;9942.0;4
50200;BOT_MAKER;BOT_TAKER;VELVETFRUIT_EXTRACT;XIRECS;5256.0;14
50200;BOT_TAKER;BOT_MAKER;VELVETFRUIT_EXTRACT;XIRECS;5261.0;5
50300;BOT_TAKER;BOT_MAKER;VELVETFRUIT_EXTRACT;XIRECS;5260.0;7
50300;BOT_MAKER;BOT_TAKER;VEV_5500;XIRECS;9.0;5
50300;BOT_TAKER;BOT_MAKER;VEV_6000;XIRECS;1.0;5
50400;BOT_TAKER;BOT_MAKER;HYDROGEL_PACK;XIRECS;9938.0;2
50400;BOT_MAKER;BOT_TAKER;VELVETFRUIT_EXTRACT;XIRECS;5254.0;8
50400;BOT_TAKER;BOT_MAKER;VEV_5500;XIRECS;10.0;4
50400;BOT_TAKER;BOT_MAKER;VEV_6000;XIRECS;1.0;4
50500;BOT_TAKER;SUBMISSION;VELVETFRUIT_EXTRACT;XIRECS;5259.0;5
50600;BOT_TAKER;BOT_MAKER;HYDROGEL_PACK;XIRECS;9942.0;5
50600;BOT_MAKER;BOT_TAKER;VELVETFRUIT_EXTRACT;XIRECS;5256.0;6
50600;BOT_TAKER;SUBMISSION;ASH_COATED_OSMIUM;XIRECS;10009.0;6
50700;BOT_MAKER;BOT_TAKER;VEV_5300;XIRECS;33.0;2
50700;BOT_TAKER;BOT_MAKER;VEV_5500;XIRECS;10.0;5
50800;BOT_TAKER;SUBMISSION;HYDROGEL_PACK;XIRECS;9941.0;5
51000;BOT_MAKER;BOT_TAKER;VELVETFRUIT_EXTRACT;XIRECS;5257.0;8
51000;BOT_TAKER;SUBMISSION;HYDROGEL_PACK;XIRECS;9940.0;3
51100;BOT_TAKER;SUBMISSION;VEV_4000;XIRECS;1260.0;3
51200;BOT_MAKER;BOT_TAKER;HYDROGEL_PACK;XIRECS;9926.0;6
51200;SUBMISSION;BOT_TAKER;VELVETFRUIT_EXTRACT;XIRECS;5255.0;4
51300;BOT_TAKER;BOT_MAKER;HYDROGEL_PACK;XIRECS;9942.0;3
51300;BOT_MAKER;BOT_TAKER;VELVETFRUIT_EXTRACT;XIRECS;5254.0;6
51400;BOT_TAKER;BOT_MAKER;VELVETFRUIT_EXTRACT;XIRECS;5260.0;7
51400;BOT_MAKER;BOT_TAKER;VELVETFRUIT_EXTRACT;XIRECS;5255.0;6
51400;BOT_MAKER;BOT_TAKER;VEV_6000;XIRECS;0.0;4
51500;BOT_MAKER;BOT_TAKER;HYDROGEL_PACK;XIRECS;9927.0;6
51500;BOT_MAKER;BOT_TAKER;VELVETFRUIT_EXTRACT;XIRECS;5256.0;10
51500;BOT_TAKER;BOT_MAKER;VELVETFRUIT_EXTRACT;XIRECS;5262.0;8
51500;BOT_TAKER;SUBMISSION;HYDROGEL_PACK;XIRECS;9942.0;5
51500;BOT_TAKER;BOT_MAKER;HYDROGEL_PACK;XIRECS;9943.0;1
51600;BOT_MAKER;BOT_TAKER;HYDROGEL_PACK;XIRECS;9927.0;6
51700;BOT_TAKER;BOT_MAKER;HYDROGEL_PACK;XIRECS;9943.0;4
51700;SUBMISSION;BOT_TAKER;ASH_COATED_OSMIUM;XIRECS;9993.0;3
51700;BOT_TAKER;SUBMISSION;VELVETFRUIT_EXTRACT;XIRECS;5261.0;5
51700;BOT_TAKER;BOT_MAKER;VELVETFRUIT_EXTRACT;XIRECS;5262.0;1
51800;BOT_TAKER;BOT_MAKER;VELVETFRUIT_EXTRACT;XIRECS;5264.0;5
51900;BOT_TAKER;BOT_MAKER;VELVETFRUIT_EXTRACT;XIRECS;5263.0;8
51900;BOT_TAKER;BOT_MAKER;VEV_5400;XIRECS;20.0;3
51900;BOT_TAKER;BOT_MAKER;VEV_6000;XIRECS;1.0;3
52000;BOT_MAKER;BOT_TAKER;VELVETFRUIT_EXTRACT;XIRECS;5256.0;5
52000;BOT_TAKER;SUBMISSION;HYDROGEL_PACK;XIRECS;9946.0;3
52100;SUBMISSION;BOT_TAKER;HYDROGEL_PACK;XIRECS;9932.0;4
52200;BOT_TAKER;BOT_MAKER;VELVETFRUIT_EXTRACT;XIRECS;5261.0;6
52400;BOT_MAKER;BOT_TAKER;HYDROGEL_PACK;XIRECS;9926.0;6
52400;BOT_MAKER;BOT_TAKER;VELVETFRUIT_EXTRACT;XIRECS;5253.0;6
52600;BOT_TAKER;BOT_MAKER;HYDROGEL_PACK;XIRECS;9935.0;6
52600;BOT_MAKER;BOT_TAKER;HYDROGEL_PACK;XIRECS;9919.0;3
52700;BOT_MAKER;BOT_TAKER;HYDROGEL_PACK;XIRECS;9920.0;6
52700;BOT_TAKER;BOT_MAKER;VELVETFRUIT_EXTRACT;XIRECS;5256.0;6
52700;BOT_TAKER;BOT_MAKER;VEV_4000;XIRECS;1260.0;1
52800;BOT_MAKER;BOT_TAKER;HYDROGEL_PACK;XIRECS;9920.0;5
52900;BOT_TAKER;BOT_MAKER;VEV_6500;XIRECS;1.0;3
53000;BOT_TAKER;BOT_MAKER;VELVETFRUIT_EXTRACT;XIRECS;5253.0;7
53200;BOT_TAKER;BOT_MAKER;HYDROGEL_PACK;XIRECS;9933.0;2
53200;BOT_TAKER;BOT_MAKER;VELVETFRUIT_EXTRACT;XIRECS;5254.0;5
53200;BOT_TAKER;BOT_MAKER;VEV_5300;XIRECS;36.0;4
53200;BOT_MAKER;BOT_TAKER;VEV_6000;XIRECS;0.0;5
53200;SUBMISSION;BOT_TAKER;VEV_4000;XIRECS;1239.0;2
53300;BOT_TAKER;BOT_MAKER;VELVETFRUIT_EXTRACT;XIRECS;5251.0;7
53300;BOT_TAKER;BOT_MAKER;VEV_5500;XIRECS;10.0;3
53300;BOT_MAKER;BOT_TAKER;VEV_6500;XIRECS;0.0;2
53400;BOT_TAKER;BOT_MAKER;VEV_5300;XIRECS;36.0;4
53400;BOT_MAKER;BOT_TAKER;VEV_5500;XIRECS;9.0;4
53600;BOT_MAKER;BOT_TAKER;HYDROGEL_PACK;XIRECS;9923.0;6
53600;BOT_MAKER;BOT_TAKER;VEV_6000;XIRECS;0.0;5
53800;BOT_TAKER;BOT_MAKER;VELVETFRUIT_EXTRACT;XIRECS;5253.0;7
53800;BOT_MAKER;BOT_TAKER;VEV_4000;XIRECS;1239.0;2
53800;BOT_TAKER;BOT_MAKER;VEV_5300;XIRECS;36.0;2
53800;BOT_TAKER;SUBMISSION;VELVETFRUIT_EXTRACT;XIRECS;5252.0;5
53800;BOT_TAKER;BOT_MAKER;VELVETFRUIT_EXTRACT;XIRECS;5253.0;2
53900;BOT_MAKER;BOT_TAKER;VEV_5500;XIRECS;8.0;5
53900;BOT_TAKER;BOT_MAKER;VEV_6000;XIRECS;1.0;2
54000;BOT_MAKER;BOT_TAKER;VELVETFRUIT_EXTRACT;XIRECS;5246.0;6
54100;BOT_MAKER;BOT_TAKER;VELVETFRUIT_EXTRACT;XIRECS;5244.0;5
54100;BOT_MAKER;BOT_TAKER;VEV_6000;XIRECS;0.0;3
54200;BOT_MAKER;BOT_TAKER;VEV_4000;XIRECS;1240.0;3
54300;BOT_MAKER;BOT_TAKER;HYDROGEL_PACK;XIRECS;9924.0;2
54300;BOT_MAKER;BOT_TAKER;VELVETFRUIT_EXTRACT;XIRECS;5243.0;7
54400;BOT_MAKER;BOT_TAKER;VEV_6500;XIRECS;0.0;4
54500;BOT_TAKER;BOT_MAKER;VELVETFRUIT_EXTRACT;XIRECS;5249.0;6
54600;BOT_TAKER;BOT_MAKER;HYDROGEL_PACK;XIRECS;9937.0;6
54600;BOT_TAKER;BOT_MAKER;VELVETFRUIT_EXTRACT;XIRECS;5248.0;3
54600;BOT_TAKER;BOT_MAKER;VEV_4000;XIRECS;1261.0;1
54600;BOT_MAKER;BOT_TAKER;VEV_5500;XIRECS;8.0;2
54700;BOT_MAKER;BOT_TAKER;VELVETFRUIT_EXTRACT;XIRECS;5243.0;4
54800;BOT_TAKER;BOT_MAKER;HYDROGEL_PACK;XIRECS;9936.0;3
54800;BOT_MAKER;BOT_TAKER;VELVETFRUIT_EXTRACT;XIRECS;5244.0;3
54900;BOT_TAKER;BOT_MAKER;VEV_4000;XIRECS;1261.0;1
55000;BOT_TAKER;BOT_MAKER;VELVETFRUIT_EXTRACT;XIRECS;5250.0;8
55300;BOT_TAKER;BOT_MAKER;VELVETFRUIT_EXTRACT;XIRECS;5247.0;7
55400;BOT_MAKER;BOT_TAKER;ASH_COATED_OSMIUM;XIRECS;9992.0;6
55400;BOT_TAKER;BOT_MAKER;VEV_4000;XIRECS;1260.0;1
55400;BOT_TAKER;BOT_MAKER;VEV_5500;XIRECS;9.0;3
55400;BOT_TAKER;SUBMISSION;HYDROGEL_PACK;XIRECS;9940.0;5
55400;BOT_TAKER;BOT_MAKER;HYDROGEL_PACK;XIRECS;9941.0;1
55500;BOT_TAKER;BOT_MAKER;HYDROGEL_PACK;XIRECS;9941.0;3
55600;BOT_TAKER;BOT_MAKER;HYDROGEL_PACK;XIRECS;9939.0;2
55700;BOT_MAKER;BOT_TAKER;VELVETFRUIT_EXTRACT;XIRECS;5245.0;5
55700;BOT_MAKER;BOT_TAKER;VEV_6000;XIRECS;0.0;3
55800;BOT_TAKER;BOT_MAKER;HYDROGEL_PACK;XIRECS;9936.0;5
55800;BOT_MAKER;BOT_TAKER;VELVETFRUIT_EXTRACT;XIRECS;5244.0;8
55800;BOT_MAKER;BOT_TAKER;VEV_6000;XIRECS;0.0;5
55800;BOT_TAKER;BOT_MAKER;VEV_6500;XIRECS;1.0;3
56000;BOT_TAKER;BOT_MAKER;HYDROGEL_PACK;XIRECS;9940.0;3
56100;BOT_TAKER;BOT_MAKER;VEV_4000;XIRECS;1259.0;2
56300;BOT_TAKER;BOT_MAKER;VEV_4000;XIRECS;1257.0;3
56400;BOT_MAKER;BOT_TAKER;HYDROGEL_PACK;XIRECS;9924.0;3
56400;SUBMISSION;BOT_TAKER;HYDROGEL_PACK;XIRECS;9925.0;2
56600;BOT_MAKER;BOT_TAKER;VEV_4000;XIRECS;1236.0;1
56600;BOT_TAKER;BOT_MAKER;VEV_6500;XIRECS;1.0;2
56700;BOT_MAKER;BOT_TAKER;HYDROGEL_PACK;XIRECS;9920.0;4
56700;SUBMISSION;BOT_TAKER;VELVETFRUIT_EXTRACT;XIRECS;5243.0;5
56700;BOT_MAKER;BOT_TAKER;VELVETFRUIT_EXTRACT;XIRECS;5242.0;3
56900;SUBMISSION;BOT_TAKER;HYDROGEL_PACK;XIRECS;9923.0;2
57100;BOT_TAKER;BOT_MAKER;INTARIAN_PEPPER_ROOT;XIRECS;13164.0;7
57100;BOT_TAKER;BOT_MAKER;VELVETFRUIT_EXTRACT;XIRECS;5247.0;7
57100;BOT_TAKER;BOT_MAKER;VELVETFRUIT_EXTRACT;XIRECS;5247.0;6
57200;BOT_TAKER;BOT_MAKER;HYDROGEL_PACK;XIRECS;9933.0;3
57200;BOT_MAKER;BOT_TAKER;VEV_4000;XIRECS;1240.0;3
57300;BOT_MAKER;BOT_TAKER;VELVETFRUIT_EXTRACT;XIRECS;5243.0;7
57300;BOT_TAKER;SUBMISSION;HYDROGEL_PACK;XIRECS;9934.0;5
57400;BOT_MAKER;BOT_TAKER;VELVETFRUIT_EXTRACT;XIRECS;5244.0;6
57400;BOT_TAKER;BOT_MAKER;VEV_6500;XIRECS;1.0;2
57500;BOT_TAKER;BOT_MAKER;HYDROGEL_PACK;XIRECS;9940.0;5
57500;BOT_TAKER;BOT_MAKER;VEV_6000;XIRECS;1.0;2
57600;BOT_MAKER;BOT_TAKER;HYDROGEL_PACK;XIRECS;9924.0;5
57600;BOT_TAKER;BOT_MAKER;VEV_5300;XIRECS;36.0;4
57700;BOT_TAKER;BOT_MAKER;VELVETFRUIT_EXTRACT;XIRECS;5248.0;3
57700;BOT_TAKER;BOT_MAKER;VEV_5500;XIRECS;9.0;4
57800;BOT_MAKER;BOT_TAKER;VELVETFRUIT_EXTRACT;XIRECS;5241.0;8
57800;BOT_MAKER;BOT_TAKER;VEV_6500;XIRECS;0.0;2
57900;SUBMISSION;BOT_TAKER;HYDROGEL_PACK;XIRECS;9933.0;5
58000;BOT_MAKER;BOT_TAKER;HYDROGEL_PACK;XIRECS;9931.0;5
58000;BOT_TAKER;BOT_MAKER;VEV_6000;XIRECS;1.0;5
58100;BOT_TAKER;BOT_MAKER;INTARIAN_PEPPER_ROOT;XIRECS;13165.0;5
58100;BOT_TAKER;BOT_MAKER;VELVETFRUIT_EXTRACT;XIRECS;5248.0;7
58200;BOT_TAKER;BOT_MAKER;VELVETFRUIT_EXTRACT;XIRECS;5248.0;3
58300;BOT_TAKER;BOT_MAKER;VEV_6000;XIRECS;1.0;3
58400;BOT_MAKER;BOT_TAKER;VELVETFRUIT_EXTRACT;XIRECS;5245.0;5
58400;SUBMISSION;BOT_TAKER;HYDROGEL_PACK;XIRECS;9933.0;4
58500;BOT_TAKER;BOT_MAKER;HYDROGEL_PACK;XIRECS;9952.0;6
58500;BOT_MAKER;BOT_TAKER;VELVETFRUIT_EXTRACT;XIRECS;5246.0;6
58500;BOT_MAKER;BOT_TAKER;VEV_6000;XIRECS;0.0;2
58600;BOT_MAKER;BOT_TAKER;HYDROGEL_PACK;XIRECS;9937.0;5
58600;BOT_TAKER;BOT_MAKER;VEV_6500;XIRECS;1.0;5
58700;BOT_TAKER;BOT_MAKER;VEV_6500;XIRECS;1.0;2
58900;BOT_MAKER;BOT_TAKER;VELVETFRUIT_EXTRACT;XIRECS;5245.0;8
59000;BOT_TAKER;BOT_MAKER;VELVETFRUIT_EXTRACT;XIRECS;5249.0;6
59200;BOT_TAKER;BOT_MAKER;VEV_4000;XIRECS;1263.0;3
59300;BOT_TAKER;BOT_MAKER;HYDROGEL_PACK;XIRECS;9955.0;3
59300;BOT_MAKER;BOT_TAKER;VEV_4000;XIRECS;1243.0;2
59300;BOT_MAKER;BOT_TAKER;VEV_5400;XIRECS;19.0;3
59300;BOT_MAKER;BOT_TAKER;VEV_6000;XIRECS;0.0;2
59400;BOT_TAKER;BOT_MAKER;VEV_6000;XIRECS;1.0;5
59400;BOT_MAKER;BOT_TAKER;VEV_6500;XIRECS;0.0;4
59400;SUBMISSION;BOT_TAKER;ASH_COATED_OSMIUM;XIRECS;9991.0;6
59500;BOT_MAKER;BOT_TAKER;VEV_4000;XIRECS;1245.0;2
59500;BOT_TAKER;BOT_MAKER;VEV_6000;XIRECS;1.0;4
59800;BOT_MAKER;BOT_TAKER;HYDROGEL_PACK;XIRECS;9940.0;3
59800;BOT_TAKER;BOT_MAKER;VELVETFRUIT_EXTRACT;XIRECS;5251.0;8
59800;BOT_MAKER;BOT_TAKER;VELVETFRUIT_EXTRACT;XIRECS;5245.0;6
59800;BOT_MAKER;BOT_TAKER;VEV_6500;XIRECS;0.0;2
59900;BOT_MAKER;BOT_TAKER;HYDROGEL_PACK;XIRECS;9938.0;5
60000;BOT_TAKER;BOT_MAKER;HYDROGEL_PACK;XIRECS;9954.0;4
60000;BOT_TAKER;BOT_MAKER;VELVETFRUIT_EXTRACT;XIRECS;5251.0;4
60100;BOT_MAKER;BOT_TAKER;VELVETFRUIT_EXTRACT;XIRECS;5245.0;3
60100;BOT_MAKER;BOT_TAKER;INTARIAN_PEPPER_ROOT;XIRECS;13153.0;4
60300;BOT_MAKER;BOT_TAKER;VELVETFRUIT_EXTRACT;XIRECS;5245.0;6
60300;BOT;SUBMISSION;ASH_COATED_OSMIUM;XIRECS;10001.0;2
60400;BOT_TAKER;BOT_MAKER;HYDROGEL_PACK;XIRECS;9951.0;4
60400;BOT_TAKER;BOT_MAKER;VEV_4000;XIRECS;1266.0;3
60500;BOT_MAKER;BOT_TAKER;HYDROGEL_PACK;XIRECS;9937.0;6
60600;BOT_MAKER;BOT_TAKER;HYDROGEL_PACK;XIRECS;9934.0;2
60600;SUBMISSION;BOT_TAKER;ASH_COATED_OSMIUM;XIRECS;9993.0;2
60600;BOT_TAKER;SUBMISSION;VELVETFRUIT_EXTRACT;XIRECS;5250.0;5
60600;BOT_TAKER;BOT_MAKER;VELVETFRUIT_EXTRACT;XIRECS;5251.0;1
60700;BOT_TAKER;BOT_MAKER;VELVETFRUIT_EXTRACT;XIRECS;5251.0;5
60700;BOT_TAKER;SUBMISSION;ASH_COATED_OSMIUM;XIRECS;10006.0;10
60800;BOT_MAKER;BOT_TAKER;HYDROGEL_PACK;XIRECS;9932.0;3
60800;BOT_TAKER;BOT_MAKER;VELVETFRUIT_EXTRACT;XIRECS;5251.0;3
60800;BOT_MAKER;BOT_TAKER;VEV_5500;XIRECS;8.0;2
60800;BOT_TAKER;BOT_MAKER;VEV_6500;XIRECS;1.0;5
60900;BOT_MAKER;BOT_TAKER;VELVETFRUIT_EXTRACT;XIRECS;5246.0;7
60900;BOT_TAKER;SUBMISSION;HYDROGEL_PACK;XIRECS;9944.0;2
61000;BOT_TAKER;BOT_MAKER;HYDROGEL_PACK;XIRECS;9944.0;5
61100;BOT_TAKER;BOT_MAKER;VEV_6500;XIRECS;1.0;4
61200;BOT_MAKER;BOT_TAKER;VEV_4000;XIRECS;1245.0;1
61300;BOT_MAKER;BOT_TAKER;VELVETFRUIT_EXTRACT;XIRECS;5246.0;7
61400;BOT_MAKER;BOT_TAKER;VELVETFRUIT_EXTRACT;XIRECS;5248.0;3
61400;BOT_TAKER;SUBMISSION;ASH_COATED_OSMIUM;XIRECS;10007.0;5
61500;BOT_TAKER;BOT_MAKER;HYDROGEL_PACK;XIRECS;9952.0;3
61600;BOT_MAKER;BOT_TAKER;VELVETFRUIT_EXTRACT;XIRECS;5249.0;5
61600;SUBMISSION;BOT_TAKER;VEV_4000;XIRECS;1247.0;3
61700;BOT_TAKER;BOT_MAKER;HYDROGEL_PACK;XIRECS;9956.0;3
61800;BOT_TAKER;BOT_MAKER;VEV_5500;XIRECS;10.0;2
61800;BOT_TAKER;BOT_MAKER;VEV_6500;XIRECS;1.0;2
61800;BOT;SUBMISSION;ASH_COATED_OSMIUM;XIRECS;10003.0;9
61900;BOT_TAKER;BOT_MAKER;VELVETFRUIT_EXTRACT;XIRECS;5252.0;4
62100;BOT_TAKER;BOT_MAKER;VEV_5500;XIRECS;10.0;5
62100;BOT_TAKER;BOT_MAKER;VEV_6000;XIRECS;1.0;4
62200;BOT_TAKER;BOT_MAKER;VEV_5500;XIRECS;10.0;2
62200;BOT_TAKER;BOT_MAKER;VEV_6500;XIRECS;1.0;4
62200;SUBMISSION;BOT_TAKER;VELVETFRUIT_EXTRACT;XIRECS;5250.0;5
62200;BOT_MAKER;BOT_TAKER;VELVETFRUIT_EXTRACT;XIRECS;5249.0;3
62300;BOT_MAKER;BOT_TAKER;HYDROGEL_PACK;XIRECS;9934.0;5
62400;BOT_TAKER;BOT_MAKER;VEV_4000;XIRECS;1267.0;1
62400;BOT_TAKER;BOT_MAKER;VEV_6500;XIRECS;1.0;4
62400;SUBMISSION;BOT_TAKER;VELVETFRUIT_EXTRACT;XIRECS;5250.0;5
62400;BOT_MAKER;BOT_TAKER;VELVETFRUIT_EXTRACT;XIRECS;5249.0;2
62500;BOT_MAKER;BOT_TAKER;HYDROGEL_PACK;XIRECS;9930.0;4
62500;BOT_TAKER;BOT_MAKER;VEV_6500;XIRECS;1.0;5
62500;BOT_TAKER;SUBMISSION;VEV_4000;XIRECS;1266.0;2
62700;BOT_MAKER;BOT_TAKER;VELVETFRUIT_EXTRACT;XIRECS;5250.0;8
62700;BOT_TAKER;BOT_MAKER;VEV_4000;XIRECS;1268.0;1
62800;SUBMISSION;BOT_TAKER;HYDROGEL_PACK;XIRECS;9932.0;4
62900;BOT_MAKER;BOT_TAKER;VELVETFRUIT_EXTRACT;XIRECS;5249.0;8
63000;BOT_TAKER;BOT_MAKER;VELVETFRUIT_EXTRACT;XIRECS;5255.0;8
63100;BOT_TAKER;BOT_MAKER;HYDROGEL_PACK;XIRECS;9952.0;2
63100;BOT_TAKER;BOT_MAKER;VELVETFRUIT_EXTRACT;XIRECS;5254.0;7
63100;BOT_TAKER;SUBMISSION;ASH_COATED_OSMIUM;XIRECS;10008.0;2
63100;BOT_TAKER;SUBMISSION;VELVETFRUIT_EXTRACT;XIRECS;5253.0;4
63200;BOT_TAKER;BOT_MAKER;HYDROGEL_PACK;XIRECS;9951.0;3
63200;BOT_MAKER;BOT_TAKER;VELVETFRUIT_EXTRACT;XIRECS;5248.0;6
63200;BOT_TAKER;BOT_MAKER;VEV_6000;XIRECS;1.0;5
63200;BOT_TAKER;SUBMISSION;ASH_COATED_OSMIUM;XIRECS;10007.0;5
63300;BOT_TAKER;BOT_MAKER;HYDROGEL_PACK;XIRECS;9952.0;4
63300;BOT_TAKER;BOT_MAKER;VELVETFRUIT_EXTRACT;XIRECS;5254.0;3
63300;BOT_TAKER;BOT_MAKER;VEV_5300;XIRECS;30.0;4
63400;BOT_TAKER;BOT_MAKER;VEV_5400;XIRECS;21.0;5
63400;BOT_TAKER;SUBMISSION;VELVETFRUIT_EXTRACT;XIRECS;5253.0;5
63400;BOT_TAKER;BOT_MAKER;VELVETFRUIT_EXTRACT;XIRECS;5254.0;3
63600;BOT_MAKER;BOT_TAKER;HYDROGEL_PACK;XIRECS;9934.0;3
63600;BOT_MAKER;BOT_TAKER;VELVETFRUIT_EXTRACT;XIRECS;5250.0;4
63700;BOT_MAKER;BOT_TAKER;HYDROGEL_PACK;XIRECS;9937.0;6
63800;BOT_MAKER;BOT_TAKER;VEV_4000;XIRECS;1237.0;1
64000;BOT_MAKER;BOT_TAKER;VELVETFRUIT_EXTRACT;XIRECS;5250.0;4
64000;BOT_TAKER;BOT_MAKER;VELVETFRUIT_EXTRACT;XIRECS;5256.0;7
64000;BOT_MAKER;BOT_TAKER;VEV_5500;XIRECS;8.0;5
64000;BOT_TAKER;SUBMISSION;VELVETFRUIT_EXTRACT;XIRECS;5255.0;3
64200;BOT_MAKER;BOT_TAKER;VELVETFRUIT_EXTRACT;XIRECS;5247.0;6
64200;BOT_MAKER;BOT_TAKER;VEV_4000;XIRECS;1237.0;2
64200;BOT_TAKER;BOT_MAKER;VEV_4000;XIRECS;1258.0;3
64300;BOT_TAKER;BOT_MAKER;VEV_4000;XIRECS;1258.0;2
64400;BOT_TAKER;BOT_MAKER;HYDROGEL_PACK;XIRECS;9950.0;6
64400;BOT_MAKER;BOT_TAKER;HYDROGEL_PACK;XIRECS;9934.0;5
64400;BOT_MAKER;BOT_TAKER;VELVETFRUIT_EXTRACT;XIRECS;5248.0;3
64400;BOT_TAKER;BOT_MAKER;VEV_5300;XIRECS;33.0;4
64500;BOT_MAKER;BOT_TAKER;HYDROGEL_PACK;XIRECS;9933.0;5
64600;BOT_TAKER;BOT_MAKER;HYDROGEL_PACK;XIRECS;9949.0;4
64600;BOT_MAKER;BOT_TAKER;VEV_4000;XIRECS;1238.0;2
64700;BOT_MAKER;BOT_TAKER;VELVETFRUIT_EXTRACT;XIRECS;5250.0;5
64700;BOT_TAKER;BOT_MAKER;VEV_5500;XIRECS;9.0;4
64700;BOT_MAKER;BOT_TAKER;VEV_6000;XIRECS;0.0;3
64800;BOT_TAKER;SUBMISSION;VELVETFRUIT_EXTRACT;XIRECS;5253.0;3
64900;BOT_TAKER;BOT_MAKER;HYDROGEL_PACK;XIRECS;9947.0;2
65200;BOT_MAKER;BOT_TAKER;HYDROGEL_PACK;XIRECS;9934.0;2
65200;BOT_MAKER;BOT_TAKER;VELVETFRUIT_EXTRACT;XIRECS;5247.0;6
65200;BOT_TAKER;BOT_MAKER;VEV_4000;XIRECS;1258.0;2
65200;BOT_MAKER;BOT_TAKER;VEV_5400;XIRECS;19.0;4
65300;BOT_MAKER;BOT_TAKER;HYDROGEL_PACK;XIRECS;9930.0;2
65300;BOT_MAKER;BOT_TAKER;HYDROGEL_PACK;XIRECS;9930.0;4
65300;BOT_TAKER;BOT_MAKER;VELVETFRUIT_EXTRACT;XIRECS;5251.0;5
65400;SUBMISSION;BOT_TAKER;HYDROGEL_PACK;XIRECS;9936.0;3
65500;BOT_MAKER;BOT_TAKER;HYDROGEL_PACK;XIRECS;9936.0;4
65500;BOT_TAKER;BOT_MAKER;VEV_5500;XIRECS;9.0;3
65700;BOT_TAKER;BOT_MAKER;ASH_COATED_OSMIUM;XIRECS;10007.0;7
65700;BOT_TAKER;BOT_MAKER;VEV_5500;XIRECS;9.0;3
65800;BOT_MAKER;BOT_TAKER;HYDROGEL_PACK;XIRECS;9928.0;4
65800;BOT_MAKER;BOT_TAKER;VEV_4000;XIRECS;1237.0;1
65800;BOT_MAKER;BOT_TAKER;VEV_6500;XIRECS;0.0;2
65800;BOT_TAKER;SUBMISSION;VEV_4000;XIRECS;1257.0;1
66000;BOT_MAKER;BOT_TAKER;VELVETFRUIT_EXTRACT;XIRECS;5244.0;5
66100;BOT_TAKER;BOT_MAKER;VELVETFRUIT_EXTRACT;XIRECS;5248.0;10
66100;SUBMISSION;BOT_TAKER;ASH_COATED_OSMIUM;XIRECS;9989.0;3
66300;BOT_TAKER;BOT_MAKER;VELVETFRUIT_EXTRACT;XIRECS;5248.0;6
66300;BOT_MAKER;BOT_TAKER;VEV_5200;XIRECS;85.0;5
66300;BOT_MAKER;BOT_TAKER;VEV_6000;XIRECS;0.0;2
66300;SUBMISSION;BOT_TAKER;VELVETFRUIT_EXTRACT;XIRECS;5243.0;4
66400;BOT_MAKER;BOT_TAKER;HYDROGEL_PACK;XIRECS;9930.0;6
66400;BOT_MAKER;BOT_TAKER;VELVETFRUIT_EXTRACT;XIRECS;5241.0;3
66400;BOT_TAKER;BOT_MAKER;VEV_5300;XIRECS;35.0;4
66400;BOT_TAKER;SUBMISSION;HYDROGEL_PACK;XIRECS;9948.0;4
66400;SUBMISSION;BOT_TAKER;VELVETFRUIT_EXTRACT;XIRECS;5242.0;5
66500;BOT_TAKER;BOT_MAKER;VEV_6500;XIRECS;1.0;4
66600;BOT_TAKER;BOT_MAKER;HYDROGEL_PACK;XIRECS;9947.0;3
66600;BOT_MAKER;BOT_TAKER;HYDROGEL_PACK;XIRECS;9931.0;2
66700;BOT_MAKER;BOT_TAKER;HYDROGEL_PACK;XIRECS;9933.0;4
66700;BOT_TAKER;BOT_MAKER;VEV_5400;XIRECS;20.0;4
66700;SUBMISSION;BOT_TAKER;ASH_COATED_OSMIUM;XIRECS;9991.0;4
66800;BOT_MAKER;BOT_TAKER;VELVETFRUIT_EXTRACT;XIRECS;5241.0;5
66800;BOT_MAKER;BOT_TAKER;VEV_4000;XIRECS;1243.0;1
66900;BOT_TAKER;BOT_MAKER;VEV_4000;XIRECS;1265.0;2
66900;BOT_TAKER;BOT_MAKER;VEV_6000;XIRECS;1.0;3
67000;BOT_MAKER;BOT_TAKER;HYDROGEL_PACK;XIRECS;9926.0;6
67000;BOT_MAKER;BOT_TAKER;VELVETFRUIT_EXTRACT;XIRECS;5240.0;3
67000;BOT_TAKER;BOT_MAKER;VEV_5400;XIRECS;21.0;4
67100;BOT_TAKER;BOT_MAKER;HYDROGEL_PACK;XIRECS;9942.0;5
67100;BOT_MAKER;BOT_TAKER;VELVETFRUIT_EXTRACT;XIRECS;5240.0;6
67100;BOT_TAKER;BOT_MAKER;VEV_6500;XIRECS;1.0;5
67100;BOT_TAKER;SUBMISSION;HYDROGEL_PACK;XIRECS;9941.0;3
67200;BOT_TAKER;BOT_MAKER;VELVETFRUIT_EXTRACT;XIRECS;5247.0;7
67200;BOT_MAKER;BOT_TAKER;VEV_4000;XIRECS;1242.0;1
67200;BOT_MAKER;BOT_TAKER;VEV_5300;XIRECS;33.0;2
67300;BOT_MAKER;BOT_TAKER;VEV_5400;XIRECS;20.0;2
67400;BOT_TAKER;SUBMISSION;ASH_COATED_OSMIUM;XIRECS;10005.0;9
67500;BOT_MAKER;BOT_TAKER;VELVETFRUIT_EXTRACT;XIRECS;5243.0;4
67600;BOT_MAKER;BOT_TAKER;HYDROGEL_PACK;XIRECS;9932.0;5
67700;BOT_TAKER;BOT_MAKER;INTARIAN_PEPPER_ROOT;XIRECS;13175.0;8
67700;BOT_MAKER;BOT_TAKER;VELVETFRUIT_EXTRACT;XIRECS;5246.0;6
67700;BOT_MAKER;BOT_TAKER;VEV_5200;XIRECS;81.0;3
67700;SUBMISSION;BOT_TAKER;HYDROGEL_PACK;XIRECS;9929.0;2
67700;SUBMISSION;BOT_TAKER;VELVETFRUIT_EXTRACT;XIRECS;5247.0;5
67800;BOT_TAKER;BOT_MAKER;VEV_4000;XIRECS;1266.0;1
67900;BOT_MAKER;BOT_TAKER;VELVETFRUIT_EXTRACT;XIRECS;5247.0;4
67900;BOT_TAKER;BOT_MAKER;VEV_5500;XIRECS;9.0;5
68000;BOT_MAKER;BOT_TAKER;VELVETFRUIT_EXTRACT;XIRECS;5248.0;6
68000;BOT_MAKER;BOT_TAKER;VEV_5400;XIRECS;19.0;4
68100;BOT_MAKER;BOT_TAKER;INTARIAN_PEPPER_ROOT;XIRECS;13161.0;3
68300;BOT_MAKER;BOT_TAKER;VEV_5300;XIRECS;34.0;3
68400;BOT_MAKER;BOT_TAKER;VELVETFRUIT_EXTRACT;XIRECS;5246.0;3
68400;BOT_TAKER;SUBMISSION;ASH_COATED_OSMIUM;XIRECS;10006.0;4
68500;BOT_TAKER;BOT_MAKER;VELVETFRUIT_EXTRACT;XIRECS;5251.0;6
68500;BOT_MAKER;BOT_TAKER;VEV_4000;XIRECS;1244.0;1
68500;BOT_MAKER;BOT_TAKER;INTARIAN_PEPPER_ROOT;XIRECS;13172.0;3
68500;BOT_MAKER;BOT_TAKER;INTARIAN_PEPPER_ROOT;XIRECS;13161.0;5
68600;BOT_TAKER;BOT_MAKER;HYDROGEL_PACK;XIRECS;9934.0;2
68700;SUBMISSION;BOT;ASH_COATED_OSMIUM;XIRECS;9998.0;4
68800;BOT_TAKER;BOT_MAKER;VELVETFRUIT_EXTRACT;XIRECS;5251.0;5
68800;BOT_TAKER;BOT_MAKER;VEV_6500;XIRECS;1.0;5
68900;BOT_TAKER;BOT_MAKER;VELVETFRUIT_EXTRACT;XIRECS;5249.0;8
68900;BOT_TAKER;BOT_MAKER;VELVETFRUIT_EXTRACT;XIRECS;5249.0;4
69000;BOT_TAKER;BOT_MAKER;ASH_COATED_OSMIUM;XIRECS;10008.0;9
69100;BOT_MAKER;BOT_TAKER;VEV_5400;XIRECS;21.0;3
69100;SUBMISSION;BOT_TAKER;HYDROGEL_PACK;XIRECS;9922.0;5
69200;BOT_MAKER;BOT_TAKER;HYDROGEL_PACK;XIRECS;9917.0;3
69200;BOT_MAKER;BOT_TAKER;VEV_6000;XIRECS;0.0;4
69300;BOT_TAKER;BOT_MAKER;VEV_4000;XIRECS;1267.0;3
69300;BOT_MAKER;BOT_TAKER;VEV_6000;XIRECS;0.0;5
69400;BOT_MAKER;BOT_TAKER;VELVETFRUIT_EXTRACT;XIRECS;5242.0;7
69400;BOT_MAKER;BOT_TAKER;VEV_6000;XIRECS;0.0;5
69400;BOT_MAKER;BOT_TAKER;VEV_6500;XIRECS;0.0;2
69500;BOT_TAKER;BOT_MAKER;HYDROGEL_PACK;XIRECS;9932.0;3
69500;BOT_MAKER;BOT_TAKER;VELVETFRUIT_EXTRACT;XIRECS;5242.0;7
69500;BOT_TAKER;BOT_MAKER;VEV_5500;XIRECS;9.0;5
69500;BOT_TAKER;SUBMISSION;VELVETFRUIT_EXTRACT;XIRECS;5246.0;5
69500;BOT_TAKER;BOT_MAKER;VELVETFRUIT_EXTRACT;XIRECS;5247.0;1
69600;BOT_MAKER;BOT_TAKER;VELVETFRUIT_EXTRACT;XIRECS;5241.0;5
69600;SUBMISSION;BOT_TAKER;VEV_4000;XIRECS;1246.0;2
69800;BOT_MAKER;BOT_TAKER;ASH_COATED_OSMIUM;XIRECS;9989.0;6
69800;BOT_MAKER;BOT_TAKER;HYDROGEL_PACK;XIRECS;9912.0;2
69800;BOT_TAKER;BOT_MAKER;VELVETFRUIT_EXTRACT;XIRECS;5246.0;4
70000;BOT_TAKER;BOT_MAKER;HYDROGEL_PACK;XIRECS;9931.0;5
70000;BOT_MAKER;BOT_TAKER;VEV_4000;XIRECS;1249.0;3
70000;BOT_TAKER;BOT_MAKER;VEV_5500;XIRECS;10.0;2
70000;BOT_MAKER;BOT_TAKER;VEV_5500;XIRECS;8.0;5
70100;BOT_MAKER;BOT_TAKER;HYDROGEL_PACK;XIRECS;9916.0;5
70100;BOT_MAKER;BOT_TAKER;VELVETFRUIT_EXTRACT;XIRECS;5241.0;10
70100;SUBMISSION;BOT_TAKER;VELVETFRUIT_EXTRACT;XIRECS;5242.0;3
70200;SUBMISSION;BOT_TAKER;ASH_COATED_OSMIUM;XIRECS;9992.0;2
70300;BOT_TAKER;BOT_MAKER;VELVETFRUIT_EXTRACT;XIRECS;5246.0;3
70400;BOT_MAKER;BOT_TAKER;HYDROGEL_PACK;XIRECS;9917.0;2
70400;BOT_MAKER;BOT_TAKER;VELVETFRUIT_EXTRACT;XIRECS;5240.0;8
70400;BOT_MAKER;BOT_TAKER;VELVETFRUIT_EXTRACT;XIRECS;5240.0;5
70400;BOT_MAKER;BOT_TAKER;VEV_4000;XIRECS;1249.0;3
70400;BOT_MAKER;BOT_TAKER;VEV_5200;XIRECS;85.0;2
70500;BOT_MAKER;BOT_TAKER;VELVETFRUIT_EXTRACT;XIRECS;5241.0;5
70700;BOT_TAKER;BOT_MAKER;HYDROGEL_PACK;XIRECS;9933.0;6
70800;BOT_TAKER;BOT_MAKER;VEV_5500;XIRECS;9.0;2
70900;BOT_MAKER;BOT_TAKER;HYDROGEL_PACK;XIRECS;9916.0;4
70900;BOT_TAKER;BOT_MAKER;VEV_6000;XIRECS;1.0;5
71000;BOT_MAKER;BOT_TAKER;HYDROGEL_PACK;XIRECS;9912.0;2
71000;BOT_TAKER;BOT_MAKER;VELVETFRUIT_EXTRACT;XIRECS;5243.0;7
71000;BOT_TAKER;BOT_MAKER;VEV_4000;XIRECS;1268.0;3
71100;BOT_TAKER;BOT_MAKER;VEV_5500;XIRECS;9.0;4
71200;BOT_TAKER;BOT_MAKER;VEV_4000;XIRECS;1269.0;3
71300;BOT_TAKER;BOT_MAKER;VEV_4000;XIRECS;1269.0;2
71500;BOT_TAKER;BOT_MAKER;HYDROGEL_PACK;XIRECS;9931.0;6
71500;BOT_TAKER;BOT_MAKER;VELVETFRUIT_EXTRACT;XIRECS;5244.0;6
71500;BOT_MAKER;BOT_TAKER;VELVETFRUIT_EXTRACT;XIRECS;5238.0;8
71600;BOT_TAKER;BOT_MAKER;ASH_COATED_OSMIUM;XIRECS;10007.0;5
71700;BOT_TAKER;BOT_MAKER;HYDROGEL_PACK;XIRECS;9931.0;4
71800;BOT_MAKER;BOT_TAKER;HYDROGEL_PACK;XIRECS;9918.0;3
72000;BOT_TAKER;BOT_MAKER;VELVETFRUIT_EXTRACT;XIRECS;5244.0;8
72000;BOT_MAKER;BOT_TAKER;VEV_4000;XIRECS;1248.0;3
72100;BOT_MAKER;BOT_TAKER;VEV_5400;XIRECS;20.0;5
72100;BOT_MAKER;BOT_TAKER;VEV_6500;XIRECS;0.0;2
72200;BOT_MAKER;BOT_TAKER;HYDROGEL_PACK;XIRECS;9917.0;4
72200;BOT_MAKER;BOT_TAKER;VELVETFRUIT_EXTRACT;XIRECS;5240.0;8
72300;BOT_TAKER;BOT_MAKER;VEV_6500;XIRECS;1.0;4
72400;BOT_TAKER;BOT_MAKER;HYDROGEL_PACK;XIRECS;9935.0;4
72400;BOT_MAKER;BOT_TAKER;VELVETFRUIT_EXTRACT;XIRECS;5239.0;4
72400;SUBMISSION;BOT_TAKER;VELVETFRUIT_EXTRACT;XIRECS;5240.0;5
72500;BOT_TAKER;BOT_MAKER;VELVETFRUIT_EXTRACT;XIRECS;5244.0;7
72500;BOT_MAKER;BOT_TAKER;VEV_4000;XIRECS;1251.0;3
72500;BOT_MAKER;BOT_TAKER;VEV_6000;XIRECS;0.0;5
72600;BOT_TAKER;BOT_MAKER;VELVETFRUIT_EXTRACT;XIRECS;5244.0;5
72600;BOT_TAKER;BOT_MAKER;VEV_4000;XIRECS;1273.0;3
72700;BOT_TAKER;BOT_MAKER;VELVETFRUIT_EXTRACT;XIRECS;5243.0;8
72700;BOT_MAKER;BOT_TAKER;VEV_5300;XIRECS;33.0;4
72700;BOT_TAKER;SUBMISSION;VELVETFRUIT_EXTRACT;XIRECS;5242.0;5
72700;BOT_TAKER;BOT_MAKER;VELVETFRUIT_EXTRACT;XIRECS;5243.0;3
72800;BOT_TAKER;BOT_MAKER;HYDROGEL_PACK;XIRECS;9930.0;5
72900;BOT_MAKER;BOT_TAKER;VEV_5500;XIRECS;9.0;5
73000;BOT_MAKER;BOT_TAKER;HYDROGEL_PACK;XIRECS;9921.0;4
73000;BOT_MAKER;BOT_TAKER;INTARIAN_PEPPER_ROOT;XIRECS;13166.0;5
73000;BOT_MAKER;BOT_TAKER;VEV_4000;XIRECS;1251.0;2
73200;BOT_MAKER;BOT_TAKER;VEV_4000;XIRECS;1253.0;1
73200;BOT_TAKER;SUBMISSION;HYDROGEL_PACK;XIRECS;9934.0;2
73300;BOT_TAKER;BOT_MAKER;HYDROGEL_PACK;XIRECS;9935.0;3
73300;BOT_MAKER;BOT_TAKER;VELVETFRUIT_EXTRACT;XIRECS;5236.0;6
73300;SUBMISSION;BOT_TAKER;VELVETFRUIT_EXTRACT;XIRECS;5237.0;5
73400;BOT_MAKER;BOT_TAKER;VEV_5500;XIRECS;9.0;2
73400;BOT_MAKER;BOT_TAKER;INTARIAN_PEPPER_ROOT;XIRECS;13166.0;7
73500;BOT_TAKER;BOT_MAKER;HYDROGEL_PACK;XIRECS;9938.0;4
73500;BOT_TAKER;BOT_MAKER;VELVETFRUIT_EXTRACT;XIRECS;5242.0;6
73500;BOT_MAKER;BOT_TAKER;VEV_4000;XIRECS;1254.0;3
73600;BOT_MAKER;BOT_TAKER;HYDROGEL_PACK;XIRECS;9923.0;3
73600;BOT_TAKER;BOT_MAKER;VELVETFRUIT_EXTRACT;XIRECS;5240.0;7
73600;BOT_MAKER;BOT_TAKER;VEV_4000;XIRECS;1251.0;1
73700;BOT_MAKER;BOT_TAKER;VELVETFRUIT_EXTRACT;XIRECS;5234.0;6
73700;BOT_MAKER;BOT_TAKER;VELVETFRUIT_EXTRACT;XIRECS;5234.0;6
73900;BOT_TAKER;BOT_MAKER;VELVETFRUIT_EXTRACT;XIRECS;5239.0;6
73900;BOT_MAKER;BOT_TAKER;VEV_4000;XIRECS;1252.0;3
74100;BOT_TAKER;SUBMISSION;VEV_4000;XIRECS;1274.0;2
74200;BOT_TAKER;BOT_MAKER;VELVETFRUIT_EXTRACT;XIRECS;5237.0;4
74400;BOT_TAKER;BOT_MAKER;ASH_COATED_OSMIUM;XIRECS;10008.0;9
74400;BOT_TAKER;BOT_MAKER;VEV_4000;XIRECS;1275.0;2
74400;BOT_MAKER;BOT_TAKER;VEV_6000;XIRECS;0.0;4
74500;BOT_TAKER;BOT_MAKER;VELVETFRUIT_EXTRACT;XIRECS;5234.0;5
74500;BOT_TAKER;BOT_MAKER;VEV_6500;XIRECS;1.0;5
74600;BOT_MAKER;BOT_TAKER;VELVETFRUIT_EXTRACT;XIRECS;5229.0;7
74800;BOT_TAKER;BOT_MAKER;VELVETFRUIT_EXTRACT;XIRECS;5235.0;8
74800;BOT_TAKER;SUBMISSION;VELVETFRUIT_EXTRACT;XIRECS;5234.0;5
74800;BOT_TAKER;BOT_MAKER;VELVETFRUIT_EXTRACT;XIRECS;5235.0;3
74900;BOT_MAKER;BOT_TAKER;VELVETFRUIT_EXTRACT;XIRECS;5228.0;8
74900;BOT_TAKER;BOT_MAKER;VEV_4000;XIRECS;1272.0;3
75000;BOT_TAKER;BOT_MAKER;VEV_5300;XIRECS;35.0;2
75100;BOT_TAKER;BOT_MAKER;HYDROGEL_PACK;XIRECS;9936.0;4
75100;BOT_TAKER;BOT_MAKER;VEV_6500;XIRECS;1.0;3
75200;BOT_TAKER;BOT_MAKER;VELVETFRUIT_EXTRACT;XIRECS;5234.0;5
75300;BOT_MAKER;BOT_TAKER;HYDROGEL_PACK;XIRECS;9922.0;6
75300;BOT_TAKER;SUBMISSION;ASH_COATED_OSMIUM;XIRECS;10008.0;4
75400;BOT_MAKER;BOT_TAKER;VEV_5500;XIRECS;9.0;4
75400;BOT_MAKER;BOT_TAKER;VEV_6500;XIRECS;0.0;4
75500;BOT_TAKER;BOT_MAKER;HYDROGEL_PACK;XIRECS;9940.0;5
75600;BOT_TAKER;BOT_MAKER;VEV_4000;XIRECS;1270.0;1
75800;BOT_TAKER;BOT_MAKER;VELVETFRUIT_EXTRACT;XIRECS;5235.0;6
75800;BOT_TAKER;BOT_MAKER;VEV_6000;XIRECS;1.0;5
75900;BOT_MAKER;BOT_TAKER;HYDROGEL_PACK;XIRECS;9925.0;3
75900;BOT_TAKER;BOT_MAKER;VELVETFRUIT_EXTRACT;XIRECS;5235.0;5
75900;BOT_TAKER;BOT_MAKER;VEV_4000;XIRECS;1271.0;2
76000;BOT_MAKER;BOT_TAKER;VELVETFRUIT_EXTRACT;XIRECS;5229.0;8
76300;BOT_MAKER;BOT_TAKER;VELVETFRUIT_EXTRACT;XIRECS;5228.0;6
76400;BOT_TAKER;BOT_MAKER;VELVETFRUIT_EXTRACT;XIRECS;5233.0;7
76400;BOT_MAKER;BOT_TAKER;VEV_5300;XIRECS;32.0;4
76400;BOT_TAKER;BOT_MAKER;VEV_5500;XIRECS;10.0;2
76500;BOT_TAKER;BOT_MAKER;HYDROGEL_PACK;XIRECS;9940.0;2
76500;BOT_TAKER;BOT_MAKER;VELVETFRUIT_EXTRACT;XIRECS;5235.0;5
76600;BOT_MAKER;BOT_TAKER;HYDROGEL_PACK;XIRECS;9923.0;4
76600;BOT_MAKER;BOT_TAKER;HYDROGEL_PACK;XIRECS;9923.0;4
76600;BOT_TAKER;BOT_MAKER;VELVETFRUIT_EXTRACT;XIRECS;5235.0;5
76600;BOT_TAKER;BOT_MAKER;VEV_4000;XIRECS;1276.0;3
76600;BOT_TAKER;BOT_MAKER;VEV_6500;XIRECS;1.0;2
76700;BOT_MAKER;BOT_TAKER;VEV_6000;XIRECS;0.0;2
76800;BOT_MAKER;BOT_TAKER;VELVETFRUIT_EXTRACT;XIRECS;5229.0;3
76800;SUBMISSION;BOT_TAKER;VELVETFRUIT_EXTRACT;XIRECS;5230.0;5
76800;BOT_MAKER;BOT_TAKER;VELVETFRUIT_EXTRACT;XIRECS;5229.0;10
76900;BOT_TAKER;BOT_MAKER;HYDROGEL_PACK;XIRECS;9942.0;4
77000;BOT_TAKER;BOT_MAKER;VEV_6000;XIRECS;1.0;4
77100;BOT_MAKER;BOT_TAKER;HYDROGEL_PACK;XIRECS;9927.0;5
77100;BOT_TAKER;BOT_MAKER;VELVETFRUIT_EXTRACT;XIRECS;5234.0;7
77100;BOT_TAKER;SUBMISSION;VELVETFRUIT_EXTRACT;XIRECS;5233.0;5
77200;BOT_TAKER;SUBMISSION;ASH_COATED_OSMIUM;XIRECS;10009.0;4
77200;BOT_TAKER;SUBMISSION;VEV_4000;XIRECS;1274.0;2
77300;BOT_MAKER;BOT_TAKER;HYDROGEL_PACK;XIRECS;9926.0;3
77400;BOT_TAKER;BOT_MAKER;VELVETFRUIT_EXTRACT;XIRECS;5234.0;14
77400;BOT_TAKER;BOT_MAKER;VEV_6000;XIRECS;1.0;2
77500;BOT_MAKER;BOT_TAKER;HYDROGEL_PACK;XIRECS;9926.0;6
77500;BOT_TAKER;BOT_MAKER;INTARIAN_PEPPER_ROOT;XIRECS;13185.0;4
77500;BOT_MAKER;BOT_TAKER;VEV_6000;XIRECS;0.0;5
77600;BOT_MAKER;BOT_TAKER;VEV_6000;XIRECS;0.0;4
77800;BOT_TAKER;BOT_MAKER;VEV_6500;XIRECS;1.0;5
77900;BOT_TAKER;BOT_MAKER;HYDROGEL_PACK;XIRECS;9943.0;5
77900;BOT_TAKER;BOT_MAKER;VEV_6500;XIRECS;1.0;2
77900;SUBMISSION;BOT_TAKER;VELVETFRUIT_EXTRACT;XIRECS;5226.0;5
77900;BOT_MAKER;BOT_TAKER;VELVETFRUIT_EXTRACT;XIRECS;5225.0;2
78000;BOT_MAKER;BOT_TAKER;HYDROGEL_PACK;XIRECS;9927.0;2
78000;BOT_MAKER;BOT_TAKER;VELVETFRUIT_EXTRACT;XIRECS;5224.0;6
78000;BOT_MAKER;BOT_TAKER;VEV_5300;XIRECS;33.0;5
78000;BOT_MAKER;BOT_TAKER;VEV_5400;XIRECS;19.0;4
78000;BOT_TAKER;SUBMISSION;VELVETFRUIT_EXTRACT;XIRECS;5228.0;5
78000;BOT_TAKER;BOT_MAKER;VELVETFRUIT_EXTRACT;XIRECS;5229.0;2
78200;BOT_TAKER;BOT_MAKER;HYDROGEL_PACK;XIRECS;9944.0;3
78200;BOT_MAKER;BOT_TAKER;VELVETFRUIT_EXTRACT;XIRECS;5223.0;5
78200;BOT_TAKER;SUBMISSION;VELVETFRUIT_EXTRACT;XIRECS;5227.0;5
78200;BOT_TAKER;BOT_MAKER;VELVETFRUIT_EXTRACT;XIRECS;5228.0;2
78300;BOT_TAKER;BOT_MAKER;HYDROGEL_PACK;XIRECS;9944.0;4
78300;BOT_MAKER;BOT_TAKER;VEV_4000;XIRECS;1253.0;3
78300;BOT_TAKER;BOT_MAKER;VEV_5500;XIRECS;10.0;4
78400;BOT_MAKER;BOT_TAKER;VEV_4000;XIRECS;1252.0;2
78400;BOT_TAKER;BOT_MAKER;VEV_6500;XIRECS;1.0;4
78600;BOT_TAKER;BOT_MAKER;HYDROGEL_PACK;XIRECS;9943.0;6
78600;BOT_TAKER;BOT_MAKER;VEV_4000;XIRECS;1273.0;2
78700;BOT_TAKER;BOT_MAKER;VELVETFRUIT_EXTRACT;XIRECS;5224.0;5
78700;BOT_MAKER;BOT_TAKER;VEV_5300;XIRECS;33.0;5
78700;BOT_TAKER;SUBMISSION;VEV_4000;XIRECS;1272.0;1
78800;BOT_TAKER;BOT_MAKER;HYDROGEL_PACK;XIRECS;9944.0;5
78800;BOT_TAKER;BOT_MAKER;VELVETFRUIT_EXTRACT;XIRECS;5225.0;7
78800;BOT_TAKER;BOT_MAKER;VEV_5500;XIRECS;10.0;2
78800;BOT_TAKER;BOT_MAKER;VEV_6500;XIRECS;1.0;2
78900;BOT_MAKER;BOT_TAKER;VELVETFRUIT_EXTRACT;XIRECS;5219.0;5
79000;BOT_TAKER;BOT_MAKER;VELVETFRUIT_EXTRACT;XIRECS;5225.0;7
79000;BOT_TAKER;BOT_MAKER;VEV_5400;XIRECS;19.0;3
79200;BOT_TAKER;BOT_MAKER;VEV_4000;XIRECS;1273.0;3
79200;BOT_TAKER;BOT_MAKER;VEV_5300;XIRECS;36.0;5
79300;BOT_TAKER;BOT_MAKER;HYDROGEL_PACK;XIRECS;9945.0;2
79300;BOT_MAKER;BOT_TAKER;VEV_6000;XIRECS;0.0;2
79300;SUBMISSION;BOT_TAKER;ASH_COATED_OSMIUM;XIRECS;9994.0;2
79500;BOT_MAKER;BOT_TAKER;HYDROGEL_PACK;XIRECS;9931.0;2
79500;BOT_MAKER;BOT_TAKER;VEV_6000;XIRECS;0.0;4
79600;BOT_TAKER;BOT_MAKER;VELVETFRUIT_EXTRACT;XIRECS;5225.0;8
79700;BOT_MAKER;BOT_TAKER;VELVETFRUIT_EXTRACT;XIRECS;5221.0;4
79700;BOT_TAKER;SUBMISSION;ASH_COATED_OSMIUM;XIRECS;10007.0;9
79700;BOT_TAKER;SUBMISSION;HYDROGEL_PACK;XIRECS;9943.0;2
79800;BOT_TAKER;BOT_MAKER;VEV_4000;XIRECS;1270.0;3
79800;BOT_MAKER;BOT_TAKER;VEV_5400;XIRECS;18.0;5
79800;BOT_TAKER;SUBMISSION;VELVETFRUIT_EXTRACT;XIRECS;5226.0;4
79900;BOT_MAKER;BOT_TAKER;HYDROGEL_PACK;XIRECS;9930.0;6
80000;BOT_TAKER;BOT_MAKER;VELVETFRUIT_EXTRACT;XIRECS;5224.0;5
80200;BOT_MAKER;BOT_TAKER;HYDROGEL_PACK;XIRECS;9934.0;5
80200;BOT_MAKER;BOT_TAKER;VELVETFRUIT_EXTRACT;XIRECS;5217.0;5
80200;BOT_MAKER;BOT_TAKER;VEV_5400;XIRECS;17.0;2
80200;BOT_TAKER;BOT_MAKER;VEV_5500;XIRECS;10.0;3
80200;BOT_MAKER;BOT_TAKER;VEV_6500;XIRECS;0.0;5
80400;BOT_MAKER;BOT_TAKER;VELVETFRUIT_EXTRACT;XIRECS;5219.0;8
80600;BOT_MAKER;BOT_TAKER;HYDROGEL_PACK;XIRECS;9932.0;6
80600;BOT_MAKER;BOT_TAKER;VELVETFRUIT_EXTRACT;XIRECS;5217.0;8
80600;BOT_TAKER;BOT_MAKER;VEV_6500;XIRECS;1.0;5
80600;SUBMISSION;BOT_TAKER;VELVETFRUIT_EXTRACT;XIRECS;5218.0;3
80700;BOT_TAKER;SUBMISSION;HYDROGEL_PACK;XIRECS;9951.0;2
80900;BOT_TAKER;BOT_MAKER;VEV_5400;XIRECS;20.0;4
81000;BOT_TAKER;BOT_MAKER;VELVETFRUIT_EXTRACT;XIRECS;5223.0;8
81000;BOT_MAKER;BOT_TAKER;VEV_5200;XIRECS;76.0;2
81100;BOT_MAKER;BOT_TAKER;VELVETFRUIT_EXTRACT;XIRECS;5218.0;3
81100;BOT_MAKER;BOT_TAKER;VEV_4000;XIRECS;1250.0;2
81200;BOT_TAKER;BOT_MAKER;VELVETFRUIT_EXTRACT;XIRECS;5222.0;4
81200;BOT_TAKER;BOT_MAKER;VEV_5400;XIRECS;19.0;5
81500;BOT_TAKER;BOT_MAKER;VELVETFRUIT_EXTRACT;XIRECS;5220.0;4
81600;BOT_MAKER;BOT_TAKER;VEV_6000;XIRECS;0.0;5
81700;BOT_TAKER;BOT_MAKER;ASH_COATED_OSMIUM;XIRECS;10008.0;2
81700;BOT_TAKER;BOT_MAKER;VEV_4000;XIRECS;1273.0;3
81800;BOT_MAKER;BOT_TAKER;HYDROGEL_PACK;XIRECS;9939.0;6
81800;BOT_TAKER;BOT_MAKER;VEV_6000;XIRECS;1.0;2
81900;BOT_MAKER;BOT_TAKER;VELVETFRUIT_EXTRACT;XIRECS;5218.0;7
82000;BOT_TAKER;BOT_MAKER;HYDROGEL_PACK;XIRECS;9959.0;4
82100;BOT_MAKER;BOT_TAKER;HYDROGEL_PACK;XIRECS;9942.0;4
82100;BOT_TAKER;BOT_MAKER;VEV_5500;XIRECS;10.0;4
82100;BOT_MAKER;BOT_TAKER;VEV_6000;XIRECS;0.0;4
82200;BOT_TAKER;BOT_MAKER;INTARIAN_PEPPER_ROOT;XIRECS;13189.0;4
82300;BOT_TAKER;BOT_MAKER;HYDROGEL_PACK;XIRECS;9959.0;4
82300;BOT_TAKER;BOT_MAKER;VEV_4000;XIRECS;1272.0;3
82300;BOT_TAKER;BOT_MAKER;VEV_5500;XIRECS;10.0;4
82300;BOT;SUBMISSION;ASH_COATED_OSMIUM;XIRECS;10001.0;9
82300;SUBMISSION;BOT_TAKER;VEV_4000;XIRECS;1252.0;1
82400;BOT_TAKER;BOT_MAKER;HYDROGEL_PACK;XIRECS;9957.0;4
82400;BOT_MAKER;BOT_TAKER;VELVETFRUIT_EXTRACT;XIRECS;5218.0;11
82500;BOT_MAKER;BOT_TAKER;ASH_COATED_OSMIUM;XIRECS;9990.0;3
82500;BOT_MAKER;BOT_TAKER;HYDROGEL_PACK;XIRECS;9941.0;6
82500;BOT_MAKER;BOT_TAKER;VEV_5400;XIRECS;17.0;3
82600;BOT_MAKER;BOT_TAKER;HYDROGEL_PACK;XIRECS;9939.0;4
82600;BOT_MAKER;BOT_TAKER;HYDROGEL_PACK;XIRECS;9939.0;2
82600;BOT_TAKER;BOT_MAKER;VELVETFRUIT_EXTRACT;XIRECS;5222.0;8
82700;BOT_TAKER;BOT_MAKER;VELVETFRUIT_EXTRACT;XIRECS;5224.0;7
82800;BOT_MAKER;BOT_TAKER;VELVETFRUIT_EXTRACT;XIRECS;5219.0;5
82900;BOT_TAKER;BOT_MAKER;HYDROGEL_PACK;XIRECS;9957.0;6
82900;BOT_TAKER;BOT_MAKER;VEV_4000;XIRECS;1270.0;1
82900;BOT_TAKER;BOT_MAKER;VEV_6000;XIRECS;1.0;3
82900;SUBMISSION;BOT_TAKER;VELVETFRUIT_EXTRACT;XIRECS;5220.0;5
83100;BOT_MAKER;BOT_TAKER;VELVETFRUIT_EXTRACT;XIRECS;5217.0;4
83100;BOT_TAKER;BOT_MAKER;VELVETFRUIT_EXTRACT;XIRECS;5222.0;5
83100;BOT_MAKER;BOT_TAKER;VEV_4000;XIRECS;1249.0;1
83100;BOT_TAKER;SUBMISSION;VELVETFRUIT_EXTRACT;XIRECS;5221.0;5
83100;BOT_TAKER;BOT_MAKER;VELVETFRUIT_EXTRACT;XIRECS;5222.0;2
83200;BOT_MAKER;BOT_TAKER;ASH_COATED_OSMIUM;XIRECS;9991.0;8
83300;BOT_TAKER;BOT_MAKER;HYDROGEL_PACK;XIRECS;9952.0;2
83300;BOT_TAKER;BOT_MAKER;VELVETFRUIT_EXTRACT;XIRECS;5223.0;3
83400;BOT_TAKER;BOT_MAKER;HYDROGEL_PACK;XIRECS;9951.0;2
83400;BOT_TAKER;BOT_MAKER;VEV_5400;XIRECS;20.0;4
83400;BOT_TAKER;SUBMISSION;HYDROGEL_PACK;XIRECS;9950.0;3
83600;BOT_MAKER;BOT_TAKER;VELVETFRUIT_EXTRACT;XIRECS;5218.0;7
83600;SUBMISSION;BOT_TAKER;ASH_COATED_OSMIUM;XIRECS;9991.0;2
83700;SUBMISSION;BOT_TAKER;ASH_COATED_OSMIUM;XIRECS;9991.0;6
83700;SUBMISSION;BOT_TAKER;VELVETFRUIT_EXTRACT;XIRECS;5218.0;5
83700;BOT_MAKER;BOT_TAKER;VELVETFRUIT_EXTRACT;XIRECS;5217.0;1
83900;BOT_TAKER;BOT_MAKER;VELVETFRUIT_EXTRACT;XIRECS;5223.0;10
83900;BOT;SUBMISSION;ASH_COATED_OSMIUM;XIRECS;10000.0;9
83900;BOT_TAKER;SUBMISSION;ASH_COATED_OSMIUM;XIRECS;10005.0;4
84000;BOT_MAKER;BOT_TAKER;VELVETFRUIT_EXTRACT;XIRECS;5220.0;4
84000;BOT_TAKER;BOT_MAKER;VEV_6500;XIRECS;1.0;4
84100;BOT_MAKER;BOT_TAKER;HYDROGEL_PACK;XIRECS;9922.0;5
84100;BOT_MAKER;BOT_TAKER;VELVETFRUIT_EXTRACT;XIRECS;5221.0;5
84100;BOT_MAKER;BOT_TAKER;VEV_5500;XIRECS;9.0;4
84100;SUBMISSION;BOT_TAKER;ASH_COATED_OSMIUM;XIRECS;9989.0;8
84200;BOT_TAKER;BOT_MAKER;HYDROGEL_PACK;XIRECS;9941.0;2
84200;BOT_TAKER;BOT_MAKER;VELVETFRUIT_EXTRACT;XIRECS;5226.0;4
84200;SUBMISSION;BOT_TAKER;HYDROGEL_PACK;XIRECS;9926.0;2
84300;BOT_TAKER;SUBMISSION;ASH_COATED_OSMIUM;XIRECS;10006.0;4
84400;BOT_TAKER;BOT_MAKER;HYDROGEL_PACK;XIRECS;9941.0;3
84400;BOT_MAKER;BOT_TAKER;VELVETFRUIT_EXTRACT;XIRECS;5220.0;6
84500;BOT_TAKER;BOT_MAKER;HYDROGEL_PACK;XIRECS;9939.0;6
84500;BOT_TAKER;BOT_MAKER;VEV_6500;XIRECS;1.0;2
84500;SUBMISSION;BOT_TAKER;ASH_COATED_OSMIUM;XIRECS;9992.0;6
84700;SUBMISSION;BOT_TAKER;VELVETFRUIT_EXTRACT;XIRECS;5219.0;5
84700;BOT_MAKER;BOT_TAKER;VELVETFRUIT_EXTRACT;XIRECS;5218.0;1
84800;BOT_MAKER;BOT_TAKER;VELVETFRUIT_EXTRACT;XIRECS;5218.0;7
84800;BOT_MAKER;BOT_TAKER;VEV_5500;XIRECS;9.0;2
84900;BOT_MAKER;BOT_TAKER;ASH_COATED_OSMIUM;XIRECS;9991.0;2
84900;BOT_MAKER;BOT_TAKER;HYDROGEL_PACK;XIRECS;9921.0;6
85000;BOT_TAKER;BOT_MAKER;HYDROGEL_PACK;XIRECS;9936.0;2
85000;BOT_TAKER;BOT_MAKER;VEV_4000;XIRECS;1280.0;2
85100;BOT_MAKER;BOT_TAKER;HYDROGEL_PACK;XIRECS;9921.0;5
85100;BOT_TAKER;BOT_MAKER;VELVETFRUIT_EXTRACT;XIRECS;5220.0;4
85100;BOT_MAKER;BOT_TAKER;VEV_6000;XIRECS;0.0;5
85100;BOT_TAKER;SUBMISSION;INTARIAN_PEPPER_ROOT;XIRECS;13193.0;8
85200;BOT_MAKER;BOT_TAKER;VELVETFRUIT_EXTRACT;XIRECS;5215.0;4
85200;SUBMISSION;BOT;INTARIAN_PEPPER_ROOT;XIRECS;13192.0;8
85300;BOT_TAKER;BOT_MAKER;VELVETFRUIT_EXTRACT;XIRECS;5221.0;8
85300;BOT_TAKER;BOT_MAKER;VEV_6000;XIRECS;1.0;5
85300;BOT_TAKER;SUBMISSION;HYDROGEL_PACK;XIRECS;9930.0;2
85500;BOT_MAKER;BOT_TAKER;VELVETFRUIT_EXTRACT;XIRECS;5215.0;12
85500;BOT_TAKER;BOT_MAKER;VEV_5300;XIRECS;38.0;4
85500;SUBMISSION;BOT_TAKER;HYDROGEL_PACK;XIRECS;9916.0;4
85600;BOT_TAKER;BOT_MAKER;VELVETFRUIT_EXTRACT;XIRECS;5221.0;5
85700;BOT_TAKER;BOT_MAKER;HYDROGEL_PACK;XIRECS;9934.0;4
85700;BOT_MAKER;BOT_TAKER;VEV_6000;XIRECS;0.0;5
85700;SUBMISSION;BOT_TAKER;VELVETFRUIT_EXTRACT;XIRECS;5215.0;5
85700;BOT_MAKER;BOT_TAKER;VELVETFRUIT_EXTRACT;XIRECS;5214.0;3
85800;BOT_TAKER;BOT_MAKER;VELVETFRUIT_EXTRACT;XIRECS;5220.0;4
85800;BOT_TAKER;BOT_MAKER;VEV_4000;XIRECS;1280.0;1
85800;BOT_MAKER;BOT_TAKER;VEV_5500;XIRECS;9.0;2
86100;BOT_TAKER;BOT_MAKER;HYDROGEL_PACK;XIRECS;9932.0;6
86200;BOT_TAKER;BOT_MAKER;VELVETFRUIT_EXTRACT;XIRECS;5220.0;8
86300;BOT_MAKER;BOT_TAKER;VELVETFRUIT_EXTRACT;XIRECS;5214.0;3
86300;SUBMISSION;BOT;ASH_COATED_OSMIUM;XIRECS;9996.0;5
86300;BOT_TAKER;SUBMISSION;VEV_4000;XIRECS;1280.0;3
86400;BOT_TAKER;BOT_MAKER;HYDROGEL_PACK;XIRECS;9927.0;3
86400;BOT_MAKER;BOT_TAKER;VELVETFRUIT_EXTRACT;XIRECS;5214.0;4
86400;BOT_MAKER;BOT_TAKER;VEV_6000;XIRECS;0.0;2
86500;BOT_TAKER;BOT_MAKER;VELVETFRUIT_EXTRACT;XIRECS;5218.0;4
86500;BOT_MAKER;BOT_TAKER;VEV_5400;XIRECS;17.0;5
86500;BOT_TAKER;BOT_MAKER;VEV_6000;XIRECS;1.0;4
86600;BOT_TAKER;BOT_MAKER;HYDROGEL_PACK;XIRECS;9925.0;3
86600;BOT_TAKER;BOT_MAKER;VELVETFRUIT_EXTRACT;XIRECS;5218.0;8
86700;BOT_TAKER;BOT_MAKER;VELVETFRUIT_EXTRACT;XIRECS;5218.0;5
86700;BOT_MAKER;BOT_TAKER;VEV_5300;XIRECS;34.0;2
86800;BOT_TAKER;BOT_MAKER;VELVETFRUIT_EXTRACT;XIRECS;5219.0;6
86900;BOT_MAKER;BOT_TAKER;HYDROGEL_PACK;XIRECS;9909.0;2
86900;BOT_TAKER;BOT_MAKER;VEV_6000;XIRECS;1.0;4
86900;BOT_MAKER;BOT_TAKER;VEV_6500;XIRECS;0.0;3
87100;BOT_TAKER;BOT_MAKER;VELVETFRUIT_EXTRACT;XIRECS;5218.0;6
87200;BOT_TAKER;BOT_MAKER;VEV_4000;XIRECS;1281.0;1
87300;BOT_TAKER;BOT_MAKER;VEV_5500;XIRECS;10.0;4
87300;BOT_TAKER;SUBMISSION;HYDROGEL_PACK;XIRECS;9920.0;2
87400;BOT_MAKER;BOT_TAKER;VELVETFRUIT_EXTRACT;XIRECS;5212.0;8
87500;BOT_TAKER;BOT_MAKER;HYDROGEL_PACK;XIRECS;9921.0;5
87600;BOT_MAKER;BOT_TAKER;VELVETFRUIT_EXTRACT;XIRECS;5213.0;7
87800;BOT_MAKER;BOT_TAKER;HYDROGEL_PACK;XIRECS;9900.0;4
87800;SUBMISSION;BOT_TAKER;VELVETFRUIT_EXTRACT;XIRECS;5214.0;5
87900;BOT_MAKER;BOT_TAKER;VELVETFRUIT_EXTRACT;XIRECS;5212.0;5
88100;BOT_MAKER;BOT_TAKER;VELVETFRUIT_EXTRACT;XIRECS;5216.0;7
88200;BOT_MAKER;BOT_TAKER;HYDROGEL_PACK;XIRECS;9900.0;2
88200;BOT_MAKER;BOT_TAKER;VEV_4000;XIRECS;1262.0;3
88200;BOT_MAKER;BOT_TAKER;VEV_4000;XIRECS;1262.0;2
88300;BOT_MAKER;BOT_TAKER;VEV_6500;XIRECS;0.0;4
88300;BOT_TAKER;BOT_MAKER;VEV_6500;XIRECS;1.0;3
88400;BOT_MAKER;BOT_TAKER;HYDROGEL_PACK;XIRECS;9898.0;4
88400;BOT_TAKER;BOT_MAKER;VELVETFRUIT_EXTRACT;XIRECS;5220.0;5
88400;BOT_TAKER;BOT_MAKER;VEV_6000;XIRECS;1.0;4
88500;BOT_TAKER;BOT_MAKER;ASH_COATED_OSMIUM;XIRECS;10008.0;6
88500;BOT_MAKER;BOT_TAKER;VELVETFRUIT_EXTRACT;XIRECS;5216.0;4
88500;BOT_MAKER;BOT_TAKER;VEV_6500;XIRECS;0.0;2
88600;BOT_TAKER;BOT_MAKER;HYDROGEL_PACK;XIRECS;9912.0;6
88700;BOT_TAKER;BOT_MAKER;VELVETFRUIT_EXTRACT;XIRECS;5222.0;5
88700;BOT_TAKER;BOT_MAKER;VELVETFRUIT_EXTRACT;XIRECS;5222.0;7
88800;BOT_MAKER;BOT_TAKER;HYDROGEL_PACK;XIRECS;9894.0;2
88800;BOT_MAKER;BOT_TAKER;VEV_5500;XIRECS;8.0;3
88900;BOT_MAKER;BOT_TAKER;HYDROGEL_PACK;XIRECS;9897.0;6
88900;BOT_TAKER;BOT_MAKER;VEV_6000;XIRECS;1.0;3
89000;BOT_MAKER;BOT_TAKER;VELVETFRUIT_EXTRACT;XIRECS;5214.0;4
89000;BOT_TAKER;BOT_MAKER;VEV_4000;XIRECS;1280.0;3
89200;BOT_MAKER;BOT_TAKER;HYDROGEL_PACK;XIRECS;9901.0;4
89200;BOT_MAKER;BOT_TAKER;VEV_6500;XIRECS;0.0;5
89200;BOT_TAKER;SUBMISSION;VEV_4000;XIRECS;1279.0;2
89400;BOT_MAKER;BOT_TAKER;HYDROGEL_PACK;XIRECS;9900.0;4
89400;BOT_TAKER;BOT_MAKER;VEV_4000;XIRECS;1279.0;3
89500;BOT_MAKER;BOT_TAKER;HYDROGEL_PACK;XIRECS;9898.0;2
89600;BOT_MAKER;BOT_TAKER;VELVETFRUIT_EXTRACT;XIRECS;5213.0;3
89600;BOT_TAKER;SUBMISSION;HYDROGEL_PACK;XIRECS;9914.0;5
89700;BOT_TAKER;BOT_MAKER;HYDROGEL_PACK;XIRECS;9912.0;6
89700;BOT_TAKER;BOT_MAKER;VELVETFRUIT_EXTRACT;XIRECS;5219.0;4
89900;BOT_TAKER;BOT_MAKER;VELVETFRUIT_EXTRACT;XIRECS;5220.0;7
89900;BOT_TAKER;BOT_MAKER;VEV_5400;XIRECS;21.0;3
89900;BOT_TAKER;BOT_MAKER;VEV_6500;XIRECS;1.0;5
90000;BOT_TAKER;BOT_MAKER;HYDROGEL_PACK;XIRECS;9912.0;3
90000;BOT_MAKER;BOT_TAKER;VELVETFRUIT_EXTRACT;XIRECS;5214.0;4
90000;BOT_TAKER;BOT_MAKER;VEV_6000;XIRECS;1.0;2
90100;BOT_TAKER;BOT_MAKER;HYDROGEL_PACK;XIRECS;9909.0;4
90100;BOT_MAKER;BOT_TAKER;VELVETFRUIT_EXTRACT;XIRECS;5215.0;4
90100;BOT_MAKER;BOT_TAKER;VEV_4000;XIRECS;1255.0;2
90100;BOT_TAKER;BOT_MAKER;VEV_5400;XIRECS;20.0;3
90100;BOT_TAKER;SUBMISSION;VELVETFRUIT_EXTRACT;XIRECS;5220.0;5
90100;BOT_TAKER;BOT_MAKER;VELVETFRUIT_EXTRACT;XIRECS;5221.0;1
90100;SUBMISSION;BOT_TAKER;VEV_4500;XIRECS;708.0;1
90200;BOT_MAKER;BOT_TAKER;ASH_COATED_OSMIUM;XIRECS;9991.0;4
90200;BOT_TAKER;BOT_MAKER;VELVETFRUIT_EXTRACT;XIRECS;5220.0;7
90200;SUBMISSION;BOT_TAKER;VELVETFRUIT_EXTRACT;XIRECS;5216.0;5
90200;BOT_MAKER;BOT_TAKER;VELVETFRUIT_EXTRACT;XIRECS;5215.0;2
90300;BOT_TAKER;BOT_MAKER;HYDROGEL_PACK;XIRECS;9911.0;6
90400;BOT_TAKER;BOT_MAKER;HYDROGEL_PACK;XIRECS;9911.0;4
90400;BOT_MAKER;BOT_TAKER;VELVETFRUIT_EXTRACT;XIRECS;5215.0;3
90400;BOT_TAKER;SUBMISSION;VELVETFRUIT_EXTRACT;XIRECS;5220.0;5
90400;BOT_TAKER;BOT_MAKER;VELVETFRUIT_EXTRACT;XIRECS;5221.0;1
90600;BOT_MAKER;BOT_TAKER;VELVETFRUIT_EXTRACT;XIRECS;5216.0;3
90600;BOT_TAKER;BOT_MAKER;VEV_6500;XIRECS;1.0;5
90700;BOT_TAKER;BOT_MAKER;HYDROGEL_PACK;XIRECS;9911.0;4
90700;BOT_MAKER;BOT_TAKER;HYDROGEL_PACK;XIRECS;9895.0;6
90700;BOT_TAKER;BOT_MAKER;VELVETFRUIT_EXTRACT;XIRECS;5223.0;6
90700;BOT_MAKER;BOT_TAKER;VEV_4000;XIRECS;1252.0;2
90800;BOT_TAKER;BOT_MAKER;HYDROGEL_PACK;XIRECS;9911.0;2
90800;BOT_MAKER;BOT_TAKER;VEV_4000;XIRECS;1252.0;1
90900;BOT_MAKER;BOT_TAKER;HYDROGEL_PACK;XIRECS;9896.0;3
91000;BOT_MAKER;BOT_TAKER;VELVETFRUIT_EXTRACT;XIRECS;5216.0;5
91000;SUBMISSION;BOT;ASH_COATED_OSMIUM;XIRECS;9998.0;9
91100;BOT_MAKER;BOT_TAKER;VELVETFRUIT_EXTRACT;XIRECS;5216.0;8
91200;BOT_TAKER;BOT_MAKER;VEV_6000;XIRECS;1.0;3
91200;BOT_MAKER;BOT_TAKER;VEV_6500;XIRECS;0.0;4
91300;BOT_TAKER;BOT_MAKER;VEV_4000;XIRECS;1275.0;1
91400;BOT_TAKER;BOT_MAKER;VEV_6000;XIRECS;1.0;5
91500;BOT_MAKER;BOT_TAKER;VEV_6000;XIRECS;0.0;2
91500;SUBMISSION;BOT_TAKER;VELVETFRUIT_EXTRACT;XIRECS;5217.0;5
91500;BOT_MAKER;BOT_TAKER;VELVETFRUIT_EXTRACT;XIRECS;5216.0;1
91600;BOT_MAKER;BOT_TAKER;VELVETFRUIT_EXTRACT;XIRECS;5216.0;4
91700;BOT_TAKER;BOT_MAKER;HYDROGEL_PACK;XIRECS;9918.0;3
91800;BOT_TAKER;BOT_MAKER;HYDROGEL_PACK;XIRECS;9915.0;3
91800;BOT_MAKER;BOT_TAKER;VELVETFRUIT_EXTRACT;XIRECS;5218.0;6
91900;BOT_TAKER;BOT_MAKER;HYDROGEL_PACK;XIRECS;9916.0;2
92000;BOT_MAKER;BOT_TAKER;VELVETFRUIT_EXTRACT;XIRECS;5216.0;6
92000;BOT_MAKER;BOT_TAKER;VEV_4000;XIRECS;1255.0;3
92000;BOT_MAKER;BOT_TAKER;VEV_5400;XIRECS;18.0;4
92100;BOT_MAKER;BOT_TAKER;HYDROGEL_PACK;XIRECS;9901.0;4
92100;BOT_MAKER;BOT_TAKER;VELVETFRUIT_EXTRACT;XIRECS;5215.0;8
92100;BOT_TAKER;BOT_MAKER;VEV_4000;XIRECS;1275.0;1
92200;SUBMISSION;BOT_TAKER;HYDROGEL_PACK;XIRECS;9900.0;3
92300;BOT_TAKER;BOT_MAKER;HYDROGEL_PACK;XIRECS;9915.0;6
92300;BOT_MAKER;BOT_TAKER;VELVETFRUIT_EXTRACT;XIRECS;5213.0;4
92400;BOT_TAKER;BOT_MAKER;ASH_COATED_OSMIUM;XIRECS;10007.0;5
92400;BOT_MAKER;BOT_TAKER;HYDROGEL_PACK;XIRECS;9899.0;5
92400;BOT_MAKER;BOT_TAKER;VELVETFRUIT_EXTRACT;XIRECS;5212.0;5
92400;SUBMISSION;BOT_TAKER;VELVETFRUIT_EXTRACT;XIRECS;5213.0;4
92400;SUBMISSION;BOT_TAKER;VEV_4000;XIRECS;1256.0;1
92600;BOT_TAKER;BOT_MAKER;HYDROGEL_PACK;XIRECS;9919.0;2
92600;BOT_TAKER;BOT_MAKER;VELVETFRUIT_EXTRACT;XIRECS;5217.0;8
92700;BOT_MAKER;BOT_TAKER;VELVETFRUIT_EXTRACT;XIRECS;5213.0;6
92700;BOT_MAKER;BOT_TAKER;VEV_4000;XIRECS;1256.0;2
92700;SUBMISSION;BOT_TAKER;HYDROGEL_PACK;XIRECS;9903.0;5
92700;BOT_MAKER;BOT_TAKER;HYDROGEL_PACK;XIRECS;9902.0;1
92900;BOT_TAKER;BOT_MAKER;HYDROGEL_PACK;XIRECS;9920.0;4
92900;BOT_MAKER;BOT_TAKER;VELVETFRUIT_EXTRACT;XIRECS;5214.0;3
92900;BOT_TAKER;BOT_MAKER;VEV_4000;XIRECS;1276.0;3
92900;BOT_TAKER;BOT_MAKER;VEV_5500;XIRECS;10.0;4
92900;BOT_TAKER;SUBMISSION;VELVETFRUIT_EXTRACT;XIRECS;5218.0;5
92900;BOT_TAKER;BOT_MAKER;VELVETFRUIT_EXTRACT;XIRECS;5219.0;3
93000;BOT_MAKER;BOT_TAKER;HYDROGEL_PACK;XIRECS;9904.0;4
93100;BOT_TAKER;BOT_MAKER;VEV_6500;XIRECS;1.0;3
93300;BOT_MAKER;BOT_TAKER;HYDROGEL_PACK;XIRECS;9904.0;5
93300;BOT_TAKER;BOT_MAKER;VEV_5500;XIRECS;10.0;3
93400;BOT_TAKER;BOT_MAKER;VELVETFRUIT_EXTRACT;XIRECS;5224.0;6
93500;BOT_TAKER;BOT_MAKER;HYDROGEL_PACK;XIRECS;9920.0;3
93500;BOT_MAKER;BOT_TAKER;INTARIAN_PEPPER_ROOT;XIRECS;13186.0;7
93500;BOT_MAKER;BOT_TAKER;VELVETFRUIT_EXTRACT;XIRECS;5220.0;5
93600;BOT_MAKER;BOT_TAKER;HYDROGEL_PACK;XIRECS;9899.0;4
93700;BOT_MAKER;BOT_TAKER;HYDROGEL_PACK;XIRECS;9896.0;4
93700;BOT_MAKER;BOT_TAKER;VEV_4000;XIRECS;1259.0;2
93800;BOT_MAKER;BOT_TAKER;VELVETFRUIT_EXTRACT;XIRECS;5216.0;5
93900;BOT_MAKER;BOT_TAKER;VEV_4000;XIRECS;1258.0;2
93900;BOT_TAKER;SUBMISSION;VELVETFRUIT_EXTRACT;XIRECS;5219.0;5
93900;BOT_TAKER;BOT_MAKER;VELVETFRUIT_EXTRACT;XIRECS;5220.0;1
94000;BOT_MAKER;BOT_TAKER;VEV_4000;XIRECS;1259.0;1
94100;BOT_TAKER;BOT_MAKER;VELVETFRUIT_EXTRACT;XIRECS;5218.0;4
94100;BOT_MAKER;BOT_TAKER;VEV_6500;XIRECS;0.0;2
94100;BOT_TAKER;SUBMISSION;ASH_COATED_OSMIUM;XIRECS;10006.0;2
94100;SUBMISSION;BOT_TAKER;VEV_4000;XIRECS;1261.0;3
94200;BOT_TAKER;BOT_MAKER;VEV_6000;XIRECS;1.0;2
94300;BOT_TAKER;BOT_MAKER;VELVETFRUIT_EXTRACT;XIRECS;5220.0;7
94500;BOT_MAKER;BOT_TAKER;VEV_4000;XIRECS;1263.0;1
94500;BOT_MAKER;BOT_TAKER;VEV_5500;XIRECS;8.0;5
94600;BOT_TAKER;BOT_MAKER;VELVETFRUIT_EXTRACT;XIRECS;5221.0;6
94600;BOT_TAKER;BOT_MAKER;VEV_4000;XIRECS;1285.0;3
94600;BOT_TAKER;BOT_MAKER;VEV_6000;XIRECS;1.0;2
94900;BOT_TAKER;BOT_MAKER;VELVETFRUIT_EXTRACT;XIRECS;5218.0;8
95100;BOT_TAKER;BOT_MAKER;VEV_5400;XIRECS;20.0;3
95100;BOT_TAKER;SUBMISSION;ASH_COATED_OSMIUM;XIRECS;10010.0;2
95200;BOT_TAKER;BOT_MAKER;HYDROGEL_PACK;XIRECS;9910.0;4
95200;BOT_TAKER;BOT_MAKER;VEV_5400;XIRECS;20.0;5
95300;BOT_TAKER;BOT_MAKER;VELVETFRUIT_EXTRACT;XIRECS;5218.0;10
95300;BOT_TAKER;SUBMISSION;VELVETFRUIT_EXTRACT;XIRECS;5217.0;3
95400;BOT_TAKER;SUBMISSION;VELVETFRUIT_EXTRACT;XIRECS;5219.0;3
95600;BOT_TAKER;BOT_MAKER;HYDROGEL_PACK;XIRECS;9908.0;2
95700;BOT_TAKER;BOT_MAKER;HYDROGEL_PACK;XIRECS;9908.0;6
95700;BOT_MAKER;BOT_TAKER;VEV_5500;XIRECS;8.0;3
95800;BOT_MAKER;BOT_TAKER;HYDROGEL_PACK;XIRECS;9895.0;2
95800;BOT_TAKER;BOT_MAKER;VEV_4000;XIRECS;1289.0;3
95900;BOT_TAKER;BOT_MAKER;VEV_4000;XIRECS;1287.0;3
95900;SUBMISSION;BOT_TAKER;VELVETFRUIT_EXTRACT;XIRECS;5213.0;5
95900;BOT_MAKER;BOT_TAKER;VELVETFRUIT_EXTRACT;XIRECS;5212.0;2
96000;BOT_TAKER;BOT_MAKER;HYDROGEL_PACK;XIRECS;9917.0;2
96000;BOT_TAKER;BOT_MAKER;VELVETFRUIT_EXTRACT;XIRECS;5219.0;6
96000;BOT_TAKER;SUBMISSION;VEV_4000;XIRECS;1287.0;2
96100;BOT_MAKER;BOT_TAKER;VELVETFRUIT_EXTRACT;XIRECS;5213.0;7
96100;BOT_TAKER;SUBMISSION;VELVETFRUIT_EXTRACT;XIRECS;5217.0;5
96100;BOT_TAKER;BOT_MAKER;VELVETFRUIT_EXTRACT;XIRECS;5218.0;3
96200;BOT_MAKER;BOT_TAKER;HYDROGEL_PACK;XIRECS;9898.0;4
96300;BOT_MAKER;BOT_TAKER;HYDROGEL_PACK;XIRECS;9899.0;6
96300;BOT_TAKER;BOT_MAKER;VEV_4000;XIRECS;1286.0;3
96400;BOT_MAKER;BOT_TAKER;HYDROGEL_PACK;XIRECS;9897.0;6
96400;BOT_TAKER;BOT_MAKER;VEV_5400;XIRECS;21.0;5
96600;BOT_MAKER;BOT_TAKER;VEV_4000;XIRECS;1267.0;1
96700;BOT_TAKER;BOT_MAKER;HYDROGEL_PACK;XIRECS;9913.0;4
96700;SUBMISSION;BOT;ASH_COATED_OSMIUM;XIRECS;9998.0;4
96700;BOT_TAKER;SUBMISSION;HYDROGEL_PACK;XIRECS;9912.0;2
96800;BOT_TAKER;BOT_MAKER;INTARIAN_PEPPER_ROOT;XIRECS;13204.0;7
96800;BOT_MAKER;BOT_TAKER;VEV_6500;XIRECS;0.0;2
96900;BOT_MAKER;BOT_TAKER;VELVETFRUIT_EXTRACT;XIRECS;5210.0;7
96900;BOT_MAKER;BOT_TAKER;VEV_5400;XIRECS;18.0;4
97000;BOT_MAKER;BOT_TAKER;HYDROGEL_PACK;XIRECS;9893.0;4
97000;BOT_TAKER;BOT_MAKER;VELVETFRUIT_EXTRACT;XIRECS;5215.0;5
97000;BOT_MAKER;BOT_TAKER;VEV_6000;XIRECS;0.0;3
97000;SUBMISSION;BOT_TAKER;VELVETFRUIT_EXTRACT;XIRECS;5211.0;5
97100;BOT_MAKER;BOT_TAKER;VEV_5400;XIRECS;18.0;3
97200;BOT_MAKER;BOT_TAKER;HYDROGEL_PACK;XIRECS;9898.0;6
97200;BOT_TAKER;BOT_MAKER;VELVETFRUIT_EXTRACT;XIRECS;5215.0;5
97200;BOT_TAKER;BOT_MAKER;VEV_4000;XIRECS;1288.0;2
97300;BOT_TAKER;BOT_MAKER;VELVETFRUIT_EXTRACT;XIRECS;5215.0;6
97300;BOT_TAKER;BOT_MAKER;VEV_6500;XIRECS;1.0;4
97400;BOT_MAKER;BOT_TAKER;VEV_4000;XIRECS;1268.0;2
97600;SUBMISSION;BOT_TAKER;ASH_COATED_OSMIUM;XIRECS;9994.0;4
97700;BOT_MAKER;BOT_TAKER;VEV_5400;XIRECS;19.0;5
97800;BOT_TAKER;BOT_MAKER;HYDROGEL_PACK;XIRECS;9914.0;2
97800;BOT_TAKER;SUBMISSION;ASH_COATED_OSMIUM;XIRECS;10011.0;4
97900;BOT_MAKER;BOT_TAKER;VELVETFRUIT_EXTRACT;XIRECS;5211.0;6
97900;SUBMISSION;BOT;ASH_COATED_OSMIUM;XIRECS;9998.0;10
97900;SUBMISSION;BOT_TAKER;HYDROGEL_PACK;XIRECS;9900.0;4
98000;BOT_TAKER;BOT_MAKER;VELVETFRUIT_EXTRACT;XIRECS;5216.0;6
98000;BOT_TAKER;BOT_MAKER;VEV_4000;XIRECS;1287.0;3
98000;BOT_TAKER;BOT_MAKER;VEV_6500;XIRECS;1.0;2
98100;BOT_TAKER;BOT_MAKER;VEV_4000;XIRECS;1287.0;1
98200;BOT_MAKER;BOT_TAKER;VELVETFRUIT_EXTRACT;XIRECS;5208.0;3
98200;BOT_MAKER;BOT_TAKER;VEV_6000;XIRECS;0.0;5
98200;BOT_TAKER;SUBMISSION;ASH_COATED_OSMIUM;XIRECS;10010.0;5
98300;BOT_TAKER;BOT_MAKER;ASH_COATED_OSMIUM;XIRECS;10010.0;7
98300;BOT_MAKER;BOT_TAKER;VEV_4000;XIRECS;1268.0;3
98300;SUBMISSION;BOT_TAKER;ASH_COATED_OSMIUM;XIRECS;9995.0;6
98400;BOT_TAKER;BOT_MAKER;VELVETFRUIT_EXTRACT;XIRECS;5215.0;6
98500;BOT_MAKER;BOT_TAKER;VELVETFRUIT_EXTRACT;XIRECS;5210.0;10
98500;BOT_MAKER;BOT_TAKER;VEV_4000;XIRECS;1268.0;2
98600;BOT_MAKER;BOT_TAKER;VEV_6000;XIRECS;0.0;3
98700;BOT_MAKER;BOT_TAKER;ASH_COATED_OSMIUM;XIRECS;9994.0;6
98700;BOT_MAKER;BOT_TAKER;VELVETFRUIT_EXTRACT;XIRECS;5210.0;7
98700;SUBMISSION;BOT_TAKER;VELVETFRUIT_EXTRACT;XIRECS;5211.0;5
98700;BOT_MAKER;BOT_TAKER;VELVETFRUIT_EXTRACT;XIRECS;5210.0;3
98800;BOT_TAKER;BOT_MAKER;HYDROGEL_PACK;XIRECS;9913.0;5
98800;BOT_TAKER;SUBMISSION;HYDROGEL_PACK;XIRECS;9912.0;3
98900;BOT_MAKER;BOT_TAKER;HYDROGEL_PACK;XIRECS;9893.0;3
98900;BOT_TAKER;BOT_MAKER;VELVETFRUIT_EXTRACT;XIRECS;5215.0;6
98900;BOT_TAKER;BOT_MAKER;VEV_5300;XIRECS;48.0;4
99000;BOT_MAKER;BOT_TAKER;HYDROGEL_PACK;XIRECS;9890.0;2
99000;BOT_TAKER;SUBMISSION;HYDROGEL_PACK;XIRECS;9905.0;3
99100;BOT_MAKER;BOT_TAKER;VELVETFRUIT_EXTRACT;XIRECS;5209.0;7
99100;BOT_TAKER;BOT_MAKER;VEV_6500;XIRECS;1.0;4
99200;BOT_TAKER;BOT_MAKER;VELVETFRUIT_EXTRACT;XIRECS;5213.0;8
99500;BOT_TAKER;BOT_MAKER;VEV_6000;XIRECS;1.0;5
99500;BOT_MAKER;BOT_TAKER;VEV_6500;XIRECS;0.0;4
99600;BOT_TAKER;BOT_MAKER;HYDROGEL_PACK;XIRECS;9905.0;3
99600;SUBMISSION;BOT_TAKER;HYDROGEL_PACK;XIRECS;9890.0;3
99700;BOT_MAKER;BOT_TAKER;HYDROGEL_PACK;XIRECS;9883.0;2
99700;BOT_TAKER;BOT_MAKER;VEV_4000;XIRECS;1288.0;1
99700;BOT_TAKER;BOT_MAKER;VEV_6000;XIRECS;1.0;4
99800;BOT_MAKER;BOT_TAKER;VELVETFRUIT_EXTRACT;XIRECS;5205.0;7
99800;BOT_MAKER;BOT_TAKER;VEV_4000;XIRECS;1267.0;3
99900;BOT_MAKER;BOT_TAKER;VELVETFRUIT_EXTRACT;XIRECS;5205.0;4
