day;timestamp;product;bid_price_1;bid_volume_1;bid_price_2;bid_volume_2;bid_price_3;bid_volume_3;ask_price_1;ask_volume_1;ask_price_2;ask_volume_2;ask_price_3;ask_volume_3;mid_price;profit_and_loss
-2;0;HYDROGEL_PACK;9971;12;9969;22;;;9987;12;9990;22;;;9979.0;0.0
-2;0;VELVETFRUIT_EXTRACT;5260;15;5259;62;;;5265;59;;;;;5262.5;0.0
-2;0;VEV_4000;1252;10;1249;18;;;1273;10;1276;18;;;1262.5;0.0
-2;0;VEV_4500;754;12;752;14;;;772;14;;;;;763.0;0.0
-2;0;VEV_5000;263;30;262;12;;;269;26;270;24;;;266.0;0.0
-2;0;VEV_5100;;;;;;;;;;;;;0.0;0.0
-2;0;VEV_5200;100;12;;;;;103;17;;;;;101.5;0.0
-2;0;VEV_5300;49;26;;;;;51;28;;;;;50.0;0.0
-2;0;VEV_5400;16;24;15;16;;;16;18;17;24;;;16.0;0.0
-2;0;VEV_5500;6;18;;;;;7;24;;;;;6.5;0.0
-2;0;VEV_6000;0;22;;;;;1;22;;;;;0.5;0.0
-2;0;VEV_6500;0;12;;;;;1;12;;;;;0.5;0.0
-2;100;HYDROGEL_PACK;9972;15;9970;29;;;9988;15;9991;29;;;9980.0;0.0
-2;100;VELVETFRUIT_EXTRACT;5262;30;;;;;5267;19;5268;48;;;5264.5;0.0
-2;100;VEV_4000;1253;7;1250;28;;;1274;7;1276;28;;;1263.5;0.0
-2;100;VEV_4500;754;11;752;20;;;770;11;771;8;772;20;762.0;0.0
-2;100;VEV_5000;264;12;263;14;;;271;20;;;;;267.5;0.0
-2;100;VEV_5100;173;15;;;;;178;6;;;;;175.5;0.0
-2;100;VEV_5200;99;31;;;;;103;19;;;;;101.0;0.0
-2;100;VEV_5300;50;20;;;;;;;;;;;50.0;0.0
-2;100;VEV_5400;15;30;;;;;17;16;;;;;16.0;0.0
-2;100;VEV_5500;6;21;;;;;7;28;;;;;6.5;0.0
-2;100;VEV_6000;0;24;;;;;1;24;;;;;0.5;0.0
-2;100;VEV_6500;0;19;;;;;1;19;;;;;0.5;0.0
-2;200;HYDROGEL_PACK;9973;15;9970;22;;;9989;15;9991;22;;;9981.0;0.0
-2;200;VELVETFRUIT_EXTRACT;5262;17;5261;30;5261;22;5267;24;;;;;5264.5;0.0
-2;200;VEV_4000;1252;15;1250;28;;;1273;15;1276;28;;;1262.5;0.0
-2;200;VEV_4500;755;9;753;19;;;771;9;773;19;;;763.0;0.0
-2;200;VEV_5000;263;7;;;;;269;27;;;;;266.0;0.0
-2;200;VEV_5100;174;31;173;21;;;178;12;179;30;;;176.0;0.0
-2;200;VEV_5200;100;22;;;;;104;32;;;;;102.0;0.0
-2;200;VEV_5300;50;19;;;;;52;19;52;21;;;51.0;0.0
-2;200;VEV_5400;16;19;16;9;;;18;25;;;;;17.0;0.0
-2;200;VEV_5500;6;27;;;;;7;20;;;;;6.5;0.0
-2;200;VEV_6000;0;18;;;;;1;18;;;;;0.5;0.0
-2;200;VEV_6500;0;11;;;;;1;11;;;;;0.5;0.0
-2;300;HYDROGEL_PACK;9976;14;9974;23;;;9992;14;9995;23;;;9984.0;0.0
-2;300;VELVETFRUIT_EXTRACT;5262;45;;;;;5268;67;;;;;5265.0;0.0
-2;300;VEV_4000;1252;10;1249;28;;;1273;10;1276;28;;;1262.5;0.0
-2;300;VEV_4500;758;6;756;19;;;774;6;776;19;;;766.0;0.0
-2;300;VEV_5000;263;20;;;;;269;12;270;19;;;266.0;0.0
-2;300;VEV_5100;174;10;173;36;;;178;11;;;;;176.0;0.0
-2;300;VEV_5200;100;6;;;;;103;16;;;;;101.5;0.0
-2;300;VEV_5300;50;18;;;;;52;21;53;23;;;51.0;0.0
-2;300;VEV_5400;16;20;;;;;;;;;;;16.0;0.0
-2;300;VEV_5500;6;28;;;;;7;25;;;;;6.5;0.0
-2;300;VEV_6000;0;17;;;;;1;17;;;;;0.5;0.0
-2;300;VEV_6500;0;20;;;;;1;20;;;;;0.5;0.0
-2;400;HYDROGEL_PACK;9976;12;9974;30;;;9992;12;9994;30;;;9984.0;0.0
-2;400;VELVETFRUIT_EXTRACT;5265;16;5264;43;;;5269;16;5270;63;;;5267.0;0.0
-2;400;VEV_4000;1252;11;1249;22;;;1273;11;1276;22;;;1262.5;0.0
-2;400;VEV_4500;757;12;755;17;;;773;12;775;17;;;765.0;0.0
-2;400;VEV_5000;263;7;262;24;;;269;32;270;13;;;266.0;0.0
-2;400;VEV_5100;175;11;174;17;;;179;8;180;24;;;177.0;0.0
-2;400;VEV_5200;100;11;;;;;103;21;;;;;101.5;0.0
-2;400;VEV_5300;49;29;;;;;52;20;;;;;50.5;0.0
-2;400;VEV_5400;16;24;;;;;;;;;;;16.0;0.0
-2;400;VEV_5500;6;17;;;;;7;23;;;;;6.5;0.0
-2;400;VEV_6000;0;21;;;;;1;21;;;;;0.5;0.0
-2;400;VEV_6500;0;13;;;;;1;13;;;;;0.5;0.0
-2;500;HYDROGEL_PACK;9974;11;9972;28;;;9990;11;9993;28;;;9982.0;0.0
-2;500;VELVETFRUIT_EXTRACT;5264;48;;;;;5270;17;5271;45;;;5267.0;0.0
-2;500;VEV_4000;1254;12;1251;16;;;1275;12;1278;16;;;1264.5;0.0
-2;500;VEV_4500;757;7;;;;;773;7;775;19;;;765.0;0.0
-2;500;VEV_5000;263;29;262;12;;;269;29;270;20;;;266.0;0.0
-2;500;VEV_5100;;;;;;;180;9;181;24;;;180.0;0.0
-2;500;VEV_5200;99;28;;;;;103;23;;;;;101.0;0.0
-2;500;VEV_5300;50;24;;;;;52;19;53;25;;;51.0;0.0
-2;500;VEV_5400;;;;;;;17;16;;;;;17.0;0.0
-2;500;VEV_5500;6;24;;;;;7;25;;;;;6.5;0.0
-2;500;VEV_6000;0;19;;;;;1;19;;;;;0.5;0.0
-2;500;VEV_6500;0;18;;;;;1;18;;;;;0.5;0.0
-2;600;HYDROGEL_PACK;9973;15;9971;30;;;9989;15;9992;30;;;9981.0;0.0
-2;600;VELVETFRUIT_EXTRACT;5265;20;5264;46;;;5269;20;5270;49;;;5267.0;0.0
-2;600;VEV_4000;1254;14;1251;30;;;1275;14;1277;30;;;1264.5;0.0
-2;600;VEV_4500;757;7;755;23;;;775;23;;;;;766.0;0.0
-2;600;VEV_5000;263;6;262;16;;;269;9;270;16;;;266.0;0.0
-2;600;VEV_5100;175;20;;;;;180;6;181;12;;;177.5;0.0
-2;600;VEV_5200;101;12;;;;;104;13;;;;;102.5;0.0
-2;600;VEV_5300;50;19;;;;;52;30;52;23;;;51.0;0.0
-2;600;VEV_5400;15;22;15;29;;;17;24;;;;;16.0;0.0
-2;600;VEV_5500;6;28;;;;;7;20;;;;;6.5;0.0
-2;600;VEV_6000;0;19;;;;;1;19;;;;;0.5;0.0
-2;600;VEV_6500;0;15;;;;;1;15;;;;;0.5;0.0
-2;700;HYDROGEL_PACK;9973;13;9971;22;;;9989;13;9992;22;;;9981.0;0.0
-2;700;VELVETFRUIT_EXTRACT;5264;31;5264;16;;;5270;34;5271;31;;;5267.0;0.0
-2;700;VEV_4000;1253;13;1250;16;;;1274;13;1277;16;;;1263.5;0.0
-2;700;VEV_4500;758;12;756;16;;;774;12;776;16;;;766.0;0.0
-2;700;VEV_5000;262;8;261;13;;;268;7;269;23;;;265.0;0.0
-2;700;VEV_5100;175;31;;;;;181;17;;;;;178.0;0.0
-2;700;VEV_5200;;;;;;;105;20;;;;;105.0;0.0
-2;700;VEV_5300;50;22;;;;;52;11;;;;;51.0;0.0
-2;700;VEV_5400;15;23;15;24;;;;;;;;;15.0;0.0
-2;700;VEV_5500;6;20;;;;;7;26;;;;;6.5;0.0
-2;700;VEV_6000;0;23;;;;;1;23;;;;;0.5;0.0
-2;700;VEV_6500;0;18;;;;;1;18;;;;;0.5;0.0
-2;800;HYDROGEL_PACK;9974;12;9971;24;;;9990;12;9992;24;;;9982.0;0.0
-2;800;VELVETFRUIT_EXTRACT;5264;19;5263;32;;;5268;19;5269;19;;;5266.0;0.0
-2;800;VEV_4000;1254;7;1251;23;;;1275;7;1277;23;;;1264.5;0.0
-2;800;VEV_4500;757;6;755;12;;;773;6;775;12;;;765.0;0.0
-2;800;VEV_5000;261;22;;;;;268;8;269;15;;;264.5;0.0
-2;800;VEV_5100;177;10;176;14;;;181;6;182;21;;;179.0;0.0
-2;800;VEV_5200;101;22;;;;;105;25;;;;;103.0;0.0
-2;800;VEV_5300;49;26;;;;;51;19;;;;;50.0;0.0
-2;800;VEV_5400;15;23;;;;;17;26;;;;;16.0;0.0
-2;800;VEV_5500;6;21;;;;;7;26;;;;;6.5;0.0
-2;800;VEV_6000;0;24;;;;;1;24;;;;;0.5;0.0
-2;800;VEV_6500;0;16;;;;;1;16;;;;;0.5;0.0
-2;900;HYDROGEL_PACK;9972;10;9969;30;;;9988;10;9990;30;;;9980.0;0.0
-2;900;VELVETFRUIT_EXTRACT;5264;35;5264;18;;;5270;64;;;;;5267.0;0.0
-2;900;VEV_4000;1255;14;1252;21;;;1276;14;1279;21;;;1265.5;0.0
-2;900;VEV_4500;756;11;754;20;;;775;20;;;;;765.5;0.0
-2;900;VEV_5000;262;11;261;15;;;269;25;;;;;265.5;0.0
-2;900;VEV_5100;175;21;;;;;180;8;;;;;177.5;0.0
-2;900;VEV_5200;102;22;;;;;106;25;;;;;104.0;0.0
-2;900;VEV_5300;50;20;49;20;;;52;19;52;23;;;51.0;0.0
-2;900;VEV_5400;15;24;14;20;;;15;23;;;;;15.0;0.0
-2;900;VEV_5500;6;17;;;;;7;22;;;;;6.5;0.0
-2;900;VEV_6000;0;26;;;;;1;26;;;;;0.5;0.0
-2;900;VEV_6500;0;18;;;;;1;18;;;;;0.5;0.0
-2;1000;HYDROGEL_PACK;9974;13;9971;30;;;9990;13;9992;30;;;9982.0;0.0
-2;1000;VELVETFRUIT_EXTRACT;5264;39;;;;;5270;70;;;;;5267.0;0.0
-2;1000;VEV_4000;1254;13;1251;21;;;1275;13;1278;21;;;1264.5;0.0
-2;1000;VEV_4500;758;7;756;14;;;774;7;776;14;;;766.0;0.0
-2;1000;VEV_5000;261;9;;;;;267;10;268;13;;;264.0;0.0
-2;1000;VEV_5100;174;12;;;;;179;27;;;;;176.5;0.0
-2;1000;VEV_5200;102;12;101;17;;;105;19;;;;;103.5;0.0
-2;1000;VEV_5300;50;24;;;;;52;23;;;;;51.0;0.0
-2;1000;VEV_5400;;;;;;;17;15;;;;;17.0;0.0
-2;1000;VEV_5500;6;24;;;;;7;24;;;;;6.5;0.0
-2;1000;VEV_6000;0;23;;;;;1;23;;;;;0.5;0.0
-2;1000;VEV_6500;0;15;;;;;1;15;;;;;0.5;0.0
-2;1100;HYDROGEL_PACK;9974;13;9972;20;;;9990;13;9993;20;;;9982.0;0.0
-2;1100;VELVETFRUIT_EXTRACT;5265;17;5264;30;;;5270;22;5271;33;;;5267.5;0.0
-2;1100;VEV_4000;1253;15;1251;24;;;1274;15;1277;24;;;1263.5;0.0
-2;1100;VEV_4500;759;10;757;15;;;775;10;777;15;;;767.0;0.0
-2;1100;VEV_5000;260;10;;;;;267;21;;;;;263.5;0.0
-2;1100;VEV_5100;175;21;;;;;181;19;;;;;178.0;0.0
-2;1100;VEV_5200;101;27;;;;;104;26;105;31;;;102.5;0.0
-2;1100;VEV_5300;50;6;;;;;52;22;53;21;;;51.0;0.0
-2;1100;VEV_5400;15;29;;;;;;;;;;;15.0;0.0
-2;1100;VEV_5500;6;27;;;;;7;16;;;;;6.5;0.0
-2;1100;VEV_6000;0;21;;;;;1;21;;;;;0.5;0.0
-2;1100;VEV_6500;0;14;;;;;1;14;;;;;0.5;0.0
-2;1200;HYDROGEL_PACK;9977;10;9974;27;;;9993;10;9995;27;;;9985.0;0.0
-2;1200;VELVETFRUIT_EXTRACT;5266;63;;;;;5272;34;;;;;5269.0;0.0
-2;1200;VEV_4000;1254;11;1252;16;;;1275;11;1278;16;;;1264.5;0.0
-2;1200;VEV_4500;759;12;757;17;;;775;12;776;6;777;17;767.0;0.0
-2;1200;VEV_5000;261;8;260;12;;;268;17;;;;;264.5;0.0
-2;1200;VEV_5100;176;33;175;19;;;180;10;181;22;;;178.0;0.0
-2;1200;VEV_5200;102;19;;;;;105;9;106;30;;;103.5;0.0
-2;1200;VEV_5300;50;22;49;25;;;52;19;52;10;;;51.0;0.0
-2;1200;VEV_5400;15;22;15;26;;;;;;;;;15.0;0.0
-2;1200;VEV_5500;6;21;;;;;7;24;;;;;6.5;0.0
-2;1200;VEV_6000;0;22;;;;;1;22;;;;;0.5;0.0
-2;1200;VEV_6500;0;17;;;;;1;17;;;;;0.5;0.0
-2;1300;HYDROGEL_PACK;9977;13;9975;28;;;9993;13;9996;28;;;9985.0;0.0
-2;1300;VELVETFRUIT_EXTRACT;5268;49;;;;;5273;25;5274;15;;;5270.5;0.0
-2;1300;VEV_4000;1254;12;1251;30;;;1275;12;1278;30;;;1264.5;0.0
-2;1300;VEV_4500;761;10;759;13;;;777;10;779;13;;;769.0;0.0
-2;1300;VEV_5000;263;10;262;14;;;269;7;270;23;;;266.0;0.0
-2;1300;VEV_5100;177;23;;;;;181;27;182;22;;;179.0;0.0
-2;1300;VEV_5200;103;35;102;22;;;105;9;;;;;104.0;0.0
-2;1300;VEV_5300;49;16;;;;;51;21;52;17;;;50.0;0.0
-2;1300;VEV_5400;15;18;;;;;16;21;17;22;;;15.5;0.0
-2;1300;VEV_5500;6;25;;;;;7;21;;;;;6.5;0.0
-2;1300;VEV_6000;0;22;;;;;1;22;;;;;0.5;0.0
-2;1300;VEV_6500;0;13;;;;;1;13;;;;;0.5;0.0
-2;1400;HYDROGEL_PACK;9976;15;9973;28;;;9992;15;9994;28;;;9984.0;0.0
-2;1400;VELVETFRUIT_EXTRACT;5270;66;;;;;5276;45;;;;;5273.0;0.0
-2;1400;VEV_4000;1255;8;1253;26;;;1276;8;1279;26;;;1265.5;0.0
-2;1400;VEV_4500;760;7;758;17;;;776;7;778;17;;;768.0;0.0
-2;1400;VEV_5000;262;9;261;27;;;269;19;;;;;265.5;0.0
-2;1400;VEV_5100;175;20;;;;;180;12;181;32;;;177.5;0.0
-2;1400;VEV_5200;101;13;;;;;105;29;;;;;103.0;0.0
-2;1400;VEV_5300;50;18;;;;;52;23;;;;;51.0;0.0
-2;1400;VEV_5400;15;2;;;;;17;27;;;;;16.0;0.0
-2;1400;VEV_5500;6;22;;;;;7;18;;;;;6.5;0.0
-2;1400;VEV_6000;0;19;;;;;1;19;;;;;0.5;0.0
-2;1400;VEV_6500;0;17;;;;;1;17;;;;;0.5;0.0
-2;1500;HYDROGEL_PACK;9979;12;9977;30;;;9995;12;9998;30;;;9987.0;0.0
-2;1500;VELVETFRUIT_EXTRACT;5270;24;5269;63;;;5274;24;5275;50;;;5272.0;0.0
-2;1500;VEV_4000;1255;10;1253;25;;;1277;10;1279;25;;;1266.0;0.0
-2;1500;VEV_4500;758;12;756;17;;;774;12;776;17;;;766.0;0.0
-2;1500;VEV_5000;262;28;261;23;;;268;7;269;13;;;265.0;0.0
-2;1500;VEV_5100;176;10;175;19;;;180;9;181;19;;;178.0;0.0
-2;1500;VEV_5200;102;27;;;;;105;28;106;22;;;103.5;0.0
-2;1500;VEV_5300;50;30;49;26;;;52;17;;;;;51.0;0.0
-2;1500;VEV_5400;15;27;;;;;16;20;;;;;15.5;0.0
-2;1500;VEV_5500;6;25;;;;;7;16;;;;;6.5;0.0
-2;1500;VEV_6000;0;22;;;;;1;22;;;;;0.5;0.0
-2;1500;VEV_6500;0;16;;;;;1;16;;;;;0.5;0.0
-2;1600;HYDROGEL_PACK;9977;11;9975;29;;;9993;11;9996;29;;;9985.0;0.0
-2;1600;VELVETFRUIT_EXTRACT;5269;17;5268;30;;;5274;23;;;;;5271.5;0.0
-2;1600;VEV_4000;1256;9;1253;19;;;1277;9;1280;19;;;1266.5;0.0
-2;1600;VEV_4500;759;10;757;22;;;775;10;777;22;;;767.0;0.0
-2;1600;VEV_5000;263;9;;;;;;;;;;;263.0;0.0
-2;1600;VEV_5100;177;7;176;19;;;181;10;;;;;179.0;0.0
-2;1600;VEV_5200;104;7;103;22;;;106;30;107;15;;;105.0;0.0
-2;1600;VEV_5300;51;29;;;;;53;23;;;;;52.0;0.0
-2;1600;VEV_5400;;;;;;;17;21;;;;;17.0;0.0
-2;1600;VEV_5500;6;20;;;;;7;28;;;;;6.5;0.0
-2;1600;VEV_6000;0;29;;;;;1;29;;;;;0.5;0.0
-2;1600;VEV_6500;0;14;;;;;1;14;;;;;0.5;0.0
-2;1700;HYDROGEL_PACK;9979;10;9977;28;;;9995;10;9998;28;;;9987.0;0.0
-2;1700;VELVETFRUIT_EXTRACT;5270;31;5270;15;;;5275;15;5276;48;;;5272.5;0.0
-2;1700;VEV_4000;1257;10;1254;15;;;1278;10;1281;15;;;1267.5;0.0
-2;1700;VEV_4500;757;15;;;;;775;12;777;15;;;766.0;0.0
-2;1700;VEV_5000;262;13;;;;;269;8;270;22;;;265.5;0.0
-2;1700;VEV_5100;176;22;;;;;;;;;;;176.0;0.0
-2;1700;VEV_5200;103;26;;;;;107;13;;;;;105.0;0.0
-2;1700;VEV_5300;52;23;;;;;54;12;;;;;53.0;0.0
-2;1700;VEV_5400;15;19;;;;;17;24;;;;;16.0;0.0
-2;1700;VEV_5500;6;20;;;;;7;20;;;;;6.5;0.0
-2;1700;VEV_6000;0;22;;;;;1;22;;;;;0.5;0.0
-2;1700;VEV_6500;0;13;;;;;1;13;;;;;0.5;0.0
-2;1800;HYDROGEL_PACK;9986;15;9983;30;;;10002;15;10004;30;;;9994.0;0.0
-2;1800;VELVETFRUIT_EXTRACT;5269;17;5268;24;;;5273;17;5274;36;;;5271.0;0.0
-2;1800;VEV_4000;1258;13;1256;17;;;1280;13;1282;17;;;1269.0;0.0
-2;1800;VEV_4500;759;9;757;13;;;775;9;776;8;777;13;767.0;0.0
-2;1800;VEV_5000;261;8;260;15;;;267;12;268;23;;;264.0;0.0
-2;1800;VEV_5100;177;10;176;16;;;181;20;182;23;;;179.0;0.0
-2;1800;VEV_5200;;;;;;;106;27;107;13;;;106.0;0.0
-2;1800;VEV_5300;52;24;;;;;54;9;;;;;53.0;0.0
-2;1800;VEV_5400;15;24;;;;;16;27;17;30;;;15.5;0.0
-2;1800;VEV_5500;6;15;;;;;7;20;;;;;6.5;0.0
-2;1800;VEV_6000;0;22;;;;;1;22;;;;;0.5;0.0
-2;1800;VEV_6500;0;13;;;;;1;13;;;;;0.5;0.0
-2;1900;HYDROGEL_PACK;9984;14;9982;20;;;10000;14;10003;20;;;9992.0;0.0
-2;1900;VELVETFRUIT_EXTRACT;5270;24;;;;;5276;63;;;;;5273.0;0.0
-2;1900;VEV_4000;1258;15;1255;16;;;1279;15;1281;16;;;1268.5;0.0
-2;1900;VEV_4500;758;12;757;6;756;19;774;12;776;19;;;766.0;0.0
-2;1900;VEV_5000;261;29;260;27;;;267;8;268;25;;;264.0;0.0
-2;1900;VEV_5100;177;11;176;17;;;182;14;;;;;179.5;0.0
-2;1900;VEV_5200;;;;;;;106;33;;;;;106.0;0.0
-2;1900;VEV_5300;52;25;51;16;;;54;20;54;24;;;53.0;0.0
-2;1900;VEV_5400;15;24;;;;;17;24;;;;;16.0;0.0
-2;1900;VEV_5500;6;24;;;;;7;24;;;;;6.5;0.0
-2;1900;VEV_6000;0;27;;;;;1;27;;;;;0.5;0.0
-2;1900;VEV_6500;0;14;;;;;1;14;;;;;0.5;0.0
-2;2000;HYDROGEL_PACK;9985;14;9983;29;;;10001;14;10004;29;;;9993.0;0.0
-2;2000;VELVETFRUIT_EXTRACT;5271;32;;;;;5277;36;;;;;5274.0;0.0
-2;2000;VEV_4000;1259;10;1256;27;;;1280;10;1282;27;;;1269.5;0.0
-2;2000;VEV_4500;758;9;756;13;;;774;9;776;13;;;766.0;0.0
-2;2000;VEV_5000;261;7;;;;;267;12;;;;;264.0;0.0
-2;2000;VEV_5100;178;12;177;30;;;182;8;183;23;;;180.0;0.0
-2;2000;VEV_5200;103;14;;;;;107;21;;;;;105.0;0.0
-2;2000;VEV_5300;52;28;;;;;54;11;54;21;;;53.0;0.0
-2;2000;VEV_5400;15;9;;;;;17;23;;;;;16.0;0.0
-2;2000;VEV_5500;6;18;;;;;7;21;;;;;6.5;0.0
-2;2000;VEV_6000;0;20;;;;;1;20;;;;;0.5;0.0
-2;2000;VEV_6500;0;15;;;;;1;15;;;;;0.5;0.0
-2;2100;HYDROGEL_PACK;9985;12;9982;30;;;10001;12;10003;30;;;9993.0;0.0
-2;2100;VELVETFRUIT_EXTRACT;5273;25;5272;41;;;5277;25;5278;57;;;5275.0;0.0
-2;2100;VEV_4000;1259;8;1257;23;;;1281;8;1283;23;;;1270.0;0.0
-2;2100;VEV_4500;757;12;755;17;;;773;12;775;17;;;765.0;0.0
-2;2100;VEV_5000;260;9;;;;;267;19;;;;;263.5;0.0
-2;2100;VEV_5100;178;6;177;25;;;;;;;;;178.0;0.0
-2;2100;VEV_5200;102;23;;;;;105;26;;;;;103.5;0.0
-2;2100;VEV_5300;52;25;;;;;54;18;;;;;53.0;0.0
-2;2100;VEV_5400;15;17;;;;;17;30;;;;;16.0;0.0
-2;2100;VEV_5500;6;24;;;;;7;24;;;;;6.5;0.0
-2;2100;VEV_6000;0;19;;;;;1;19;;;;;0.5;0.0
-2;2100;VEV_6500;0;14;;;;;1;14;;;;;0.5;0.0
-2;2200;HYDROGEL_PACK;9985;10;9983;27;;;10001;10;10004;27;;;9993.0;0.0
-2;2200;VELVETFRUIT_EXTRACT;5273;21;5272;42;;;5278;44;;;;;5275.5;0.0
-2;2200;VEV_4000;1260;9;1257;19;;;1281;9;1284;19;;;1270.5;0.0
-2;2200;VEV_4500;757;11;755;20;;;773;11;775;20;;;765.0;0.0
-2;2200;VEV_5000;261;9;260;13;;;267;11;268;14;;;264.0;0.0
-2;2200;VEV_5100;179;30;178;29;;;183;7;184;19;;;181.0;0.0
-2;2200;VEV_5200;103;30;102;23;;;106;21;;;;;104.5;0.0
-2;2200;VEV_5300;52;19;;;;;54;26;;;;;53.0;0.0
-2;2200;VEV_5400;15;26;;;;;17;20;;;;;16.0;0.0
-2;2200;VEV_5500;6;21;;;;;7;27;;;;;6.5;0.0
-2;2200;VEV_6000;0;18;;;;;1;18;;;;;0.5;0.0
-2;2200;VEV_6500;0;12;;;;;1;12;;;;;0.5;0.0
-2;2300;HYDROGEL_PACK;9985;12;9983;22;;;10001;12;10004;22;;;9993.0;0.0
-2;2300;VELVETFRUIT_EXTRACT;5271;19;;;;;5276;15;5277;43;;;5273.5;0.0
-2;2300;VEV_4000;1260;9;1257;22;;;1281;9;1283;22;;;1270.5;0.0
-2;2300;VEV_4500;758;6;756;15;;;774;6;777;15;;;766.0;0.0
-2;2300;VEV_5000;261;8;260;15;;;;;;;;;261.0;0.0
-2;2300;VEV_5100;180;11;;;;;184;8;185;12;;;182.0;0.0
-2;2300;VEV_5200;103;22;102;24;;;106;21;;;;;104.5;0.0
-2;2300;VEV_5300;;;;;;;54;26;;;;;54.0;0.0
-2;2300;VEV_5400;16;25;;;;;18;22;;;;;17.0;0.0
-2;2300;VEV_5500;6;25;;;;;7;28;;;;;6.5;0.0
-2;2300;VEV_6000;0;24;;;;;1;24;;;;;0.5;0.0
-2;2300;VEV_6500;0;21;;;;;1;21;;;;;0.5;0.0
-2;2400;HYDROGEL_PACK;9986;15;9983;29;;;10002;15;10004;29;;;9994.0;0.0
-2;2400;VELVETFRUIT_EXTRACT;5270;60;;;;;5275;18;5276;49;;;5272.5;0.0
-2;2400;VEV_4000;1257;11;1254;18;;;1278;11;1281;18;;;1267.5;0.0
-2;2400;VEV_4500;757;8;755;18;;;773;8;776;18;;;765.0;0.0
-2;2400;VEV_5000;260;10;259;20;;;266;9;267;13;;;263.0;0.0
-2;2400;VEV_5100;178;21;;;;;183;30;184;26;;;180.5;0.0
-2;2400;VEV_5200;103;27;102;26;;;106;22;;;;;104.5;0.0
-2;2400;VEV_5300;52;20;;;;;54;19;55;21;;;53.0;0.0
-2;2400;VEV_5400;16;20;;;;;18;23;;;;;17.0;0.0
-2;2400;VEV_5500;6;22;;;;;7;28;;;;;6.5;0.0
-2;2400;VEV_6000;0;23;;;;;1;23;;;;;0.5;0.0
-2;2400;VEV_6500;0;19;;;;;1;19;;;;;0.5;0.0
-2;2500;HYDROGEL_PACK;9989;15;9987;25;;;10005;15;10008;25;;;9997.0;0.0
-2;2500;VELVETFRUIT_EXTRACT;5272;30;;;;;5278;64;;;;;5275.0;0.0
-2;2500;VEV_4000;1256;11;1254;26;;;1278;11;1280;26;;;1267.0;0.0
-2;2500;VEV_4500;758;21;;;;;776;12;778;21;;;767.0;0.0
-2;2500;VEV_5000;261;12;260;19;;;268;15;;;;;264.5;0.0
-2;2500;VEV_5100;178;27;;;;;;;;;;;178.0;0.0
-2;2500;VEV_5200;103;9;102;24;;;;;;;;;103.0;0.0
-2;2500;VEV_5300;52;22;;;;;54;5;;;;;53.0;0.0
-2;2500;VEV_5400;16;21;;;;;18;25;;;;;17.0;0.0
-2;2500;VEV_5500;6;18;;;;;7;19;;;;;6.5;0.0
-2;2500;VEV_6000;0;21;;;;;1;21;;;;;0.5;0.0
-2;2500;VEV_6500;0;11;;;;;1;11;;;;;0.5;0.0
-2;2600;HYDROGEL_PACK;9988;14;9986;20;;;10004;14;10007;20;;;9996.0;0.0
-2;2600;VELVETFRUIT_EXTRACT;5273;22;5272;66;;;5277;22;5278;68;;;5275.0;0.0
-2;2600;VEV_4000;1256;12;1253;19;;;1277;12;1279;19;;;1266.5;0.0
-2;2600;VEV_4500;759;6;757;14;;;775;6;777;14;;;767.0;0.0
-2;2600;VEV_5000;261;8;260;12;;;;;;;;;261.0;0.0
-2;2600;VEV_5100;178;24;;;;;183;8;184;21;;;180.5;0.0
-2;2600;VEV_5200;101;27;;;;;105;22;;;;;103.0;0.0
-2;2600;VEV_5300;52;27;;;;;54;23;55;25;;;53.0;0.0
-2;2600;VEV_5400;17;21;17;23;;;18;20;;;;;17.5;0.0
-2;2600;VEV_5500;6;19;;;;;7;28;;;;;6.5;0.0
-2;2600;VEV_6000;0;24;;;;;1;24;;;;;0.5;0.0
-2;2600;VEV_6500;0;14;;;;;1;14;;;;;0.5;0.0
-2;2700;HYDROGEL_PACK;9987;15;9985;29;;;10003;15;10006;29;;;9995.0;0.0
-2;2700;VELVETFRUIT_EXTRACT;5271;38;;;;;5277;53;;;;;5274.0;0.0
-2;2700;VEV_4000;1255;15;1252;16;;;1276;15;1279;16;;;1265.5;0.0
-2;2700;VEV_4500;759;10;757;18;;;775;10;777;18;;;767.0;0.0
-2;2700;VEV_5000;260;12;259;23;;;266;8;267;17;;;263.0;0.0
-2;2700;VEV_5100;178;12;;;;;182;31;;;;;180.0;0.0
-2;2700;VEV_5200;100;24;;;;;103;10;104;20;;;101.5;0.0
-2;2700;VEV_5300;52;23;;;;;54;21;;;;;53.0;0.0
-2;2700;VEV_5400;16;29;;;;;18;24;;;;;17.0;0.0
-2;2700;VEV_5500;6;21;;;;;7;22;;;;;6.5;0.0
-2;2700;VEV_6000;0;28;;;;;1;28;;;;;0.5;0.0
-2;2700;VEV_6500;0;17;;;;;1;17;;;;;0.5;0.0
-2;2800;HYDROGEL_PACK;9989;11;9987;22;;;10005;11;10008;22;;;9997.0;0.0
-2;2800;VELVETFRUIT_EXTRACT;5271;21;5270;37;;;5276;58;;;;;5273.5;0.0
-2;2800;VEV_4000;1256;7;1253;25;;;1277;7;1280;25;;;1266.5;0.0
-2;2800;VEV_4500;757;12;755;18;;;773;12;775;18;;;765.0;0.0
-2;2800;VEV_5000;258;22;;;;;265;27;266;14;;;261.5;0.0
-2;2800;VEV_5100;178;11;177;22;;;;;;;;;178.0;0.0
-2;2800;VEV_5200;;;;;;;105;19;;;;;105.0;0.0
-2;2800;VEV_5300;51;10;;;;;53;18;;;;;52.0;0.0
-2;2800;VEV_5400;17;26;;;;;17;23;18;25;;;17.0;0.0
-2;2800;VEV_5500;6;20;;;;;7;22;;;;;6.5;0.0
-2;2800;VEV_6000;0;17;;;;;1;17;;;;;0.5;0.0
-2;2800;VEV_6500;0;20;;;;;1;20;;;;;0.5;0.0
-2;2900;HYDROGEL_PACK;9989;14;9987;23;;;10005;14;10008;23;;;9997.0;0.0
-2;2900;VELVETFRUIT_EXTRACT;5273;15;5272;58;;;5277;15;5278;63;;;5275.0;0.0
-2;2900;VEV_4000;1256;8;1254;28;;;1278;8;1280;28;;;1267.0;0.0
-2;2900;VEV_4500;758;12;757;6;756;19;774;12;776;19;;;766.0;0.0
-2;2900;VEV_5000;259;21;258;12;;;;;;;;;259.0;0.0
-2;2900;VEV_5100;178;6;177;27;;;183;21;;;;;180.5;0.0
-2;2900;VEV_5200;103;33;102;24;;;105;28;106;14;;;104.0;0.0
-2;2900;VEV_5300;51;28;50;12;;;;;;;;;51.0;0.0
-2;2900;VEV_5400;16;22;;;;;18;22;;;;;17.0;0.0
-2;2900;VEV_5500;6;18;;;;;7;18;;;;;6.5;0.0
-2;2900;VEV_6000;0;29;;;;;1;29;;;;;0.5;0.0
-2;2900;VEV_6500;0;15;;;;;1;15;;;;;0.5;0.0
-2;3000;HYDROGEL_PACK;9991;10;9988;29;;;10007;10;10009;29;;;9999.0;0.0
-2;3000;VELVETFRUIT_EXTRACT;5272;21;5271;64;;;5277;50;;;;;5274.5;0.0
-2;3000;VEV_4000;1256;7;1253;29;;;1277;7;1280;29;;;1266.5;0.0
-2;3000;VEV_4500;758;15;;;;;776;7;778;15;;;767.0;0.0
-2;3000;VEV_5000;259;12;258;19;;;;;;;;;259.0;0.0
-2;3000;VEV_5100;179;25;178;21;;;183;10;184;19;;;181.0;0.0
-2;3000;VEV_5200;103;9;102;22;;;105;26;;;;;104.0;0.0
-2;3000;VEV_5300;51;26;50;27;;;;;;;;;51.0;0.0
-2;3000;VEV_5400;16;19;;;;;;;;;;;16.0;0.0
-2;3000;VEV_5500;6;21;;;;;7;27;;;;;6.5;0.0
-2;3000;VEV_6000;0;26;;;;;1;26;;;;;0.5;0.0
-2;3000;VEV_6500;0;20;;;;;1;20;;;;;0.5;0.0
-2;3100;HYDROGEL_PACK;9988;10;9986;20;;;10004;10;10007;20;;;9996.0;0.0
-2;3100;VELVETFRUIT_EXTRACT;5271;52;5271;20;;;5277;67;;;;;5274.0;0.0
-2;3100;VEV_4000;1255;10;1253;29;;;1277;10;1279;29;;;1266.0;0.0
-2;3100;VEV_4500;760;8;758;20;;;776;8;778;20;;;768.0;0.0
-2;3100;VEV_5000;259;12;;;;;266;12;;;;;262.5;0.0
-2;3100;VEV_5100;178;21;;;;;183;25;;;;;180.5;0.0
-2;3100;VEV_5200;103;10;;;;;106;27;;;;;104.5;0.0
-2;3100;VEV_5300;51;18;50;22;;;53;29;;;;;52.0;0.0
-2;3100;VEV_5400;16;19;;;;;18;25;;;;;17.0;0.0
-2;3100;VEV_5500;6;23;;;;;7;17;;;;;6.5;0.0
-2;3100;VEV_6000;0;17;;;;;1;17;;;;;0.5;0.0
-2;3100;VEV_6500;0;14;;;;;1;14;;;;;0.5;0.0
-2;3200;HYDROGEL_PACK;9984;15;9982;28;;;10003;28;;;;;9993.5;0.0
-2;3200;VELVETFRUIT_EXTRACT;5270;44;;;;;5275;19;5276;47;;;5272.5;0.0
-2;3200;VEV_4000;1255;9;1253;28;;;1277;9;1279;28;;;1266.0;0.0
-2;3200;VEV_4500;761;9;759;20;;;777;9;779;20;;;769.0;0.0
-2;3200;VEV_5000;259;9;258;22;;;266;23;;;;;262.5;0.0
-2;3200;VEV_5100;178;20;;;;;183;19;184;27;;;180.5;0.0
-2;3200;VEV_5200;103;19;;;;;107;23;;;;;105.0;0.0
-2;3200;VEV_5300;51;21;;;;;53;9;;;;;52.0;0.0
-2;3200;VEV_5400;;;;;;;17;22;18;25;;;17.0;0.0
-2;3200;VEV_5500;6;22;;;;;7;26;;;;;6.5;0.0
-2;3200;VEV_6000;0;21;;;;;1;21;;;;;0.5;0.0
-2;3200;VEV_6500;0;17;;;;;1;17;;;;;0.5;0.0
-2;3300;HYDROGEL_PACK;9985;11;9983;27;;;10001;11;10004;27;;;9993.0;0.0
-2;3300;VELVETFRUIT_EXTRACT;5270;48;;;;;5276;30;;;;;5273.0;0.0
-2;3300;VEV_4000;1256;15;1254;17;;;1278;15;1280;17;;;1267.0;0.0
-2;3300;VEV_4500;762;10;760;13;;;778;10;780;13;;;770.0;0.0
-2;3300;VEV_5000;259;12;258;15;;;265;6;266;16;;;262.0;0.0
-2;3300;VEV_5100;179;24;;;;;183;12;184;26;;;181.0;0.0
-2;3300;VEV_5200;104;10;103;31;;;107;22;;;;;105.5;0.0
-2;3300;VEV_5300;51;23;;;;;53;28;54;17;;;52.0;0.0
-2;3300;VEV_5400;16;15;;;;;18;23;;;;;17.0;0.0
-2;3300;VEV_5500;6;20;;;;;7;16;;;;;6.5;0.0
-2;3300;VEV_6000;0;26;;;;;1;26;;;;;0.5;0.0
-2;3300;VEV_6500;0;16;;;;;1;16;;;;;0.5;0.0
-2;3400;HYDROGEL_PACK;9987;11;9984;25;;;10003;11;10005;25;;;9995.0;0.0
-2;3400;VELVETFRUIT_EXTRACT;5270;17;;;;;5275;24;5276;56;;;5272.5;0.0
-2;3400;VEV_4000;1256;8;1254;17;;;1278;8;1280;17;;;1267.0;0.0
-2;3400;VEV_4500;761;12;;;;;777;12;780;20;;;769.0;0.0
-2;3400;VEV_5000;257;17;;;;;264;8;265;13;;;260.5;0.0
-2;3400;VEV_5100;177;32;176;13;;;181;20;182;22;;;179.0;0.0
-2;3400;VEV_5200;104;34;;;;;107;16;;;;;105.5;0.0
-2;3400;VEV_5300;51;20;;;;;53;15;54;25;;;52.0;0.0
-2;3400;VEV_5400;16;22;;;;;;;;;;;16.0;0.0
-2;3400;VEV_5500;6;26;;;;;7;27;;;;;6.5;0.0
-2;3400;VEV_6000;0;24;;;;;1;24;;;;;0.5;0.0
-2;3400;VEV_6500;0;20;;;;;1;20;;;;;0.5;0.0
-2;3500;HYDROGEL_PACK;9988;11;9986;25;;;10004;11;10007;25;;;9996.0;0.0
-2;3500;VELVETFRUIT_EXTRACT;5270;50;;;;;5275;16;5276;38;;;5272.5;0.0
-2;3500;VEV_4000;1256;14;1253;27;;;1277;14;;;;;1266.5;0.0
-2;3500;VEV_4500;760;12;758;19;;;778;19;;;;;769.0;0.0
-2;3500;VEV_5000;257;9;256;23;;;263;7;264;20;;;260.0;0.0
-2;3500;VEV_5100;178;31;177;27;;;183;16;;;;;180.5;0.0
-2;3500;VEV_5200;104;22;103;23;;;107;19;;;;;105.5;0.0
-2;3500;VEV_5300;51;24;50;11;;;53;10;;;;;52.0;0.0
-2;3500;VEV_5400;17;29;16;26;;;18;23;;;;;17.5;0.0
-2;3500;VEV_5500;6;26;;;;;7;25;;;;;6.5;0.0
-2;3500;VEV_6000;0;22;;;;;1;22;;;;;0.5;0.0
-2;3500;VEV_6500;0;15;;;;;1;15;;;;;0.5;0.0
-2;3600;HYDROGEL_PACK;9986;13;9984;22;;;10002;13;10005;22;;;9994.0;0.0
-2;3600;VELVETFRUIT_EXTRACT;5269;59;;;;;5275;33;5276;44;;;5272.0;0.0
-2;3600;VEV_4000;1258;12;1255;26;;;1279;12;1282;26;;;1268.5;0.0
-2;3600;VEV_4500;757;13;;;;;775;7;778;13;;;766.0;0.0
-2;3600;VEV_5000;256;12;255;20;;;262;9;263;22;;;259.0;0.0
-2;3600;VEV_5100;178;9;177;19;;;182;18;183;21;;;180.0;0.0
-2;3600;VEV_5200;103;16;;;;;107;12;;;;;105.0;0.0
-2;3600;VEV_5300;51;24;;;;;53;26;;;;;52.0;0.0
-2;3600;VEV_5400;17;25;16;25;;;18;23;;;;;17.5;0.0
-2;3600;VEV_5500;6;20;;;;;7;20;;;;;6.5;0.0
-2;3600;VEV_6000;0;26;;;;;1;26;;;;;0.5;0.0
-2;3600;VEV_6500;0;18;;;;;1;18;;;;;0.5;0.0
-2;3700;HYDROGEL_PACK;9990;11;9987;21;;;10006;11;10008;21;;;9998.0;0.0
-2;3700;VELVETFRUIT_EXTRACT;5271;33;;;;;5277;57;;;;;5274.0;0.0
-2;3700;VEV_4000;1258;11;1255;30;;;1279;11;1282;30;;;1268.5;0.0
-2;3700;VEV_4500;759;11;757;19;;;775;11;778;19;;;767.0;0.0
-2;3700;VEV_5000;255;11;254;20;;;261;6;;;;;258.0;0.0
-2;3700;VEV_5100;177;27;;;;;181;7;182;13;;;179.0;0.0
-2;3700;VEV_5200;;;;;;;;;;;;;0.0;0.0
-2;3700;VEV_5300;51;21;;;;;53;28;;;;;52.0;0.0
-2;3700;VEV_5400;16;22;;;;;17;24;18;19;;;16.5;0.0
-2;3700;VEV_5500;6;27;;;;;7;20;;;;;6.5;0.0
-2;3700;VEV_6000;;;;;;;1;23;;;;;1.0;0.0
-2;3700;VEV_6500;0;11;;;;;1;11;;;;;0.5;0.0
-2;3800;HYDROGEL_PACK;9992;15;9989;30;;;10008;15;10010;30;;;10000.0;0.0
-2;3800;VELVETFRUIT_EXTRACT;5272;20;5271;71;;;5276;20;5277;64;;;5274.0;0.0
-2;3800;VEV_4000;1256;9;1253;20;;;1277;9;1280;20;;;1266.5;0.0
-2;3800;VEV_4500;760;12;758;17;;;776;12;779;17;;;768.0;0.0
-2;3800;VEV_5000;254;8;253;21;;;260;12;261;14;;;257.0;0.0
-2;3800;VEV_5100;;;;;;;181;27;182;29;;;181.0;0.0
-2;3800;VEV_5200;;;;;;;107;29;;;;;107.0;0.0
-2;3800;VEV_5300;50;24;;;;;52;22;53;29;;;51.0;0.0
-2;3800;VEV_5400;17;26;;;;;;;;;;;17.0;0.0
-2;3800;VEV_5500;6;17;;;;;7;22;;;;;6.5;0.0
-2;3800;VEV_6000;0;17;;;;;1;17;;;;;0.5;0.0
-2;3800;VEV_6500;0;17;;;;;1;17;;;;;0.5;0.0
-2;3900;HYDROGEL_PACK;9988;12;9986;27;;;10004;12;10007;27;;;9996.0;0.0
-2;3900;VELVETFRUIT_EXTRACT;5272;22;;;;;5278;75;;;;;5275.0;0.0
-2;3900;VEV_4000;1256;11;1254;30;;;1278;11;1280;30;;;1267.0;0.0
-2;3900;VEV_4500;762;10;760;17;;;778;10;780;17;;;770.0;0.0
-2;3900;VEV_5000;254;6;253;12;;;260;11;261;13;;;257.0;0.0
-2;3900;VEV_5100;177;10;176;33;;;181;22;182;16;;;179.0;0.0
-2;3900;VEV_5200;103;22;;;;;107;22;;;;;105.0;0.0
-2;3900;VEV_5300;51;21;;;;;53;17;;;;;52.0;0.0
-2;3900;VEV_5400;16;16;;;;;17;21;;;;;16.5;0.0
-2;3900;VEV_5500;6;29;;;;;7;22;;;;;6.5;0.0
-2;3900;VEV_6000;0;23;;;;;1;23;;;;;0.5;0.0
-2;3900;VEV_6500;0;15;;;;;1;15;;;;;0.5;0.0
-2;4000;HYDROGEL_PACK;9991;10;9988;27;;;10007;10;10009;27;;;9999.0;0.0
-2;4000;VELVETFRUIT_EXTRACT;5273;31;;;;;5278;23;5279;40;;;5275.5;0.0
-2;4000;VEV_4000;1256;13;1254;21;;;1277;13;1280;21;;;1266.5;0.0
-2;4000;VEV_4500;761;7;759;24;;;777;7;779;24;;;769.0;0.0
-2;4000;VEV_5000;256;29;;;;;262;10;263;14;;;259.0;0.0
-2;4000;VEV_5100;176;11;;;;;180;9;181;21;;;178.0;0.0
-2;4000;VEV_5200;;;;;;;107;21;;;;;107.0;0.0
-2;4000;VEV_5300;52;20;;;;;54;5;;;;;53.0;0.0
-2;4000;VEV_5400;16;28;;;;;18;19;;;;;17.0;0.0
-2;4000;VEV_5500;6;22;;;;;7;23;;;;;6.5;0.0
-2;4000;VEV_6000;0;29;;;;;1;29;;;;;0.5;0.0
-2;4000;VEV_6500;0;14;;;;;1;14;;;;;0.5;0.0
-2;4100;HYDROGEL_PACK;9992;13;9990;27;;;10008;13;10011;27;;;10000.0;0.0
-2;4100;VELVETFRUIT_EXTRACT;5273;34;5273;22;;;5279;63;;;;;5276.0;0.0
-2;4100;VEV_4000;1258;12;1255;23;;;1279;12;1282;23;;;1268.5;0.0
-2;4100;VEV_4500;761;6;759;16;;;777;6;779;16;;;769.0;0.0
-2;4100;VEV_5000;255;32;254;13;;;261;9;262;22;;;258.0;0.0
-2;4100;VEV_5100;175;32;;;;;180;31;181;19;;;177.5;0.0
-2;4100;VEV_5200;104;34;103;33;;;106;6;107;27;;;105.0;0.0
-2;4100;VEV_5300;51;27;;;;;53;8;54;20;;;52.0;0.0
-2;4100;VEV_5400;16;17;;;;;17;3;18;16;;;16.5;0.0
-2;4100;VEV_5500;6;25;;;;;7;17;;;;;6.5;0.0
-2;4100;VEV_6000;0;23;;;;;1;23;;;;;0.5;0.0
-2;4100;VEV_6500;0;16;;;;;1;16;;;;;0.5;0.0
-2;4200;HYDROGEL_PACK;9991;14;9989;20;;;10010;20;;;;;10000.5;0.0
-2;4200;VELVETFRUIT_EXTRACT;5273;30;5273;20;;;5278;19;5279;25;;;5275.5;0.0
-2;4200;VEV_4000;1258;7;1255;26;;;1279;7;1282;26;;;1268.5;0.0
-2;4200;VEV_4500;760;12;;;;;779;11;780;12;;;769.5;0.0
-2;4200;VEV_5000;256;11;255;29;;;263;21;;;;;259.5;0.0
-2;4200;VEV_5100;176;29;;;;;180;22;181;19;;;178.0;0.0
-2;4200;VEV_5200;103;7;102;17;;;106;25;;;;;104.5;0.0
-2;4200;VEV_5300;51;23;;;;;53;18;;;;;52.0;0.0
-2;4200;VEV_5400;16;19;;;;;17;8;18;17;;;16.5;0.0
-2;4200;VEV_5500;6;21;;;;;7;26;;;;;6.5;0.0
-2;4200;VEV_6000;0;22;;;;;1;22;;;;;0.5;0.0
-2;4200;VEV_6500;0;16;;;;;1;16;;;;;0.5;0.0
-2;4300;HYDROGEL_PACK;9992;14;9990;20;;;10008;14;10011;20;;;10000.0;0.0
-2;4300;VELVETFRUIT_EXTRACT;5274;59;;;;;5280;36;;;;;5277.0;0.0
-2;4300;VEV_4000;1257;15;1255;25;;;1279;15;1281;25;;;1268.0;0.0
-2;4300;VEV_4500;762;7;760;21;;;778;7;780;21;;;770.0;0.0
-2;4300;VEV_5000;256;31;255;12;;;262;10;263;26;;;259.0;0.0
-2;4300;VEV_5100;177;31;176;15;;;181;23;;;;;179.0;0.0
-2;4300;VEV_5200;104;10;103;21;;;106;8;;;;;105.0;0.0
-2;4300;VEV_5300;51;17;50;21;;;;;;;;;51.0;0.0
-2;4300;VEV_5400;16;21;;;;;18;23;;;;;17.0;0.0
-2;4300;VEV_5500;6;20;;;;;7;15;;;;;6.5;0.0
-2;4300;VEV_6000;0;24;;;;;1;24;;;;;0.5;0.0
-2;4300;VEV_6500;0;18;;;;;1;18;;;;;0.5;0.0
-2;4400;HYDROGEL_PACK;9991;11;9988;27;;;10007;11;10009;27;;;9999.0;0.0
-2;4400;VELVETFRUIT_EXTRACT;5275;70;;;;;5281;36;5281;61;;;5278.0;0.0
-2;4400;VEV_4000;1258;13;1255;28;;;1279;13;1282;28;;;1268.5;0.0
-2;4400;VEV_4500;763;9;761;13;;;779;9;781;13;;;771.0;0.0
-2;4400;VEV_5000;255;11;254;23;;;261;10;262;34;;;258.0;0.0
-2;4400;VEV_5100;176;17;;;;;182;18;;;;;179.0;0.0
-2;4400;VEV_5200;104;35;;;;;107;11;;;;;105.5;0.0
-2;4400;VEV_5300;51;19;;;;;53;27;;;;;52.0;0.0
-2;4400;VEV_5400;17;20;;;;;18;22;;;;;17.5;0.0
-2;4400;VEV_5500;6;25;;;;;7;20;;;;;6.5;0.0
-2;4400;VEV_6000;0;21;;;;;1;21;;;;;0.5;0.0
-2;4400;VEV_6500;0;12;;;;;1;12;;;;;0.5;0.0
-2;4500;HYDROGEL_PACK;9990;14;9988;26;;;10006;14;10009;26;;;9998.0;0.0
-2;4500;VELVETFRUIT_EXTRACT;5274;69;;;;;5279;17;5280;67;;;5276.5;0.0
-2;4500;VEV_4000;1258;11;1255;23;;;1279;11;1282;23;;;1268.5;0.0
-2;4500;VEV_4500;763;9;761;21;;;779;9;781;21;;;771.0;0.0
-2;4500;VEV_5000;254;19;;;;;261;9;;;;;257.5;0.0
-2;4500;VEV_5100;177;31;176;30;;;181;25;182;24;;;179.0;0.0
-2;4500;VEV_5200;104;21;103;24;;;107;24;;;;;105.5;0.0
-2;4500;VEV_5300;51;23;50;14;;;53;5;;;;;52.0;0.0
-2;4500;VEV_5400;16;30;;;;;18;23;;;;;17.0;0.0
-2;4500;VEV_5500;6;28;;;;;7;18;;;;;6.5;0.0
-2;4500;VEV_6000;0;24;;;;;1;24;;;;;0.5;0.0
-2;4500;VEV_6500;0;15;;;;;1;15;;;;;0.5;0.0
-2;4600;HYDROGEL_PACK;9992;13;9990;27;;;10008;13;10011;27;;;10000.0;0.0
-2;4600;VELVETFRUIT_EXTRACT;5273;58;;;;;5279;71;5280;34;;;5276.0;0.0
-2;4600;VEV_4000;1258;7;1255;18;;;1279;7;1281;18;;;1268.5;0.0
-2;4600;VEV_4500;762;6;760;13;;;780;13;;;;;771.0;0.0
-2;4600;VEV_5000;255;11;254;21;;;261;34;262;16;;;258.0;0.0
-2;4600;VEV_5100;177;8;176;12;;;;;;;;;177.0;0.0
-2;4600;VEV_5200;104;26;;;;;107;27;108;34;;;105.5;0.0
-2;4600;VEV_5300;52;21;;;;;;;;;;;52.0;0.0
-2;4600;VEV_5400;16;26;;;;;18;18;;;;;17.0;0.0
-2;4600;VEV_5500;6;19;;;;;7;22;;;;;6.5;0.0
-2;4600;VEV_6000;0;22;;;;;1;22;;;;;0.5;0.0
-2;4600;VEV_6500;0;19;;;;;1;19;;;;;0.5;0.0
-2;4700;HYDROGEL_PACK;9992;12;9990;20;;;10008;12;10011;20;;;10000.0;0.0
-2;4700;VELVETFRUIT_EXTRACT;5272;30;;;;;5277;25;5278;15;;;5274.5;0.0
-2;4700;VEV_4000;1257;15;1255;22;;;1279;15;1281;22;;;1268.0;0.0
-2;4700;VEV_4500;762;11;760;12;;;778;11;780;12;;;770.0;0.0
-2;4700;VEV_5000;255;22;;;;;262;11;263;13;;;258.5;0.0
-2;4700;VEV_5100;177;21;176;28;;;;;;;;;177.0;0.0
-2;4700;VEV_5200;106;9;105;34;;;;;;;;;106.0;0.0
-2;4700;VEV_5300;51;26;;;;;53;25;;;;;52.0;0.0
-2;4700;VEV_5400;;;;;;;18;19;;;;;18.0;0.0
-2;4700;VEV_5500;6;30;;;;;7;20;;;;;6.5;0.0
-2;4700;VEV_6000;0;24;;;;;1;24;;;;;0.5;0.0
-2;4700;VEV_6500;0;18;;;;;1;18;;;;;0.5;0.0
-2;4800;HYDROGEL_PACK;9994;13;9992;25;;;10010;13;10013;25;;;10002.0;0.0
-2;4800;VELVETFRUIT_EXTRACT;5271;54;5271;15;5270;31;5277;62;;;;;5274.0;0.0
-2;4800;VEV_4000;1257;10;1254;15;;;1278;10;1281;15;;;1267.5;0.0
-2;4800;VEV_4500;762;8;761;22;760;14;778;8;780;14;;;770.0;0.0
-2;4800;VEV_5000;;;;;;;260;10;261;14;;;260.0;0.0
-2;4800;VEV_5100;176;25;175;14;;;180;8;181;20;;;178.0;0.0
-2;4800;VEV_5200;;;;;;;109;16;;;;;109.0;0.0
-2;4800;VEV_5300;51;26;;;;;53;18;;;;;52.0;0.0
-2;4800;VEV_5400;16;19;;;;;18;19;;;;;17.0;0.0
-2;4800;VEV_5500;6;24;;;;;7;23;;;;;6.5;0.0
-2;4800;VEV_6000;0;25;;;;;1;25;;;;;0.5;0.0
-2;4800;VEV_6500;0;17;;;;;1;17;;;;;0.5;0.0
-2;4900;HYDROGEL_PACK;9993;14;9990;28;;;10009;14;10011;28;;;10001.0;0.0
-2;4900;VELVETFRUIT_EXTRACT;5270;34;5270;34;;;5276;57;;;;;5273.0;0.0
-2;4900;VEV_4000;1258;12;1255;24;;;1279;12;1281;24;;;1268.5;0.0
-2;4900;VEV_4500;;;;;;;779;20;;;;;779.0;0.0
-2;4900;VEV_5000;253;10;;;;;259;31;260;22;;;256.0;0.0
-2;4900;VEV_5100;177;6;176;18;;;182;29;;;;;179.5;0.0
-2;4900;VEV_5200;107;12;106;33;;;;;;;;;107.0;0.0
-2;4900;VEV_5300;51;27;;;;;53;8;54;19;;;52.0;0.0
-2;4900;VEV_5400;16;25;;;;;18;22;;;;;17.0;0.0
-2;4900;VEV_5500;6;21;;;;;7;9;;;;;6.5;0.0
-2;4900;VEV_6000;0;21;;;;;1;21;;;;;0.5;0.0
-2;4900;VEV_6500;0;18;;;;;1;18;;;;;0.5;0.0
-2;5000;HYDROGEL_PACK;9993;13;9991;25;;;10009;13;10012;25;;;10001.0;0.0
-2;5000;VELVETFRUIT_EXTRACT;5270;16;5269;61;;;5275;39;5276;45;;;5272.5;0.0
-2;5000;VEV_4000;1257;10;1254;17;;;1278;10;1281;17;;;1267.5;0.0
-2;5000;VEV_4500;761;11;759;14;;;777;11;779;14;;;769.0;0.0
-2;5000;VEV_5000;254;12;253;20;;;260;27;261;15;;;257.0;0.0
-2;5000;VEV_5100;178;6;177;23;;;182;31;183;17;;;180.0;0.0
-2;5000;VEV_5200;108;7;107;16;;;110;31;111;27;;;109.0;0.0
-2;5000;VEV_5300;51;24;;;;;53;24;;;;;52.0;0.0
-2;5000;VEV_5400;16;22;;;;;18;27;;;;;17.0;0.0
-2;5000;VEV_5500;6;5;;;;;7;25;;;;;6.5;0.0
-2;5000;VEV_6000;0;19;;;;;1;19;;;;;0.5;0.0
-2;5000;VEV_6500;0;15;;;;;1;15;;;;;0.5;0.0
-2;5100;HYDROGEL_PACK;9994;10;9992;28;;;10010;10;10013;28;;;10002.0;0.0
-2;5100;VELVETFRUIT_EXTRACT;5269;22;5269;18;;;5274;18;5275;49;;;5271.5;0.0
-2;5100;VEV_4000;1259;12;1256;30;;;1280;12;1282;30;;;1269.5;0.0
-2;5100;VEV_4500;760;8;758;18;;;776;8;778;18;;;768.0;0.0
-2;5100;VEV_5000;253;8;252;19;;;259;12;260;23;;;256.0;0.0
-2;5100;VEV_5100;175;16;;;;;180;24;;;;;177.5;0.0
-2;5100;VEV_5200;108;29;;;;;110;6;111;26;;;109.0;0.0
-2;5100;VEV_5300;51;27;50;25;;;53;24;54;19;;;52.0;0.0
-2;5100;VEV_5400;16;29;;;;;18;20;;;;;17.0;0.0
-2;5100;VEV_5500;6;20;;;;;7;17;;;;;6.5;0.0
-2;5100;VEV_6000;0;26;;;;;1;26;;;;;0.5;0.0
-2;5100;VEV_6500;0;11;;;;;1;11;;;;;0.5;0.0
-2;5200;HYDROGEL_PACK;9995;13;9992;26;;;10011;13;10013;26;;;10003.0;0.0
-2;5200;VELVETFRUIT_EXTRACT;5268;34;;;;;5274;34;;;;;5271.0;0.0
-2;5200;VEV_4000;1259;9;1256;26;;;1280;9;1282;26;;;1269.5;0.0
-2;5200;VEV_4500;758;12;756;15;;;774;12;776;15;;;766.0;0.0
-2;5200;VEV_5000;253;27;252;14;;;259;7;260;24;;;256.0;0.0
-2;5200;VEV_5100;176;24;;;;;181;21;;;;;178.5;0.0
-2;5200;VEV_5200;107;20;;;;;110;9;;;;;108.5;0.0
-2;5200;VEV_5300;51;7;50;12;;;53;12;53;5;;;52.0;0.0
-2;5200;VEV_5400;16;25;;;;;18;13;;;;;17.0;0.0
-2;5200;VEV_5500;6;26;;;;;7;19;;;;;6.5;0.0
-2;5200;VEV_6000;0;19;;;;;1;19;;;;;0.5;0.0
-2;5200;VEV_6500;0;16;;;;;1;16;;;;;0.5;0.0
-2;5300;HYDROGEL_PACK;9996;13;9994;21;;;10012;13;10015;21;;;10004.0;0.0
-2;5300;VELVETFRUIT_EXTRACT;5268;22;5268;22;;;5274;20;;;;;5271.0;0.0
-2;5300;VEV_4000;1257;14;1255;24;;;1278;14;1281;24;;;1267.5;0.0
-2;5300;VEV_4500;756;8;754;21;;;772;8;775;21;;;764.0;0.0
-2;5300;VEV_5000;253;24;252;20;;;259;10;260;17;;;256.0;0.0
-2;5300;VEV_5100;174;9;173;31;;;178;12;;;;;176.0;0.0
-2;5300;VEV_5200;108;21;107;27;;;111;19;;;;;109.5;0.0
-2;5300;VEV_5300;51;16;;;;;53;23;;;;;52.0;0.0
-2;5300;VEV_5400;17;25;16;25;;;18;20;;;;;17.5;0.0
-2;5300;VEV_5500;6;28;;;;;7;26;;;;;6.5;0.0
-2;5300;VEV_6000;0;20;;;;;1;20;;;;;0.5;0.0
-2;5300;VEV_6500;0;14;;;;;1;14;;;;;0.5;0.0
-2;5400;HYDROGEL_PACK;9997;11;9994;28;;;10013;11;10015;28;;;10005.0;0.0
-2;5400;VELVETFRUIT_EXTRACT;5266;34;5266;15;;;5272;17;;;;;5269.0;0.0
-2;5400;VEV_4000;1257;14;1254;29;;;1278;14;1281;29;;;1267.5;0.0
-2;5400;VEV_4500;757;8;755;23;;;773;8;775;23;;;765.0;0.0
-2;5400;VEV_5000;253;11;252;18;;;259;27;260;15;;;256.0;0.0
-2;5400;VEV_5100;175;11;;;;;179;11;;;;;177.0;0.0
-2;5400;VEV_5200;;;;;;;111;16;;;;;111.0;0.0
-2;5400;VEV_5300;50;23;;;;;52;8;;;;;51.0;0.0
-2;5400;VEV_5400;16;20;;;;;;;;;;;16.0;0.0
-2;5400;VEV_5500;6;22;;;;;7;22;;;;;6.5;0.0
-2;5400;VEV_6000;0;20;;;;;1;20;;;;;0.5;0.0
-2;5400;VEV_6500;0;12;;;;;1;12;;;;;0.5;0.0
-2;5500;HYDROGEL_PACK;9996;15;9994;21;;;10012;15;10015;21;;;10004.0;0.0
-2;5500;VELVETFRUIT_EXTRACT;5266;17;5265;41;5265;53;5271;66;;;;;5268.5;0.0
-2;5500;VEV_4000;1256;11;1254;27;;;1278;11;1280;27;;;1267.0;0.0
-2;5500;VEV_4500;758;7;756;16;;;774;7;776;16;;;766.0;0.0
-2;5500;VEV_5000;253;19;;;;;260;11;261;20;;;256.5;0.0
-2;5500;VEV_5100;175;21;;;;;180;11;181;17;;;177.5;0.0
-2;5500;VEV_5200;107;6;;;;;110;21;;;;;108.5;0.0
-2;5500;VEV_5300;50;7;49;11;;;52;27;;;;;51.0;0.0
-2;5500;VEV_5400;16;24;;;;;;;;;;;16.0;0.0
-2;5500;VEV_5500;6;24;;;;;7;27;;;;;6.5;0.0
-2;5500;VEV_6000;0;20;;;;;1;20;;;;;0.5;0.0
-2;5500;VEV_6500;0;17;;;;;1;17;;;;;0.5;0.0
-2;5600;HYDROGEL_PACK;9995;10;9993;24;;;10011;10;10014;24;;;10003.0;0.0
-2;5600;VELVETFRUIT_EXTRACT;5265;39;5265;17;;;5271;40;;;;;5268.0;0.0
-2;5600;VEV_4000;1256;12;1253;24;;;1277;12;1280;24;;;1266.5;0.0
-2;5600;VEV_4500;758;9;756;16;;;774;9;776;16;;;766.0;0.0
-2;5600;VEV_5000;254;9;253;17;;;260;29;261;26;;;257.0;0.0
-2;5600;VEV_5100;177;6;176;20;;;181;12;;;;;179.0;0.0
-2;5600;VEV_5200;107;34;;;;;110;12;111;35;;;108.5;0.0
-2;5600;VEV_5300;49;29;;;;;51;5;;;;;50.0;0.0
-2;5600;VEV_5400;;;;;;;17;24;18;24;;;17.0;0.0
-2;5600;VEV_5500;6;22;;;;;7;24;;;;;6.5;0.0
-2;5600;VEV_6000;0;18;;;;;1;18;;;;;0.5;0.0
-2;5600;VEV_6500;0;17;;;;;1;17;;;;;0.5;0.0
-2;5700;HYDROGEL_PACK;9998;10;9995;28;;;10014;10;10017;28;;;10006.0;0.0
-2;5700;VELVETFRUIT_EXTRACT;5265;49;;;;;5271;42;;;;;5268.0;0.0
-2;5700;VEV_4000;1255;15;1253;17;;;1277;15;1279;17;;;1266.0;0.0
-2;5700;VEV_4500;757;8;755;23;;;773;8;776;23;;;765.0;0.0
-2;5700;VEV_5000;;;;;;;259;9;260;17;;;259.0;0.0
-2;5700;VEV_5100;176;30;175;24;;;180;21;181;19;;;178.0;0.0
-2;5700;VEV_5200;107;7;;;;;;;;;;;107.0;0.0
-2;5700;VEV_5300;49;22;;;;;51;22;;;;;50.0;0.0
-2;5700;VEV_5400;16;26;16;23;;;18;23;;;;;17.0;0.0
-2;5700;VEV_5500;6;19;;;;;7;26;;;;;6.5;0.0
-2;5700;VEV_6000;0;18;;;;;1;18;;;;;0.5;0.0
-2;5700;VEV_6500;0;16;;;;;1;16;;;;;0.5;0.0
-2;5800;HYDROGEL_PACK;9999;14;9997;21;;;10015;14;10018;21;;;10007.0;0.0
-2;5800;VELVETFRUIT_EXTRACT;5265;22;5264;56;;;5269;22;5270;66;;;5267.0;0.0
-2;5800;VEV_4000;1256;11;1253;30;;;1277;11;1279;30;;;1266.5;0.0
-2;5800;VEV_4500;759;6;757;16;;;775;6;776;6;777;16;767.0;0.0
-2;5800;VEV_5000;252;30;251;19;;;258;10;259;20;;;255.0;0.0
-2;5800;VEV_5100;175;22;174;23;;;179;10;;;;;177.0;0.0
-2;5800;VEV_5200;108;11;107;17;;;110;22;;;;;109.0;0.0
-2;5800;VEV_5300;48;29;;;;;50;9;;;;;49.0;0.0
-2;5800;VEV_5400;16;24;;;;;18;18;;;;;17.0;0.0
-2;5800;VEV_5500;6;24;;;;;7;23;;;;;6.5;0.0
-2;5800;VEV_6000;0;25;;;;;1;25;;;;;0.5;0.0
-2;5800;VEV_6500;0;19;;;;;1;19;;;;;0.5;0.0
-2;5900;HYDROGEL_PACK;10000;11;9997;20;;;10016;11;10018;20;;;10008.0;0.0
-2;5900;VELVETFRUIT_EXTRACT;5266;19;5265;31;;;5271;53;;;;;5268.5;0.0
-2;5900;VEV_4000;1255;9;1253;18;;;1277;9;1279;18;;;1266.0;0.0
-2;5900;VEV_4500;759;20;;;;;777;8;779;20;;;768.0;0.0
-2;5900;VEV_5000;251;16;;;;;258;10;259;23;;;254.5;0.0
-2;5900;VEV_5100;;;;;;;180;11;181;17;;;180.0;0.0
-2;5900;VEV_5200;106;27;;;;;;;;;;;106.0;0.0
-2;5900;VEV_5300;49;23;;;;;51;27;52;10;;;50.0;0.0
-2;5900;VEV_5400;16;26;16;29;;;17;20;18;17;;;16.5;0.0
-2;5900;VEV_5500;6;19;;;;;7;25;;;;;6.5;0.0
-2;5900;VEV_6000;0;24;;;;;1;24;;;;;0.5;0.0
-2;5900;VEV_6500;0;18;;;;;1;18;;;;;0.5;0.0
-2;6000;HYDROGEL_PACK;10001;11;9999;27;;;10017;11;10020;27;;;10009.0;0.0
-2;6000;VELVETFRUIT_EXTRACT;5264;44;;;;;5269;20;5270;31;;;5266.5;0.0
-2;6000;VEV_4000;1256;13;1254;22;;;1277;13;1280;22;;;1266.5;0.0
-2;6000;VEV_4500;761;11;759;12;;;777;11;780;12;;;769.0;0.0
-2;6000;VEV_5000;252;12;;;;;258;7;259;26;;;255.0;0.0
-2;6000;VEV_5100;176;22;;;;;182;30;;;;;179.0;0.0
-2;6000;VEV_5200;105;27;;;;;108;9;;;;;106.5;0.0
-2;6000;VEV_5300;49;6;;;;;51;22;;;;;50.0;0.0
-2;6000;VEV_5400;16;18;;;;;18;16;;;;;17.0;0.0
-2;6000;VEV_5500;6;19;;;;;7;29;;;;;6.5;0.0
-2;6000;VEV_6000;0;27;;;;;1;27;;;;;0.5;0.0
-2;6000;VEV_6500;0;16;;;;;1;16;;;;;0.5;0.0
-2;6100;HYDROGEL_PACK;9999;15;9997;29;;;10015;15;10018;29;;;10007.0;0.0
-2;6100;VELVETFRUIT_EXTRACT;5266;21;5265;15;;;5271;73;;;;;5268.5;0.0
-2;6100;VEV_4000;1256;15;1253;28;;;1277;15;1280;28;;;1266.5;0.0
-2;6100;VEV_4500;762;7;760;18;;;778;7;780;18;;;770.0;0.0
-2;6100;VEV_5000;252;13;;;;;260;14;;;;;256.0;0.0
-2;6100;VEV_5100;178;7;177;29;;;182;10;;;;;180.0;0.0
-2;6100;VEV_5200;105;32;;;;;108;8;109;27;;;106.5;0.0
-2;6100;VEV_5300;;;;;;;50;26;51;23;;;50.0;0.0
-2;6100;VEV_5400;16;21;16;22;;;18;24;;;;;17.0;0.0
-2;6100;VEV_5500;6;18;;;;;7;27;;;;;6.5;0.0
-2;6100;VEV_6000;0;27;;;;;1;27;;;;;0.5;0.0
-2;6100;VEV_6500;0;14;;;;;1;14;;;;;0.5;0.0
-2;6200;HYDROGEL_PACK;9998;13;9995;24;;;10014;13;10016;24;;;10006.0;0.0
-2;6200;VELVETFRUIT_EXTRACT;5264;57;;;;;5270;24;;;;;5267.0;0.0
-2;6200;VEV_4000;1257;14;1254;24;;;1278;14;1281;24;;;1267.5;0.0
-2;6200;VEV_4500;761;10;759;20;;;777;10;779;20;;;769.0;0.0
-2;6200;VEV_5000;252;7;;;;;258;11;;;;;255.0;0.0
-2;6200;VEV_5100;175;20;;;;;180;25;;;;;177.5;0.0
-2;6200;VEV_5200;;;;;;;107;23;108;19;;;107.0;0.0
-2;6200;VEV_5300;48;9;;;;;50;25;;;;;49.0;0.0
-2;6200;VEV_5400;16;23;;;;;17;18;18;28;;;16.5;0.0
-2;6200;VEV_5500;6;21;;;;;7;24;;;;;6.5;0.0
-2;6200;VEV_6000;0;23;;;;;1;23;;;;;0.5;0.0
-2;6200;VEV_6500;0;20;;;;;1;20;;;;;0.5;0.0
-2;6300;HYDROGEL_PACK;9999;14;9996;26;;;10015;14;10017;26;;;10007.0;0.0
-2;6300;VELVETFRUIT_EXTRACT;5266;18;5265;30;;;5271;35;;;;;5268.5;0.0
-2;6300;VEV_4000;1255;11;1253;22;;;1276;11;1279;22;;;1265.5;0.0
-2;6300;VEV_4500;760;6;758;23;;;776;6;778;23;;;768.0;0.0
-2;6300;VEV_5000;251;26;;;;;257;12;258;24;;;254.0;0.0
-2;6300;VEV_5100;177;32;176;22;;;181;6;182;18;;;179.0;0.0
-2;6300;VEV_5200;104;26;;;;;107;11;;;;;105.5;0.0
-2;6300;VEV_5300;47;24;;;;;49;17;50;21;;;48.0;0.0
-2;6300;VEV_5400;15;21;;;;;17;16;;;;;16.0;0.0
-2;6300;VEV_5500;6;25;;;;;7;27;;;;;6.5;0.0
-2;6300;VEV_6000;0;20;;;;;1;20;;;;;0.5;0.0
-2;6300;VEV_6500;0;16;;;;;1;16;;;;;0.5;0.0
-2;6400;HYDROGEL_PACK;9997;13;9994;21;;;10013;13;10015;21;;;10005.0;0.0
-2;6400;VELVETFRUIT_EXTRACT;5264;49;;;;;5269;17;5270;33;;;5266.5;0.0
-2;6400;VEV_4000;1254;11;1251;28;;;1275;11;1278;28;;;1264.5;0.0
-2;6400;VEV_4500;759;8;758;12;757;15;775;8;777;15;;;767.0;0.0
-2;6400;VEV_5000;250;6;249;16;;;256;11;257;15;;;253.0;0.0
-2;6400;VEV_5100;175;8;;;;;179;8;180;25;;;177.0;0.0
-2;6400;VEV_5200;105;6;104;19;;;108;32;;;;;106.5;0.0
-2;6400;VEV_5300;46;23;;;;;48;30;;;;;47.0;0.0
-2;6400;VEV_5400;16;21;;;;;18;26;;;;;17.0;0.0
-2;6400;VEV_5500;6;25;;;;;7;21;;;;;6.5;0.0
-2;6400;VEV_6000;0;28;;;;;1;28;;;;;0.5;0.0
-2;6400;VEV_6500;0;15;;;;;1;15;;;;;0.5;0.0
-2;6500;HYDROGEL_PACK;9995;14;9992;23;;;10011;14;10013;23;;;10003.0;0.0
-2;6500;VELVETFRUIT_EXTRACT;5262;61;;;;;5267;19;5268;44;5269;47;5264.5;0.0
-2;6500;VEV_4000;1250;15;1248;22;;;1271;15;1274;22;;;1260.5;0.0
-2;6500;VEV_4500;758;9;756;15;;;774;9;777;15;;;766.0;0.0
-2;6500;VEV_5000;251;12;250;14;;;257;32;258;14;;;254.0;0.0
-2;6500;VEV_5100;174;20;173;12;;;179;31;;;;;176.5;0.0
-2;6500;VEV_5200;;;;;;;107;10;108;19;;;107.0;0.0
-2;6500;VEV_5300;;;;;;;50;16;;;;;50.0;0.0
-2;6500;VEV_5400;16;27;;;;;18;28;;;;;17.0;0.0
-2;6500;VEV_5500;6;20;;;;;7;16;;;;;6.5;0.0
-2;6500;VEV_6000;0;22;;;;;1;22;;;;;0.5;0.0
-2;6500;VEV_6500;0;19;;;;;1;19;;;;;0.5;0.0
-2;6600;HYDROGEL_PACK;9994;10;9992;30;;;10010;10;10013;30;;;10002.0;0.0
-2;6600;VELVETFRUIT_EXTRACT;5263;22;5262;52;;;5268;63;;;;;5265.5;0.0
-2;6600;VEV_4000;1250;7;1248;15;;;1271;7;1274;15;;;1260.5;0.0
-2;6600;VEV_4500;759;11;757;12;;;777;12;;;;;768.0;0.0
-2;6600;VEV_5000;251;12;250;22;;;258;16;;;;;254.5;0.0
-2;6600;VEV_5100;173;6;;;;;177;28;178;17;;;175.0;0.0
-2;6600;VEV_5200;104;15;;;;;107;8;108;24;;;105.5;0.0
-2;6600;VEV_5300;47;16;;;;;49;10;;;;;48.0;0.0
-2;6600;VEV_5400;16;22;;;;;17;27;;;;;16.5;0.0
-2;6600;VEV_5500;6;24;;;;;7;26;;;;;6.5;0.0
-2;6600;VEV_6000;0;20;;;;;1;20;;;;;0.5;0.0
-2;6600;VEV_6500;0;17;;;;;1;17;;;;;0.5;0.0
-2;6700;HYDROGEL_PACK;9997;12;9994;23;;;10013;12;10015;23;;;10005.0;0.0
-2;6700;VELVETFRUIT_EXTRACT;5263;31;5263;22;;;5268;22;5269;49;;;5265.5;0.0
-2;6700;VEV_4000;1248;11;1245;26;;;1269;11;1271;26;;;1258.5;0.0
-2;6700;VEV_4500;759;7;757;15;;;775;7;776;6;777;15;767.0;0.0
-2;6700;VEV_5000;252;6;251;36;;;258;6;259;20;;;255.0;0.0
-2;6700;VEV_5100;174;36;173;19;;;178;10;179;15;;;176.0;0.0
-2;6700;VEV_5200;104;25;;;;;107;29;108;33;;;105.5;0.0
-2;6700;VEV_5300;47;15;;;;;49;25;;;;;48.0;0.0
-2;6700;VEV_5400;16;21;;;;;17;20;;;;;16.5;0.0
-2;6700;VEV_5500;6;19;;;;;7;21;;;;;6.5;0.0
-2;6700;VEV_6000;0;19;;;;;1;19;;;;;0.5;0.0
-2;6700;VEV_6500;0;19;;;;;1;19;;;;;0.5;0.0
-2;6800;HYDROGEL_PACK;9997;15;9994;25;;;10013;15;10015;25;;;10005.0;0.0
-2;6800;VELVETFRUIT_EXTRACT;5263;20;;;;;5268;19;5269;50;;;5265.5;0.0
-2;6800;VEV_4000;1248;7;1246;27;;;1270;7;1272;27;;;1259.0;0.0
-2;6800;VEV_4500;758;8;757;9;756;15;774;8;775;10;776;15;766.0;0.0
-2;6800;VEV_5000;251;12;250;17;;;257;7;258;27;;;254.0;0.0
-2;6800;VEV_5100;175;7;;;;;179;8;180;15;;;177.0;0.0
-2;6800;VEV_5200;104;18;;;;;108;24;;;;;106.0;0.0
-2;6800;VEV_5300;47;28;46;13;;;49;23;;;;;48.0;0.0
-2;6800;VEV_5400;;;;;;;17;26;18;19;;;17.0;0.0
-2;6800;VEV_5500;6;18;;;;;7;26;;;;;6.5;0.0
-2;6800;VEV_6000;0;21;;;;;1;21;;;;;0.5;0.0
-2;6800;VEV_6500;0;17;;;;;1;17;;;;;0.5;0.0
-2;6900;HYDROGEL_PACK;9997;13;9995;28;;;10013;13;10016;28;;;10005.0;0.0
-2;6900;VELVETFRUIT_EXTRACT;5264;17;5263;52;;;5268;17;5269;44;;;5266.0;0.0
-2;6900;VEV_4000;1249;15;1247;19;;;1270;15;1273;19;;;1259.5;0.0
-2;6900;VEV_4500;760;7;758;20;;;;;;;;;760.0;0.0
-2;6900;VEV_5000;251;20;250;26;;;257;12;258;16;;;254.0;0.0
-2;6900;VEV_5100;175;7;;;;;179;11;180;22;;;177.0;0.0
-2;6900;VEV_5200;105;9;104;17;;;107;22;;;;;106.0;0.0
-2;6900;VEV_5300;47;23;;;;;;;;;;;47.0;0.0
-2;6900;VEV_5400;;;;;;;18;20;;;;;18.0;0.0
-2;6900;VEV_5500;6;16;;;;;7;23;;;;;6.5;0.0
-2;6900;VEV_6000;0;25;;;;;1;25;;;;;0.5;0.0
-2;6900;VEV_6500;0;12;;;;;1;12;;;;;0.5;0.0
-2;7000;HYDROGEL_PACK;9995;10;9993;28;;;10011;10;10014;28;;;10003.0;0.0
-2;7000;VELVETFRUIT_EXTRACT;5263;60;;;;;5268;25;5269;40;;;5265.5;0.0
-2;7000;VEV_4000;1249;9;1247;26;;;1270;9;1273;26;;;1259.5;0.0
-2;7000;VEV_4500;761;7;759;15;;;777;7;779;15;;;769.0;0.0
-2;7000;VEV_5000;252;12;251;20;;;258;11;;;;;255.0;0.0
-2;7000;VEV_5100;;;;;;;179;29;180;24;;;179.0;0.0
-2;7000;VEV_5200;105;8;104;29;;;107;21;108;22;;;106.0;0.0
-2;7000;VEV_5300;47;23;;;;;49;25;;;;;48.0;0.0
-2;7000;VEV_5400;;;;;;;18;28;;;;;18.0;0.0
-2;7000;VEV_5500;6;24;;;;;7;20;;;;;6.5;0.0
-2;7000;VEV_6000;0;23;;;;;1;23;;;;;0.5;0.0
-2;7000;VEV_6500;0;15;;;;;1;15;;;;;0.5;0.0
-2;7100;HYDROGEL_PACK;9993;13;9991;26;;;10009;13;10012;26;;;10001.0;0.0
-2;7100;VELVETFRUIT_EXTRACT;5265;21;5264;37;5264;59;5270;56;;;;;5267.5;0.0
-2;7100;VEV_4000;1249;9;1246;20;;;1270;9;1273;20;;;1259.5;0.0
-2;7100;VEV_4500;761;9;759;21;;;777;9;779;21;;;769.0;0.0
-2;7100;VEV_5000;251;11;250;15;;;257;7;258;19;;;254.0;0.0
-2;7100;VEV_5100;;;;;;;179;31;180;23;;;179.0;0.0
-2;7100;VEV_5200;106;8;105;24;;;108;11;;;;;107.0;0.0
-2;7100;VEV_5300;47;29;46;16;;;49;9;;;;;48.0;0.0
-2;7100;VEV_5400;17;18;;;;;18;18;;;;;17.5;0.0
-2;7100;VEV_5500;6;20;;;;;7;25;;;;;6.5;0.0
-2;7100;VEV_6000;0;27;;;;;1;27;;;;;0.5;0.0
-2;7100;VEV_6500;0;17;;;;;1;17;;;;;0.5;0.0
-2;7200;HYDROGEL_PACK;9994;10;9991;22;;;10010;10;10012;22;;;10002.0;0.0
-2;7200;VELVETFRUIT_EXTRACT;5264;60;;;;;5270;32;;;;;5267.0;0.0
-2;7200;VEV_4000;1249;13;1246;29;;;1270;13;1273;29;;;1259.5;0.0
-2;7200;VEV_4500;761;7;759;21;;;779;21;;;;;770.0;0.0
-2;7200;VEV_5000;250;11;249;19;;;256;30;257;22;;;253.0;0.0
-2;7200;VEV_5100;175;9;174;23;;;179;19;180;14;;;177.0;0.0
-2;7200;VEV_5200;106;19;105;29;;;108;11;109;21;;;107.0;0.0
-2;7200;VEV_5300;;;;;;;49;7;;;;;49.0;0.0
-2;7200;VEV_5400;16;21;;;;;17;20;18;18;;;16.5;0.0
-2;7200;VEV_5500;6;21;;;;;7;16;;;;;6.5;0.0
-2;7200;VEV_6000;0;22;;;;;1;22;;;;;0.5;0.0
-2;7200;VEV_6500;0;13;;;;;1;13;;;;;0.5;0.0
-2;7300;HYDROGEL_PACK;9996;12;9994;23;;;10012;12;10015;23;;;10004.0;0.0
-2;7300;VELVETFRUIT_EXTRACT;5264;40;;;;;5269;17;5270;39;;;5266.5;0.0
-2;7300;VEV_4000;1248;11;1245;25;;;1269;11;1272;25;;;1258.5;0.0
-2;7300;VEV_4500;762;10;760;20;;;778;10;780;20;;;770.0;0.0
-2;7300;VEV_5000;251;11;250;19;;;257;34;258;17;;;254.0;0.0
-2;7300;VEV_5100;173;23;;;;;178;11;179;20;;;175.5;0.0
-2;7300;VEV_5200;106;26;;;;;108;23;;;;;107.0;0.0
-2;7300;VEV_5300;48;19;;;;;50;18;50;24;;;49.0;0.0
-2;7300;VEV_5400;16;27;;;;;17;24;;;;;16.5;0.0
-2;7300;VEV_5500;6;29;;;;;7;21;;;;;6.5;0.0
-2;7300;VEV_6000;0;21;;;;;1;21;;;;;0.5;0.0
-2;7300;VEV_6500;0;16;;;;;1;16;;;;;0.5;0.0
-2;7400;HYDROGEL_PACK;9998;11;9995;29;;;10014;11;10016;29;;;10006.0;0.0
-2;7400;VELVETFRUIT_EXTRACT;5265;15;5264;68;;;5269;15;5270;49;;;5267.0;0.0
-2;7400;VEV_4000;1248;8;1246;21;;;1269;8;1272;21;;;1258.5;0.0
-2;7400;VEV_4500;762;9;760;17;;;778;9;779;11;780;17;770.0;0.0
-2;7400;VEV_5000;249;20;;;;;256;9;;;;;252.5;0.0
-2;7400;VEV_5100;174;22;;;;;179;12;180;20;;;176.5;0.0
-2;7400;VEV_5200;105;27;;;;;108;7;109;30;;;106.5;0.0
-2;7400;VEV_5300;48;16;;;;;50;25;;;;;49.0;0.0
-2;7400;VEV_5400;16;16;16;29;;;;;;;;;16.0;0.0
-2;7400;VEV_5500;6;23;;;;;7;2;;;;;6.5;0.0
-2;7400;VEV_6000;0;19;;;;;1;19;;;;;0.5;0.0
-2;7400;VEV_6500;0;12;;;;;1;12;;;;;0.5;0.0
-2;7500;HYDROGEL_PACK;9998;13;9995;22;;;10014;13;10016;22;;;10006.0;0.0
-2;7500;VELVETFRUIT_EXTRACT;5264;37;;;;;5269;20;5270;39;;;5266.5;0.0
-2;7500;VEV_4000;1247;8;1245;19;;;1268;8;1271;19;;;1257.5;0.0
-2;7500;VEV_4500;761;11;760;7;759;24;777;11;780;24;;;769.0;0.0
-2;7500;VEV_5000;249;8;248;14;;;255;7;256;24;;;252.0;0.0
-2;7500;VEV_5100;176;9;175;17;;;180;8;;;;;178.0;0.0
-2;7500;VEV_5200;105;28;;;;;109;22;;;;;107.0;0.0
-2;7500;VEV_5300;48;7;;;;;50;20;51;17;;;49.0;0.0
-2;7500;VEV_5400;16;24;;;;;;;;;;;16.0;0.0
-2;7500;VEV_5500;6;25;;;;;7;28;;;;;6.5;0.0
-2;7500;VEV_6000;0;22;;;;;1;22;;;;;0.5;0.0
-2;7500;VEV_6500;0;20;;;;;1;20;;;;;0.5;0.0
-2;7600;HYDROGEL_PACK;9995;15;9992;22;;;10011;15;10013;22;;;10003.0;0.0
-2;7600;VELVETFRUIT_EXTRACT;5265;21;5264;42;;;5270;62;;;;;5267.5;0.0
-2;7600;VEV_4000;1248;15;1245;28;;;1269;15;1272;28;;;1258.5;0.0
-2;7600;VEV_4500;762;12;760;24;;;778;12;780;24;;;770.0;0.0
-2;7600;VEV_5000;247;8;246;22;;;253;12;254;22;;;250.0;0.0
-2;7600;VEV_5100;177;23;176;24;;;181;27;;;;;179.0;0.0
-2;7600;VEV_5200;;;;;;;107;8;;;;;107.0;0.0
-2;7600;VEV_5300;48;17;;;;;50;19;51;13;;;49.0;0.0
-2;7600;VEV_5400;16;24;;;;;18;16;;;;;17.0;0.0
-2;7600;VEV_5500;6;24;;;;;7;21;;;;;6.5;0.0
-2;7600;VEV_6000;0;19;;;;;1;19;;;;;0.5;0.0
-2;7600;VEV_6500;0;14;;;;;;;;;;;0.0;0.0
-2;7700;HYDROGEL_PACK;9991;15;9988;20;;;10007;15;10009;20;;;9999.0;0.0
-2;7700;VELVETFRUIT_EXTRACT;5265;15;5264;67;;;5270;35;;;;;5267.5;0.0
-2;7700;VEV_4000;1249;11;1246;24;;;1270;11;1272;24;;;1259.5;0.0
-2;7700;VEV_4500;761;12;759;19;;;777;12;778;15;779;19;769.0;0.0
-2;7700;VEV_5000;247;28;246;12;;;253;11;254;24;;;250.0;0.0
-2;7700;VEV_5100;177;24;176;25;;;182;12;;;;;179.5;0.0
-2;7700;VEV_5200;105;25;104;19;;;107;20;108;28;;;106.0;0.0
-2;7700;VEV_5300;49;19;;;;;51;17;;;;;50.0;0.0
-2;7700;VEV_5400;;;;;;;18;27;;;;;18.0;0.0
-2;7700;VEV_5500;6;20;;;;;7;17;;;;;6.5;0.0
-2;7700;VEV_6000;0;26;;;;;1;26;;;;;0.5;0.0
-2;7700;VEV_6500;0;15;;;;;1;15;;;;;0.5;0.0
-2;7800;HYDROGEL_PACK;9990;10;9988;30;;;10006;10;10009;30;;;9998.0;0.0
-2;7800;VELVETFRUIT_EXTRACT;5265;34;;;;;5271;68;;;;;5268.0;0.0
-2;7800;VEV_4000;1249;7;1246;29;;;1270;7;1272;29;;;1259.5;0.0
-2;7800;VEV_4500;761;11;759;12;;;777;11;780;12;;;769.0;0.0
-2;7800;VEV_5000;247;26;246;23;;;253;10;254;17;;;250.0;0.0
-2;7800;VEV_5100;177;8;176;24;;;181;26;182;23;;;179.0;0.0
-2;7800;VEV_5200;105;23;;;;;108;11;109;25;;;106.5;0.0
-2;7800;VEV_5300;49;26;;;;;;;;;;;49.0;0.0
-2;7800;VEV_5400;;;;;;;18;23;;;;;18.0;0.0
-2;7800;VEV_5500;6;21;;;;;7;19;;;;;6.5;0.0
-2;7800;VEV_6000;0;27;;;;;1;27;;;;;0.5;0.0
-2;7800;VEV_6500;0;16;;;;;1;16;;;;;0.5;0.0
-2;7900;HYDROGEL_PACK;9989;12;9986;20;;;10005;12;10007;20;;;9997.0;0.0
-2;7900;VELVETFRUIT_EXTRACT;5266;15;5265;16;;;5270;15;5271;21;;;5268.0;0.0
-2;7900;VEV_4000;1249;14;1246;29;;;1270;14;1272;29;;;1259.5;0.0
-2;7900;VEV_4500;763;10;761;20;;;779;10;781;20;;;771.0;0.0
-2;7900;VEV_5000;245;16;;;;;252;9;253;24;;;248.5;0.0
-2;7900;VEV_5100;177;27;;;;;181;12;182;19;;;179.0;0.0
-2;7900;VEV_5200;106;30;105;31;;;109;14;;;;;107.5;0.0
-2;7900;VEV_5300;49;6;;;;;;;;;;;49.0;0.0
-2;7900;VEV_5400;16;18;;;;;18;17;;;;;17.0;0.0
-2;7900;VEV_5500;6;26;;;;;7;18;;;;;6.5;0.0
-2;7900;VEV_6000;0;20;;;;;1;20;;;;;0.5;0.0
-2;7900;VEV_6500;0;18;;;;;1;18;;;;;0.5;0.0
-2;8000;HYDROGEL_PACK;9990;13;9988;30;;;10006;13;10009;30;;;9998.0;0.0
-2;8000;VELVETFRUIT_EXTRACT;5266;61;5266;24;;;5271;24;5272;61;;;5268.5;0.0
-2;8000;VEV_4000;1250;14;1247;29;;;1271;14;1274;29;;;1260.5;0.0
-2;8000;VEV_4500;763;12;761;17;;;779;12;781;17;;;771.0;0.0
-2;8000;VEV_5000;248;8;247;24;;;255;12;;;;;251.5;0.0
-2;8000;VEV_5100;179;27;178;12;;;183;9;;;;;181.0;0.0
-2;8000;VEV_5200;;;;;;;109;28;110;21;;;109.0;0.0
-2;8000;VEV_5300;50;25;;;;;52;28;;;;;51.0;0.0
-2;8000;VEV_5400;;;;;;;17;18;18;12;;;17.0;0.0
-2;8000;VEV_5500;6;20;;;;;7;21;;;;;6.5;0.0
-2;8000;VEV_6000;0;28;;;;;1;28;;;;;0.5;0.0
-2;8000;VEV_6500;0;14;;;;;1;14;;;;;0.5;0.0
-2;8100;HYDROGEL_PACK;9994;11;9991;30;;;10010;11;10012;30;;;10002.0;0.0
-2;8100;VELVETFRUIT_EXTRACT;5267;45;;;;;5272;25;5273;58;;;5269.5;0.0
-2;8100;VEV_4000;1251;11;1248;21;;;1272;11;1275;21;;;1261.5;0.0
-2;8100;VEV_4500;761;15;;;;;779;7;780;6;781;15;770.0;0.0
-2;8100;VEV_5000;248;12;247;17;;;254;6;255;21;;;251.0;0.0
-2;8100;VEV_5100;179;35;;;;;183;6;184;13;;;181.0;0.0
-2;8100;VEV_5200;107;19;;;;;111;21;;;;;109.0;0.0
-2;8100;VEV_5300;;;;;;;52;6;;;;;52.0;0.0
-2;8100;VEV_5400;;;;;;;17;23;18;16;;;17.0;0.0
-2;8100;VEV_5500;6;27;;;;;7;26;;;;;6.5;0.0
-2;8100;VEV_6000;0;24;;;;;1;24;;;;;0.5;0.0
-2;8100;VEV_6500;0;13;;;;;1;13;;;;;0.5;0.0
-2;8200;HYDROGEL_PACK;9996;14;9994;27;;;10012;14;10015;27;;;10004.0;0.0
-2;8200;VELVETFRUIT_EXTRACT;5267;62;;;;;5273;48;;;;;5270.0;0.0
-2;8200;VEV_4000;1250;8;1247;22;;;1271;8;1273;22;;;1260.5;0.0
-2;8200;VEV_4500;763;8;761;12;;;779;8;781;12;;;771.0;0.0
-2;8200;VEV_5000;250;10;;;;;256;6;257;23;;;253.0;0.0
-2;8200;VEV_5100;179;25;178;32;;;183;12;;;;;181.0;0.0
-2;8200;VEV_5200;109;8;108;33;;;111;19;112;24;;;110.0;0.0
-2;8200;VEV_5300;;;;;;;52;19;;;;;52.0;0.0
-2;8200;VEV_5400;16;24;;;;;18;26;;;;;17.0;0.0
-2;8200;VEV_5500;6;28;;;;;8;22;;;;;7.0;0.0
-2;8200;VEV_6000;0;19;;;;;1;19;;;;;0.5;0.0
-2;8200;VEV_6500;0;12;;;;;1;12;;;;;0.5;0.0
-2;8300;HYDROGEL_PACK;9993;28;;;;;10012;11;10014;28;;;10002.5;0.0
-2;8300;VELVETFRUIT_EXTRACT;5269;19;5268;45;5268;53;5274;39;;;;;5271.5;0.0
-2;8300;VEV_4000;1249;13;1247;28;;;1270;13;1273;28;;;1259.5;0.0
-2;8300;VEV_4500;762;11;760;21;;;778;11;779;10;780;21;770.0;0.0
-2;8300;VEV_5000;249;10;248;16;;;255;10;;;;;252.0;0.0
-2;8300;VEV_5100;178;7;177;17;;;;;;;;;178.0;0.0
-2;8300;VEV_5200;108;21;107;24;;;110;26;;;;;109.0;0.0
-2;8300;VEV_5300;50;25;;;;;52;25;;;;;51.0;0.0
-2;8300;VEV_5400;16;25;;;;;;;;;;;16.0;0.0
-2;8300;VEV_5500;6;18;;;;;7;22;;;;;6.5;0.0
-2;8300;VEV_6000;0;21;;;;;1;21;;;;;0.5;0.0
-2;8300;VEV_6500;0;20;;;;;1;20;;;;;0.5;0.0
-2;8400;HYDROGEL_PACK;9998;10;9996;23;;;10014;10;10017;23;;;10006.0;0.0
-2;8400;VELVETFRUIT_EXTRACT;5267;38;;;;;5273;63;;;;;5270.0;0.0
-2;8400;VEV_4000;1249;11;1246;22;;;1270;11;1272;22;;;1259.5;0.0
-2;8400;VEV_4500;760;9;758;17;;;776;9;777;10;778;17;768.0;0.0
-2;8400;VEV_5000;249;9;;;;;255;31;256;18;;;252.0;0.0
-2;8400;VEV_5100;179;29;178;13;;;183;6;184;13;;;181.0;0.0
-2;8400;VEV_5200;108;10;107;12;;;111;12;;;;;109.5;0.0
-2;8400;VEV_5300;51;23;;;;;53;20;53;8;;;52.0;0.0
-2;8400;VEV_5400;;;;;;;;;;;;;0.0;0.0
-2;8400;VEV_5500;6;16;;;;;7;22;;;;;6.5;0.0
-2;8400;VEV_6000;0;22;;;;;1;22;;;;;0.5;0.0
-2;8400;VEV_6500;0;14;;;;;1;14;;;;;0.5;0.0
-2;8500;HYDROGEL_PACK;10000;25;;;;;10018;15;10021;25;;;10009.0;0.0
-2;8500;VELVETFRUIT_EXTRACT;5267;16;5266;42;;;5271;16;5272;67;5273;41;5269.0;0.0
-2;8500;VEV_4000;1250;12;1248;29;;;1271;12;1274;29;;;1260.5;0.0
-2;8500;VEV_4500;759;12;757;20;;;775;12;777;20;;;767.0;0.0
-2;8500;VEV_5000;248;24;247;21;;;254;9;;;;;251.0;0.0
-2;8500;VEV_5100;179;10;178;30;;;183;23;184;33;;;181.0;0.0
-2;8500;VEV_5200;108;12;107;36;;;110;8;111;35;;;109.0;0.0
-2;8500;VEV_5300;51;20;;;;;53;29;54;13;;;52.0;0.0
-2;8500;VEV_5400;16;20;;;;;;;;;;;16.0;0.0
-2;8500;VEV_5500;6;24;;;;;7;22;;;;;6.5;0.0
-2;8500;VEV_6000;0;21;;;;;1;21;;;;;0.5;0.0
-2;8500;VEV_6500;0;18;;;;;1;18;;;;;0.5;0.0
-2;8600;HYDROGEL_PACK;10002;11;9999;23;;;10018;11;10020;23;;;10010.0;0.0
-2;8600;VELVETFRUIT_EXTRACT;5266;34;;;;;5272;23;;;;;5269.0;0.0
-2;8600;VEV_4000;1249;7;1246;15;;;1270;7;1272;15;;;1259.5;0.0
-2;8600;VEV_4500;759;8;757;12;;;775;8;776;11;777;12;767.0;0.0
-2;8600;VEV_5000;248;32;247;20;;;254;7;255;17;;;251.0;0.0
-2;8600;VEV_5100;180;11;179;29;;;185;24;;;;;182.5;0.0
-2;8600;VEV_5200;108;11;;;;;111;21;;;;;109.5;0.0
-2;8600;VEV_5300;51;29;;;;;53;26;;;;;52.0;0.0
-2;8600;VEV_5400;16;20;16;25;;;17;24;;;;;16.5;0.0
-2;8600;VEV_5500;6;27;;;;;7;23;;;;;6.5;0.0
-2;8600;VEV_6000;0;24;;;;;1;24;;;;;0.5;0.0
-2;8600;VEV_6500;0;18;;;;;1;18;;;;;0.5;0.0
-2;8700;HYDROGEL_PACK;9999;14;9996;27;;;10015;14;10017;27;;;10007.0;0.0
-2;8700;VELVETFRUIT_EXTRACT;5268;19;5267;36;;;5273;60;5274;32;;;5270.5;0.0
-2;8700;VEV_4000;1250;10;1248;20;;;1271;10;1274;20;;;1260.5;0.0
-2;8700;VEV_4500;758;9;756;18;;;774;9;;;;;766.0;0.0
-2;8700;VEV_5000;246;12;;;;;253;6;254;21;;;249.5;0.0
-2;8700;VEV_5100;180;6;;;;;;;;;;;180.0;0.0
-2;8700;VEV_5200;108;8;107;24;;;;;;;;;108.0;0.0
-2;8700;VEV_5300;51;24;;;;;53;5;;;;;52.0;0.0
-2;8700;VEV_5400;;;;;;;;;;;;;0.0;0.0
-2;8700;VEV_5500;6;29;;;;;7;20;;;;;6.5;0.0
-2;8700;VEV_6000;0;20;;;;;1;20;;;;;0.5;0.0
-2;8700;VEV_6500;0;13;;;;;1;13;;;;;0.5;0.0
-2;8800;HYDROGEL_PACK;9998;13;9995;26;;;10014;13;10016;26;;;10006.0;0.0
-2;8800;VELVETFRUIT_EXTRACT;5266;54;;;;;5272;48;;;;;5269.0;0.0
-2;8800;VEV_4000;1251;8;1248;15;;;1272;8;1275;15;;;1261.5;0.0
-2;8800;VEV_4500;759;10;758;22;757;21;775;10;777;21;;;767.0;0.0
-2;8800;VEV_5000;248;7;247;13;;;254;9;255;17;;;251.0;0.0
-2;8800;VEV_5100;179;12;;;;;184;6;;;;;181.5;0.0
-2;8800;VEV_5200;108;9;107;23;;;111;14;;;;;109.5;0.0
-2;8800;VEV_5300;51;23;;;;;53;6;;;;;52.0;0.0
-2;8800;VEV_5400;16;20;;;;;;;;;;;16.0;0.0
-2;8800;VEV_5500;6;19;;;;;7;25;;;;;6.5;0.0
-2;8800;VEV_6000;0;30;;;;;1;30;;;;;0.5;0.0
-2;8800;VEV_6500;0;18;;;;;1;18;;;;;0.5;0.0
-2;8900;HYDROGEL_PACK;9997;10;9995;22;;;10013;10;10016;22;;;10005.0;0.0
-2;8900;VELVETFRUIT_EXTRACT;5266;40;;;;;5271;24;5272;44;5272;52;5268.5;0.0
-2;8900;VEV_4000;1249;15;1246;18;;;1270;15;1273;18;;;1259.5;0.0
-2;8900;VEV_4500;758;6;756;20;;;774;6;777;20;;;766.0;0.0
-2;8900;VEV_5000;;;;;;;254;15;;;;;254.0;0.0
-2;8900;VEV_5100;178;24;;;;;183;10;;;;;180.5;0.0
-2;8900;VEV_5200;;;;;;;111;21;;;;;111.0;0.0
-2;8900;VEV_5300;51;19;50;11;;;53;24;;;;;52.0;0.0
-2;8900;VEV_5400;16;22;;;;;;;;;;;16.0;0.0
-2;8900;VEV_5500;6;26;;;;;7;21;;;;;6.5;0.0
-2;8900;VEV_6000;0;27;;;;;1;27;;;;;0.5;0.0
-2;8900;VEV_6500;0;14;;;;;1;14;;;;;0.5;0.0
-2;9000;HYDROGEL_PACK;10000;13;9997;25;;;10016;13;10018;25;;;10008.0;0.0
-2;9000;VELVETFRUIT_EXTRACT;5267;46;;;;;5273;43;5273;68;;;5270.0;0.0
-2;9000;VEV_4000;1248;9;1245;16;;;1269;9;1271;16;;;1258.5;0.0
-2;9000;VEV_4500;757;7;755;12;;;773;7;774;18;775;12;765.0;0.0
-2;9000;VEV_5000;247;34;246;16;;;253;30;254;30;;;250.0;0.0
-2;9000;VEV_5100;179;12;;;;;183;11;;;;;181.0;0.0
-2;9000;VEV_5200;107;17;;;;;110;27;111;27;;;108.5;0.0
-2;9000;VEV_5300;51;19;;;;;53;20;;;;;52.0;0.0
-2;9000;VEV_5400;;;;;;;18;23;;;;;18.0;0.0
-2;9000;VEV_5500;6;28;;;;;7;21;;;;;6.5;0.0
-2;9000;VEV_6000;0;19;;;;;1;19;;;;;0.5;0.0
-2;9000;VEV_6500;0;17;;;;;1;17;;;;;0.5;0.0
-2;9100;HYDROGEL_PACK;10000;10;9998;23;;;10016;10;10019;23;;;10008.0;0.0
-2;9100;VELVETFRUIT_EXTRACT;5267;25;5266;65;;;5272;52;;;;;5269.5;0.0
-2;9100;VEV_4000;1248;10;1245;16;;;1269;10;1271;16;;;1258.5;0.0
-2;9100;VEV_4500;759;10;757;22;;;777;22;;;;;768.0;0.0
-2;9100;VEV_5000;247;9;246;20;;;253;8;254;21;;;250.0;0.0
-2;9100;VEV_5100;177;22;;;;;182;11;;;;;179.5;0.0
-2;9100;VEV_5200;108;21;;;;;111;25;;;;;109.5;0.0
-2;9100;VEV_5300;52;27;;;;;54;24;;;;;53.0;0.0
-2;9100;VEV_5400;;;;;;;18;28;;;;;18.0;0.0
-2;9100;VEV_5500;6;24;;;;;7;15;;;;;6.5;0.0
-2;9100;VEV_6000;0;20;;;;;1;20;;;;;0.5;0.0
-2;9100;VEV_6500;0;15;;;;;1;15;;;;;0.5;0.0
-2;9200;HYDROGEL_PACK;10000;11;9997;23;;;10016;11;10018;23;;;10008.0;0.0
-2;9200;VELVETFRUIT_EXTRACT;5265;56;;;;;5270;20;5271;50;;;5267.5;0.0
-2;9200;VEV_4000;1248;9;1245;19;;;1269;9;1271;19;;;1258.5;0.0
-2;9200;VEV_4500;759;12;757;23;;;775;12;777;23;;;767.0;0.0
-2;9200;VEV_5000;246;11;245;13;;;252;20;;;;;249.0;0.0
-2;9200;VEV_5100;178;6;;;;;182;23;183;30;;;180.0;0.0
-2;9200;VEV_5200;108;32;;;;;111;9;112;21;;;109.5;0.0
-2;9200;VEV_5300;51;20;;;;;53;8;;;;;52.0;0.0
-2;9200;VEV_5400;16;18;;;;;18;16;;;;;17.0;0.0
-2;9200;VEV_5500;6;17;;;;;7;19;;;;;6.5;0.0
-2;9200;VEV_6000;0;29;;;;;1;29;;;;;0.5;0.0
-2;9200;VEV_6500;0;21;;;;;1;21;;;;;0.5;0.0
-2;9300;HYDROGEL_PACK;9997;14;9995;20;;;10013;14;10016;20;;;10005.0;0.0
-2;9300;VELVETFRUIT_EXTRACT;5266;22;5265;38;5265;36;5270;22;5271;63;;;5268.0;0.0
-2;9300;VEV_4000;1248;8;1245;23;;;1269;8;1272;23;;;1258.5;0.0
-2;9300;VEV_4500;758;7;756;22;;;775;10;776;22;;;766.5;0.0
-2;9300;VEV_5000;246;8;245;15;;;252;9;;;;;249.0;0.0
-2;9300;VEV_5100;177;27;;;;;181;32;182;27;;;179.0;0.0
-2;9300;VEV_5200;109;34;108;20;;;112;29;;;;;110.5;0.0
-2;9300;VEV_5300;52;19;;;;;54;27;;;;;53.0;0.0
-2;9300;VEV_5400;16;25;;;;;18;22;;;;;17.0;0.0
-2;9300;VEV_5500;6;21;;;;;7;20;;;;;6.5;0.0
-2;9300;VEV_6000;0;17;;;;;1;17;;;;;0.5;0.0
-2;9300;VEV_6500;0;14;;;;;1;14;;;;;0.5;0.0
-2;9400;HYDROGEL_PACK;9998;13;9995;23;;;10014;13;10016;23;;;10006.0;0.0
-2;9400;VELVETFRUIT_EXTRACT;5266;36;5266;22;;;5271;22;5272;50;;;5268.5;0.0
-2;9400;VEV_4000;1248;10;1246;17;;;1270;10;1272;17;;;1259.0;0.0
-2;9400;VEV_4500;755;21;;;;;773;8;775;21;;;764.0;0.0
-2;9400;VEV_5000;246;7;245;14;;;252;10;253;21;;;249.0;0.0
-2;9400;VEV_5100;177;21;;;;;181;12;182;12;;;179.0;0.0
-2;9400;VEV_5200;109;32;108;23;;;111;27;112;29;;;110.0;0.0
-2;9400;VEV_5300;52;19;;;;;54;10;54;24;;;53.0;0.0
-2;9400;VEV_5400;17;5;;;;;18;18;;;;;17.5;0.0
-2;9400;VEV_5500;6;20;;;;;7;27;;;;;6.5;0.0
-2;9400;VEV_6000;0;23;;;;;1;23;;;;;0.5;0.0
-2;9400;VEV_6500;0;15;;;;;1;15;;;;;0.5;0.0
-2;9500;HYDROGEL_PACK;9997;10;9994;28;;;10013;10;10015;28;;;10005.0;0.0
-2;9500;VELVETFRUIT_EXTRACT;5265;56;;;;;5271;67;;;;;5268.0;0.0
-2;9500;VEV_4000;1248;14;1246;18;;;1269;14;1272;18;;;1258.5;0.0
-2;9500;VEV_4500;756;6;754;18;;;772;6;774;18;;;764.0;0.0
-2;9500;VEV_5000;247;33;246;13;;;253;9;254;24;;;250.0;0.0
-2;9500;VEV_5100;178;6;177;26;;;182;11;183;22;;;180.0;0.0
-2;9500;VEV_5200;108;31;;;;;110;24;111;22;;;109.0;0.0
-2;9500;VEV_5300;51;19;;;;;53;10;;;;;52.0;0.0
-2;9500;VEV_5400;;;;;;;;;;;;;0.0;0.0
-2;9500;VEV_5500;6;25;;;;;7;6;;;;;6.5;0.0
-2;9500;VEV_6000;0;23;;;;;1;23;;;;;0.5;0.0
-2;9500;VEV_6500;0;13;;;;;1;13;;;;;0.5;0.0
-2;9600;HYDROGEL_PACK;9997;15;9995;27;;;10013;15;10016;27;;;10005.0;0.0
-2;9600;VELVETFRUIT_EXTRACT;5266;32;5266;15;5265;50;5272;50;5272;60;;;5269.0;0.0
-2;9600;VEV_4000;1249;12;1246;19;;;1270;12;1273;19;;;1259.5;0.0
-2;9600;VEV_4500;758;6;757;6;756;24;774;6;776;24;;;766.0;0.0
-2;9600;VEV_5000;248;7;247;25;;;254;9;;;;;251.0;0.0
-2;9600;VEV_5100;177;31;176;27;;;181;7;182;15;;;179.0;0.0
-2;9600;VEV_5200;109;20;108;24;;;111;29;112;24;;;110.0;0.0
-2;9600;VEV_5300;52;20;;;;;54;18;55;19;;;53.0;0.0
-2;9600;VEV_5400;16;21;;;;;18;26;;;;;17.0;0.0
-2;9600;VEV_5500;6;17;;;;;7;29;;;;;6.5;0.0
-2;9600;VEV_6000;0;25;;;;;1;25;;;;;0.5;0.0
-2;9600;VEV_6500;0;15;;;;;1;15;;;;;0.5;0.0
-2;9700;HYDROGEL_PACK;9997;11;9995;24;;;10013;11;10016;24;;;10005.0;0.0
-2;9700;VELVETFRUIT_EXTRACT;5264;49;;;;;5270;49;5271;42;;;5267.0;0.0
-2;9700;VEV_4000;1251;12;1248;25;;;1272;12;1274;25;;;1261.5;0.0
-2;9700;VEV_4500;757;10;755;21;;;773;10;775;21;;;765.0;0.0
-2;9700;VEV_5000;247;10;246;24;;;253;9;254;21;;;250.0;0.0
-2;9700;VEV_5100;177;7;176;19;;;181;8;182;22;;;179.0;0.0
-2;9700;VEV_5200;109;11;;;;;112;24;;;;;110.5;0.0
-2;9700;VEV_5300;52;23;;;;;54;25;;;;;53.0;0.0
-2;9700;VEV_5400;17;16;;;;;19;28;;;;;18.0;0.0
-2;9700;VEV_5500;6;21;;;;;7;25;;;;;6.5;0.0
-2;9700;VEV_6000;0;25;;;;;1;25;;;;;0.5;0.0
-2;9700;VEV_6500;0;14;;;;;1;14;;;;;0.5;0.0
-2;9800;HYDROGEL_PACK;9995;11;9993;20;;;10011;11;10014;20;;;10003.0;0.0
-2;9800;VELVETFRUIT_EXTRACT;5264;31;;;;;5270;48;;;;;5267.0;0.0
-2;9800;VEV_4000;1250;14;1248;28;;;1272;14;1274;28;;;1261.0;0.0
-2;9800;VEV_4500;756;8;755;11;754;13;772;8;773;7;774;13;764.0;0.0
-2;9800;VEV_5000;248;6;;;;;254;7;;;;;251.0;0.0
-2;9800;VEV_5100;179;11;178;16;;;183;22;;;;;181.0;0.0
-2;9800;VEV_5200;109;32;108;29;;;111;26;112;21;;;110.0;0.0
-2;9800;VEV_5300;;;;;;;54;24;;;;;54.0;0.0
-2;9800;VEV_5400;16;18;;;;;17;21;;;;;16.5;0.0
-2;9800;VEV_5500;6;20;;;;;7;21;;;;;6.5;0.0
-2;9800;VEV_6000;0;22;;;;;1;22;;;;;0.5;0.0
-2;9800;VEV_6500;0;15;;;;;1;15;;;;;0.5;0.0
-2;9900;HYDROGEL_PACK;9994;11;9992;21;;;10010;11;10013;21;;;10002.0;0.0
-2;9900;VELVETFRUIT_EXTRACT;5263;47;;;;;5269;72;;;;;5266.0;0.0
-2;9900;VEV_4000;1251;13;1249;22;;;1272;13;1275;22;;;1261.5;0.0
-2;9900;VEV_4500;756;7;754;24;;;772;7;774;24;;;764.0;0.0
-2;9900;VEV_5000;247;7;246;12;;;253;10;254;19;;;250.0;0.0
-2;9900;VEV_5100;178;25;177;29;;;182;31;183;13;;;180.0;0.0
-2;9900;VEV_5200;;;;;;;112;36;;;;;112.0;0.0
-2;9900;VEV_5300;53;22;;;;;55;19;;;;;54.0;0.0
-2;9900;VEV_5400;16;13;;;;;17;21;18;26;;;16.5;0.0
-2;9900;VEV_5500;6;19;;;;;7;18;;;;;6.5;0.0
-2;9900;VEV_6000;0;22;;;;;1;22;;;;;0.5;0.0
-2;9900;VEV_6500;0;18;;;;;1;18;;;;;0.5;0.0
-2;10000;HYDROGEL_PACK;9993;15;9991;30;;;10009;15;10012;30;;;10001.0;0.0
-2;10000;VELVETFRUIT_EXTRACT;5263;37;5263;19;;;5268;19;5269;52;;;5265.5;0.0
-2;10000;VEV_4000;1252;12;1249;20;;;1273;12;1276;20;;;1262.5;0.0
-2;10000;VEV_4500;757;9;755;18;;;775;18;;;;;766.0;0.0
-2;10000;VEV_5000;;;;;;;254;12;;;;;254.0;0.0
-2;10000;VEV_5100;178;6;177;13;;;182;12;183;13;;;180.0;0.0
-2;10000;VEV_5200;109;6;;;;;111;18;112;23;;;110.0;0.0
-2;10000;VEV_5300;52;20;;;;;54;17;;;;;53.0;0.0
-2;10000;VEV_5400;;;;;;;18;24;;;;;18.0;0.0
-2;10000;VEV_5500;6;26;;;;;7;20;;;;;6.5;0.0
-2;10000;VEV_6000;0;22;;;;;1;22;;;;;0.5;0.0
-2;10000;VEV_6500;0;18;;;;;1;18;;;;;0.5;0.0
-2;10100;HYDROGEL_PACK;9991;14;9989;28;;;10007;14;10010;28;;;9999.0;0.0
-2;10100;VELVETFRUIT_EXTRACT;5263;15;5262;63;;;5268;31;5269;45;;;5265.5;0.0
-2;10100;VEV_4000;1254;15;1251;28;;;1275;15;1277;28;;;1264.5;0.0
-2;10100;VEV_4500;757;8;755;16;;;773;8;775;16;;;765.0;0.0
-2;10100;VEV_5000;247;21;;;;;254;12;255;15;;;250.5;0.0
-2;10100;VEV_5100;177;24;;;;;182;6;183;24;;;179.5;0.0
-2;10100;VEV_5200;108;17;;;;;111;35;112;19;;;109.5;0.0
-2;10100;VEV_5300;53;24;;;;;55;25;;;;;54.0;0.0
-2;10100;VEV_5400;17;22;;;;;;;;;;;17.0;0.0
-2;10100;VEV_5500;6;19;;;;;7;23;;;;;6.5;0.0
-2;10100;VEV_6000;0;23;;;;;1;23;;;;;0.5;0.0
-2;10100;VEV_6500;0;14;;;;;1;14;;;;;0.5;0.0
-2;10200;HYDROGEL_PACK;9993;15;9991;20;;;10009;15;10012;20;;;10001.0;0.0
-2;10200;VELVETFRUIT_EXTRACT;5262;22;;;;;5267;18;5268;64;;;5264.5;0.0
-2;10200;VEV_4000;1253;9;1250;18;;;1274;9;1277;18;;;1263.5;0.0
-2;10200;VEV_4500;758;10;756;17;;;774;10;776;17;;;766.0;0.0
-2;10200;VEV_5000;248;7;247;13;;;254;26;255;16;;;251.0;0.0
-2;10200;VEV_5100;179;27;;;;;183;11;184;30;;;181.0;0.0
-2;10200;VEV_5200;109;22;108;26;;;112;29;;;;;110.5;0.0
-2;10200;VEV_5300;52;26;;;;;54;20;55;12;;;53.0;0.0
-2;10200;VEV_5400;17;13;17;25;;;19;24;;;;;18.0;0.0
-2;10200;VEV_5500;6;25;;;;;7;26;;;;;6.5;0.0
-2;10200;VEV_6000;0;25;;;;;1;25;;;;;0.5;0.0
-2;10200;VEV_6500;0;15;;;;;1;15;;;;;0.5;0.0
-2;10300;HYDROGEL_PACK;9994;13;9992;29;;;10010;13;10013;29;;;10002.0;0.0
-2;10300;VELVETFRUIT_EXTRACT;5261;31;5261;56;;;5267;23;5268;31;;;5264.0;0.0
-2;10300;VEV_4000;1252;9;1249;25;;;1273;9;1275;25;;;1262.5;0.0
-2;10300;VEV_4500;758;12;756;19;;;774;12;776;19;;;766.0;0.0
-2;10300;VEV_5000;248;7;247;21;;;254;12;255;25;;;251.0;0.0
-2;10300;VEV_5100;178;27;177;23;;;;;;;;;178.0;0.0
-2;10300;VEV_5200;110;11;109;29;;;112;22;113;19;;;111.0;0.0
-2;10300;VEV_5300;52;25;;;;;54;21;;;;;53.0;0.0
-2;10300;VEV_5400;17;19;17;18;;;19;28;;;;;18.0;0.0
-2;10300;VEV_5500;6;24;;;;;7;2;;;;;6.5;0.0
-2;10300;VEV_6000;0;22;;;;;1;22;;;;;0.5;0.0
-2;10300;VEV_6500;0;14;;;;;1;14;;;;;0.5;0.0
-2;10400;HYDROGEL_PACK;9995;13;9993;27;;;10011;13;10014;27;;;10003.0;0.0
-2;10400;VELVETFRUIT_EXTRACT;5263;21;5262;31;;;5268;45;;;;;5265.5;0.0
-2;10400;VEV_4000;1252;10;1249;19;;;1273;10;1275;19;;;1262.5;0.0
-2;10400;VEV_4500;758;7;756;15;;;774;7;777;15;;;766.0;0.0
-2;10400;VEV_5000;249;12;248;31;;;256;17;;;;;252.5;0.0
-2;10400;VEV_5100;179;12;178;29;;;183;30;184;21;;;181.0;0.0
-2;10400;VEV_5200;109;22;;;;;;;;;;;109.0;0.0
-2;10400;VEV_5300;52;25;;;;;54;21;;;;;53.0;0.0
-2;10400;VEV_5400;17;21;;;;;19;25;;;;;18.0;0.0
-2;10400;VEV_5500;6;21;;;;;7;19;;;;;6.5;0.0
-2;10400;VEV_6000;0;19;;;;;1;19;;;;;0.5;0.0
-2;10400;VEV_6500;0;13;;;;;1;13;;;;;0.5;0.0
-2;10500;HYDROGEL_PACK;9995;10;9992;20;;;10011;10;10013;20;;;10003.0;0.0
-2;10500;VELVETFRUIT_EXTRACT;5262;61;5262;17;;;5268;34;;;;;5265.0;0.0
-2;10500;VEV_4000;1251;15;1248;26;;;1272;15;1275;26;;;1261.5;0.0
-2;10500;VEV_4500;760;9;;;;;776;9;778;24;;;768.0;0.0
-2;10500;VEV_5000;249;27;248;16;;;255;8;256;22;;;252.0;0.0
-2;10500;VEV_5100;179;31;178;30;;;183;31;184;19;;;181.0;0.0
-2;10500;VEV_5200;;;;;;;112;28;113;16;;;112.0;0.0
-2;10500;VEV_5300;52;27;;;;;;;;;;;52.0;0.0
-2;10500;VEV_5400;17;23;16;23;;;17;21;18;27;;;17.0;0.0
-2;10500;VEV_5500;6;25;;;;;7;21;;;;;6.5;0.0
-2;10500;VEV_6000;0;19;;;;;1;19;;;;;0.5;0.0
-2;10500;VEV_6500;0;18;;;;;1;18;;;;;0.5;0.0
-2;10600;HYDROGEL_PACK;9995;12;9992;27;;;10011;12;10013;27;;;10003.0;0.0
-2;10600;VELVETFRUIT_EXTRACT;5261;23;5260;61;;;5265;23;5266;32;;;5263.0;0.0
-2;10600;VEV_4000;1251;10;1249;20;;;1272;10;1275;20;;;1261.5;0.0
-2;10600;VEV_4500;762;7;760;22;;;778;7;780;22;;;770.0;0.0
-2;10600;VEV_5000;248;36;247;12;;;255;23;;;;;251.5;0.0
-2;10600;VEV_5100;180;31;179;22;;;185;13;;;;;182.5;0.0
-2;10600;VEV_5200;108;12;;;;;112;18;;;;;110.0;0.0
-2;10600;VEV_5300;52;21;;;;;54;24;55;19;;;53.0;0.0
-2;10600;VEV_5400;16;18;;;;;18;25;;;;;17.0;0.0
-2;10600;VEV_5500;6;29;;;;;7;24;;;;;6.5;0.0
-2;10600;VEV_6000;0;19;;;;;1;19;;;;;0.5;0.0
-2;10600;VEV_6500;0;14;;;;;1;14;;;;;0.5;0.0
-2;10700;HYDROGEL_PACK;9992;15;9990;26;;;10008;15;10011;26;;;10000.0;0.0
-2;10700;VELVETFRUIT_EXTRACT;5262;17;5262;17;;;5268;67;;;;;5265.0;0.0
-2;10700;VEV_4000;1251;11;1248;17;;;1272;11;1274;17;;;1261.5;0.0
-2;10700;VEV_4500;763;9;761;16;;;781;16;;;;;772.0;0.0
-2;10700;VEV_5000;246;8;245;14;;;252;7;253;16;;;249.0;0.0
-2;10700;VEV_5100;181;32;180;18;;;185;26;186;34;;;183.0;0.0
-2;10700;VEV_5200;109;5;108;27;;;;;;;;;109.0;0.0
-2;10700;VEV_5300;52;25;51;17;;;54;10;;;;;53.0;0.0
-2;10700;VEV_5400;16;28;;;;;18;22;;;;;17.0;0.0
-2;10700;VEV_5500;6;18;;;;;7;25;;;;;6.5;0.0
-2;10700;VEV_6000;0;21;;;;;1;21;;;;;0.5;0.0
-2;10700;VEV_6500;0;14;;;;;1;14;;;;;0.5;0.0
-2;10800;HYDROGEL_PACK;9991;10;9989;21;;;10007;10;10010;21;;;9999.0;0.0
-2;10800;VELVETFRUIT_EXTRACT;5262;62;5262;25;;;5267;25;5268;34;;;5264.5;0.0
-2;10800;VEV_4000;1251;13;1248;16;;;1272;13;1275;16;;;1261.5;0.0
-2;10800;VEV_4500;763;9;761;23;;;779;9;782;23;;;771.0;0.0
-2;10800;VEV_5000;244;8;;;;;250;8;251;13;;;247.0;0.0
-2;10800;VEV_5100;181;11;;;;;;;;;;;181.0;0.0
-2;10800;VEV_5200;107;27;;;;;111;14;;;;;109.0;0.0
-2;10800;VEV_5300;52;17;;;;;54;10;55;23;;;53.0;0.0
-2;10800;VEV_5400;16;25;;;;;17;20;18;19;;;16.5;0.0
-2;10800;VEV_5500;6;20;;;;;7;22;;;;;6.5;0.0
-2;10800;VEV_6000;0;20;;;;;1;20;;;;;0.5;0.0
-2;10800;VEV_6500;0;18;;;;;1;18;;;;;0.5;0.0
-2;10900;HYDROGEL_PACK;9990;12;9987;24;;;10006;12;10008;24;;;9998.0;0.0
-2;10900;VELVETFRUIT_EXTRACT;5261;38;5261;65;;;5267;68;;;;;5264.0;0.0
-2;10900;VEV_4000;1251;11;1249;29;;;1272;11;1275;29;;;1261.5;0.0
-2;10900;VEV_4500;764;10;762;21;;;782;21;;;;;773.0;0.0
-2;10900;VEV_5000;243;21;;;;;251;25;;;;;247.0;0.0
-2;10900;VEV_5100;181;8;;;;;186;36;;;;;183.5;0.0
-2;10900;VEV_5200;;;;;;;111;14;;;;;111.0;0.0
-2;10900;VEV_5300;52;28;;;;;54;19;;;;;53.0;0.0
-2;10900;VEV_5400;17;26;;;;;18;26;;;;;17.5;0.0
-2;10900;VEV_5500;6;12;;;;;7;19;;;;;6.5;0.0
-2;10900;VEV_6000;0;25;;;;;1;25;;;;;0.5;0.0
-2;10900;VEV_6500;0;18;;;;;1;18;;;;;0.5;0.0
-2;11000;HYDROGEL_PACK;9987;14;9985;28;;;10003;14;10006;28;;;9995.0;0.0
-2;11000;VELVETFRUIT_EXTRACT;5260;48;5260;50;;;5266;45;;;;;5263.0;0.0
-2;11000;VEV_4000;1251;15;1249;18;;;1273;15;1275;18;;;1262.0;0.0
-2;11000;VEV_4500;763;8;761;15;;;781;15;;;;;772.0;0.0
-2;11000;VEV_5000;244;6;;;;;250;11;251;26;;;247.0;0.0
-2;11000;VEV_5100;179;31;178;29;;;183;27;184;24;;;181.0;0.0
-2;11000;VEV_5200;107;19;;;;;110;10;111;15;;;108.5;0.0
-2;11000;VEV_5300;52;25;;;;;54;24;;;;;53.0;0.0
-2;11000;VEV_5400;17;30;;;;;18;10;19;17;;;17.5;0.0
-2;11000;VEV_5500;6;24;;;;;7;23;;;;;6.5;0.0
-2;11000;VEV_6000;0;19;;;;;1;19;;;;;0.5;0.0
-2;11000;VEV_6500;0;16;;;;;1;16;;;;;0.5;0.0
-2;11100;HYDROGEL_PACK;9987;11;9985;24;;;10003;11;10006;24;;;9995.0;0.0
-2;11100;VELVETFRUIT_EXTRACT;5261;32;;;;;5267;23;;;;;5264.0;0.0
-2;11100;VEV_4000;1250;11;1248;15;;;1272;11;1274;15;;;1261.0;0.0
-2;11100;VEV_4500;764;10;762;17;;;780;10;781;8;782;17;772.0;0.0
-2;11100;VEV_5000;245;10;244;24;;;251;6;;;;;248.0;0.0
-2;11100;VEV_5100;179;6;178;20;;;183;31;184;14;;;181.0;0.0
-2;11100;VEV_5200;107;18;;;;;110;25;111;36;;;108.5;0.0
-2;11100;VEV_5300;52;22;51;12;;;54;22;;;;;53.0;0.0
-2;11100;VEV_5400;17;29;16;24;;;18;26;;;;;17.5;0.0
-2;11100;VEV_5500;6;17;;;;;7;26;;;;;6.5;0.0
-2;11100;VEV_6000;0;24;;;;;1;24;;;;;0.5;0.0
-2;11100;VEV_6500;0;12;;;;;1;12;;;;;0.5;0.0
-2;11200;HYDROGEL_PACK;9989;12;9987;27;;;10005;12;10008;27;;;9997.0;0.0
-2;11200;VELVETFRUIT_EXTRACT;5261;30;;;;;5267;43;5268;50;;;5264.0;0.0
-2;11200;VEV_4000;1249;8;1246;16;;;1270;8;1272;16;;;1259.5;0.0
-2;11200;VEV_4500;763;7;762;12;761;24;781;24;;;;;772.0;0.0
-2;11200;VEV_5000;243;12;;;;;250;25;251;24;;;246.5;0.0
-2;11200;VEV_5100;179;30;178;31;;;184;13;;;;;181.5;0.0
-2;11200;VEV_5200;107;16;;;;;111;27;;;;;109.0;0.0
-2;11200;VEV_5300;52;15;;;;;54;25;;;;;53.0;0.0
-2;11200;VEV_5400;17;25;;;;;19;20;;;;;18.0;0.0
-2;11200;VEV_5500;6;19;;;;;7;15;;;;;6.5;0.0
-2;11200;VEV_6000;0;20;;;;;1;20;;;;;0.5;0.0
-2;11200;VEV_6500;0;17;;;;;1;17;;;;;0.5;0.0
-2;11300;HYDROGEL_PACK;9989;15;9986;29;;;10005;15;10007;29;;;9997.0;0.0
-2;11300;VELVETFRUIT_EXTRACT;5260;37;;;;;5265;23;5266;40;;;5262.5;0.0
-2;11300;VEV_4000;1249;7;1246;23;;;1270;7;1272;23;;;1259.5;0.0
-2;11300;VEV_4500;761;16;;;;;779;10;782;16;;;770.0;0.0
-2;11300;VEV_5000;244;12;243;21;;;250;10;251;21;;;247.0;0.0
-2;11300;VEV_5100;179;32;178;15;;;183;7;;;;;181.0;0.0
-2;11300;VEV_5200;108;10;107;25;;;110;6;111;23;;;109.0;0.0
-2;11300;VEV_5300;52;10;;;;;54;27;;;;;53.0;0.0
-2;11300;VEV_5400;17;23;17;18;;;19;30;;;;;18.0;0.0
-2;11300;VEV_5500;6;20;;;;;7;23;;;;;6.5;0.0
-2;11300;VEV_6000;0;17;;;;;1;17;;;;;0.5;0.0
-2;11300;VEV_6500;0;15;;;;;1;15;;;;;0.5;0.0
-2;11400;HYDROGEL_PACK;9989;14;9986;24;;;10005;14;10007;24;;;9997.0;0.0
-2;11400;VELVETFRUIT_EXTRACT;5260;56;5260;19;;;5266;62;;;;;5263.0;0.0
-2;11400;VEV_4000;1249;7;1246;24;;;1270;7;1272;24;;;1259.5;0.0
-2;11400;VEV_4500;765;9;763;22;;;781;9;783;22;;;773.0;0.0
-2;11400;VEV_5000;245;11;244;14;;;251;11;252;22;;;248.0;0.0
-2;11400;VEV_5100;;;;;;;184;21;;;;;184.0;0.0
-2;11400;VEV_5200;108;9;;;;;110;8;111;24;;;109.0;0.0
-2;11400;VEV_5300;52;19;51;12;;;;;;;;;52.0;0.0
-2;11400;VEV_5400;17;22;;;;;18;23;19;25;;;17.5;0.0
-2;11400;VEV_5500;6;23;;;;;7;23;;;;;6.5;0.0
-2;11400;VEV_6000;0;30;;;;;1;30;;;;;0.5;0.0
-2;11400;VEV_6500;0;18;;;;;1;18;;;;;0.5;0.0
-2;11500;HYDROGEL_PACK;9990;15;9988;24;;;10006;15;10009;24;;;9998.0;0.0
-2;11500;VELVETFRUIT_EXTRACT;5261;19;5260;38;;;5265;19;5266;30;;;5263.0;0.0
-2;11500;VEV_4000;1249;15;1247;27;;;1271;15;1273;27;;;1260.0;0.0
-2;11500;VEV_4500;761;21;;;;;781;21;;;;;771.0;0.0
-2;11500;VEV_5000;244;12;243;13;;;251;19;;;;;247.5;0.0
-2;11500;VEV_5100;180;29;;;;;184;27;;;;;182.0;0.0
-2;11500;VEV_5200;109;32;108;17;;;111;35;112;21;;;110.0;0.0
-2;11500;VEV_5300;51;24;;;;;53;21;;;;;52.0;0.0
-2;11500;VEV_5400;16;19;;;;;18;20;;;;;17.0;0.0
-2;11500;VEV_5500;6;30;;;;;7;23;;;;;6.5;0.0
-2;11500;VEV_6000;0;24;;;;;1;24;;;;;0.5;0.0
-2;11500;VEV_6500;0;18;;;;;1;18;;;;;0.5;0.0
-2;11600;HYDROGEL_PACK;9993;12;9990;24;;;10009;12;10011;24;;;10001.0;0.0
-2;11600;VELVETFRUIT_EXTRACT;5260;23;5259;32;;;5265;35;;;;;5262.5;0.0
-2;11600;VEV_4000;1248;13;1245;18;;;1269;13;1271;18;;;1258.5;0.0
-2;11600;VEV_4500;762;8;760;12;;;778;8;780;12;;;770.0;0.0
-2;11600;VEV_5000;244;36;;;;;251;12;252;16;;;247.5;0.0
-2;11600;VEV_5100;180;6;179;17;;;;;;;;;180.0;0.0
-2;11600;VEV_5200;109;31;;;;;112;8;113;23;;;110.5;0.0
-2;11600;VEV_5300;;;;;;;54;22;;;;;54.0;0.0
-2;11600;VEV_5400;16;19;;;;;18;26;;;;;17.0;0.0
-2;11600;VEV_5500;6;19;;;;;7;19;;;;;6.5;0.0
-2;11600;VEV_6000;0;28;;;;;1;28;;;;;0.5;0.0
-2;11600;VEV_6500;0;16;;;;;1;16;;;;;0.5;0.0
-2;11700;HYDROGEL_PACK;9991;14;9989;24;;;10007;14;10010;24;;;9999.0;0.0
-2;11700;VELVETFRUIT_EXTRACT;5261;65;;;;;5266;15;5267;47;;;5263.5;0.0
-2;11700;VEV_4000;1246;14;1244;23;;;1267;14;1270;23;;;1256.5;0.0
-2;11700;VEV_4500;762;6;760;23;;;778;6;779;11;780;23;770.0;0.0
-2;11700;VEV_5000;243;7;;;;;249;6;250;16;;;246.0;0.0
-2;11700;VEV_5100;180;12;179;21;;;184;28;;;;;182.0;0.0
-2;11700;VEV_5200;110;10;109;29;;;112;12;113;29;;;111.0;0.0
-2;11700;VEV_5300;51;24;50;22;;;53;22;;;;;52.0;0.0
-2;11700;VEV_5400;17;24;;;;;19;25;;;;;18.0;0.0
-2;11700;VEV_5500;6;18;;;;;7;26;;;;;6.5;0.0
-2;11700;VEV_6000;0;23;;;;;1;23;;;;;0.5;0.0
-2;11700;VEV_6500;0;12;;;;;1;12;;;;;0.5;0.0
-2;11800;HYDROGEL_PACK;9992;13;9990;30;;;10008;13;10011;30;;;10000.0;0.0
-2;11800;VELVETFRUIT_EXTRACT;5262;44;;;;;5268;53;;;;;5265.0;0.0
-2;11800;VEV_4000;1247;12;1244;29;;;1268;12;1270;29;;;1257.5;0.0
-2;11800;VEV_4500;760;17;;;;;780;17;;;;;770.0;0.0
-2;11800;VEV_5000;244;12;243;14;;;250;10;;;;;247.0;0.0
-2;11800;VEV_5100;181;11;180;26;;;186;16;;;;;183.5;0.0
-2;11800;VEV_5200;110;36;;;;;114;27;;;;;112.0;0.0
-2;11800;VEV_5300;51;25;;;;;;;;;;;51.0;0.0
-2;11800;VEV_5400;16;24;;;;;18;25;;;;;17.0;0.0
-2;11800;VEV_5500;6;23;;;;;7;24;;;;;6.5;0.0
-2;11800;VEV_6000;0;19;;;;;1;19;;;;;0.5;0.0
-2;11800;VEV_6500;0;16;;;;;1;16;;;;;0.5;0.0
-2;11900;HYDROGEL_PACK;9996;10;9994;30;;;10012;10;10015;30;;;10004.0;0.0
-2;11900;VELVETFRUIT_EXTRACT;5262;23;5261;39;5261;70;5266;23;5267;49;;;5264.0;0.0
-2;11900;VEV_4000;1248;13;1246;20;;;1269;13;1272;20;;;1258.5;0.0
-2;11900;VEV_4500;762;7;760;23;;;778;7;780;23;;;770.0;0.0
-2;11900;VEV_5000;243;7;242;17;;;249;9;250;17;;;246.0;0.0
-2;11900;VEV_5100;182;6;181;19;;;186;19;187;27;;;184.0;0.0
-2;11900;VEV_5200;110;13;;;;;113;7;;;;;111.5;0.0
-2;11900;VEV_5300;51;23;;;;;53;22;;;;;52.0;0.0
-2;11900;VEV_5400;16;25;;;;;18;20;;;;;17.0;0.0
-2;11900;VEV_5500;6;26;;;;;7;24;;;;;6.5;0.0
-2;11900;VEV_6000;0;23;;;;;1;23;;;;;0.5;0.0
-2;11900;VEV_6500;0;17;;;;;1;17;;;;;0.5;0.0
-2;12000;HYDROGEL_PACK;9998;10;9995;26;;;10014;10;10016;26;;;10006.0;0.0
-2;12000;VELVETFRUIT_EXTRACT;5260;60;;;;;5266;70;;;;;5263.0;0.0
-2;12000;VEV_4000;1248;12;1246;21;;;1270;12;1272;21;;;1259.0;0.0
-2;12000;VEV_4500;761;6;760;22;;;780;22;;;;;770.5;0.0
-2;12000;VEV_5000;241;14;;;;;248;11;;;;;244.5;0.0
-2;12000;VEV_5100;181;6;180;33;;;185;21;;;;;183.0;0.0
-2;12000;VEV_5200;110;25;;;;;113;27;114;35;;;111.5;0.0
-2;12000;VEV_5300;51;23;;;;;54;22;;;;;52.5;0.0
-2;12000;VEV_5400;16;26;;;;;18;15;;;;;17.0;0.0
-2;12000;VEV_5500;6;23;;;;;7;22;;;;;6.5;0.0
-2;12000;VEV_6000;0;25;;;;;1;25;;;;;0.5;0.0
-2;12000;VEV_6500;0;15;;;;;1;15;;;;;0.5;0.0
-2;12100;HYDROGEL_PACK;9997;11;9994;20;;;10013;11;10015;20;;;10005.0;0.0
-2;12100;VELVETFRUIT_EXTRACT;5262;47;5262;25;;;5268;43;;;;;5265.0;0.0
-2;12100;VEV_4000;1246;22;;;;;1270;15;1272;22;;;1258.0;0.0
-2;12100;VEV_4500;763;12;762;10;761;17;779;12;781;17;;;771.0;0.0
-2;12100;VEV_5000;243;9;242;19;;;249;33;250;24;;;246.0;0.0
-2;12100;VEV_5100;181;27;;;;;185;31;186;23;;;183.0;0.0
-2;12100;VEV_5200;112;29;111;31;;;114;25;;;;;113.0;0.0
-2;12100;VEV_5300;51;25;50;11;;;53;17;54;15;;;52.0;0.0
-2;12100;VEV_5400;;;;;;;18;25;;;;;18.0;0.0
-2;12100;VEV_5500;6;24;;;;;7;23;;;;;6.5;0.0
-2;12100;VEV_6000;0;24;;;;;1;24;;;;;0.5;0.0
-2;12100;VEV_6500;0;16;;;;;1;16;;;;;0.5;0.0
-2;12200;HYDROGEL_PACK;9996;11;9993;27;;;10012;11;10014;27;;;10004.0;0.0
-2;12200;VELVETFRUIT_EXTRACT;5262;20;5261;51;;;5267;68;;;;;5264.5;0.0
-2;12200;VEV_4000;1247;10;1245;23;;;1268;10;1271;23;;;1257.5;0.0
-2;12200;VEV_4500;763;12;761;20;;;779;12;781;20;;;771.0;0.0
-2;12200;VEV_5000;243;31;242;22;;;249;6;250;15;;;246.0;0.0
-2;12200;VEV_5100;181;30;;;;;185;20;186;29;;;183.0;0.0
-2;12200;VEV_5200;111;23;;;;;114;22;115;28;;;112.5;0.0
-2;12200;VEV_5300;51;29;;;;;53;26;54;10;;;52.0;0.0
-2;12200;VEV_5400;17;22;16;26;;;18;16;;;;;17.5;0.0
-2;12200;VEV_5500;6;18;;;;;7;23;;;;;6.5;0.0
-2;12200;VEV_6000;0;19;;;;;1;19;;;;;0.5;0.0
-2;12200;VEV_6500;0;14;;;;;1;14;;;;;0.5;0.0
-2;12300;HYDROGEL_PACK;9994;13;9992;23;;;10010;13;10013;23;;;10002.0;0.0
-2;12300;VELVETFRUIT_EXTRACT;5262;30;;;;;5268;43;;;;;5265.0;0.0
-2;12300;VEV_4000;1246;14;1244;23;;;1268;14;1270;23;;;1257.0;0.0
-2;12300;VEV_4500;762;8;760;23;;;778;8;779;12;780;23;770.0;0.0
-2;12300;VEV_5000;243;6;;;;;249;10;;;;;246.0;0.0
-2;12300;VEV_5100;178;16;;;;;;;;;;;178.0;0.0
-2;12300;VEV_5200;111;25;110;28;;;;;;;;;111.0;0.0
-2;12300;VEV_5300;51;21;;;;;53;29;;;;;52.0;0.0
-2;12300;VEV_5400;17;17;;;;;18;29;;;;;17.5;0.0
-2;12300;VEV_5500;6;16;;;;;7;18;;;;;6.5;0.0
-2;12300;VEV_6000;0;23;;;;;1;23;;;;;0.5;0.0
-2;12300;VEV_6500;0;21;;;;;1;21;;;;;0.5;0.0
-2;12400;HYDROGEL_PACK;9994;11;9991;22;;;10010;11;10012;22;;;10002.0;0.0
-2;12400;VELVETFRUIT_EXTRACT;5263;18;5262;69;;;5268;49;5269;46;;;5265.5;0.0
-2;12400;VEV_4000;1247;14;1244;22;;;1268;14;1270;22;;;1257.5;0.0
-2;12400;VEV_4500;763;9;;;;;779;9;781;23;;;771.0;0.0
-2;12400;VEV_5000;242;12;241;24;;;248;28;;;;;245.0;0.0
-2;12400;VEV_5100;179;22;;;;;184;9;;;;;181.5;0.0
-2;12400;VEV_5200;111;10;110;31;;;114;28;;;;;112.5;0.0
-2;12400;VEV_5300;51;7;;;;;;;;;;;51.0;0.0
-2;12400;VEV_5400;16;25;;;;;17;19;;;;;16.5;0.0
-2;12400;VEV_5500;6;5;;;;;7;20;;;;;6.5;0.0
-2;12400;VEV_6000;0;17;;;;;1;17;;;;;0.5;0.0
-2;12400;VEV_6500;0;15;;;;;1;15;;;;;0.5;0.0
-2;12500;HYDROGEL_PACK;9992;13;9990;26;;;10008;13;10011;26;;;10000.0;0.0
-2;12500;VELVETFRUIT_EXTRACT;5262;17;;;;;5267;18;5268;53;;;5264.5;0.0
-2;12500;VEV_4000;1245;14;1243;23;;;1267;14;1269;23;;;1256.0;0.0
-2;12500;VEV_4500;761;12;759;19;;;779;19;;;;;770.0;0.0
-2;12500;VEV_5000;243;26;242;15;;;250;14;;;;;246.5;0.0
-2;12500;VEV_5100;179;7;178;32;;;;;;;;;179.0;0.0
-2;12500;VEV_5200;111;7;110;17;;;114;27;;;;;112.5;0.0
-2;12500;VEV_5300;51;24;50;26;;;53;16;;;;;52.0;0.0
-2;12500;VEV_5400;16;17;;;;;18;15;;;;;17.0;0.0
-2;12500;VEV_5500;6;30;;;;;7;21;;;;;6.5;0.0
-2;12500;VEV_6000;0;24;;;;;1;24;;;;;0.5;0.0
-2;12500;VEV_6500;0;16;;;;;1;16;;;;;0.5;0.0
-2;12600;HYDROGEL_PACK;9990;13;9988;27;;;10006;13;10009;27;;;9998.0;0.0
-2;12600;VELVETFRUIT_EXTRACT;5264;24;5263;43;5263;33;5268;24;5269;32;;;5266.0;0.0
-2;12600;VEV_4000;1245;11;1242;30;;;1266;11;1269;30;;;1255.5;0.0
-2;12600;VEV_4500;761;11;759;20;;;777;11;779;20;;;769.0;0.0
-2;12600;VEV_5000;242;10;241;27;;;248;7;249;14;;;245.0;0.0
-2;12600;VEV_5100;180;33;179;14;;;184;10;;;;;182.0;0.0
-2;12600;VEV_5200;110;23;;;;;114;31;;;;;112.0;0.0
-2;12600;VEV_5300;51;19;;;;;53;19;54;20;;;52.0;0.0
-2;12600;VEV_5400;16;8;;;;;18;19;;;;;17.0;0.0
-2;12600;VEV_5500;6;22;;;;;7;22;;;;;6.5;0.0
-2;12600;VEV_6000;0;20;;;;;1;20;;;;;0.5;0.0
-2;12600;VEV_6500;0;19;;;;;1;19;;;;;0.5;0.0
-2;12700;HYDROGEL_PACK;9991;13;9988;20;;;10007;13;10009;20;;;9999.0;0.0
-2;12700;VELVETFRUIT_EXTRACT;5264;68;;;;;5270;51;;;;;5267.0;0.0
-2;12700;VEV_4000;1245;7;1243;23;;;1266;7;1269;23;;;1255.5;0.0
-2;12700;VEV_4500;760;7;758;22;;;776;7;778;22;;;768.0;0.0
-2;12700;VEV_5000;242;21;;;;;250;12;;;;;246.0;0.0
-2;12700;VEV_5100;178;21;;;;;184;12;;;;;181.0;0.0
-2;12700;VEV_5200;109;10;;;;;112;28;;;;;110.5;0.0
-2;12700;VEV_5300;51;21;;;;;53;24;;;;;52.0;0.0
-2;12700;VEV_5400;16;22;;;;;;;;;;;16.0;0.0
-2;12700;VEV_5500;6;17;;;;;7;26;;;;;6.5;0.0
-2;12700;VEV_6000;0;22;;;;;1;22;;;;;0.5;0.0
-2;12700;VEV_6500;0;16;;;;;1;16;;;;;0.5;0.0
-2;12800;HYDROGEL_PACK;9992;13;9989;20;;;10008;13;10010;20;;;10000.0;0.0
-2;12800;VELVETFRUIT_EXTRACT;5265;42;;;;;5271;48;;;;;5268.0;0.0
-2;12800;VEV_4000;1245;13;1243;25;;;1266;13;1269;25;;;1255.5;0.0
-2;12800;VEV_4500;759;12;757;20;;;775;12;777;20;;;767.0;0.0
-2;12800;VEV_5000;244;7;243;16;;;250;9;;;;;247.0;0.0
-2;12800;VEV_5100;179;25;178;13;;;183;8;184;17;;;181.0;0.0
-2;12800;VEV_5200;108;18;;;;;111;8;;;;;109.5;0.0
-2;12800;VEV_5300;50;24;49;19;;;52;27;53;14;;;51.0;0.0
-2;12800;VEV_5400;;;;;;;17;7;;;;;17.0;0.0
-2;12800;VEV_5500;6;20;;;;;7;24;;;;;6.5;0.0
-2;12800;VEV_6000;0;18;;;;;1;18;;;;;0.5;0.0
-2;12800;VEV_6500;0;10;;;;;1;10;;;;;0.5;0.0
-2;12900;HYDROGEL_PACK;9991;10;9989;22;;;10007;10;10010;22;;;9999.0;0.0
-2;12900;VELVETFRUIT_EXTRACT;5266;47;;;;;5272;39;;;;;5269.0;0.0
-2;12900;VEV_4000;1244;10;1242;25;;;1266;10;1268;25;;;1255.0;0.0
-2;12900;VEV_4500;759;11;757;20;;;775;11;778;20;;;767.0;0.0
-2;12900;VEV_5000;244;12;243;15;;;250;12;251;24;;;247.0;0.0
-2;12900;VEV_5100;180;27;179;18;;;184;8;;;;;182.0;0.0
-2;12900;VEV_5200;110;29;109;34;;;112;23;113;27;;;111.0;0.0
-2;12900;VEV_5300;51;21;;;;;53;19;;;;;52.0;0.0
-2;12900;VEV_5400;;;;;;;18;25;;;;;18.0;0.0
-2;12900;VEV_5500;6;22;;;;;7;18;;;;;6.5;0.0
-2;12900;VEV_6000;0;24;;;;;1;24;;;;;0.5;0.0
-2;12900;VEV_6500;0;16;;;;;1;16;;;;;0.5;0.0
-2;13000;HYDROGEL_PACK;9991;13;9988;26;;;10007;13;10009;26;;;9999.0;0.0
-2;13000;VELVETFRUIT_EXTRACT;5266;30;;;;;5272;48;;;;;5269.0;0.0
-2;13000;VEV_4000;1244;8;1241;23;;;1265;8;1268;23;;;1254.5;0.0
-2;13000;VEV_4500;760;8;758;20;;;776;8;777;10;778;20;768.0;0.0
-2;13000;VEV_5000;243;12;242;18;;;249;6;;;;;246.0;0.0
-2;13000;VEV_5100;179;17;;;;;184;25;185;19;;;181.5;0.0
-2;13000;VEV_5200;110;12;;;;;113;26;;;;;111.5;0.0
-2;13000;VEV_5300;51;19;;;;;53;25;;;;;52.0;0.0
-2;13000;VEV_5400;16;21;16;20;;;18;25;;;;;17.0;0.0
-2;13000;VEV_5500;6;27;;;;;7;23;;;;;6.5;0.0
-2;13000;VEV_6000;0;18;;;;;1;18;;;;;0.5;0.0
-2;13000;VEV_6500;0;18;;;;;1;18;;;;;0.5;0.0
-2;13100;HYDROGEL_PACK;9992;13;9989;28;;;10008;13;10010;28;;;10000.0;0.0
-2;13100;VELVETFRUIT_EXTRACT;5267;58;;;;;5272;17;5273;60;;;5269.5;0.0
-2;13100;VEV_4000;1245;14;1243;30;;;1266;14;1269;30;;;1255.5;0.0
-2;13100;VEV_4500;758;11;756;13;;;776;13;;;;;767.0;0.0
-2;13100;VEV_5000;243;26;;;;;249;8;;;;;246.0;0.0
-2;13100;VEV_5100;181;10;180;26;;;185;12;186;13;;;183.0;0.0
-2;13100;VEV_5200;109;6;;;;;111;8;;;;;110.0;0.0
-2;13100;VEV_5300;51;26;;;;;53;30;54;12;;;52.0;0.0
-2;13100;VEV_5400;16;26;15;27;;;16;21;17;13;;;16.0;0.0
-2;13100;VEV_5500;6;16;;;;;7;23;;;;;6.5;0.0
-2;13100;VEV_6000;0;24;;;;;1;24;;;;;0.5;0.0
-2;13100;VEV_6500;0;10;;;;;1;10;;;;;0.5;0.0
-2;13200;HYDROGEL_PACK;9993;13;9991;20;;;10009;13;10012;20;;;10001.0;0.0
-2;13200;VELVETFRUIT_EXTRACT;5267;51;;;;;5272;21;5273;72;;;5269.5;0.0
-2;13200;VEV_4000;1245;7;1243;22;;;1267;7;1269;22;;;1256.0;0.0
-2;13200;VEV_4500;758;6;756;16;;;774;6;776;16;;;766.0;0.0
-2;13200;VEV_5000;245;12;244;21;;;251;11;252;16;;;248.0;0.0
-2;13200;VEV_5100;182;9;181;21;;;186;28;187;24;;;184.0;0.0
-2;13200;VEV_5200;108;6;107;21;;;111;15;;;;;109.5;0.0
-2;13200;VEV_5300;51;19;;;;;53;27;53;24;;;52.0;0.0
-2;13200;VEV_5400;15;30;;;;;17;30;;;;;16.0;0.0
-2;13200;VEV_5500;6;25;;;;;7;19;;;;;6.5;0.0
-2;13200;VEV_6000;0;19;;;;;1;19;;;;;0.5;0.0
-2;13200;VEV_6500;0;15;;;;;1;15;;;;;0.5;0.0
-2;13300;HYDROGEL_PACK;9994;11;9991;26;;;10010;11;10012;26;;;10002.0;0.0
-2;13300;VELVETFRUIT_EXTRACT;5269;44;5269;61;;;5275;58;;;;;5272.0;0.0
-2;13300;VEV_4000;1244;15;1241;21;;;1265;15;1268;21;;;1254.5;0.0
-2;13300;VEV_4500;758;12;756;24;;;774;12;776;24;;;766.0;0.0
-2;13300;VEV_5000;243;8;242;26;;;249;7;250;20;;;246.0;0.0
-2;13300;VEV_5100;182;31;181;18;;;187;29;;;;;184.5;0.0
-2;13300;VEV_5200;;;;;;;110;17;;;;;110.0;0.0
-2;13300;VEV_5300;51;8;50;29;;;;;;;;;51.0;0.0
-2;13300;VEV_5400;16;23;;;;;18;21;;;;;17.0;0.0
-2;13300;VEV_5500;6;29;;;;;7;18;;;;;6.5;0.0
-2;13300;VEV_6000;0;18;;;;;1;18;;;;;0.5;0.0
-2;13300;VEV_6500;0;18;;;;;1;18;;;;;0.5;0.0
-2;13400;HYDROGEL_PACK;9994;13;9992;23;;;10010;13;10013;23;;;10002.0;0.0
-2;13400;VELVETFRUIT_EXTRACT;5270;35;5270;23;;;5275;23;5276;53;;;5272.5;0.0
-2;13400;VEV_4000;1243;8;1241;27;;;1264;8;1267;27;;;1253.5;0.0
-2;13400;VEV_4500;759;11;757;16;;;775;11;777;16;;;767.0;0.0
-2;13400;VEV_5000;242;6;;;;;248;8;249;20;;;245.0;0.0
-2;13400;VEV_5100;182;12;181;34;;;186;7;;;;;184.0;0.0
-2;13400;VEV_5200;108;8;107;32;;;110;24;111;27;;;109.0;0.0
-2;13400;VEV_5300;51;20;;;;;53;22;;;;;52.0;0.0
-2;13400;VEV_5400;17;20;16;25;;;18;20;;;;;17.5;0.0
-2;13400;VEV_5500;6;23;;;;;7;15;;;;;6.5;0.0
-2;13400;VEV_6000;0;27;;;;;1;27;;;;;0.5;0.0
-2;13400;VEV_6500;0;21;;;;;1;21;;;;;0.5;0.0
-2;13500;HYDROGEL_PACK;9991;20;;;;;10009;10;10012;20;;;10000.0;0.0
-2;13500;VELVETFRUIT_EXTRACT;5270;53;;;;;5276;24;;;;;5273.0;0.0
-2;13500;VEV_4000;1241;10;1239;15;;;1262;10;1265;15;;;1251.5;0.0
-2;13500;VEV_4500;758;8;;;;;774;8;;;;;766.0;0.0
-2;13500;VEV_5000;242;6;241;15;;;249;15;;;;;245.5;0.0
-2;13500;VEV_5100;181;20;;;;;186;9;;;;;183.5;0.0
-2;13500;VEV_5200;107;23;;;;;;;;;;;107.0;0.0
-2;13500;VEV_5300;51;19;50;12;;;54;15;;;;;52.5;0.0
-2;13500;VEV_5400;;;;;;;17;23;18;28;;;17.0;0.0
-2;13500;VEV_5500;6;21;;;;;7;23;;;;;6.5;0.0
-2;13500;VEV_6000;0;23;;;;;1;23;;;;;0.5;0.0
-2;13500;VEV_6500;0;11;;;;;1;11;;;;;0.5;0.0
-2;13600;HYDROGEL_PACK;9993;15;9991;23;;;10009;15;10012;23;;;10001.0;0.0
-2;13600;VELVETFRUIT_EXTRACT;5270;59;;;;;5275;21;5276;37;;;5272.5;0.0
-2;13600;VEV_4000;1240;8;1238;27;;;1261;8;1264;27;;;1250.5;0.0
-2;13600;VEV_4500;758;7;756;14;;;776;14;;;;;767.0;0.0
-2;13600;VEV_5000;243;6;242;22;;;249;8;250;24;;;246.0;0.0
-2;13600;VEV_5100;181;23;180;26;;;186;18;;;;;183.5;0.0
-2;13600;VEV_5200;;;;;;;110;9;;;;;110.0;0.0
-2;13600;VEV_5300;52;6;;;;;54;17;;;;;53.0;0.0
-2;13600;VEV_5400;17;10;;;;;18;22;;;;;17.5;0.0
-2;13600;VEV_5500;6;25;;;;;7;20;;;;;6.5;0.0
-2;13600;VEV_6000;0;24;;;;;1;24;;;;;0.5;0.0
-2;13600;VEV_6500;0;13;;;;;1;13;;;;;0.5;0.0
-2;13700;HYDROGEL_PACK;9994;15;9991;30;;;10010;15;10012;30;;;10002.0;0.0
-2;13700;VELVETFRUIT_EXTRACT;5270;20;5270;24;;;5275;24;5276;21;;;5272.5;0.0
-2;13700;VEV_4000;1240;10;1237;17;;;1261;10;1263;17;;;1250.5;0.0
-2;13700;VEV_4500;755;15;;;;;773;10;775;15;;;764.0;0.0
-2;13700;VEV_5000;243;9;242;23;;;250;17;;;;;246.5;0.0
-2;13700;VEV_5100;182;12;181;23;;;186;11;;;;;184.0;0.0
-2;13700;VEV_5200;108;27;;;;;110;27;111;20;;;109.0;0.0
-2;13700;VEV_5300;52;16;;;;;54;21;;;;;53.0;0.0
-2;13700;VEV_5400;16;19;;;;;18;21;;;;;17.0;0.0
-2;13700;VEV_5500;6;19;;;;;7;20;;;;;6.5;0.0
-2;13700;VEV_6000;0;18;;;;;1;18;;;;;0.5;0.0
-2;13700;VEV_6500;0;14;;;;;1;14;;;;;0.5;0.0
-2;13800;HYDROGEL_PACK;9993;15;9991;26;;;10009;15;10012;26;;;10001.0;0.0
-2;13800;VELVETFRUIT_EXTRACT;5270;23;;;;;5275;19;5276;52;;;5272.5;0.0
-2;13800;VEV_4000;1240;9;1238;21;;;1261;9;1264;21;;;1250.5;0.0
-2;13800;VEV_4500;757;11;755;21;;;773;11;775;21;;;765.0;0.0
-2;13800;VEV_5000;243;7;242;26;;;249;7;250;22;;;246.0;0.0
-2;13800;VEV_5100;182;8;181;31;;;186;10;187;22;;;184.0;0.0
-2;13800;VEV_5200;108;16;;;;;112;22;;;;;110.0;0.0
-2;13800;VEV_5300;53;25;;;;;55;23;;;;;54.0;0.0
-2;13800;VEV_5400;17;5;16;21;;;18;27;;;;;17.5;0.0
-2;13800;VEV_5500;6;27;;;;;7;26;;;;;6.5;0.0
-2;13800;VEV_6000;0;22;;;;;1;22;;;;;0.5;0.0
-2;13800;VEV_6500;0;13;;;;;1;13;;;;;0.5;0.0
-2;13900;HYDROGEL_PACK;9993;10;9990;28;;;10009;10;10011;28;;;10001.0;0.0
-2;13900;VELVETFRUIT_EXTRACT;5271;18;5270;46;5270;68;5276;23;;;;;5273.5;0.0
-2;13900;VEV_4000;1241;7;1238;22;;;1262;7;1264;22;;;1251.5;0.0
-2;13900;VEV_4500;759;6;757;19;;;775;6;777;19;;;767.0;0.0
-2;13900;VEV_5000;243;7;242;25;;;249;11;250;20;;;246.0;0.0
-2;13900;VEV_5100;181;12;;;;;186;8;187;19;;;183.5;0.0
-2;13900;VEV_5200;107;20;;;;;;;;;;;107.0;0.0
-2;13900;VEV_5300;53;7;;;;;55;5;;;;;54.0;0.0
-2;13900;VEV_5400;16;20;;;;;18;22;;;;;17.0;0.0
-2;13900;VEV_5500;6;27;;;;;7;23;;;;;6.5;0.0
-2;13900;VEV_6000;0;23;;;;;1;23;;;;;0.5;0.0
-2;13900;VEV_6500;0;18;;;;;1;18;;;;;0.5;0.0
-2;14000;HYDROGEL_PACK;9994;14;9991;30;;;10010;14;10012;30;;;10002.0;0.0
-2;14000;VELVETFRUIT_EXTRACT;5274;15;;;;;5279;61;;;;;5276.5;0.0
-2;14000;VEV_4000;1241;11;1238;26;;;1262;11;1264;26;;;1251.5;0.0
-2;14000;VEV_4500;758;10;756;17;;;774;10;775;12;776;17;766.0;0.0
-2;14000;VEV_5000;244;29;243;16;;;250;24;;;;;247.0;0.0
-2;14000;VEV_5100;183;20;182;17;;;187;33;188;24;;;185.0;0.0
-2;14000;VEV_5200;108;7;107;27;;;110;12;111;31;;;109.0;0.0
-2;14000;VEV_5300;53;22;;;;;;;;;;;53.0;0.0
-2;14000;VEV_5400;16;25;;;;;17;20;18;12;;;16.5;0.0
-2;14000;VEV_5500;6;15;;;;;7;24;;;;;6.5;0.0
-2;14000;VEV_6000;0;26;;;;;1;26;;;;;0.5;0.0
-2;14000;VEV_6500;0;19;;;;;1;19;;;;;0.5;0.0
-2;14100;HYDROGEL_PACK;9993;11;9990;20;;;10009;11;10011;20;;;10001.0;0.0
-2;14100;VELVETFRUIT_EXTRACT;5273;65;;;;;5279;61;;;;;5276.0;0.0
-2;14100;VEV_4000;1242;11;1240;17;;;1263;11;1266;17;;;1252.5;0.0
-2;14100;VEV_4500;758;9;756;17;;;776;17;;;;;767.0;0.0
-2;14100;VEV_5000;243;11;242;23;;;249;24;250;13;;;246.0;0.0
-2;14100;VEV_5100;183;11;182;27;;;188;12;;;;;185.5;0.0
-2;14100;VEV_5200;107;8;106;16;;;110;14;;;;;108.5;0.0
-2;14100;VEV_5300;;;;;;;55;10;;;;;55.0;0.0
-2;14100;VEV_5400;16;27;;;;;17;6;18;23;;;16.5;0.0
-2;14100;VEV_5500;6;22;;;;;7;25;;;;;6.5;0.0
-2;14100;VEV_6000;0;20;;;;;1;20;;;;;0.5;0.0
-2;14100;VEV_6500;0;14;;;;;1;14;;;;;0.5;0.0
-2;14200;HYDROGEL_PACK;9995;13;9992;29;;;10011;13;10013;29;;;10003.0;0.0
-2;14200;VELVETFRUIT_EXTRACT;5274;17;5273;55;;;5278;17;5279;66;;;5276.0;0.0
-2;14200;VEV_4000;1242;14;1240;25;;;1263;14;1266;25;;;1252.5;0.0
-2;14200;VEV_4500;759;7;;;;;777;18;;;;;768.0;0.0
-2;14200;VEV_5000;245;12;244;23;;;251;10;;;;;248.0;0.0
-2;14200;VEV_5100;183;28;;;;;;;;;;;183.0;0.0
-2;14200;VEV_5200;107;30;106;24;;;109;11;110;27;;;108.0;0.0
-2;14200;VEV_5300;52;20;;;;;54;22;55;19;;;53.0;0.0
-2;14200;VEV_5400;17;20;;;;;19;30;;;;;18.0;0.0
-2;14200;VEV_5500;6;20;;;;;7;20;;;;;6.5;0.0
-2;14200;VEV_6000;0;22;;;;;1;22;;;;;0.5;0.0
-2;14200;VEV_6500;0;16;;;;;1;16;;;;;0.5;0.0
-2;14300;HYDROGEL_PACK;9995;12;9993;24;;;10011;12;10014;24;;;10003.0;0.0
-2;14300;VELVETFRUIT_EXTRACT;5273;42;;;;;5278;25;5279;49;;;5275.5;0.0
-2;14300;VEV_4000;1242;11;1239;22;;;1263;11;1265;22;;;1252.5;0.0
-2;14300;VEV_4500;758;7;756;20;;;774;7;776;20;;;766.0;0.0
-2;14300;VEV_5000;245;8;;;;;251;6;252;20;;;248.0;0.0
-2;14300;VEV_5100;183;12;182;24;;;187;11;188;19;;;185.0;0.0
-2;14300;VEV_5200;107;25;;;;;110;29;;;;;108.5;0.0
-2;14300;VEV_5300;53;17;;;;;55;30;;;;;54.0;0.0
-2;14300;VEV_5400;17;25;;;;;19;20;;;;;18.0;0.0
-2;14300;VEV_5500;6;22;;;;;7;27;;;;;6.5;0.0
-2;14300;VEV_6000;0;20;;;;;1;20;;;;;0.5;0.0
-2;14300;VEV_6500;0;10;;;;;1;10;;;;;0.5;0.0
-2;14400;HYDROGEL_PACK;9996;15;9993;30;;;10012;15;10014;30;;;10004.0;0.0
-2;14400;VELVETFRUIT_EXTRACT;5273;68;;;;;5279;53;;;;;5276.0;0.0
-2;14400;VEV_4000;1243;10;1241;30;;;1265;10;1267;30;;;1254.0;0.0
-2;14400;VEV_4500;759;9;757;21;;;775;9;778;21;;;767.0;0.0
-2;14400;VEV_5000;244;8;243;13;;;;;;;;;244.0;0.0
-2;14400;VEV_5100;185;11;;;;;189;23;190;17;;;187.0;0.0
-2;14400;VEV_5200;108;9;;;;;111;17;;;;;109.5;0.0
-2;14400;VEV_5300;53;22;;;;;55;9;;;;;54.0;0.0
-2;14400;VEV_5400;17;22;17;27;;;18;30;19;22;;;17.5;0.0
-2;14400;VEV_5500;6;30;;;;;7;19;;;;;6.5;0.0
-2;14400;VEV_6000;0;23;;;;;1;23;;;;;0.5;0.0
-2;14400;VEV_6500;0;15;;;;;1;15;;;;;0.5;0.0
-2;14500;HYDROGEL_PACK;9997;13;9994;28;;;10013;13;10015;28;;;10005.0;0.0
-2;14500;VELVETFRUIT_EXTRACT;5274;43;;;;;5279;15;5280;48;;;5276.5;0.0
-2;14500;VEV_4000;1243;14;1241;15;;;1264;14;1267;15;;;1253.5;0.0
-2;14500;VEV_4500;758;9;757;6;756;14;;;;;;;758.0;0.0
-2;14500;VEV_5000;244;12;243;32;;;251;24;;;;;247.5;0.0
-2;14500;VEV_5100;185;27;184;13;;;189;29;190;14;;;187.0;0.0
-2;14500;VEV_5200;108;10;107;28;;;111;29;;;;;109.5;0.0
-2;14500;VEV_5300;52;28;51;17;;;54;26;;;;;53.0;0.0
-2;14500;VEV_5400;;;;;;;18;22;;;;;18.0;0.0
-2;14500;VEV_5500;6;21;;;;;7;25;;;;;6.5;0.0
-2;14500;VEV_6000;0;28;;;;;1;28;;;;;0.5;0.0
-2;14500;VEV_6500;0;10;;;;;1;10;;;;;0.5;0.0
-2;14600;HYDROGEL_PACK;9997;11;9995;27;;;10013;11;10016;27;;;10005.0;0.0
-2;14600;VELVETFRUIT_EXTRACT;5274;43;;;;;5279;17;5280;66;;;5276.5;0.0
-2;14600;VEV_4000;1242;12;1239;25;;;1263;12;1265;25;;;1252.5;0.0
-2;14600;VEV_4500;757;11;755;20;;;773;11;775;20;;;765.0;0.0
-2;14600;VEV_5000;244;7;243;24;;;251;12;;;;;247.5;0.0
-2;14600;VEV_5100;185;31;184;14;;;189;7;;;;;187.0;0.0
-2;14600;VEV_5200;109;6;108;32;;;111;6;112;20;;;110.0;0.0
-2;14600;VEV_5300;53;18;;;;;56;26;;;;;54.5;0.0
-2;14600;VEV_5400;17;22;;;;;19;19;;;;;18.0;0.0
-2;14600;VEV_5500;6;15;;;;;7;17;;;;;6.5;0.0
-2;14600;VEV_6000;0;26;;;;;1;26;;;;;0.5;0.0
-2;14600;VEV_6500;0;18;;;;;1;18;;;;;0.5;0.0
-2;14700;HYDROGEL_PACK;9993;12;9990;28;;;10009;12;10011;28;;;10001.0;0.0
-2;14700;VELVETFRUIT_EXTRACT;5276;53;5276;20;;;5282;47;;;;;5279.0;0.0
-2;14700;VEV_4000;1242;8;1240;17;;;1263;8;1266;17;;;1252.5;0.0
-2;14700;VEV_4500;757;14;;;;;775;8;777;14;;;766.0;0.0
-2;14700;VEV_5000;245;9;244;12;;;251;8;252;15;;;248.0;0.0
-2;14700;VEV_5100;185;10;184;20;;;189;6;190;12;;;187.0;0.0
-2;14700;VEV_5200;109;29;108;28;;;111;33;;;;;110.0;0.0
-2;14700;VEV_5300;53;23;;;;;55;22;;;;;54.0;0.0
-2;14700;VEV_5400;17;25;;;;;19;24;;;;;18.0;0.0
-2;14700;VEV_5500;6;19;;;;;7;19;;;;;6.5;0.0
-2;14700;VEV_6000;0;25;;;;;1;25;;;;;0.5;0.0
-2;14700;VEV_6500;0;16;;;;;1;16;;;;;0.5;0.0
-2;14800;HYDROGEL_PACK;9990;12;9988;25;;;10006;12;10009;25;;;9998.0;0.0
-2;14800;VELVETFRUIT_EXTRACT;5275;49;5275;17;5274;38;5280;17;5281;59;;;5277.5;0.0
-2;14800;VEV_4000;1243;9;1240;18;;;1264;9;1266;18;;;1253.5;0.0
-2;14800;VEV_4500;759;11;757;23;;;775;11;;;;;767.0;0.0
-2;14800;VEV_5000;243;6;;;;;249;11;;;;;246.0;0.0
-2;14800;VEV_5100;182;14;;;;;187;10;;;;;184.5;0.0
-2;14800;VEV_5200;109;22;108;32;;;111;9;112;22;;;110.0;0.0
-2;14800;VEV_5300;53;22;52;25;;;55;28;56;13;;;54.0;0.0
-2;14800;VEV_5400;17;19;;;;;18;17;;;;;17.5;0.0
-2;14800;VEV_5500;6;18;;;;;7;19;;;;;6.5;0.0
-2;14800;VEV_6000;0;24;;;;;1;24;;;;;0.5;0.0
-2;14800;VEV_6500;0;15;;;;;1;15;;;;;0.5;0.0
-2;14900;HYDROGEL_PACK;9994;15;9992;22;;;10010;15;10013;22;;;10002.0;0.0
-2;14900;VELVETFRUIT_EXTRACT;5276;30;5276;24;;;5281;15;5282;32;;;5278.5;0.0
-2;14900;VEV_4000;1242;15;1239;16;;;1263;15;1265;16;;;1252.5;0.0
-2;14900;VEV_4500;760;8;758;20;;;776;8;778;20;;;768.0;0.0
-2;14900;VEV_5000;244;32;243;23;;;;;;;;;244.0;0.0
-2;14900;VEV_5100;184;19;;;;;189;6;190;15;;;186.5;0.0
-2;14900;VEV_5200;;;;;;;112;20;113;13;;;112.0;0.0
-2;14900;VEV_5300;53;28;;;;;55;20;;;;;54.0;0.0
-2;14900;VEV_5400;17;25;;;;;18;19;19;15;;;17.5;0.0
-2;14900;VEV_5500;6;26;;;;;7;17;;;;;6.5;0.0
-2;14900;VEV_6000;0;22;;;;;1;22;;;;;0.5;0.0
-2;14900;VEV_6500;0;11;;;;;1;11;;;;;0.5;0.0
-2;15000;HYDROGEL_PACK;9996;10;9994;26;;;10012;10;10015;26;;;10004.0;0.0
-2;15000;VELVETFRUIT_EXTRACT;5274;49;;;;;5280;33;;;;;5277.0;0.0
-2;15000;VEV_4000;1243;14;1240;19;;;1264;14;1267;19;;;1253.5;0.0
-2;15000;VEV_4500;759;14;;;;;777;8;779;14;;;768.0;0.0
-2;15000;VEV_5000;245;11;244;19;;;251;6;252;17;;;248.0;0.0
-2;15000;VEV_5100;187;7;;;;;191;6;192;14;;;189.0;0.0
-2;15000;VEV_5200;109;8;108;26;;;111;9;112;30;;;110.0;0.0
-2;15000;VEV_5300;53;24;;;;;55;18;56;10;;;54.0;0.0
-2;15000;VEV_5400;17;25;17;22;;;;;;;;;17.0;0.0
-2;15000;VEV_5500;6;19;;;;;7;16;;;;;6.5;0.0
-2;15000;VEV_6000;0;29;;;;;1;29;;;;;0.5;0.0
-2;15000;VEV_6500;0;7;;;;;1;7;;;;;0.5;0.0
-2;15100;HYDROGEL_PACK;9996;11;9993;27;;;10012;11;10014;27;;;10004.0;0.0
-2;15100;VELVETFRUIT_EXTRACT;5273;34;;;;;5278;25;5279;33;;;5275.5;0.0
-2;15100;VEV_4000;1242;13;1240;20;;;1263;13;1266;20;;;1252.5;0.0
-2;15100;VEV_4500;761;9;759;18;;;777;9;779;18;;;769.0;0.0
-2;15100;VEV_5000;;;;;;;250;8;251;22;;;250.0;0.0
-2;15100;VEV_5100;187;12;;;;;191;25;192;18;;;189.0;0.0
-2;15100;VEV_5200;108;26;;;;;111;25;112;22;;;109.5;0.0
-2;15100;VEV_5300;53;7;;;;;55;20;;;;;54.0;0.0
-2;15100;VEV_5400;17;27;;;;;18;7;19;25;;;17.5;0.0
-2;15100;VEV_5500;6;19;;;;;7;20;;;;;6.5;0.0
-2;15100;VEV_6000;0;28;;;;;1;28;;;;;0.5;0.0
-2;15100;VEV_6500;0;14;;;;;1;14;;;;;0.5;0.0
-2;15200;HYDROGEL_PACK;9994;12;9991;30;;;10010;12;10012;30;;;10002.0;0.0
-2;15200;VELVETFRUIT_EXTRACT;5273;20;5272;66;;;5278;39;;;;;5275.5;0.0
-2;15200;VEV_4000;1242;10;1240;19;;;1263;10;1266;19;;;1252.5;0.0
-2;15200;VEV_4500;762;6;760;13;;;781;13;;;;;771.5;0.0
-2;15200;VEV_5000;246;6;245;16;;;252;6;253;13;;;249.0;0.0
-2;15200;VEV_5100;187;11;186;24;;;191;25;192;12;;;189.0;0.0
-2;15200;VEV_5200;109;32;;;;;112;24;;;;;110.5;0.0
-2;15200;VEV_5300;53;25;;;;;55;19;56;20;;;54.0;0.0
-2;15200;VEV_5400;;;;;;;18;24;19;16;;;18.0;0.0
-2;15200;VEV_5500;6;20;;;;;7;22;;;;;6.5;0.0
-2;15200;VEV_6000;0;16;;;;;1;16;;;;;0.5;0.0
-2;15200;VEV_6500;;;;;;;1;17;;;;;1.0;0.0
-2;15300;HYDROGEL_PACK;9994;13;9992;22;;;10010;13;10013;22;;;10002.0;0.0
-2;15300;VELVETFRUIT_EXTRACT;5271;19;5270;49;;;5275;19;5276;32;5277;43;5273.0;0.0
-2;15300;VEV_4000;1243;8;1241;15;;;1264;8;;;;;1253.5;0.0
-2;15300;VEV_4500;762;7;760;19;;;780;19;;;;;771.0;0.0
-2;15300;VEV_5000;247;10;246;12;;;253;12;254;24;;;250.0;0.0
-2;15300;VEV_5100;189;7;;;;;194;22;;;;;191.5;0.0
-2;15300;VEV_5200;109;34;;;;;113;18;;;;;111.0;0.0
-2;15300;VEV_5300;53;21;52;30;;;55;21;55;26;;;54.0;0.0
-2;15300;VEV_5400;17;26;;;;;19;21;;;;;18.0;0.0
-2;15300;VEV_5500;6;21;;;;;7;13;;;;;6.5;0.0
-2;15300;VEV_6000;0;21;;;;;1;21;;;;;0.5;0.0
-2;15300;VEV_6500;0;14;;;;;1;14;;;;;0.5;0.0
-2;15400;HYDROGEL_PACK;9991;23;;;;;10010;10;10012;23;;;10000.5;0.0
-2;15400;VELVETFRUIT_EXTRACT;5273;19;5272;54;;;5278;61;;;;;5275.5;0.0
-2;15400;VEV_4000;1244;15;1242;22;;;1265;15;1268;22;;;1254.5;0.0
-2;15400;VEV_4500;763;12;762;6;761;15;779;12;781;15;;;771.0;0.0
-2;15400;VEV_5000;248;8;247;12;;;255;15;;;;;251.5;0.0
