timestamp;buyer;seller;symbol;currency;price;quantity
0;BOT_TAKER;BOT_MAKER;HYDROGEL_PACK;XIRECS;9987.0;2
100;BOT_TAKER;BOT_MAKER;HYDROGEL_PACK;XIRECS;9988.0;5
100;BOT_MAKER;BOT_TAKER;VEV_4000;XIRECS;1253.0;2
200;BOT_TAKER;BOT_MAKER;VEV_4000;XIRECS;1273.0;1
300;BOT_TAKER;BOT_MAKER;VELVETFRUIT_EXTRACT;XIRECS;5268.0;7
300;BOT_TAKER;BOT_MAKER;VEV_6500;XIRECS;1.0;4
400;BOT_MAKER;BOT_TAKER;HYDROGEL_PACK;XIRECS;9976.0;4
400;BOT_MAKER;BOT_TAKER;HYDROGEL_PACK;XIRECS;9976.0;2
400;BOT_MAKER;BOT_TAKER;VELVETFRUIT_EXTRACT;XIRECS;5265.0;7
400;BOT_TAKER;SUBMISSION;VELVETFRUIT_EXTRACT;XIRECS;5268.0;5
400;BOT_TAKER;BOT_MAKER;VELVETFRUIT_EXTRACT;XIRECS;5269.0;2
400;SUBMISSION;BOT_TAKER;VEV_5200;XIRECS;101.0;5
500;BOT_TAKER;BOT_MAKER;VEV_6000;XIRECS;1.0;4
600;BOT_TAKER;BOT_MAKER;HYDROGEL_PACK;XIRECS;9989.0;6
600;BOT_MAKER;BOT_TAKER;VEV_5400;XIRECS;15.0;4
600;BOT_TAKER;SUBMISSION;HYDROGEL_PACK;XIRECS;9988.0;3
700;BOT_MAKER;BOT_TAKER;VEV_5400;XIRECS;15.0;5
700;BOT_TAKER;SUBMISSION;VELVETFRUIT_EXTRACT;XIRECS;5269.0;5
700;BOT_TAKER;BOT_MAKER;VELVETFRUIT_EXTRACT;XIRECS;5270.0;8
900;BOT_TAKER;BOT_MAKER;VELVETFRUIT_EXTRACT;XIRECS;5270.0;12
900;BOT_MAKER;BOT_TAKER;VEV_6500;XIRECS;0.0;3
1000;BOT_MAKER;BOT_TAKER;HYDROGEL_PACK;XIRECS;9974.0;5
1000;BOT_MAKER;BOT_TAKER;VELVETFRUIT_EXTRACT;XIRECS;5264.0;6
1000;BOT_TAKER;BOT_MAKER;VEV_4000;XIRECS;1275.0;2
1100;BOT_TAKER;BOT_MAKER;VELVETFRUIT_EXTRACT;XIRECS;5270.0;3
1200;BOT_TAKER;BOT_MAKER;VELVETFRUIT_EXTRACT;XIRECS;5272.0;7
1200;BOT_TAKER;BOT_MAKER;VEV_6500;XIRECS;1.0;2
1200;BOT_TAKER;SUBMISSION;VEV_4000;XIRECS;1274.0;3
1300;BOT_TAKER;BOT_MAKER;VELVETFRUIT_EXTRACT;XIRECS;5273.0;4
1400;BOT_TAKER;BOT_MAKER;HYDROGEL_PACK;XIRECS;9992.0;3
1400;BOT_TAKER;BOT_MAKER;VELVETFRUIT_EXTRACT;XIRECS;5276.0;4
1400;BOT_MAKER;BOT_TAKER;VEV_4000;XIRECS;1255.0;2
1500;BOT_TAKER;BOT_MAKER;HYDROGEL_PACK;XIRECS;9995.0;3
1500;BOT_TAKER;BOT_MAKER;VEV_4000;XIRECS;1277.0;3
1600;BOT_MAKER;BOT_TAKER;VEV_4000;XIRECS;1256.0;3
1700;BOT_TAKER;BOT_MAKER;VELVETFRUIT_EXTRACT;XIRECS;5275.0;4
1700;BOT_TAKER;BOT_MAKER;VEV_5300;XIRECS;54.0;5
1700;SUBMISSION;BOT_TAKER;VELVETFRUIT_EXTRACT;XIRECS;5271.0;5
1700;BOT_MAKER;BOT_TAKER;VELVETFRUIT_EXTRACT;XIRECS;5270.0;1
1800;BOT_TAKER;BOT_MAKER;HYDROGEL_PACK;XIRECS;10002.0;6
1800;BOT_MAKER;BOT_TAKER;VEV_4000;XIRECS;1258.0;3
1900;BOT_MAKER;BOT_TAKER;VEV_4000;XIRECS;1258.0;3
2000;BOT_MAKER;BOT_TAKER;HYDROGEL_PACK;XIRECS;9985.0;3
2000;BOT_TAKER;BOT_MAKER;VEV_4000;XIRECS;1280.0;2
2000;BOT_MAKER;BOT_TAKER;VEV_6000;XIRECS;0.0;4
2000;BOT_MAKER;BOT_TAKER;VEV_6500;XIRECS;0.0;2
2100;BOT_MAKER;BOT_TAKER;VEV_4000;XIRECS;1259.0;2
2100;BOT_TAKER;BOT_MAKER;VEV_6500;XIRECS;1.0;2
2200;BOT_TAKER;BOT_MAKER;VEV_4000;XIRECS;1281.0;1
2300;BOT_TAKER;SUBMISSION;HYDROGEL_PACK;XIRECS;10000.0;5
2400;BOT_TAKER;BOT_MAKER;HYDROGEL_PACK;XIRECS;10002.0;3
2400;BOT_MAKER;BOT_TAKER;HYDROGEL_PACK;XIRECS;9986.0;4
2400;BOT_TAKER;BOT_MAKER;VELVETFRUIT_EXTRACT;XIRECS;5275.0;6
2500;BOT_MAKER;BOT_TAKER;VELVETFRUIT_EXTRACT;XIRECS;5272.0;7
2500;BOT_TAKER;SUBMISSION;HYDROGEL_PACK;XIRECS;10004.0;4
2600;BOT_MAKER;BOT_TAKER;VEV_6000;XIRECS;0.0;5
2700;BOT_MAKER;BOT_TAKER;HYDROGEL_PACK;XIRECS;9987.0;4
2700;BOT_MAKER;BOT_TAKER;VEV_6000;XIRECS;0.0;2
2800;BOT_MAKER;BOT_TAKER;VELVETFRUIT_EXTRACT;XIRECS;5271.0;3
3000;BOT_TAKER;BOT_MAKER;HYDROGEL_PACK;XIRECS;10007.0;6
3000;BOT_MAKER;BOT_TAKER;VEV_4000;XIRECS;1256.0;2
3100;BOT_MAKER;BOT_TAKER;VELVETFRUIT_EXTRACT;XIRECS;5271.0;5
3200;BOT_MAKER;BOT_TAKER;VEV_4000;XIRECS;1255.0;1
3400;BOT_MAKER;BOT_TAKER;HYDROGEL_PACK;XIRECS;9987.0;2
3400;BOT_TAKER;BOT_MAKER;VELVETFRUIT_EXTRACT;XIRECS;5275.0;3
3400;BOT_MAKER;BOT_TAKER;VEV_4000;XIRECS;1256.0;2
3500;BOT_MAKER;BOT_TAKER;VEV_4000;XIRECS;1256.0;1
3500;BOT_TAKER;BOT_MAKER;VEV_6500;XIRECS;1.0;5
3600;BOT_MAKER;BOT_TAKER;HYDROGEL_PACK;XIRECS;9986.0;6
3600;BOT_TAKER;BOT_MAKER;VELVETFRUIT_EXTRACT;XIRECS;5275.0;3
3700;BOT_MAKER;BOT_TAKER;VEV_5300;XIRECS;51.0;2
3700;BOT_MAKER;BOT_TAKER;VEV_5400;XIRECS;16.0;4
3800;BOT_MAKER;BOT_TAKER;HYDROGEL_PACK;XIRECS;9992.0;4
3800;BOT_MAKER;BOT_TAKER;HYDROGEL_PACK;XIRECS;9992.0;2
3800;BOT_MAKER;BOT_TAKER;VELVETFRUIT_EXTRACT;XIRECS;5272.0;6
3900;BOT_MAKER;BOT_TAKER;HYDROGEL_PACK;XIRECS;9988.0;3
3900;BOT_TAKER;BOT_MAKER;VELVETFRUIT_EXTRACT;XIRECS;5278.0;5
3900;SUBMISSION;BOT_TAKER;HYDROGEL_PACK;XIRECS;9989.0;5
3900;BOT_MAKER;BOT_TAKER;HYDROGEL_PACK;XIRECS;9988.0;1
4000;BOT_MAKER;BOT_TAKER;VELVETFRUIT_EXTRACT;XIRECS;5273.0;7
4100;BOT_MAKER;BOT_TAKER;VELVETFRUIT_EXTRACT;XIRECS;5273.0;3
4200;BOT_MAKER;BOT_TAKER;HYDROGEL_PACK;XIRECS;9991.0;6
4200;BOT_TAKER;SUBMISSION;HYDROGEL_PACK;XIRECS;10009.0;2
4300;BOT_MAKER;BOT_TAKER;VELVETFRUIT_EXTRACT;XIRECS;5274.0;4
4400;BOT_TAKER;BOT_MAKER;HYDROGEL_PACK;XIRECS;10007.0;5
4400;BOT_TAKER;BOT_MAKER;VELVETFRUIT_EXTRACT;XIRECS;5281.0;8
4500;BOT_MAKER;BOT_TAKER;VELVETFRUIT_EXTRACT;XIRECS;5274.0;3
4500;BOT_MAKER;BOT_TAKER;VEV_5400;XIRECS;16.0;3
4600;BOT_TAKER;SUBMISSION;HYDROGEL_PACK;XIRECS;10007.0;2
4700;BOT_TAKER;BOT_MAKER;VELVETFRUIT_EXTRACT;XIRECS;5277.0;7
4700;BOT_MAKER;BOT_TAKER;VEV_4000;XIRECS;1257.0;1
4700;BOT_TAKER;SUBMISSION;HYDROGEL_PACK;XIRECS;10007.0;2
4800;BOT_MAKER;BOT_TAKER;VELVETFRUIT_EXTRACT;XIRECS;5271.0;6
4800;BOT_MAKER;BOT_TAKER;VEV_6500;XIRECS;0.0;2
5000;BOT_TAKER;BOT_MAKER;HYDROGEL_PACK;XIRECS;10009.0;6
5000;BOT_TAKER;BOT_MAKER;VEV_4000;XIRECS;1278.0;3
5000;BOT_TAKER;BOT_MAKER;VEV_4000;XIRECS;1278.0;3
5000;BOT_TAKER;SUBMISSION;HYDROGEL_PACK;XIRECS;10008.0;5
5100;BOT_MAKER;BOT_TAKER;VEV_5300;XIRECS;51.0;4
5100;BOT_TAKER;BOT_MAKER;VEV_6000;XIRECS;1.0;2
5200;BOT_TAKER;BOT_MAKER;HYDROGEL_PACK;XIRECS;10011.0;3
5300;BOT_TAKER;BOT_MAKER;HYDROGEL_PACK;XIRECS;10012.0;6
5400;BOT_MAKER;BOT_TAKER;HYDROGEL_PACK;XIRECS;9997.0;5
5400;BOT_TAKER;BOT_MAKER;VEV_5500;XIRECS;7.0;2
5500;BOT_MAKER;BOT_TAKER;VELVETFRUIT_EXTRACT;XIRECS;5266.0;9
5600;BOT_MAKER;BOT_TAKER;HYDROGEL_PACK;XIRECS;9995.0;4
5600;BOT_TAKER;BOT_MAKER;HYDROGEL_PACK;XIRECS;10011.0;6
5700;BOT_TAKER;BOT_MAKER;VELVETFRUIT_EXTRACT;XIRECS;5271.0;7
5800;BOT_TAKER;BOT_MAKER;VELVETFRUIT_EXTRACT;XIRECS;5269.0;8
5900;BOT_TAKER;BOT_MAKER;VELVETFRUIT_EXTRACT;XIRECS;5271.0;4
5900;BOT_MAKER;BOT_TAKER;VEV_5500;XIRECS;6.0;4
5900;SUBMISSION;BOT_TAKER;HYDROGEL_PACK;XIRECS;10001.0;4
6000;BOT_MAKER;BOT_TAKER;VEV_5500;XIRECS;6.0;4
6100;BOT_TAKER;BOT_MAKER;VELVETFRUIT_EXTRACT;XIRECS;5271.0;7
6100;BOT_TAKER;BOT_MAKER;VEV_5500;XIRECS;7.0;3
6300;BOT_TAKER;BOT_MAKER;VELVETFRUIT_EXTRACT;XIRECS;5271.0;8
6500;BOT_TAKER;BOT_MAKER;HYDROGEL_PACK;XIRECS;10011.0;6
6600;BOT_MAKER;BOT_TAKER;HYDROGEL_PACK;XIRECS;9994.0;4
6600;BOT_MAKER;BOT_TAKER;VEV_6000;XIRECS;0.0;4
6700;BOT_MAKER;BOT_TAKER;VEV_5500;XIRECS;6.0;2
6700;SUBMISSION;BOT_TAKER;VELVETFRUIT_EXTRACT;XIRECS;5264.0;5
6700;BOT_MAKER;BOT_TAKER;VELVETFRUIT_EXTRACT;XIRECS;5263.0;3
6800;BOT_TAKER;BOT_MAKER;VELVETFRUIT_EXTRACT;XIRECS;5268.0;6
6800;BOT_MAKER;BOT_TAKER;VEV_6500;XIRECS;0.0;3
6900;BOT_MAKER;BOT_TAKER;VEV_4000;XIRECS;1249.0;2
6900;BOT_TAKER;BOT_MAKER;VEV_6500;XIRECS;1.0;5
6900;SUBMISSION;BOT_TAKER;VELVETFRUIT_EXTRACT;XIRECS;5265.0;5
7000;BOT_TAKER;BOT_MAKER;HYDROGEL_PACK;XIRECS;10011.0;6
7000;BOT_TAKER;BOT_MAKER;VELVETFRUIT_EXTRACT;XIRECS;5268.0;7
7000;BOT_TAKER;SUBMISSION;VELVETFRUIT_EXTRACT;XIRECS;5267.0;5
7000;BOT_TAKER;BOT_MAKER;VELVETFRUIT_EXTRACT;XIRECS;5268.0;1
7100;BOT_TAKER;BOT_MAKER;HYDROGEL_PACK;XIRECS;10009.0;4
7100;BOT_TAKER;BOT_MAKER;VELVETFRUIT_EXTRACT;XIRECS;5270.0;7
7100;BOT_TAKER;BOT_MAKER;VEV_6500;XIRECS;1.0;4
7200;BOT_TAKER;BOT_MAKER;VELVETFRUIT_EXTRACT;XIRECS;5270.0;7
7200;BOT_TAKER;BOT_MAKER;VEV_6500;XIRECS;1.0;2
7200;BOT_TAKER;SUBMISSION;VEV_4000;XIRECS;1269.0;2
7300;BOT_TAKER;BOT_MAKER;HYDROGEL_PACK;XIRECS;10012.0;3
7300;BOT_TAKER;SUBMISSION;VELVETFRUIT_EXTRACT;XIRECS;5268.0;4
7400;BOT_MAKER;BOT_TAKER;VELVETFRUIT_EXTRACT;XIRECS;5265.0;8
7400;BOT_MAKER;BOT_TAKER;VELVETFRUIT_EXTRACT;XIRECS;5265.0;3
7500;BOT_MAKER;BOT_TAKER;VELVETFRUIT_EXTRACT;XIRECS;5264.0;8
7600;BOT_MAKER;BOT_TAKER;VELVETFRUIT_EXTRACT;XIRECS;5265.0;5
7600;BOT_TAKER;BOT_MAKER;VEV_5500;XIRECS;7.0;4
7700;BOT_TAKER;BOT_MAKER;HYDROGEL_PACK;XIRECS;10007.0;6
7800;BOT_MAKER;BOT_TAKER;HYDROGEL_PACK;XIRECS;9990.0;5
7900;BOT_TAKER;BOT_MAKER;VELVETFRUIT_EXTRACT;XIRECS;5270.0;7
8000;BOT_MAKER;BOT_TAKER;HYDROGEL_PACK;XIRECS;9990.0;2
8000;BOT_MAKER;BOT_TAKER;VEV_4000;XIRECS;1250.0;1
8100;BOT_TAKER;BOT_MAKER;HYDROGEL_PACK;XIRECS;10010.0;4
8100;BOT_TAKER;BOT_MAKER;VELVETFRUIT_EXTRACT;XIRECS;5272.0;8
8100;BOT_TAKER;BOT_MAKER;VEV_6000;XIRECS;1.0;5
8200;BOT_TAKER;BOT_MAKER;VELVETFRUIT_EXTRACT;XIRECS;5273.0;6
8300;BOT_TAKER;BOT_MAKER;HYDROGEL_PACK;XIRECS;10012.0;5
8400;BOT_TAKER;BOT_MAKER;VELVETFRUIT_EXTRACT;XIRECS;5273.0;7
8500;BOT_TAKER;BOT_MAKER;HYDROGEL_PACK;XIRECS;10018.0;4
8700;BOT_TAKER;BOT_MAKER;HYDROGEL_PACK;XIRECS;10015.0;4
8700;BOT_TAKER;BOT_MAKER;VEV_6000;XIRECS;1.0;4
8800;SUBMISSION;BOT_TAKER;VEV_4000;XIRECS;1252.0;2
8900;BOT_TAKER;BOT_MAKER;HYDROGEL_PACK;XIRECS;10013.0;2
8900;BOT_MAKER;BOT_TAKER;VELVETFRUIT_EXTRACT;XIRECS;5266.0;3
8900;BOT_TAKER;BOT_MAKER;VELVETFRUIT_EXTRACT;XIRECS;5271.0;6
9000;BOT_TAKER;BOT_MAKER;VELVETFRUIT_EXTRACT;XIRECS;5273.0;7
9000;BOT_TAKER;SUBMISSION;VEV_4000;XIRECS;1268.0;1
9100;BOT_MAKER;BOT_TAKER;VELVETFRUIT_EXTRACT;XIRECS;5267.0;8
9300;BOT_TAKER;BOT_MAKER;HYDROGEL_PACK;XIRECS;10013.0;5
9400;BOT_TAKER;BOT_MAKER;VELVETFRUIT_EXTRACT;XIRECS;5271.0;8
9500;BOT_MAKER;BOT_TAKER;HYDROGEL_PACK;XIRECS;9997.0;6
9600;BOT_TAKER;BOT_MAKER;HYDROGEL_PACK;XIRECS;10013.0;6
9600;BOT_TAKER;BOT_MAKER;VELVETFRUIT_EXTRACT;XIRECS;5272.0;5
9700;BOT_MAKER;BOT_TAKER;VELVETFRUIT_EXTRACT;XIRECS;5264.0;3
9700;BOT_MAKER;BOT_TAKER;VEV_6500;XIRECS;0.0;2
9800;BOT_MAKER;BOT_TAKER;HYDROGEL_PACK;XIRECS;9995.0;4
9900;BOT_MAKER;BOT_TAKER;HYDROGEL_PACK;XIRECS;9994.0;6
9900;BOT_MAKER;BOT_TAKER;VELVETFRUIT_EXTRACT;XIRECS;5263.0;3
9900;BOT_MAKER;BOT_TAKER;VEV_6500;XIRECS;0.0;3
10000;BOT_TAKER;BOT_MAKER;VELVETFRUIT_EXTRACT;XIRECS;5268.0;4
10200;BOT_TAKER;BOT_MAKER;HYDROGEL_PACK;XIRECS;10009.0;3
10200;BOT_TAKER;BOT_MAKER;VEV_5300;XIRECS;54.0;3
10300;BOT_TAKER;BOT_MAKER;VELVETFRUIT_EXTRACT;XIRECS;5267.0;3
10400;BOT_MAKER;BOT_TAKER;HYDROGEL_PACK;XIRECS;9995.0;5
10400;BOT_MAKER;BOT_TAKER;VELVETFRUIT_EXTRACT;XIRECS;5263.0;4
10400;BOT_TAKER;BOT_MAKER;VEV_4000;XIRECS;1273.0;1
10400;BOT_TAKER;BOT_MAKER;VEV_6500;XIRECS;1.0;2
10700;BOT_TAKER;BOT_MAKER;HYDROGEL_PACK;XIRECS;10008.0;3
10700;BOT_MAKER;BOT_TAKER;VELVETFRUIT_EXTRACT;XIRECS;5262.0;7
10800;BOT_TAKER;BOT_MAKER;VELVETFRUIT_EXTRACT;XIRECS;5267.0;4
10900;BOT_TAKER;BOT_MAKER;VEV_6500;XIRECS;1.0;5
11000;SUBMISSION;BOT_TAKER;VELVETFRUIT_EXTRACT;XIRECS;5261.0;5
11000;BOT_MAKER;BOT_TAKER;VELVETFRUIT_EXTRACT;XIRECS;5260.0;3
11100;BOT_TAKER;BOT_MAKER;VEV_4000;XIRECS;1272.0;1
11100;BOT_TAKER;BOT_MAKER;VEV_5300;XIRECS;54.0;2
11300;BOT_MAKER;BOT_TAKER;HYDROGEL_PACK;XIRECS;9989.0;6
11300;BOT_MAKER;BOT_TAKER;VEV_5400;XIRECS;17.0;3
11400;BOT_MAKER;BOT_TAKER;VELVETFRUIT_EXTRACT;XIRECS;5260.0;4
11500;BOT_TAKER;BOT_MAKER;VEV_5300;XIRECS;53.0;2
11600;BOT_TAKER;SUBMISSION;HYDROGEL_PACK;XIRECS;10008.0;2
11800;BOT_MAKER;BOT_TAKER;VELVETFRUIT_EXTRACT;XIRECS;5262.0;4
11900;BOT_TAKER;BOT_MAKER;HYDROGEL_PACK;XIRECS;10012.0;4
12100;BOT_MAKER;BOT_TAKER;HYDROGEL_PACK;XIRECS;9997.0;4
12100;BOT_TAKER;BOT_MAKER;VELVETFRUIT_EXTRACT;XIRECS;5268.0;7
12200;BOT_MAKER;BOT_TAKER;VEV_4000;XIRECS;1247.0;1
12200;SUBMISSION;BOT_TAKER;VEV_4000;XIRECS;1248.0;2
12300;BOT_MAKER;BOT_TAKER;VEV_4000;XIRECS;1246.0;2
12400;BOT_MAKER;BOT_TAKER;HYDROGEL_PACK;XIRECS;9994.0;3
12400;BOT_MAKER;BOT_TAKER;VELVETFRUIT_EXTRACT;XIRECS;5263.0;7
12400;BOT_MAKER;BOT_TAKER;VEV_5500;XIRECS;6.0;4
12500;BOT_TAKER;BOT_MAKER;HYDROGEL_PACK;XIRECS;10008.0;2
12500;BOT_TAKER;BOT_MAKER;VEV_6500;XIRECS;1.0;5
12600;BOT_MAKER;BOT_TAKER;HYDROGEL_PACK;XIRECS;9990.0;2
12700;BOT_MAKER;BOT_TAKER;VELVETFRUIT_EXTRACT;XIRECS;5264.0;6
12700;BOT_TAKER;BOT_MAKER;VELVETFRUIT_EXTRACT;XIRECS;5270.0;5
13000;BOT_TAKER;BOT_MAKER;HYDROGEL_PACK;XIRECS;10007.0;2
13100;BOT_MAKER;BOT_TAKER;HYDROGEL_PACK;XIRECS;9992.0;2
13100;BOT_TAKER;BOT_MAKER;VEV_6000;XIRECS;1.0;3
13100;BOT_TAKER;SUBMISSION;VEV_4000;XIRECS;1265.0;3
13200;BOT_TAKER;BOT_MAKER;HYDROGEL_PACK;XIRECS;10009.0;3
13200;BOT_MAKER;BOT_TAKER;VEV_4000;XIRECS;1245.0;2
13400;BOT_MAKER;BOT_TAKER;VELVETFRUIT_EXTRACT;XIRECS;5270.0;7
13400;BOT_TAKER;BOT_MAKER;VEV_4000;XIRECS;1264.0;3
13500;BOT_TAKER;BOT_MAKER;VELVETFRUIT_EXTRACT;XIRECS;5276.0;15
13500;BOT_MAKER;BOT_TAKER;VEV_4000;XIRECS;1241.0;2
13600;BOT_MAKER;BOT_TAKER;VELVETFRUIT_EXTRACT;XIRECS;5270.0;3
13700;BOT_MAKER;BOT_TAKER;VEV_5500;XIRECS;6.0;5
13700;SUBMISSION;BOT_TAKER;VELVETFRUIT_EXTRACT;XIRECS;5271.0;4
13900;BOT_TAKER;BOT_MAKER;VELVETFRUIT_EXTRACT;XIRECS;5276.0;4
14000;BOT_MAKER;BOT_TAKER;HYDROGEL_PACK;XIRECS;9994.0;6
14200;BOT_MAKER;BOT_TAKER;HYDROGEL_PACK;XIRECS;9995.0;6
14200;BOT_MAKER;BOT_TAKER;VELVETFRUIT_EXTRACT;XIRECS;5274.0;5
14300;BOT_MAKER;BOT_TAKER;VELVETFRUIT_EXTRACT;XIRECS;5273.0;8
14300;BOT_MAKER;BOT_TAKER;VEV_5500;XIRECS;6.0;3
14400;BOT_MAKER;BOT_TAKER;VELVETFRUIT_EXTRACT;XIRECS;5273.0;8
14500;BOT_TAKER;BOT_MAKER;HYDROGEL_PACK;XIRECS;10013.0;6
14500;BOT_MAKER;BOT_TAKER;VELVETFRUIT_EXTRACT;XIRECS;5274.0;5
14600;BOT_TAKER;BOT_MAKER;VEV_4000;XIRECS;1263.0;1
14700;BOT_TAKER;BOT_MAKER;VEV_6500;XIRECS;1.0;4
15000;BOT_MAKER;BOT_TAKER;VELVETFRUIT_EXTRACT;XIRECS;5274.0;6
15000;SUBMISSION;BOT_TAKER;VELVETFRUIT_EXTRACT;XIRECS;5275.0;5
15000;BOT_MAKER;BOT_TAKER;VELVETFRUIT_EXTRACT;XIRECS;5274.0;3
15100;BOT_MAKER;BOT_TAKER;HYDROGEL_PACK;XIRECS;9996.0;4
15100;BOT_TAKER;BOT_MAKER;VEV_5400;XIRECS;18.0;4
15200;BOT_MAKER;BOT_TAKER;VELVETFRUIT_EXTRACT;XIRECS;5273.0;8
15200;BOT_TAKER;SUBMISSION;HYDROGEL_PACK;XIRECS;10009.0;4
15300;BOT_TAKER;BOT_MAKER;HYDROGEL_PACK;XIRECS;10010.0;2
15400;BOT_TAKER;BOT_MAKER;HYDROGEL_PACK;XIRECS;10010.0;2
15400;BOT_TAKER;BOT_MAKER;VELVETFRUIT_EXTRACT;XIRECS;5278.0;8
15400;BOT_TAKER;BOT_MAKER;VEV_5500;XIRECS;7.0;4
15500;BOT_MAKER;BOT_TAKER;HYDROGEL_PACK;XIRECS;9995.0;2
15500;BOT_MAKER;BOT_TAKER;VEV_4000;XIRECS;1245.0;3
15600;BOT_TAKER;BOT_MAKER;HYDROGEL_PACK;XIRECS;10013.0;4
15600;BOT_MAKER;BOT_TAKER;VELVETFRUIT_EXTRACT;XIRECS;5273.0;8
15600;BOT_TAKER;BOT_MAKER;VEV_5500;XIRECS;7.0;2
15600;BOT_MAKER;BOT_TAKER;VEV_6000;XIRECS;0.0;2
15700;BOT_MAKER;BOT_TAKER;VELVETFRUIT_EXTRACT;XIRECS;5275.0;5
15800;BOT_TAKER;BOT_MAKER;VELVETFRUIT_EXTRACT;XIRECS;5279.0;4
15900;BOT_MAKER;BOT_TAKER;HYDROGEL_PACK;XIRECS;9999.0;3
15900;BOT_TAKER;BOT_MAKER;VELVETFRUIT_EXTRACT;XIRECS;5279.0;5
16200;BOT_TAKER;BOT_MAKER;HYDROGEL_PACK;XIRECS;10020.0;6
16300;BOT_TAKER;SUBMISSION;VELVETFRUIT_EXTRACT;XIRECS;5274.0;5
16300;BOT_TAKER;BOT_MAKER;VELVETFRUIT_EXTRACT;XIRECS;5275.0;3
16400;BOT_MAKER;BOT_TAKER;HYDROGEL_PACK;XIRECS;9999.0;4
16500;BOT_MAKER;BOT_TAKER;VEV_6500;XIRECS;0.0;5
16500;SUBMISSION;BOT_TAKER;VEV_4000;XIRECS;1249.0;2
16600;BOT_TAKER;BOT_MAKER;VELVETFRUIT_EXTRACT;XIRECS;5274.0;5
16600;BOT_TAKER;SUBMISSION;VEV_4000;XIRECS;1267.0;3
16800;BOT_MAKER;BOT_TAKER;VELVETFRUIT_EXTRACT;XIRECS;5270.0;7
17000;SUBMISSION;BOT_TAKER;VELVETFRUIT_EXTRACT;XIRECS;5270.0;5
17000;BOT_MAKER;BOT_TAKER;VELVETFRUIT_EXTRACT;XIRECS;5269.0;3
17100;BOT_TAKER;BOT_MAKER;HYDROGEL_PACK;XIRECS;10021.0;6
17100;BOT_MAKER;BOT_TAKER;VELVETFRUIT_EXTRACT;XIRECS;5269.0;4
17200;BOT_MAKER;BOT_TAKER;VELVETFRUIT_EXTRACT;XIRECS;5268.0;7
17200;BOT_TAKER;BOT_MAKER;VEV_5300;XIRECS;55.0;1
17300;BOT_MAKER;BOT_TAKER;VELVETFRUIT_EXTRACT;XIRECS;5268.0;5
17400;BOT_TAKER;BOT_MAKER;HYDROGEL_PACK;XIRECS;10014.0;4
17400;BOT_MAKER;BOT_TAKER;VELVETFRUIT_EXTRACT;XIRECS;5268.0;3
17400;BOT_MAKER;BOT_TAKER;VEV_4000;XIRECS;1246.0;2
17700;BOT_TAKER;BOT_MAKER;HYDROGEL_PACK;XIRECS;10017.0;2
17800;BOT_MAKER;BOT_TAKER;VEV_5500;XIRECS;6.0;4
17900;BOT_TAKER;BOT_MAKER;HYDROGEL_PACK;XIRECS;10018.0;5
17900;BOT_MAKER;BOT_TAKER;VELVETFRUIT_EXTRACT;XIRECS;5270.0;6
18100;BOT_TAKER;BOT_MAKER;VELVETFRUIT_EXTRACT;XIRECS;5277.0;9
18100;BOT_TAKER;BOT_MAKER;VEV_4000;XIRECS;1269.0;1
18200;BOT_MAKER;BOT_TAKER;HYDROGEL_PACK;XIRECS;10001.0;3
18200;BOT_TAKER;BOT_MAKER;VELVETFRUIT_EXTRACT;XIRECS;5277.0;6
18200;BOT_TAKER;SUBMISSION;VELVETFRUIT_EXTRACT;XIRECS;5276.0;5
18300;BOT_MAKER;BOT_TAKER;VELVETFRUIT_EXTRACT;XIRECS;5270.0;3
18300;BOT_TAKER;BOT_MAKER;VEV_4000;XIRECS;1268.0;3
18400;BOT_TAKER;BOT_MAKER;VEV_4000;XIRECS;1269.0;2
18400;BOT_TAKER;BOT_MAKER;VEV_5200;XIRECS;119.0;5
18400;BOT_MAKER;BOT_TAKER;VEV_5400;XIRECS;18.0;4
18500;BOT_MAKER;BOT_TAKER;VEV_5400;XIRECS;17.0;5
18600;BOT_MAKER;BOT_TAKER;HYDROGEL_PACK;XIRECS;10000.0;2
18700;BOT_TAKER;BOT_MAKER;HYDROGEL_PACK;XIRECS;10016.0;5
18700;BOT_MAKER;BOT_TAKER;VEV_6000;XIRECS;0.0;2
18700;BOT_TAKER;BOT_MAKER;VEV_6500;XIRECS;1.0;2
18800;BOT_TAKER;BOT_MAKER;HYDROGEL_PACK;XIRECS;10014.0;6
18800;BOT_MAKER;BOT_TAKER;VELVETFRUIT_EXTRACT;XIRECS;5274.0;3
18800;BOT_MAKER;BOT_TAKER;VEV_5400;XIRECS;17.0;2
18900;BOT_MAKER;BOT_TAKER;VELVETFRUIT_EXTRACT;XIRECS;5272.0;12
19000;BOT_MAKER;BOT_TAKER;HYDROGEL_PACK;XIRECS;9998.0;6
19000;BOT_MAKER;BOT_TAKER;VELVETFRUIT_EXTRACT;XIRECS;5272.0;7
19100;BOT_TAKER;BOT_MAKER;VELVETFRUIT_EXTRACT;XIRECS;5278.0;4
19200;BOT_MAKER;BOT_TAKER;VEV_5500;XIRECS;6.0;4
19300;BOT_TAKER;BOT_MAKER;VELVETFRUIT_EXTRACT;XIRECS;5278.0;7
19300;BOT_MAKER;BOT_TAKER;VEV_5400;XIRECS;17.0;3
19300;BOT_TAKER;BOT_MAKER;VEV_6500;XIRECS;1.0;2
19500;BOT_TAKER;BOT_MAKER;HYDROGEL_PACK;XIRECS;10016.0;5
19600;BOT_MAKER;BOT_TAKER;HYDROGEL_PACK;XIRECS;9999.0;3
19600;BOT_MAKER;BOT_TAKER;VEV_5400;XIRECS;17.0;4
19700;BOT_TAKER;BOT_MAKER;VELVETFRUIT_EXTRACT;XIRECS;5278.0;4
19700;SUBMISSION;BOT_TAKER;HYDROGEL_PACK;XIRECS;9998.0;5
19800;BOT_TAKER;BOT_MAKER;HYDROGEL_PACK;XIRECS;10009.0;4
19800;BOT_TAKER;BOT_MAKER;VEV_5400;XIRECS;19.0;2
19900;BOT_TAKER;BOT_MAKER;VELVETFRUIT_EXTRACT;XIRECS;5278.0;13
19900;BOT_MAKER;BOT_TAKER;VEV_5300;XIRECS;55.0;2
20000;BOT_MAKER;BOT_TAKER;HYDROGEL_PACK;XIRECS;9996.0;3
20200;BOT_MAKER;BOT_TAKER;VEV_6500;XIRECS;0.0;5
20300;BOT_MAKER;BOT_TAKER;VELVETFRUIT_EXTRACT;XIRECS;5272.0;6
20300;BOT_MAKER;BOT_TAKER;VEV_5400;XIRECS;16.0;4
20300;BOT_MAKER;BOT_TAKER;VEV_6000;XIRECS;0.0;2
20500;BOT_MAKER;BOT_TAKER;HYDROGEL_PACK;XIRECS;9997.0;2
20600;BOT_TAKER;BOT_MAKER;HYDROGEL_PACK;XIRECS;10015.0;2
20600;BOT_MAKER;BOT_TAKER;VELVETFRUIT_EXTRACT;XIRECS;5271.0;3
20700;BOT_MAKER;BOT_TAKER;VEV_5500;XIRECS;6.0;4
20800;BOT_MAKER;BOT_TAKER;HYDROGEL_PACK;XIRECS;9997.0;4
20800;BOT_MAKER;BOT_TAKER;VELVETFRUIT_EXTRACT;XIRECS;5271.0;15
21000;BOT_MAKER;BOT_TAKER;VELVETFRUIT_EXTRACT;XIRECS;5270.0;8
21000;BOT_TAKER;BOT_MAKER;VELVETFRUIT_EXTRACT;XIRECS;5275.0;4
21100;BOT_MAKER;BOT_TAKER;VEV_5500;XIRECS;6.0;4
21100;BOT_TAKER;BOT_MAKER;VEV_6000;XIRECS;1.0;2
21200;BOT_MAKER;BOT_TAKER;VEV_5400;XIRECS;16.0;5
21300;BOT_TAKER;BOT_MAKER;VELVETFRUIT_EXTRACT;XIRECS;5277.0;6
21600;BOT_TAKER;BOT_MAKER;HYDROGEL_PACK;XIRECS;10013.0;6
21600;BOT_TAKER;BOT_MAKER;VELVETFRUIT_EXTRACT;XIRECS;5277.0;8
21700;BOT_MAKER;BOT_TAKER;VEV_6000;XIRECS;0.0;3
21800;BOT_MAKER;BOT_TAKER;HYDROGEL_PACK;XIRECS;9990.0;6
21800;BOT_MAKER;BOT_TAKER;VEV_6500;XIRECS;0.0;2
22000;BOT_MAKER;BOT_TAKER;VELVETFRUIT_EXTRACT;XIRECS;5278.0;3
22000;BOT_TAKER;BOT_MAKER;VEV_6000;XIRECS;1.0;2
22100;BOT_TAKER;BOT_MAKER;VEV_6500;XIRECS;1.0;4
22200;BOT_TAKER;BOT_MAKER;HYDROGEL_PACK;XIRECS;10006.0;5
22200;BOT_TAKER;SUBMISSION;VEV_4000;XIRECS;1284.0;1
22300;BOT_MAKER;BOT_TAKER;VEV_5300;XIRECS;59.0;2
22300;BOT_TAKER;BOT_MAKER;VEV_5400;XIRECS;19.0;5
22400;BOT_TAKER;BOT_MAKER;HYDROGEL_PACK;XIRECS;10004.0;2
22400;BOT_MAKER;BOT_TAKER;VEV_6000;XIRECS;0.0;2
22500;BOT_MAKER;BOT_TAKER;HYDROGEL_PACK;XIRECS;9989.0;4
22500;BOT_MAKER;BOT_TAKER;VEV_6000;XIRECS;0.0;4
22800;BOT_MAKER;BOT_TAKER;VEV_4000;XIRECS;1263.0;2
22900;BOT_TAKER;BOT_MAKER;VELVETFRUIT_EXTRACT;XIRECS;5284.0;6
22900;BOT_MAKER;BOT_TAKER;VEV_6500;XIRECS;0.0;5
23000;BOT_TAKER;BOT_MAKER;VELVETFRUIT_EXTRACT;XIRECS;5286.0;3
23000;BOT_TAKER;BOT_MAKER;VEV_4000;XIRECS;1286.0;1
23100;BOT_MAKER;BOT_TAKER;VEV_5300;XIRECS;58.0;4
23200;BOT_TAKER;BOT_MAKER;HYDROGEL_PACK;XIRECS;10010.0;4
23300;BOT_TAKER;BOT_MAKER;HYDROGEL_PACK;XIRECS;10009.0;6
23300;BOT_TAKER;BOT_MAKER;VELVETFRUIT_EXTRACT;XIRECS;5287.0;7
23300;BOT_TAKER;BOT_MAKER;VELVETFRUIT_EXTRACT;XIRECS;5287.0;9
23400;BOT_MAKER;BOT_TAKER;HYDROGEL_PACK;XIRECS;9992.0;3
23400;BOT_MAKER;BOT_TAKER;VELVETFRUIT_EXTRACT;XIRECS;5280.0;3
23500;BOT_TAKER;BOT_MAKER;HYDROGEL_PACK;XIRECS;10010.0;2
23500;BOT_TAKER;BOT_MAKER;VEV_4000;XIRECS;1287.0;3
23500;BOT_MAKER;BOT_TAKER;VEV_5400;XIRECS;17.0;2
23600;BOT_TAKER;BOT_MAKER;HYDROGEL_PACK;XIRECS;10010.0;5
23600;BOT_MAKER;BOT_TAKER;VEV_4000;XIRECS;1265.0;2
23600;BOT_TAKER;BOT_MAKER;VEV_5500;XIRECS;7.0;2
23700;BOT_TAKER;BOT_MAKER;HYDROGEL_PACK;XIRECS;10013.0;5
23700;BOT_MAKER;BOT_TAKER;VEV_6000;XIRECS;0.0;4
24000;BOT_MAKER;BOT_TAKER;VELVETFRUIT_EXTRACT;XIRECS;5283.0;7
24000;BOT_MAKER;BOT_TAKER;VELVETFRUIT_EXTRACT;XIRECS;5283.0;8
24200;BOT_TAKER;BOT_MAKER;VEV_6000;XIRECS;1.0;4
24300;BOT_MAKER;BOT_TAKER;HYDROGEL_PACK;XIRECS;9994.0;2
24300;BOT_MAKER;BOT_TAKER;VELVETFRUIT_EXTRACT;XIRECS;5284.0;6
24300;BOT_TAKER;BOT_MAKER;VELVETFRUIT_EXTRACT;XIRECS;5289.0;5
24300;BOT_TAKER;SUBMISSION;VELVETFRUIT_EXTRACT;XIRECS;5288.0;5
24300;BOT_TAKER;BOT_MAKER;VELVETFRUIT_EXTRACT;XIRECS;5289.0;1
24400;BOT_MAKER;BOT_TAKER;VEV_4000;XIRECS;1264.0;3
24500;BOT_TAKER;BOT_MAKER;VEV_6500;XIRECS;1.0;3
24600;BOT_MAKER;BOT_TAKER;HYDROGEL_PACK;XIRECS;9997.0;5
24600;BOT_TAKER;BOT_MAKER;VEV_4000;XIRECS;1287.0;2
24700;BOT_MAKER;BOT_TAKER;VEV_4000;XIRECS;1265.0;1
24900;BOT_MAKER;BOT_TAKER;VELVETFRUIT_EXTRACT;XIRECS;5287.0;14
24900;BOT_TAKER;SUBMISSION;VELVETFRUIT_EXTRACT;XIRECS;5292.0;4
25000;BOT_MAKER;BOT_TAKER;VEV_4000;XIRECS;1267.0;3
25000;BOT_TAKER;SUBMISSION;HYDROGEL_PACK;XIRECS;10011.0;4
25200;BOT_MAKER;BOT_TAKER;HYDROGEL_PACK;XIRECS;10000.0;2
25200;BOT_TAKER;BOT_MAKER;VELVETFRUIT_EXTRACT;XIRECS;5294.0;7
25300;BOT_TAKER;BOT_MAKER;HYDROGEL_PACK;XIRECS;10017.0;3
25400;BOT_MAKER;BOT_TAKER;VELVETFRUIT_EXTRACT;XIRECS;5288.0;4
25400;BOT_TAKER;BOT_MAKER;VEV_5500;XIRECS;7.0;2
25600;BOT_MAKER;BOT_TAKER;VELVETFRUIT_EXTRACT;XIRECS;5287.0;5
25600;SUBMISSION;BOT_TAKER;VELVETFRUIT_EXTRACT;XIRECS;5288.0;5
25600;BOT_MAKER;BOT_TAKER;VELVETFRUIT_EXTRACT;XIRECS;5287.0;2
25700;BOT_TAKER;BOT_MAKER;HYDROGEL_PACK;XIRECS;10028.0;5
25800;BOT_TAKER;BOT_MAKER;HYDROGEL_PACK;XIRECS;10028.0;6
25900;BOT_TAKER;BOT_MAKER;VELVETFRUIT_EXTRACT;XIRECS;5296.0;8
25900;BOT_TAKER;BOT_MAKER;VEV_4000;XIRECS;1291.0;3
26000;BOT_TAKER;SUBMISSION;VELVETFRUIT_EXTRACT;XIRECS;5294.0;5
26100;BOT_TAKER;BOT_MAKER;HYDROGEL_PACK;XIRECS;10031.0;5
26100;BOT_MAKER;BOT_TAKER;VEV_5300;XIRECS;57.0;4
26100;BOT_MAKER;BOT_TAKER;VEV_6500;XIRECS;0.0;4
26200;BOT_MAKER;BOT_TAKER;VELVETFRUIT_EXTRACT;XIRECS;5288.0;8
26200;BOT_MAKER;BOT_TAKER;VEV_6000;XIRECS;0.0;2
26200;SUBMISSION;BOT_TAKER;VELVETFRUIT_EXTRACT;XIRECS;5289.0;5
26200;BOT_MAKER;BOT_TAKER;VELVETFRUIT_EXTRACT;XIRECS;5288.0;5
26300;BOT_MAKER;BOT_TAKER;VELVETFRUIT_EXTRACT;XIRECS;5288.0;11
26400;BOT_TAKER;BOT_MAKER;VEV_5500;XIRECS;7.0;3
26500;BOT_TAKER;BOT_MAKER;VELVETFRUIT_EXTRACT;XIRECS;5294.0;8
26500;BOT_MAKER;BOT_TAKER;VEV_6500;XIRECS;0.0;4
26600;BOT_MAKER;BOT_TAKER;VEV_5300;XIRECS;56.0;2
26600;BOT_MAKER;BOT_TAKER;VEV_6500;XIRECS;0.0;5
26700;BOT_TAKER;BOT_MAKER;VEV_4000;XIRECS;1291.0;2
26700;BOT_TAKER;SUBMISSION;HYDROGEL_PACK;XIRECS;10033.0;4
26800;BOT_MAKER;BOT_TAKER;HYDROGEL_PACK;XIRECS;10021.0;5
26900;BOT_TAKER;BOT_MAKER;HYDROGEL_PACK;XIRECS;10037.0;6
26900;BOT_TAKER;BOT_MAKER;VELVETFRUIT_EXTRACT;XIRECS;5295.0;5
26900;BOT_TAKER;BOT_MAKER;VEV_5500;XIRECS;7.0;5
27000;BOT_MAKER;BOT_TAKER;HYDROGEL_PACK;XIRECS;10024.0;3
27000;BOT_TAKER;BOT_MAKER;VELVETFRUIT_EXTRACT;XIRECS;5296.0;6
27000;SUBMISSION;BOT_TAKER;VELVETFRUIT_EXTRACT;XIRECS;5291.0;3
27100;BOT_MAKER;BOT_TAKER;VELVETFRUIT_EXTRACT;XIRECS;5291.0;6
27300;BOT_TAKER;BOT_MAKER;VELVETFRUIT_EXTRACT;XIRECS;5297.0;7
27400;BOT_TAKER;BOT_MAKER;HYDROGEL_PACK;XIRECS;10038.0;2
27400;BOT_TAKER;BOT_MAKER;VELVETFRUIT_EXTRACT;XIRECS;5296.0;5
27400;SUBMISSION;BOT_TAKER;HYDROGEL_PACK;XIRECS;10023.0;2
27500;BOT_TAKER;BOT_MAKER;VEV_6500;XIRECS;1.0;3
27600;BOT_TAKER;BOT_MAKER;VELVETFRUIT_EXTRACT;XIRECS;5295.0;8
27700;BOT_MAKER;BOT_TAKER;VEV_6500;XIRECS;0.0;3
27800;BOT_TAKER;BOT_MAKER;VEV_6500;XIRECS;1.0;5
27800;SUBMISSION;BOT_TAKER;VELVETFRUIT_EXTRACT;XIRECS;5291.0;5
27800;BOT_MAKER;BOT_TAKER;VELVETFRUIT_EXTRACT;XIRECS;5290.0;2
27900;BOT_MAKER;BOT_TAKER;HYDROGEL_PACK;XIRECS;10015.0;4
28000;BOT_TAKER;BOT_MAKER;HYDROGEL_PACK;XIRECS;10033.0;2
28000;BOT_TAKER;BOT_MAKER;VEV_4000;XIRECS;1294.0;1
28100;BOT_MAKER;BOT_TAKER;HYDROGEL_PACK;XIRECS;10014.0;4
28100;BOT_MAKER;BOT_TAKER;VEV_6000;XIRECS;0.0;2
28200;BOT_TAKER;BOT_MAKER;VELVETFRUIT_EXTRACT;XIRECS;5298.0;5
28200;BOT_TAKER;BOT_MAKER;VEV_5300;XIRECS;58.0;5
28300;BOT_MAKER;BOT_TAKER;VELVETFRUIT_EXTRACT;XIRECS;5294.0;5
28400;BOT_MAKER;BOT_TAKER;VEV_6500;XIRECS;0.0;5
28500;BOT_MAKER;BOT_TAKER;VEV_6000;XIRECS;0.0;2
28600;BOT_MAKER;BOT_TAKER;VEV_5300;XIRECS;55.0;4
28800;BOT_TAKER;BOT_MAKER;VEV_5400;XIRECS;18.0;2
28900;BOT_TAKER;BOT_MAKER;HYDROGEL_PACK;XIRECS;10026.0;3
28900;BOT_MAKER;BOT_TAKER;VELVETFRUIT_EXTRACT;XIRECS;5294.0;5
28900;BOT_MAKER;BOT_TAKER;VEV_5500;XIRECS;6.0;4
29100;BOT_MAKER;BOT_TAKER;VELVETFRUIT_EXTRACT;XIRECS;5294.0;4
29100;BOT_TAKER;BOT_MAKER;VEV_4000;XIRECS;1295.0;3
29100;BOT_MAKER;BOT_TAKER;VEV_6000;XIRECS;0.0;4
29200;BOT_MAKER;BOT_TAKER;VELVETFRUIT_EXTRACT;XIRECS;5294.0;6
29200;BOT_TAKER;BOT_MAKER;VEV_4000;XIRECS;1294.0;3
29300;BOT_MAKER;BOT_TAKER;VELVETFRUIT_EXTRACT;XIRECS;5295.0;10
29300;SUBMISSION;BOT_TAKER;HYDROGEL_PACK;XIRECS;10012.0;5
29400;BOT_TAKER;BOT_MAKER;HYDROGEL_PACK;XIRECS;10024.0;4
29400;BOT_MAKER;BOT_TAKER;VELVETFRUIT_EXTRACT;XIRECS;5297.0;7
29600;BOT_TAKER;SUBMISSION;HYDROGEL_PACK;XIRECS;10023.0;2
29700;BOT_TAKER;BOT_MAKER;VELVETFRUIT_EXTRACT;XIRECS;5298.0;5
29700;BOT_MAKER;BOT_TAKER;VEV_5300;XIRECS;57.0;2
29700;BOT_MAKER;BOT_TAKER;VEV_5400;XIRECS;17.0;4
29700;BOT_TAKER;BOT_MAKER;VEV_5500;XIRECS;7.0;4
29800;BOT_TAKER;BOT_MAKER;VELVETFRUIT_EXTRACT;XIRECS;5296.0;8
29900;BOT_TAKER;BOT_MAKER;HYDROGEL_PACK;XIRECS;10021.0;2
29900;BOT_TAKER;BOT_MAKER;VEV_4000;XIRECS;1295.0;2
29900;BOT_TAKER;BOT_MAKER;VEV_5500;XIRECS;7.0;5
30000;BOT_MAKER;BOT_TAKER;HYDROGEL_PACK;XIRECS;10005.0;4
30000;BOT_MAKER;BOT_TAKER;VELVETFRUIT_EXTRACT;XIRECS;5293.0;5
30000;BOT_TAKER;BOT_MAKER;VEV_5500;XIRECS;7.0;2
30000;BOT_TAKER;SUBMISSION;VELVETFRUIT_EXTRACT;XIRECS;5297.0;5
30000;BOT_TAKER;BOT_MAKER;VELVETFRUIT_EXTRACT;XIRECS;5298.0;1
30100;BOT_TAKER;BOT_MAKER;HYDROGEL_PACK;XIRECS;10022.0;4
30100;BOT_TAKER;BOT_MAKER;VELVETFRUIT_EXTRACT;XIRECS;5300.0;4
30200;BOT_TAKER;BOT_MAKER;HYDROGEL_PACK;XIRECS;10021.0;4
30200;BOT_MAKER;BOT_TAKER;VELVETFRUIT_EXTRACT;XIRECS;5294.0;7
30200;SUBMISSION;BOT_TAKER;VEV_4000;XIRECS;1277.0;3
30300;BOT_TAKER;BOT_MAKER;VELVETFRUIT_EXTRACT;XIRECS;5298.0;3
30300;SUBMISSION;BOT_TAKER;HYDROGEL_PACK;XIRECS;10009.0;5
30300;BOT_MAKER;BOT_TAKER;HYDROGEL_PACK;XIRECS;10008.0;1
30500;SUBMISSION;BOT_TAKER;VEV_4000;XIRECS;1277.0;2
30700;SUBMISSION;BOT_TAKER;HYDROGEL_PACK;XIRECS;10012.0;3
30900;BOT_TAKER;BOT_MAKER;VEV_5500;XIRECS;7.0;4
30900;BOT_TAKER;BOT_MAKER;VEV_6000;XIRECS;1.0;4
30900;BOT_MAKER;BOT_TAKER;VEV_6500;XIRECS;0.0;4
31000;BOT_TAKER;BOT_MAKER;HYDROGEL_PACK;XIRECS;10031.0;6
31000;BOT_TAKER;BOT_MAKER;VELVETFRUIT_EXTRACT;XIRECS;5297.0;3
31100;BOT_MAKER;BOT_TAKER;HYDROGEL_PACK;XIRECS;10016.0;6
31100;BOT_MAKER;BOT_TAKER;VEV_4000;XIRECS;1277.0;1
31200;BOT_MAKER;BOT_TAKER;VELVETFRUIT_EXTRACT;XIRECS;5291.0;3
31300;BOT_TAKER;BOT_MAKER;VELVETFRUIT_EXTRACT;XIRECS;5297.0;5
31400;BOT_MAKER;BOT_TAKER;HYDROGEL_PACK;XIRECS;10018.0;4
31400;BOT_TAKER;BOT_MAKER;VEV_5300;XIRECS;59.0;4
31600;BOT_MAKER;BOT_TAKER;HYDROGEL_PACK;XIRECS;10016.0;5
31700;BOT_MAKER;BOT_TAKER;HYDROGEL_PACK;XIRECS;10014.0;3
31700;BOT_MAKER;BOT_TAKER;VELVETFRUIT_EXTRACT;XIRECS;5296.0;6
31800;BOT_MAKER;BOT_TAKER;VEV_4000;XIRECS;1274.0;1
31800;BOT_MAKER;BOT_TAKER;VEV_6000;XIRECS;0.0;2
31900;BOT_TAKER;BOT_MAKER;HYDROGEL_PACK;XIRECS;10031.0;6
31900;BOT_MAKER;BOT_TAKER;VELVETFRUIT_EXTRACT;XIRECS;5296.0;5
31900;BOT_TAKER;BOT_MAKER;VELVETFRUIT_EXTRACT;XIRECS;5302.0;7
32000;BOT_MAKER;BOT_TAKER;VEV_4000;XIRECS;1274.0;1
32100;BOT_MAKER;BOT_TAKER;VELVETFRUIT_EXTRACT;XIRECS;5298.0;5
32100;BOT_MAKER;BOT_TAKER;VEV_5400;XIRECS;17.0;5
32100;BOT_TAKER;BOT_MAKER;VEV_5500;XIRECS;6.0;2
32100;SUBMISSION;BOT_TAKER;HYDROGEL_PACK;XIRECS;10013.0;5
32100;BOT_MAKER;BOT_TAKER;HYDROGEL_PACK;XIRECS;10012.0;1
32400;BOT_MAKER;BOT_TAKER;HYDROGEL_PACK;XIRECS;10014.0;6
32400;BOT_MAKER;BOT_TAKER;VEV_5400;XIRECS;17.0;5
32500;BOT_TAKER;BOT_MAKER;VELVETFRUIT_EXTRACT;XIRECS;5304.0;3
32600;BOT_TAKER;BOT_MAKER;VELVETFRUIT_EXTRACT;XIRECS;5305.0;8
32700;BOT_MAKER;BOT_TAKER;VELVETFRUIT_EXTRACT;XIRECS;5297.0;7
32900;BOT_TAKER;BOT_MAKER;HYDROGEL_PACK;XIRECS;10023.0;4
32900;BOT_MAKER;BOT_TAKER;VELVETFRUIT_EXTRACT;XIRECS;5298.0;8
33000;BOT_MAKER;BOT_TAKER;VEV_6000;XIRECS;0.0;5
33100;BOT_MAKER;BOT_TAKER;VELVETFRUIT_EXTRACT;XIRECS;5298.0;15
33200;BOT_MAKER;BOT_TAKER;VELVETFRUIT_EXTRACT;XIRECS;5299.0;7
33200;BOT_TAKER;BOT_MAKER;VEV_6000;XIRECS;1.0;3
33300;BOT_TAKER;BOT_MAKER;VELVETFRUIT_EXTRACT;XIRECS;5304.0;7
33300;BOT_TAKER;BOT_MAKER;VEV_4000;XIRECS;1292.0;3
33400;BOT_TAKER;BOT_MAKER;HYDROGEL_PACK;XIRECS;10023.0;6
33400;BOT_MAKER;BOT_TAKER;VELVETFRUIT_EXTRACT;XIRECS;5300.0;6
33500;BOT_TAKER;BOT_MAKER;HYDROGEL_PACK;XIRECS;10026.0;5
33500;BOT_MAKER;BOT_TAKER;VELVETFRUIT_EXTRACT;XIRECS;5301.0;3
33500;BOT_TAKER;BOT_MAKER;VEV_6500;XIRECS;1.0;4
33600;BOT_TAKER;BOT_MAKER;VELVETFRUIT_EXTRACT;XIRECS;5306.0;6
33600;BOT_MAKER;BOT_TAKER;VEV_5500;XIRECS;6.0;2
33800;BOT_MAKER;BOT_TAKER;VELVETFRUIT_EXTRACT;XIRECS;5300.0;3
33800;BOT_MAKER;BOT_TAKER;VEV_6000;XIRECS;0.0;4
33900;BOT_MAKER;BOT_TAKER;VEV_5300;XIRECS;63.0;4
33900;BOT_TAKER;BOT_MAKER;VEV_5400;XIRECS;18.0;5
34000;BOT_TAKER;BOT_MAKER;VELVETFRUIT_EXTRACT;XIRECS;5305.0;8
34200;BOT_TAKER;BOT_MAKER;VELVETFRUIT_EXTRACT;XIRECS;5305.0;4
34200;BOT_TAKER;BOT_MAKER;VEV_5200;XIRECS;121.0;4
34400;BOT_TAKER;BOT_MAKER;VELVETFRUIT_EXTRACT;XIRECS;5307.0;7
34400;SUBMISSION;BOT_TAKER;VELVETFRUIT_EXTRACT;XIRECS;5304.0;5
34500;BOT_MAKER;BOT_TAKER;VELVETFRUIT_EXTRACT;XIRECS;5302.0;6
34500;BOT_MAKER;BOT_TAKER;VEV_4000;XIRECS;1267.0;1
34500;BOT_TAKER;BOT_MAKER;VEV_5500;XIRECS;7.0;2
34500;SUBMISSION;BOT_TAKER;HYDROGEL_PACK;XIRECS;10000.0;5
34600;BOT_TAKER;BOT_MAKER;HYDROGEL_PACK;XIRECS;10016.0;5
34800;BOT_MAKER;BOT_TAKER;VELVETFRUIT_EXTRACT;XIRECS;5300.0;3
34800;BOT_TAKER;BOT_MAKER;VEV_6500;XIRECS;1.0;2
34900;BOT_MAKER;BOT_TAKER;HYDROGEL_PACK;XIRECS;9997.0;2
34900;BOT_MAKER;BOT_TAKER;VELVETFRUIT_EXTRACT;XIRECS;5300.0;5
35000;BOT_MAKER;BOT_TAKER;VEV_5500;XIRECS;6.0;3
35200;BOT_TAKER;BOT_MAKER;VEV_5500;XIRECS;7.0;4
35300;BOT_MAKER;BOT_TAKER;HYDROGEL_PACK;XIRECS;9995.0;2
35400;BOT_MAKER;BOT_TAKER;VELVETFRUIT_EXTRACT;XIRECS;5297.0;5
35400;BOT_MAKER;BOT_TAKER;VEV_6500;XIRECS;0.0;2
35400;BOT_TAKER;SUBMISSION;VELVETFRUIT_EXTRACT;XIRECS;5301.0;5
35400;BOT_TAKER;BOT_MAKER;VELVETFRUIT_EXTRACT;XIRECS;5302.0;3
35600;BOT_MAKER;BOT_TAKER;VEV_4000;XIRECS;1270.0;3
35700;BOT_MAKER;BOT_TAKER;VEV_4000;XIRECS;1270.0;2
35800;BOT_MAKER;BOT_TAKER;HYDROGEL_PACK;XIRECS;10001.0;2
35800;BOT_TAKER;BOT_MAKER;VELVETFRUIT_EXTRACT;XIRECS;5299.0;3
35800;BOT_MAKER;BOT_TAKER;VELVETFRUIT_EXTRACT;XIRECS;5293.0;8
35900;BOT_TAKER;BOT_MAKER;VELVETFRUIT_EXTRACT;XIRECS;5299.0;4
35900;BOT_TAKER;SUBMISSION;HYDROGEL_PACK;XIRECS;10018.0;4
36000;BOT_TAKER;BOT_MAKER;VEV_4000;XIRECS;1293.0;2
36200;BOT_TAKER;BOT_MAKER;VEV_5300;XIRECS;64.0;2
36300;BOT_MAKER;BOT_TAKER;HYDROGEL_PACK;XIRECS;9999.0;2
36300;BOT_TAKER;BOT_MAKER;VEV_4000;XIRECS;1290.0;3
36300;BOT_MAKER;BOT_TAKER;VEV_5400;XIRECS;16.0;5
36300;SUBMISSION;BOT_TAKER;VELVETFRUIT_EXTRACT;XIRECS;5294.0;5
36300;BOT_MAKER;BOT_TAKER;VELVETFRUIT_EXTRACT;XIRECS;5293.0;2
36400;BOT_TAKER;BOT_MAKER;HYDROGEL_PACK;XIRECS;10014.0;3
36400;BOT_TAKER;BOT_MAKER;VELVETFRUIT_EXTRACT;XIRECS;5301.0;3
36500;BOT_MAKER;BOT_TAKER;HYDROGEL_PACK;XIRECS;10001.0;4
36600;BOT_TAKER;BOT_MAKER;VEV_4000;XIRECS;1291.0;2
36700;BOT_TAKER;BOT_MAKER;HYDROGEL_PACK;XIRECS;10023.0;3
36800;BOT_TAKER;BOT_MAKER;HYDROGEL_PACK;XIRECS;10021.0;6
36800;BOT_TAKER;BOT_MAKER;VEV_4000;XIRECS;1289.0;2
36800;BOT_MAKER;BOT_TAKER;VEV_5500;XIRECS;6.0;4
36900;BOT_TAKER;BOT_MAKER;VELVETFRUIT_EXTRACT;XIRECS;5301.0;8
36900;BOT_TAKER;BOT_MAKER;VEV_5400;XIRECS;18.0;4
36900;BOT_TAKER;BOT_MAKER;VEV_5500;XIRECS;7.0;3
37000;BOT_TAKER;BOT_MAKER;VEV_4000;XIRECS;1288.0;3
37000;BOT_MAKER;BOT_TAKER;VEV_6500;XIRECS;0.0;2
37100;BOT_MAKER;BOT_TAKER;HYDROGEL_PACK;XIRECS;10004.0;2
37100;BOT_TAKER;BOT_MAKER;VELVETFRUIT_EXTRACT;XIRECS;5303.0;7
37200;BOT_MAKER;BOT_TAKER;HYDROGEL_PACK;XIRECS;10004.0;3
37200;BOT_TAKER;BOT_MAKER;VELVETFRUIT_EXTRACT;XIRECS;5304.0;8
37200;BOT_MAKER;BOT_TAKER;VEV_5300;XIRECS;60.0;4
37200;BOT_TAKER;SUBMISSION;HYDROGEL_PACK;XIRECS;10019.0;4
37300;BOT_TAKER;BOT_MAKER;HYDROGEL_PACK;XIRECS;10019.0;2
37300;BOT_MAKER;BOT_TAKER;VEV_5500;XIRECS;6.0;2
37400;BOT_TAKER;BOT_MAKER;HYDROGEL_PACK;XIRECS;10020.0;3
37400;BOT_TAKER;BOT_MAKER;VELVETFRUIT_EXTRACT;XIRECS;5305.0;5
37400;BOT_TAKER;BOT_MAKER;VEV_6000;XIRECS;1.0;5
37500;BOT_TAKER;BOT_MAKER;VELVETFRUIT_EXTRACT;XIRECS;5305.0;7
37600;BOT_TAKER;BOT_MAKER;HYDROGEL_PACK;XIRECS;10021.0;6
37600;BOT_TAKER;BOT_MAKER;VEV_4000;XIRECS;1288.0;2
37700;BOT_MAKER;BOT_TAKER;VEV_6000;XIRECS;0.0;2
37700;BOT_TAKER;SUBMISSION;HYDROGEL_PACK;XIRECS;10018.0;2
37700;BOT_TAKER;SUBMISSION;VELVETFRUIT_EXTRACT;XIRECS;5299.0;5
37700;BOT_TAKER;BOT_MAKER;VELVETFRUIT_EXTRACT;XIRECS;5300.0;3
37800;BOT_MAKER;BOT_TAKER;VELVETFRUIT_EXTRACT;XIRECS;5298.0;8
37900;BOT_MAKER;BOT_TAKER;VELVETFRUIT_EXTRACT;XIRECS;5298.0;4
38000;BOT_MAKER;BOT_TAKER;VELVETFRUIT_EXTRACT;XIRECS;5299.0;7
38000;BOT_MAKER;BOT_TAKER;VEV_5300;XIRECS;62.0;4
38100;BOT_MAKER;BOT_TAKER;VEV_4000;XIRECS;1264.0;2
38200;BOT_TAKER;SUBMISSION;VELVETFRUIT_EXTRACT;XIRECS;5303.0;5
38300;BOT_TAKER;BOT_MAKER;HYDROGEL_PACK;XIRECS;10029.0;6
38300;BOT_MAKER;BOT_TAKER;VELVETFRUIT_EXTRACT;XIRECS;5298.0;7
38400;BOT_MAKER;BOT_TAKER;HYDROGEL_PACK;XIRECS;10015.0;3
38400;BOT_TAKER;BOT_MAKER;VEV_5400;XIRECS;17.0;5
38600;BOT_TAKER;BOT_MAKER;VELVETFRUIT_EXTRACT;XIRECS;5302.0;8
38800;BOT_TAKER;BOT_MAKER;HYDROGEL_PACK;XIRECS;10030.0;2
38900;BOT_TAKER;SUBMISSION;VELVETFRUIT_EXTRACT;XIRECS;5301.0;4
39000;BOT_MAKER;BOT_TAKER;VELVETFRUIT_EXTRACT;XIRECS;5296.0;6
39000;SUBMISSION;BOT_TAKER;HYDROGEL_PACK;XIRECS;10014.0;2
39100;BOT_MAKER;BOT_TAKER;HYDROGEL_PACK;XIRECS;10011.0;5
39100;BOT_MAKER;BOT_TAKER;HYDROGEL_PACK;XIRECS;10011.0;6
39100;BOT_TAKER;BOT_MAKER;VELVETFRUIT_EXTRACT;XIRECS;5301.0;3
39100;SUBMISSION;BOT_TAKER;VELVETFRUIT_EXTRACT;XIRECS;5296.0;3
39300;BOT_TAKER;BOT_MAKER;VELVETFRUIT_EXTRACT;XIRECS;5299.0;5
39400;SUBMISSION;BOT_TAKER;VELVETFRUIT_EXTRACT;XIRECS;5294.0;5
39400;BOT_MAKER;BOT_TAKER;VELVETFRUIT_EXTRACT;XIRECS;5293.0;3
39500;BOT_MAKER;BOT_TAKER;VEV_4000;XIRECS;1271.0;3
39500;BOT_TAKER;SUBMISSION;HYDROGEL_PACK;XIRECS;10020.0;2
39600;BOT_TAKER;SUBMISSION;VEV_4000;XIRECS;1290.0;2
39700;BOT_MAKER;BOT_TAKER;VELVETFRUIT_EXTRACT;XIRECS;5294.0;3
39700;BOT_MAKER;BOT_TAKER;VEV_5400;XIRECS;14.0;5
39700;SUBMISSION;BOT_TAKER;VELVETFRUIT_EXTRACT;XIRECS;5295.0;5
39800;BOT_MAKER;BOT_TAKER;VEV_6500;XIRECS;0.0;4
39800;BOT_MAKER;BOT_TAKER;VEV_6500;XIRECS;0.0;4
39900;BOT_TAKER;BOT_MAKER;HYDROGEL_PACK;XIRECS;10026.0;2
39900;BOT_MAKER;BOT_TAKER;VEV_6500;XIRECS;0.0;4
40100;BOT_TAKER;BOT_MAKER;VEV_5500;XIRECS;7.0;4
40200;BOT_TAKER;BOT_MAKER;VELVETFRUIT_EXTRACT;XIRECS;5297.0;6
40300;BOT_MAKER;BOT_TAKER;HYDROGEL_PACK;XIRECS;10008.0;2
40400;BOT_MAKER;BOT_TAKER;VEV_5400;XIRECS;14.0;2
40600;BOT_TAKER;BOT_MAKER;HYDROGEL_PACK;XIRECS;10027.0;2
40700;BOT_MAKER;BOT_TAKER;HYDROGEL_PACK;XIRECS;10011.0;2
40800;BOT_MAKER;BOT_TAKER;VELVETFRUIT_EXTRACT;XIRECS;5293.0;7
40900;BOT_TAKER;BOT_MAKER;HYDROGEL_PACK;XIRECS;10026.0;6
40900;BOT_MAKER;BOT_TAKER;VEV_6500;XIRECS;0.0;4
40900;BOT_TAKER;SUBMISSION;VELVETFRUIT_EXTRACT;XIRECS;5296.0;5
41000;BOT_TAKER;BOT_MAKER;HYDROGEL_PACK;XIRECS;10023.0;6
41000;BOT_TAKER;BOT_MAKER;VEV_5300;XIRECS;64.0;3
41000;BOT_TAKER;BOT_MAKER;VEV_5400;XIRECS;16.0;4
41000;BOT_MAKER;BOT_TAKER;VEV_6000;XIRECS;0.0;2
41100;BOT_MAKER;BOT_TAKER;VEV_5500;XIRECS;6.0;3
41200;BOT_TAKER;BOT_MAKER;HYDROGEL_PACK;XIRECS;10023.0;5
41300;BOT_TAKER;BOT_MAKER;VELVETFRUIT_EXTRACT;XIRECS;5295.0;4
41300;BOT_MAKER;BOT_TAKER;VEV_6500;XIRECS;0.0;5
41400;BOT_MAKER;BOT_TAKER;VEV_4000;XIRECS;1271.0;1
41500;BOT_MAKER;BOT_TAKER;VELVETFRUIT_EXTRACT;XIRECS;5290.0;7
41500;BOT_MAKER;BOT_TAKER;VEV_4000;XIRECS;1270.0;2
41700;BOT_TAKER;BOT_MAKER;VELVETFRUIT_EXTRACT;XIRECS;5296.0;4
41700;BOT_TAKER;BOT_MAKER;VEV_4000;XIRECS;1290.0;3
41700;BOT_TAKER;SUBMISSION;VELVETFRUIT_EXTRACT;XIRECS;5295.0;5
41700;BOT_TAKER;BOT_MAKER;VELVETFRUIT_EXTRACT;XIRECS;5296.0;5
41800;BOT_MAKER;BOT_TAKER;VELVETFRUIT_EXTRACT;XIRECS;5293.0;4
41800;BOT_MAKER;BOT_TAKER;VELVETFRUIT_EXTRACT;XIRECS;5293.0;3
42000;BOT_TAKER;BOT_MAKER;HYDROGEL_PACK;XIRECS;10025.0;2
42000;BOT_TAKER;SUBMISSION;VELVETFRUIT_EXTRACT;XIRECS;5298.0;5
42000;BOT_TAKER;BOT_MAKER;VELVETFRUIT_EXTRACT;XIRECS;5299.0;5
42100;BOT_TAKER;BOT_MAKER;HYDROGEL_PACK;XIRECS;10025.0;4
42100;BOT_MAKER;BOT_TAKER;VELVETFRUIT_EXTRACT;XIRECS;5292.0;7
42100;BOT_MAKER;BOT_TAKER;VEV_5300;XIRECS;61.0;4
42200;BOT_TAKER;BOT_MAKER;VELVETFRUIT_EXTRACT;XIRECS;5296.0;3
42200;BOT_TAKER;BOT_MAKER;VEV_5300;XIRECS;64.0;5
42300;BOT_TAKER;BOT_MAKER;VELVETFRUIT_EXTRACT;XIRECS;5296.0;8
42300;BOT_MAKER;BOT_TAKER;VEV_4000;XIRECS;1268.0;2
42400;BOT_MAKER;BOT_TAKER;VEV_6000;XIRECS;0.0;5
42400;BOT_MAKER;BOT_TAKER;VEV_6500;XIRECS;0.0;2
42600;BOT_MAKER;BOT_TAKER;VEV_4000;XIRECS;1267.0;3
42800;BOT_MAKER;BOT_TAKER;HYDROGEL_PACK;XIRECS;10001.0;5
42800;BOT_TAKER;BOT_MAKER;VELVETFRUIT_EXTRACT;XIRECS;5299.0;10
42800;BOT_MAKER;BOT_TAKER;VEV_4000;XIRECS;1269.0;2
43000;BOT_MAKER;BOT_TAKER;VELVETFRUIT_EXTRACT;XIRECS;5292.0;6
43100;BOT_MAKER;BOT_TAKER;VEV_6000;XIRECS;0.0;3
43200;BOT_MAKER;BOT_TAKER;HYDROGEL_PACK;XIRECS;10005.0;2
43300;BOT_TAKER;BOT_MAKER;VELVETFRUIT_EXTRACT;XIRECS;5296.0;6
43300;BOT_TAKER;SUBMISSION;VELVETFRUIT_EXTRACT;XIRECS;5295.0;5
43400;BOT_MAKER;BOT_TAKER;HYDROGEL_PACK;XIRECS;10008.0;5
43500;BOT_MAKER;BOT_TAKER;HYDROGEL_PACK;XIRECS;10008.0;2
43500;BOT_MAKER;BOT_TAKER;VEV_5300;XIRECS;62.0;4
43500;BOT_TAKER;SUBMISSION;HYDROGEL_PACK;XIRECS;10023.0;3
43600;BOT_TAKER;BOT_MAKER;HYDROGEL_PACK;XIRECS;10022.0;6
43600;BOT_TAKER;BOT_MAKER;VEV_4000;XIRECS;1289.0;3
43600;BOT_TAKER;BOT_MAKER;VEV_6500;XIRECS;1.0;2
43700;BOT_MAKER;BOT_TAKER;HYDROGEL_PACK;XIRECS;10007.0;3
43700;BOT_MAKER;BOT_TAKER;VEV_5200;XIRECS;118.0;3
43700;BOT_MAKER;BOT_TAKER;VEV_6000;XIRECS;0.0;5
43800;BOT_MAKER;BOT_TAKER;HYDROGEL_PACK;XIRECS;10007.0;5
43800;BOT_TAKER;BOT_MAKER;VEV_5400;XIRECS;15.0;2
43900;BOT_MAKER;BOT_TAKER;VEV_4000;XIRECS;1268.0;2
43900;BOT_MAKER;BOT_TAKER;VEV_6500;XIRECS;0.0;5
44000;BOT_MAKER;BOT_TAKER;HYDROGEL_PACK;XIRECS;10007.0;2
44000;BOT_MAKER;BOT_TAKER;VELVETFRUIT_EXTRACT;XIRECS;5290.0;7
44000;BOT_TAKER;BOT_MAKER;VEV_6500;XIRECS;1.0;3
44100;BOT_MAKER;BOT_TAKER;VEV_4000;XIRECS;1268.0;3
44300;BOT_MAKER;BOT_TAKER;VELVETFRUIT_EXTRACT;XIRECS;5288.0;6
44300;SUBMISSION;BOT_TAKER;VELVETFRUIT_EXTRACT;XIRECS;5289.0;4
44400;BOT_TAKER;BOT_MAKER;VELVETFRUIT_EXTRACT;XIRECS;5295.0;5
44500;BOT_MAKER;BOT_TAKER;VELVETFRUIT_EXTRACT;XIRECS;5291.0;7
44700;BOT_MAKER;BOT_TAKER;VEV_6000;XIRECS;0.0;2
44700;BOT_TAKER;SUBMISSION;HYDROGEL_PACK;XIRECS;10027.0;5
44800;BOT_MAKER;BOT_TAKER;HYDROGEL_PACK;XIRECS;10012.0;5
44800;BOT_TAKER;BOT_MAKER;VELVETFRUIT_EXTRACT;XIRECS;5296.0;4
44900;BOT_MAKER;BOT_TAKER;VELVETFRUIT_EXTRACT;XIRECS;5293.0;5
44900;BOT_MAKER;BOT_TAKER;VEV_5500;XIRECS;6.0;2
44900;BOT_MAKER;BOT_TAKER;VEV_6000;XIRECS;0.0;5
44900;SUBMISSION;BOT_TAKER;VELVETFRUIT_EXTRACT;XIRECS;5294.0;5
44900;BOT_MAKER;BOT_TAKER;VELVETFRUIT_EXTRACT;XIRECS;5293.0;3
45100;BOT_MAKER;BOT_TAKER;HYDROGEL_PACK;XIRECS;10010.0;4
45200;BOT_MAKER;BOT_TAKER;HYDROGEL_PACK;XIRECS;10008.0;2
45400;BOT_MAKER;BOT_TAKER;HYDROGEL_PACK;XIRECS;10008.0;2
45400;BOT_TAKER;BOT_MAKER;VELVETFRUIT_EXTRACT;XIRECS;5301.0;5
45400;BOT_MAKER;BOT_TAKER;VEV_4000;XIRECS;1267.0;1
45400;BOT_TAKER;BOT_MAKER;VEV_6000;XIRECS;1.0;4
45500;BOT_MAKER;BOT_TAKER;HYDROGEL_PACK;XIRECS;10008.0;6
45600;BOT_TAKER;BOT_MAKER;VEV_6500;XIRECS;1.0;4
45700;BOT_MAKER;BOT_TAKER;VELVETFRUIT_EXTRACT;XIRECS;5297.0;8
45800;BOT_TAKER;BOT_MAKER;HYDROGEL_PACK;XIRECS;10025.0;5
45800;BOT_MAKER;BOT_TAKER;VEV_5500;XIRECS;6.0;2
45900;BOT_MAKER;BOT_TAKER;VEV_4000;XIRECS;1264.0;3
45900;BOT_TAKER;BOT_MAKER;VEV_6500;XIRECS;1.0;2
46000;BOT_MAKER;BOT_TAKER;HYDROGEL_PACK;XIRECS;10011.0;4
46000;BOT_TAKER;BOT_MAKER;VELVETFRUIT_EXTRACT;XIRECS;5301.0;8
46000;BOT_TAKER;BOT_MAKER;VEV_5500;XIRECS;7.0;3
46000;BOT_TAKER;SUBMISSION;VEV_4000;XIRECS;1282.0;2
46100;BOT_TAKER;BOT_MAKER;VEV_4000;XIRECS;1285.0;3
46300;BOT_MAKER;BOT_TAKER;HYDROGEL_PACK;XIRECS;10009.0;3
46300;BOT_MAKER;BOT_TAKER;VEV_5500;XIRECS;6.0;2
46300;SUBMISSION;BOT_TAKER;HYDROGEL_PACK;XIRECS;10010.0;4
46300;SUBMISSION;BOT_TAKER;VELVETFRUIT_EXTRACT;XIRECS;5297.0;5
46300;BOT_MAKER;BOT_TAKER;VELVETFRUIT_EXTRACT;XIRECS;5296.0;8
46400;BOT_MAKER;BOT_TAKER;VELVETFRUIT_EXTRACT;XIRECS;5296.0;8
46500;BOT_TAKER;BOT_MAKER;VELVETFRUIT_EXTRACT;XIRECS;5301.0;3
46500;BOT_TAKER;BOT_MAKER;VEV_4000;XIRECS;1287.0;3
46600;BOT_TAKER;SUBMISSION;HYDROGEL_PACK;XIRECS;10024.0;5
46600;BOT_TAKER;BOT_MAKER;HYDROGEL_PACK;XIRECS;10025.0;1
46700;BOT_MAKER;BOT_TAKER;VELVETFRUIT_EXTRACT;XIRECS;5293.0;6
46800;BOT_TAKER;BOT_MAKER;VELVETFRUIT_EXTRACT;XIRECS;5296.0;6
47100;BOT_MAKER;BOT_TAKER;HYDROGEL_PACK;XIRECS;10005.0;3
47100;BOT_TAKER;BOT_MAKER;VELVETFRUIT_EXTRACT;XIRECS;5300.0;5
47100;BOT_MAKER;BOT_TAKER;VEV_5400;XIRECS;12.0;4
47100;BOT_TAKER;SUBMISSION;VELVETFRUIT_EXTRACT;XIRECS;5299.0;5
47100;BOT_TAKER;BOT_MAKER;VELVETFRUIT_EXTRACT;XIRECS;5300.0;3
47200;BOT_MAKER;BOT_TAKER;HYDROGEL_PACK;XIRECS;10004.0;4
47300;BOT_MAKER;BOT_TAKER;VEV_6000;XIRECS;0.0;4
47500;BOT_TAKER;BOT_MAKER;HYDROGEL_PACK;XIRECS;10022.0;3
47500;BOT_TAKER;BOT_MAKER;VELVETFRUIT_EXTRACT;XIRECS;5299.0;3
47600;BOT_MAKER;BOT_TAKER;VELVETFRUIT_EXTRACT;XIRECS;5294.0;6
47600;BOT_TAKER;BOT_MAKER;VEV_4000;XIRECS;1288.0;3
47600;BOT_MAKER;BOT_TAKER;VEV_4000;XIRECS;1266.0;2
47600;BOT_MAKER;BOT_TAKER;VEV_5300;XIRECS;58.0;4
47600;BOT_MAKER;BOT_TAKER;VEV_5500;XIRECS;6.0;5
47700;BOT_TAKER;BOT_MAKER;HYDROGEL_PACK;XIRECS;10023.0;6
47800;BOT_TAKER;BOT_MAKER;VELVETFRUIT_EXTRACT;XIRECS;5296.0;8
48000;BOT_MAKER;BOT_TAKER;VEV_4000;XIRECS;1269.0;2
48000;BOT_MAKER;BOT_TAKER;VEV_4000;XIRECS;1269.0;3
48100;BOT_TAKER;BOT_MAKER;VEV_4000;XIRECS;1291.0;3
48200;BOT_MAKER;BOT_TAKER;VELVETFRUIT_EXTRACT;XIRECS;5291.0;7
48300;BOT_TAKER;BOT_MAKER;VEV_6000;XIRECS;1.0;5
48400;BOT_TAKER;BOT_MAKER;VELVETFRUIT_EXTRACT;XIRECS;5295.0;8
48500;BOT_TAKER;BOT_MAKER;HYDROGEL_PACK;XIRECS;10021.0;5
48600;BOT_MAKER;BOT_TAKER;HYDROGEL_PACK;XIRECS;10005.0;2
48700;BOT_MAKER;BOT_TAKER;VELVETFRUIT_EXTRACT;XIRECS;5289.0;5
48700;BOT_MAKER;BOT_TAKER;VEV_5400;XIRECS;13.0;5
48800;BOT_TAKER;BOT_MAKER;HYDROGEL_PACK;XIRECS;10021.0;2
48800;BOT_MAKER;BOT_TAKER;VEV_5300;XIRECS;56.0;4
48900;BOT_MAKER;BOT_TAKER;HYDROGEL_PACK;XIRECS;10005.0;2
48900;BOT_MAKER;BOT_TAKER;VELVETFRUIT_EXTRACT;XIRECS;5286.0;6
49000;BOT_TAKER;BOT_MAKER;VELVETFRUIT_EXTRACT;XIRECS;5292.0;6
49000;BOT_TAKER;BOT_MAKER;VEV_6500;XIRECS;1.0;5
49100;BOT_TAKER;BOT_MAKER;HYDROGEL_PACK;XIRECS;10022.0;4
49100;BOT_TAKER;BOT_MAKER;VELVETFRUIT_EXTRACT;XIRECS;5294.0;13
49200;BOT_MAKER;BOT_TAKER;VELVETFRUIT_EXTRACT;XIRECS;5286.0;7
49300;BOT_TAKER;BOT_MAKER;VELVETFRUIT_EXTRACT;XIRECS;5292.0;6
49400;BOT_MAKER;BOT_TAKER;VELVETFRUIT_EXTRACT;XIRECS;5287.0;5
49400;BOT_TAKER;SUBMISSION;VEV_4000;XIRECS;1293.0;2
49500;BOT_TAKER;BOT_MAKER;HYDROGEL_PACK;XIRECS;10024.0;6
49500;SUBMISSION;BOT_TAKER;VEV_4000;XIRECS;1275.0;3
49600;BOT_MAKER;BOT_TAKER;HYDROGEL_PACK;XIRECS;10010.0;2
49700;BOT_TAKER;BOT_MAKER;HYDROGEL_PACK;XIRECS;10022.0;2
49700;BOT_TAKER;SUBMISSION;VEV_4000;XIRECS;1295.0;2
49800;BOT_MAKER;BOT_TAKER;VELVETFRUIT_EXTRACT;XIRECS;5284.0;6
49800;BOT_TAKER;SUBMISSION;HYDROGEL_PACK;XIRECS;10017.0;5
49900;BOT_MAKER;BOT_TAKER;VEV_4000;XIRECS;1276.0;1
49900;BOT_TAKER;BOT_MAKER;VEV_5500;XIRECS;7.0;4
49900;BOT_TAKER;SUBMISSION;VEV_4000;XIRECS;1296.0;3
50000;BOT_MAKER;BOT_TAKER;VEV_6000;XIRECS;0.0;5
50100;BOT_TAKER;BOT_MAKER;VELVETFRUIT_EXTRACT;XIRECS;5288.0;4
50200;BOT_MAKER;BOT_TAKER;VEV_5500;XIRECS;6.0;4
50300;SUBMISSION;BOT_TAKER;HYDROGEL_PACK;XIRECS;10010.0;4
50300;SUBMISSION;BOT_TAKER;VELVETFRUIT_EXTRACT;XIRECS;5282.0;3
50400;BOT_MAKER;BOT_TAKER;VELVETFRUIT_EXTRACT;XIRECS;5281.0;5
50400;BOT_TAKER;SUBMISSION;VELVETFRUIT_EXTRACT;XIRECS;5284.0;5
50400;BOT_TAKER;BOT_MAKER;VELVETFRUIT_EXTRACT;XIRECS;5285.0;2
50500;BOT_TAKER;BOT_MAKER;VELVETFRUIT_EXTRACT;XIRECS;5284.0;5
50500;BOT_TAKER;BOT_MAKER;VEV_4000;XIRECS;1298.0;3
50600;BOT_MAKER;BOT_TAKER;VEV_4000;XIRECS;1276.0;3
50700;BOT_MAKER;BOT_TAKER;VELVETFRUIT_EXTRACT;XIRECS;5279.0;7
50700;SUBMISSION;BOT_TAKER;VELVETFRUIT_EXTRACT;XIRECS;5280.0;3
50800;BOT_MAKER;BOT_TAKER;HYDROGEL_PACK;XIRECS;10008.0;3
50800;BOT_MAKER;BOT_TAKER;VEV_4000;XIRECS;1276.0;3
50800;SUBMISSION;BOT_TAKER;HYDROGEL_PACK;XIRECS;10009.0;3
50900;BOT_MAKER;BOT_TAKER;VELVETFRUIT_EXTRACT;XIRECS;5279.0;8
51000;BOT_MAKER;BOT_TAKER;VELVETFRUIT_EXTRACT;XIRECS;5277.0;3
51100;BOT_TAKER;BOT_MAKER;VELVETFRUIT_EXTRACT;XIRECS;5283.0;8
51100;BOT_MAKER;BOT_TAKER;VEV_6500;XIRECS;0.0;3
51200;BOT_TAKER;SUBMISSION;VELVETFRUIT_EXTRACT;XIRECS;5282.0;5
51200;BOT_TAKER;BOT_MAKER;VELVETFRUIT_EXTRACT;XIRECS;5283.0;4
51300;BOT_TAKER;BOT_MAKER;VELVETFRUIT_EXTRACT;XIRECS;5283.0;4
51400;BOT_MAKER;BOT_TAKER;VEV_6000;XIRECS;0.0;4
51500;BOT_TAKER;BOT_MAKER;VELVETFRUIT_EXTRACT;XIRECS;5284.0;7
51600;BOT_TAKER;BOT_MAKER;HYDROGEL_PACK;XIRECS;10021.0;2
51600;BOT_MAKER;BOT_TAKER;VELVETFRUIT_EXTRACT;XIRECS;5275.0;8
51700;BOT_TAKER;BOT_MAKER;HYDROGEL_PACK;XIRECS;10022.0;6
51700;BOT_MAKER;BOT_TAKER;VELVETFRUIT_EXTRACT;XIRECS;5274.0;10
51800;BOT_MAKER;BOT_TAKER;VELVETFRUIT_EXTRACT;XIRECS;5273.0;10
51900;BOT_TAKER;BOT_MAKER;VEV_5500;XIRECS;7.0;2
52000;BOT_MAKER;BOT_TAKER;HYDROGEL_PACK;XIRECS;10010.0;3
52000;BOT_MAKER;BOT_TAKER;VELVETFRUIT_EXTRACT;XIRECS;5273.0;6
52000;SUBMISSION;BOT_TAKER;HYDROGEL_PACK;XIRECS;10011.0;4
52100;BOT_MAKER;BOT_TAKER;HYDROGEL_PACK;XIRECS;10011.0;2
52100;BOT_MAKER;BOT_TAKER;VELVETFRUIT_EXTRACT;XIRECS;5273.0;5
52100;BOT_MAKER;BOT_TAKER;VEV_4000;XIRECS;1273.0;3
52100;SUBMISSION;BOT_TAKER;VELVETFRUIT_EXTRACT;XIRECS;5274.0;5
52100;BOT_MAKER;BOT_TAKER;VELVETFRUIT_EXTRACT;XIRECS;5273.0;1
52200;BOT_TAKER;BOT_MAKER;HYDROGEL_PACK;XIRECS;10025.0;6
52400;BOT_MAKER;BOT_TAKER;VELVETFRUIT_EXTRACT;XIRECS;5274.0;8
52400;BOT_TAKER;BOT_MAKER;VEV_5400;XIRECS;14.0;5
52600;BOT_TAKER;BOT_MAKER;HYDROGEL_PACK;XIRECS;10019.0;3
52600;BOT_TAKER;SUBMISSION;HYDROGEL_PACK;XIRECS;10018.0;5
52600;BOT_TAKER;BOT_MAKER;HYDROGEL_PACK;XIRECS;10019.0;1
52800;BOT_MAKER;BOT_TAKER;VELVETFRUIT_EXTRACT;XIRECS;5274.0;3
52900;BOT_MAKER;BOT_TAKER;HYDROGEL_PACK;XIRECS;10006.0;3
53000;BOT_MAKER;BOT_TAKER;VELVETFRUIT_EXTRACT;XIRECS;5275.0;7
53200;BOT_TAKER;BOT_MAKER;HYDROGEL_PACK;XIRECS;10021.0;5
53300;BOT_MAKER;BOT_TAKER;HYDROGEL_PACK;XIRECS;10006.0;2
53500;BOT_TAKER;BOT_MAKER;VELVETFRUIT_EXTRACT;XIRECS;5280.0;13
53500;BOT_TAKER;BOT_MAKER;VEV_4000;XIRECS;1295.0;2
53700;BOT_MAKER;BOT_TAKER;VELVETFRUIT_EXTRACT;XIRECS;5274.0;3
53800;SUBMISSION;BOT_TAKER;VELVETFRUIT_EXTRACT;XIRECS;5274.0;5
53800;BOT_MAKER;BOT_TAKER;VELVETFRUIT_EXTRACT;XIRECS;5273.0;3
53900;BOT_MAKER;BOT_TAKER;VELVETFRUIT_EXTRACT;XIRECS;5271.0;5
53900;BOT_TAKER;BOT_MAKER;VEV_5400;XIRECS;15.0;4
54100;BOT_MAKER;BOT_TAKER;VELVETFRUIT_EXTRACT;XIRECS;5273.0;5
54100;SUBMISSION;BOT_TAKER;VEV_5200;XIRECS;111.0;4
54200;BOT_MAKER;BOT_TAKER;VEV_4000;XIRECS;1270.0;3
54200;BOT_MAKER;BOT_TAKER;VEV_5500;XIRECS;6.0;4
54300;BOT_TAKER;BOT_MAKER;VEV_4000;XIRECS;1292.0;2
54400;BOT_TAKER;BOT_MAKER;VELVETFRUIT_EXTRACT;XIRECS;5276.0;5
54500;BOT_MAKER;BOT_TAKER;VELVETFRUIT_EXTRACT;XIRECS;5272.0;5
54500;BOT_MAKER;BOT_TAKER;VEV_5300;XIRECS;55.0;2
54500;BOT_TAKER;BOT_MAKER;VEV_5400;XIRECS;14.0;3
54500;BOT_TAKER;SUBMISSION;HYDROGEL_PACK;XIRECS;10020.0;2
54700;BOT_TAKER;BOT_MAKER;VELVETFRUIT_EXTRACT;XIRECS;5279.0;5
54700;BOT_TAKER;BOT_MAKER;VEV_5500;XIRECS;8.0;4
54800;BOT_TAKER;BOT_MAKER;VELVETFRUIT_EXTRACT;XIRECS;5278.0;4
54900;BOT_TAKER;BOT_MAKER;HYDROGEL_PACK;XIRECS;10024.0;2
54900;BOT_MAKER;BOT_TAKER;VELVETFRUIT_EXTRACT;XIRECS;5272.0;6
54900;BOT_TAKER;BOT_MAKER;VEV_4000;XIRECS;1292.0;1
54900;BOT_MAKER;BOT_TAKER;VEV_5400;XIRECS;14.0;3
55000;BOT_TAKER;BOT_MAKER;VELVETFRUIT_EXTRACT;XIRECS;5277.0;7
55400;BOT_TAKER;BOT_MAKER;HYDROGEL_PACK;XIRECS;10033.0;5
55400;BOT_MAKER;BOT_TAKER;VEV_6500;XIRECS;0.0;5
55500;BOT_MAKER;BOT_TAKER;VELVETFRUIT_EXTRACT;XIRECS;5270.0;8
55500;BOT_TAKER;BOT_MAKER;VEV_4000;XIRECS;1295.0;2
55500;BOT_MAKER;BOT_TAKER;VEV_6500;XIRECS;0.0;3
55600;BOT_MAKER;BOT_TAKER;VELVETFRUIT_EXTRACT;XIRECS;5269.0;8
55800;BOT_TAKER;BOT_MAKER;VELVETFRUIT_EXTRACT;XIRECS;5274.0;6
55900;BOT_MAKER;BOT_TAKER;VELVETFRUIT_EXTRACT;XIRECS;5269.0;3
56100;BOT_TAKER;BOT_MAKER;HYDROGEL_PACK;XIRECS;10032.0;6
56100;BOT_TAKER;BOT_MAKER;VEV_4000;XIRECS;1296.0;3
56200;BOT_MAKER;BOT_TAKER;HYDROGEL_PACK;XIRECS;10015.0;6
56200;BOT_MAKER;BOT_TAKER;VELVETFRUIT_EXTRACT;XIRECS;5270.0;7
56200;BOT_TAKER;BOT_MAKER;VEV_4000;XIRECS;1294.0;2
56300;BOT_TAKER;BOT_MAKER;VEV_5400;XIRECS;14.0;3
56500;BOT_MAKER;BOT_TAKER;VELVETFRUIT_EXTRACT;XIRECS;5268.0;6
56500;BOT_TAKER;BOT_MAKER;VEV_4000;XIRECS;1293.0;1
56500;BOT_TAKER;BOT_MAKER;VEV_5500;XIRECS;8.0;3
56600;BOT_TAKER;BOT_MAKER;HYDROGEL_PACK;XIRECS;10034.0;4
56600;BOT_MAKER;BOT_TAKER;VELVETFRUIT_EXTRACT;XIRECS;5268.0;6
56600;BOT_TAKER;BOT_MAKER;VEV_6500;XIRECS;1.0;5
56700;BOT_TAKER;BOT_MAKER;VEV_6000;XIRECS;1.0;2
56800;SUBMISSION;BOT_TAKER;HYDROGEL_PACK;XIRECS;10021.0;5
56800;BOT_MAKER;BOT_TAKER;HYDROGEL_PACK;XIRECS;10020.0;1
56900;BOT_TAKER;BOT_MAKER;VEV_5500;XIRECS;7.0;3
57000;BOT_MAKER;BOT_TAKER;HYDROGEL_PACK;XIRECS;10017.0;5
57000;BOT_MAKER;BOT_TAKER;VEV_6000;XIRECS;0.0;2
57100;BOT_TAKER;BOT_MAKER;VELVETFRUIT_EXTRACT;XIRECS;5272.0;7
57300;BOT_MAKER;BOT_TAKER;HYDROGEL_PACK;XIRECS;10016.0;3
57300;BOT_TAKER;BOT_MAKER;VEV_4000;XIRECS;1291.0;1
57300;BOT_TAKER;BOT_MAKER;VEV_6000;XIRECS;1.0;2
57500;BOT_MAKER;BOT_TAKER;HYDROGEL_PACK;XIRECS;10013.0;4
57600;BOT_MAKER;BOT_TAKER;VEV_5300;XIRECS;56.0;3
57700;BOT_MAKER;BOT_TAKER;VELVETFRUIT_EXTRACT;XIRECS;5263.0;7
57700;BOT_MAKER;BOT_TAKER;VEV_4000;XIRECS;1272.0;1
57800;BOT_MAKER;BOT_TAKER;HYDROGEL_PACK;XIRECS;10014.0;5
57800;BOT_MAKER;BOT_TAKER;VEV_5400;XIRECS;13.0;4
57900;BOT_TAKER;BOT_MAKER;VEV_5500;XIRECS;7.0;5
57900;BOT_TAKER;BOT_MAKER;VEV_6500;XIRECS;1.0;2
58100;BOT_MAKER;BOT_TAKER;HYDROGEL_PACK;XIRECS;10016.0;5
58100;BOT_MAKER;BOT_TAKER;VELVETFRUIT_EXTRACT;XIRECS;5265.0;3
58100;BOT_TAKER;BOT_MAKER;VEV_6500;XIRECS;1.0;2
58200;BOT_TAKER;BOT_MAKER;HYDROGEL_PACK;XIRECS;10033.0;4
58200;BOT_MAKER;BOT_TAKER;HYDROGEL_PACK;XIRECS;10017.0;3
58200;BOT_MAKER;BOT_TAKER;VELVETFRUIT_EXTRACT;XIRECS;5264.0;3
58300;BOT_TAKER;BOT_MAKER;VELVETFRUIT_EXTRACT;XIRECS;5272.0;3
58400;BOT_MAKER;BOT_TAKER;VELVETFRUIT_EXTRACT;XIRECS;5267.0;8
58500;BOT_MAKER;BOT_TAKER;HYDROGEL_PACK;XIRECS;10014.0;5
58500;SUBMISSION;BOT_TAKER;HYDROGEL_PACK;XIRECS;10015.0;5
58500;BOT_MAKER;BOT_TAKER;HYDROGEL_PACK;XIRECS;10014.0;1
58600;BOT_TAKER;BOT_MAKER;VEV_4000;XIRECS;1293.0;1
58600;BOT_TAKER;SUBMISSION;VELVETFRUIT_EXTRACT;XIRECS;5271.0;5
58600;BOT_TAKER;BOT_MAKER;VELVETFRUIT_EXTRACT;XIRECS;5272.0;1
58700;BOT_MAKER;BOT_TAKER;HYDROGEL_PACK;XIRECS;10012.0;3
58700;BOT_TAKER;BOT_MAKER;HYDROGEL_PACK;XIRECS;10028.0;2
58700;BOT_MAKER;BOT_TAKER;VELVETFRUIT_EXTRACT;XIRECS;5266.0;8
58900;BOT_MAKER;BOT_TAKER;VELVETFRUIT_EXTRACT;XIRECS;5266.0;3
59000;BOT_TAKER;BOT_MAKER;VEV_6500;XIRECS;1.0;4
59100;BOT_MAKER;BOT_TAKER;HYDROGEL_PACK;XIRECS;10015.0;2
59100;BOT_MAKER;BOT_TAKER;VEV_6000;XIRECS;0.0;3
59200;BOT_MAKER;BOT_TAKER;HYDROGEL_PACK;XIRECS;10015.0;4
59300;BOT_TAKER;BOT_MAKER;HYDROGEL_PACK;XIRECS;10032.0;4
59300;BOT_TAKER;BOT_MAKER;VELVETFRUIT_EXTRACT;XIRECS;5269.0;3
59300;BOT_TAKER;BOT_MAKER;VEV_4000;XIRECS;1296.0;3
59300;BOT_MAKER;BOT_TAKER;VEV_5500;XIRECS;6.0;4
59300;SUBMISSION;BOT_TAKER;HYDROGEL_PACK;XIRECS;10017.0;4
59400;BOT_MAKER;BOT_TAKER;HYDROGEL_PACK;XIRECS;10018.0;2
59500;BOT_TAKER;SUBMISSION;HYDROGEL_PACK;XIRECS;10034.0;3
59600;BOT_MAKER;BOT_TAKER;VELVETFRUIT_EXTRACT;XIRECS;5265.0;4
59800;BOT_TAKER;BOT_MAKER;VEV_6500;XIRECS;1.0;4
59900;BOT_MAKER;BOT_TAKER;VELVETFRUIT_EXTRACT;XIRECS;5266.0;3
60000;BOT_TAKER;BOT_MAKER;VEV_6500;XIRECS;1.0;5
60200;BOT_MAKER;BOT_TAKER;HYDROGEL_PACK;XIRECS;10014.0;2
60200;BOT_MAKER;BOT_TAKER;VELVETFRUIT_EXTRACT;XIRECS;5267.0;7
60200;BOT_TAKER;BOT_MAKER;VEV_5500;XIRECS;7.0;5
60300;BOT_MAKER;BOT_TAKER;VEV_5400;XIRECS;14.0;5
60400;BOT_MAKER;BOT_TAKER;HYDROGEL_PACK;XIRECS;10018.0;5
60400;BOT_TAKER;BOT_MAKER;VELVETFRUIT_EXTRACT;XIRECS;5273.0;5
60500;BOT_TAKER;BOT_MAKER;VELVETFRUIT_EXTRACT;XIRECS;5272.0;3
60500;BOT_TAKER;BOT_MAKER;VEV_6000;XIRECS;1.0;2
60600;BOT_TAKER;BOT_MAKER;VEV_5300;XIRECS;58.0;3
60700;BOT_MAKER;BOT_TAKER;HYDROGEL_PACK;XIRECS;10013.0;3
60800;BOT_TAKER;BOT_MAKER;VELVETFRUIT_EXTRACT;XIRECS;5269.0;10
61000;BOT_TAKER;BOT_MAKER;VELVETFRUIT_EXTRACT;XIRECS;5267.0;3
61100;BOT_TAKER;BOT_MAKER;HYDROGEL_PACK;XIRECS;10037.0;2
61100;BOT_TAKER;BOT_MAKER;VELVETFRUIT_EXTRACT;XIRECS;5268.0;6
61200;BOT_MAKER;BOT_TAKER;VELVETFRUIT_EXTRACT;XIRECS;5263.0;8
61300;BOT_MAKER;BOT_TAKER;VEV_5500;XIRECS;6.0;2
61400;BOT_MAKER;BOT_TAKER;HYDROGEL_PACK;XIRECS;10020.0;5
61400;BOT_TAKER;BOT_MAKER;VELVETFRUIT_EXTRACT;XIRECS;5266.0;8
61400;SUBMISSION;BOT_TAKER;VELVETFRUIT_EXTRACT;XIRECS;5261.0;3
61500;BOT_TAKER;BOT_MAKER;VELVETFRUIT_EXTRACT;XIRECS;5266.0;4
61600;BOT_TAKER;BOT_MAKER;VELVETFRUIT_EXTRACT;XIRECS;5267.0;5
61600;SUBMISSION;BOT_TAKER;HYDROGEL_PACK;XIRECS;10019.0;3
61700;BOT_MAKER;BOT_TAKER;VELVETFRUIT_EXTRACT;XIRECS;5262.0;9
61800;BOT_TAKER;BOT_MAKER;VELVETFRUIT_EXTRACT;XIRECS;5267.0;8
61800;SUBMISSION;BOT_TAKER;VELVETFRUIT_EXTRACT;XIRECS;5263.0;5
61900;BOT_MAKER;BOT_TAKER;VEV_4000;XIRECS;1272.0;2
62000;BOT_MAKER;BOT_TAKER;VELVETFRUIT_EXTRACT;XIRECS;5260.0;8
62000;BOT_TAKER;BOT_MAKER;VEV_4000;XIRECS;1293.0;3
62100;BOT_MAKER;BOT_TAKER;HYDROGEL_PACK;XIRECS;10017.0;5
62100;BOT_MAKER;BOT_TAKER;VELVETFRUIT_EXTRACT;XIRECS;5260.0;3
62200;BOT_TAKER;BOT_MAKER;VEV_5300;XIRECS;57.0;4
62400;BOT_TAKER;BOT_MAKER;HYDROGEL_PACK;XIRECS;10032.0;5
62400;SUBMISSION;BOT_TAKER;VEV_4000;XIRECS;1272.0;1
62500;BOT_TAKER;BOT_MAKER;VELVETFRUIT_EXTRACT;XIRECS;5267.0;6
62600;BOT_TAKER;BOT_MAKER;VEV_6500;XIRECS;1.0;3
62700;BOT_TAKER;BOT_MAKER;VELVETFRUIT_EXTRACT;XIRECS;5265.0;4
62900;BOT_MAKER;BOT_TAKER;VELVETFRUIT_EXTRACT;XIRECS;5261.0;8
62900;BOT_TAKER;BOT_MAKER;VEV_6500;XIRECS;1.0;3
63000;BOT_TAKER;BOT_MAKER;HYDROGEL_PACK;XIRECS;10023.0;2
63000;BOT_TAKER;BOT_MAKER;VELVETFRUIT_EXTRACT;XIRECS;5265.0;4
63200;SUBMISSION;BOT_TAKER;VEV_4000;XIRECS;1270.0;1
63300;BOT_MAKER;BOT_TAKER;HYDROGEL_PACK;XIRECS;10004.0;4
63300;BOT_TAKER;BOT_MAKER;VELVETFRUIT_EXTRACT;XIRECS;5265.0;6
63300;BOT_MAKER;BOT_TAKER;VEV_5500;XIRECS;7.0;3
63300;BOT_TAKER;BOT_MAKER;VEV_5500;XIRECS;8.0;2
63400;BOT_TAKER;BOT_MAKER;VELVETFRUIT_EXTRACT;XIRECS;5266.0;6
63400;BOT_MAKER;BOT_TAKER;VEV_4000;XIRECS;1271.0;1
63400;BOT_TAKER;BOT_MAKER;VEV_6500;XIRECS;1.0;5
63500;BOT_MAKER;BOT_TAKER;HYDROGEL_PACK;XIRECS;10008.0;2
63500;BOT_MAKER;BOT_TAKER;VEV_6500;XIRECS;0.0;3
63600;BOT_TAKER;BOT_MAKER;HYDROGEL_PACK;XIRECS;10024.0;2
63700;BOT_TAKER;BOT_MAKER;VELVETFRUIT_EXTRACT;XIRECS;5267.0;6
63800;BOT_TAKER;BOT_MAKER;HYDROGEL_PACK;XIRECS;10021.0;5
63800;BOT_MAKER;BOT_TAKER;VEV_5500;XIRECS;6.0;5
63900;BOT_MAKER;BOT_TAKER;HYDROGEL_PACK;XIRECS;10004.0;3
63900;BOT_TAKER;BOT_MAKER;VEV_4000;XIRECS;1293.0;1
64000;BOT_TAKER;BOT_MAKER;VELVETFRUIT_EXTRACT;XIRECS;5267.0;5
64100;BOT_MAKER;BOT_TAKER;HYDROGEL_PACK;XIRECS;10002.0;5
64100;BOT_TAKER;BOT_MAKER;VELVETFRUIT_EXTRACT;XIRECS;5266.0;5
64100;BOT_TAKER;BOT_MAKER;VEV_6000;XIRECS;1.0;4
64200;BOT_TAKER;BOT_MAKER;HYDROGEL_PACK;XIRECS;10018.0;5
64200;BOT_TAKER;BOT_MAKER;VELVETFRUIT_EXTRACT;XIRECS;5268.0;7
64200;BOT_MAKER;BOT_TAKER;VEV_6500;XIRECS;0.0;4
64300;BOT_MAKER;BOT_TAKER;HYDROGEL_PACK;XIRECS;10002.0;4
64300;BOT_TAKER;BOT_MAKER;VEV_6500;XIRECS;1.0;2
64500;BOT_TAKER;BOT_MAKER;HYDROGEL_PACK;XIRECS;10013.0;5
64500;BOT_MAKER;BOT_TAKER;VEV_5500;XIRECS;7.0;4
64600;BOT_TAKER;BOT_MAKER;HYDROGEL_PACK;XIRECS;10015.0;3
64600;BOT_TAKER;BOT_MAKER;VELVETFRUIT_EXTRACT;XIRECS;5267.0;7
64800;BOT_TAKER;BOT_MAKER;VELVETFRUIT_EXTRACT;XIRECS;5268.0;3
64900;BOT_MAKER;BOT_TAKER;VELVETFRUIT_EXTRACT;XIRECS;5265.0;7
65000;BOT_MAKER;BOT_TAKER;VELVETFRUIT_EXTRACT;XIRECS;5266.0;3
65100;BOT_TAKER;BOT_MAKER;VELVETFRUIT_EXTRACT;XIRECS;5272.0;6
65200;BOT_TAKER;BOT_MAKER;VELVETFRUIT_EXTRACT;XIRECS;5272.0;6
65300;BOT_TAKER;BOT_MAKER;HYDROGEL_PACK;XIRECS;10015.0;5
65400;BOT_TAKER;BOT_MAKER;HYDROGEL_PACK;XIRECS;10014.0;2
65500;BOT_TAKER;BOT_MAKER;VELVETFRUIT_EXTRACT;XIRECS;5276.0;3
65600;BOT_TAKER;BOT_MAKER;VELVETFRUIT_EXTRACT;XIRECS;5277.0;10
65600;BOT_MAKER;BOT_TAKER;VEV_4000;XIRECS;1270.0;3
65600;BOT_MAKER;BOT_TAKER;VEV_5500;XIRECS;7.0;3
65600;SUBMISSION;BOT_TAKER;HYDROGEL_PACK;XIRECS;10004.0;2
65700;BOT_TAKER;BOT_MAKER;HYDROGEL_PACK;XIRECS;10022.0;6
65700;BOT_TAKER;BOT_MAKER;VEV_4000;XIRECS;1292.0;2
65800;BOT_TAKER;BOT_MAKER;HYDROGEL_PACK;XIRECS;10024.0;6
65800;BOT_MAKER;BOT_TAKER;VEV_5500;XIRECS;7.0;2
65900;BOT_MAKER;BOT_TAKER;VELVETFRUIT_EXTRACT;XIRECS;5273.0;3
65900;SUBMISSION;BOT_TAKER;HYDROGEL_PACK;XIRECS;10008.0;5
65900;BOT_MAKER;BOT_TAKER;HYDROGEL_PACK;XIRECS;10007.0;1
66000;BOT_TAKER;BOT_MAKER;VELVETFRUIT_EXTRACT;XIRECS;5279.0;6
66200;BOT_TAKER;BOT_MAKER;HYDROGEL_PACK;XIRECS;10025.0;2
66400;BOT_TAKER;BOT_MAKER;HYDROGEL_PACK;XIRECS;10029.0;5
66400;BOT_TAKER;BOT_MAKER;VELVETFRUIT_EXTRACT;XIRECS;5274.0;7
66500;BOT_TAKER;BOT_MAKER;HYDROGEL_PACK;XIRECS;10027.0;3
66500;BOT_TAKER;BOT_MAKER;VEV_4000;XIRECS;1294.0;2
66500;BOT_TAKER;SUBMISSION;HYDROGEL_PACK;XIRECS;10026.0;5
66500;BOT_TAKER;BOT_MAKER;HYDROGEL_PACK;XIRECS;10027.0;1
66600;BOT_TAKER;SUBMISSION;HYDROGEL_PACK;XIRECS;10027.0;5
66700;BOT_MAKER;BOT_TAKER;HYDROGEL_PACK;XIRECS;10012.0;4
66800;BOT_TAKER;BOT_MAKER;VELVETFRUIT_EXTRACT;XIRECS;5276.0;3
66800;BOT_MAKER;BOT_TAKER;VEV_4000;XIRECS;1270.0;3
66900;BOT_TAKER;BOT_MAKER;HYDROGEL_PACK;XIRECS;10023.0;6
66900;BOT_TAKER;BOT_MAKER;VELVETFRUIT_EXTRACT;XIRECS;5277.0;6
66900;BOT_MAKER;BOT_TAKER;VEV_4000;XIRECS;1270.0;2
67100;BOT_TAKER;BOT_MAKER;HYDROGEL_PACK;XIRECS;10025.0;4
67100;BOT_TAKER;BOT_MAKER;VELVETFRUIT_EXTRACT;XIRECS;5277.0;6
67200;BOT_MAKER;BOT_TAKER;VEV_4000;XIRECS;1271.0;2
67300;BOT_MAKER;BOT_TAKER;HYDROGEL_PACK;XIRECS;10006.0;6
67300;BOT_TAKER;BOT_MAKER;VEV_6500;XIRECS;1.0;3
67400;BOT_TAKER;BOT_MAKER;VELVETFRUIT_EXTRACT;XIRECS;5275.0;8
67400;SUBMISSION;BOT_TAKER;VELVETFRUIT_EXTRACT;XIRECS;5271.0;5
67400;BOT_MAKER;BOT_TAKER;VELVETFRUIT_EXTRACT;XIRECS;5270.0;8
67500;BOT_MAKER;BOT_TAKER;VELVETFRUIT_EXTRACT;XIRECS;5272.0;5
67500;BOT_TAKER;BOT_MAKER;VEV_4000;XIRECS;1290.0;3
67500;BOT_MAKER;BOT_TAKER;VEV_5400;XIRECS;13.0;3
67500;BOT_MAKER;BOT_TAKER;VEV_5500;XIRECS;6.0;4
67600;BOT_MAKER;BOT_TAKER;VELVETFRUIT_EXTRACT;XIRECS;5270.0;7
67600;BOT_TAKER;BOT_MAKER;VEV_6500;XIRECS;1.0;2
67700;BOT_TAKER;BOT_MAKER;HYDROGEL_PACK;XIRECS;10023.0;6
67800;BOT_MAKER;BOT_TAKER;VEV_5500;XIRECS;6.0;2
67900;BOT_MAKER;BOT_TAKER;VEV_4000;XIRECS;1266.0;1
67900;BOT_TAKER;SUBMISSION;VEV_4000;XIRECS;1286.0;2
68000;BOT_MAKER;BOT_TAKER;HYDROGEL_PACK;XIRECS;10007.0;4
68300;BOT_TAKER;BOT_MAKER;VEV_5400;XIRECS;14.0;5
68400;BOT_TAKER;BOT_MAKER;HYDROGEL_PACK;XIRECS;10019.0;4
68400;BOT_TAKER;BOT_MAKER;VELVETFRUIT_EXTRACT;XIRECS;5276.0;7
68500;BOT_MAKER;BOT_TAKER;VELVETFRUIT_EXTRACT;XIRECS;5271.0;3
68500;BOT_MAKER;BOT_TAKER;VEV_4000;XIRECS;1268.0;1
68700;BOT_MAKER;BOT_TAKER;VELVETFRUIT_EXTRACT;XIRECS;5274.0;5
68700;BOT_TAKER;SUBMISSION;VELVETFRUIT_EXTRACT;XIRECS;5278.0;3
68800;BOT_MAKER;BOT_TAKER;VELVETFRUIT_EXTRACT;XIRECS;5274.0;6
68900;BOT_TAKER;BOT_MAKER;HYDROGEL_PACK;XIRECS;10024.0;2
68900;BOT_MAKER;BOT_TAKER;VELVETFRUIT_EXTRACT;XIRECS;5275.0;11
68900;BOT_TAKER;BOT_MAKER;VEV_4000;XIRECS;1289.0;2
68900;BOT_TAKER;BOT_MAKER;VEV_5500;XIRECS;8.0;3
69000;BOT_MAKER;BOT_TAKER;HYDROGEL_PACK;XIRECS;10009.0;2
69000;BOT_MAKER;BOT_TAKER;VELVETFRUIT_EXTRACT;XIRECS;5277.0;6
69200;BOT_MAKER;BOT_TAKER;HYDROGEL_PACK;XIRECS;10008.0;2
69200;BOT_TAKER;BOT_MAKER;VELVETFRUIT_EXTRACT;XIRECS;5282.0;3
69300;BOT_TAKER;BOT_MAKER;VELVETFRUIT_EXTRACT;XIRECS;5281.0;5
69400;BOT_MAKER;BOT_TAKER;HYDROGEL_PACK;XIRECS;10010.0;4
69400;BOT_TAKER;BOT_MAKER;VEV_6000;XIRECS;1.0;5
69600;BOT_TAKER;BOT_MAKER;HYDROGEL_PACK;XIRECS;10022.0;2
69600;BOT_TAKER;BOT_MAKER;VELVETFRUIT_EXTRACT;XIRECS;5279.0;7
69600;BOT_MAKER;BOT_TAKER;VEV_4000;XIRECS;1266.0;3
69600;BOT_TAKER;BOT_MAKER;VEV_5300;XIRECS;58.0;3
69700;BOT_MAKER;BOT_TAKER;VELVETFRUIT_EXTRACT;XIRECS;5273.0;6
69700;BOT_TAKER;BOT_MAKER;VEV_4000;XIRECS;1288.0;1
69900;BOT_MAKER;BOT_TAKER;HYDROGEL_PACK;XIRECS;10002.0;4
69900;BOT_TAKER;BOT_MAKER;VELVETFRUIT_EXTRACT;XIRECS;5282.0;5
70000;BOT_TAKER;BOT_MAKER;VELVETFRUIT_EXTRACT;XIRECS;5282.0;4
70100;SUBMISSION;BOT_TAKER;VELVETFRUIT_EXTRACT;XIRECS;5278.0;5
70100;BOT_MAKER;BOT_TAKER;VELVETFRUIT_EXTRACT;XIRECS;5277.0;1
70200;BOT_MAKER;BOT_TAKER;VELVETFRUIT_EXTRACT;XIRECS;5278.0;6
70200;BOT_TAKER;SUBMISSION;HYDROGEL_PACK;XIRECS;10024.0;4
70300;BOT_MAKER;BOT_TAKER;HYDROGEL_PACK;XIRECS;10009.0;5
70300;BOT_TAKER;BOT_MAKER;VEV_6500;XIRECS;1.0;2
70300;BOT_TAKER;SUBMISSION;VELVETFRUIT_EXTRACT;XIRECS;5280.0;5
70300;BOT_TAKER;BOT_MAKER;VELVETFRUIT_EXTRACT;XIRECS;5281.0;1
70400;BOT_MAKER;BOT_TAKER;VELVETFRUIT_EXTRACT;XIRECS;5278.0;8
70500;BOT_MAKER;BOT_TAKER;HYDROGEL_PACK;XIRECS;10013.0;4
70500;BOT_TAKER;BOT_MAKER;VELVETFRUIT_EXTRACT;XIRECS;5282.0;4
70500;BOT_MAKER;BOT_TAKER;VEV_5400;XIRECS;15.0;5
70700;BOT_MAKER;BOT_TAKER;VELVETFRUIT_EXTRACT;XIRECS;5277.0;3
70800;BOT_TAKER;BOT_MAKER;HYDROGEL_PACK;XIRECS;10029.0;3
70800;BOT_TAKER;BOT_MAKER;VEV_6000;XIRECS;1.0;2
70900;BOT_MAKER;BOT_TAKER;HYDROGEL_PACK;XIRECS;10011.0;6
71000;BOT_MAKER;BOT_TAKER;VELVETFRUIT_EXTRACT;XIRECS;5277.0;7
71000;BOT_TAKER;BOT_MAKER;VEV_4000;XIRECS;1290.0;3
71000;BOT_MAKER;BOT_TAKER;VEV_6000;XIRECS;0.0;2
71000;BOT_MAKER;BOT_TAKER;VEV_6500;XIRECS;0.0;5
71100;BOT_MAKER;BOT_TAKER;HYDROGEL_PACK;XIRECS;10017.0;3
71200;BOT_MAKER;BOT_TAKER;VEV_6500;XIRECS;0.0;2
71300;BOT_MAKER;BOT_TAKER;VELVETFRUIT_EXTRACT;XIRECS;5274.0;5
71300;BOT_TAKER;BOT_MAKER;VEV_5300;XIRECS;56.0;3
71300;BOT_MAKER;BOT_TAKER;VEV_6500;XIRECS;0.0;5
71600;BOT_MAKER;BOT_TAKER;VELVETFRUIT_EXTRACT;XIRECS;5277.0;3
71700;BOT_MAKER;BOT_TAKER;VELVETFRUIT_EXTRACT;XIRECS;5278.0;5
71900;BOT_MAKER;BOT_TAKER;VEV_4000;XIRECS;1263.0;2
71900;BOT_TAKER;SUBMISSION;VELVETFRUIT_EXTRACT;XIRECS;5281.0;5
71900;BOT_TAKER;BOT_MAKER;VELVETFRUIT_EXTRACT;XIRECS;5282.0;6
72000;BOT_MAKER;BOT_TAKER;HYDROGEL_PACK;XIRECS;10016.0;6
72000;BOT_MAKER;BOT_TAKER;VELVETFRUIT_EXTRACT;XIRECS;5277.0;4
72100;BOT_TAKER;BOT_MAKER;VELVETFRUIT_EXTRACT;XIRECS;5282.0;5
72100;BOT_TAKER;BOT_MAKER;VEV_6000;XIRECS;1.0;2
72400;BOT_TAKER;BOT_MAKER;HYDROGEL_PACK;XIRECS;10031.0;2
72400;BOT_TAKER;BOT_MAKER;VEV_4000;XIRECS;1284.0;1
72400;BOT_TAKER;BOT_MAKER;VEV_5500;XIRECS;7.0;5
72400;BOT_MAKER;BOT_TAKER;VEV_6000;XIRECS;0.0;2
72500;BOT_TAKER;BOT_MAKER;VELVETFRUIT_EXTRACT;XIRECS;5285.0;6
72500;BOT_MAKER;BOT_TAKER;VELVETFRUIT_EXTRACT;XIRECS;5279.0;8
72500;SUBMISSION;BOT_TAKER;VELVETFRUIT_EXTRACT;XIRECS;5280.0;5
72500;BOT_MAKER;BOT_TAKER;VELVETFRUIT_EXTRACT;XIRECS;5279.0;8
72600;BOT_MAKER;BOT_TAKER;HYDROGEL_PACK;XIRECS;10017.0;2
72600;BOT_TAKER;BOT_MAKER;VELVETFRUIT_EXTRACT;XIRECS;5284.0;6
72700;BOT_TAKER;BOT_MAKER;HYDROGEL_PACK;XIRECS;10032.0;5
72700;BOT_TAKER;BOT_MAKER;VELVETFRUIT_EXTRACT;XIRECS;5286.0;10
72700;SUBMISSION;BOT_TAKER;HYDROGEL_PACK;XIRECS;10017.0;3
72800;SUBMISSION;BOT_TAKER;VEV_4000;XIRECS;1260.0;2
72900;BOT_MAKER;BOT_TAKER;VELVETFRUIT_EXTRACT;XIRECS;5279.0;7
72900;BOT_MAKER;BOT_TAKER;VEV_5300;XIRECS;56.0;4
72900;BOT_MAKER;BOT_TAKER;VEV_6000;XIRECS;0.0;3
73000;BOT_MAKER;BOT_TAKER;HYDROGEL_PACK;XIRECS;10021.0;3
73100;BOT_TAKER;BOT_MAKER;HYDROGEL_PACK;XIRECS;10037.0;3
73100;BOT_MAKER;BOT_TAKER;VEV_6000;XIRECS;0.0;4
73100;BOT_TAKER;SUBMISSION;VEV_4000;XIRECS;1279.0;1
73200;BOT_MAKER;BOT_TAKER;VELVETFRUIT_EXTRACT;XIRECS;5281.0;6
73200;BOT_TAKER;BOT_MAKER;VEV_5500;XIRECS;7.0;4
73300;BOT_TAKER;BOT_MAKER;VELVETFRUIT_EXTRACT;XIRECS;5287.0;3
73300;BOT_TAKER;BOT_MAKER;VELVETFRUIT_EXTRACT;XIRECS;5287.0;7
73300;BOT_TAKER;BOT_MAKER;VEV_4000;XIRECS;1280.0;1
73400;BOT_TAKER;BOT_MAKER;VELVETFRUIT_EXTRACT;XIRECS;5284.0;4
73400;BOT_MAKER;BOT_TAKER;VEV_4000;XIRECS;1258.0;1
73500;BOT_TAKER;BOT_MAKER;HYDROGEL_PACK;XIRECS;10039.0;5
73500;BOT_TAKER;BOT_MAKER;VEV_4000;XIRECS;1279.0;1
73500;SUBMISSION;BOT_TAKER;HYDROGEL_PACK;XIRECS;10024.0;2
73600;BOT_TAKER;BOT_MAKER;HYDROGEL_PACK;XIRECS;10035.0;5
73600;BOT_MAKER;BOT_TAKER;VEV_6000;XIRECS;0.0;2
73700;BOT_TAKER;BOT_MAKER;HYDROGEL_PACK;XIRECS;10031.0;3
73700;BOT_TAKER;BOT_MAKER;VELVETFRUIT_EXTRACT;XIRECS;5280.0;8
73700;BOT_MAKER;BOT_TAKER;VEV_6500;XIRECS;0.0;3
73800;BOT_TAKER;BOT_MAKER;VELVETFRUIT_EXTRACT;XIRECS;5281.0;6
73800;BOT_MAKER;BOT_TAKER;VEV_4000;XIRECS;1259.0;2
73900;BOT_MAKER;BOT_TAKER;HYDROGEL_PACK;XIRECS;10011.0;5
74000;BOT_MAKER;BOT_TAKER;VELVETFRUIT_EXTRACT;XIRECS;5275.0;6
74000;BOT_TAKER;BOT_MAKER;VEV_4000;XIRECS;1282.0;1
74000;BOT_TAKER;BOT_MAKER;VEV_5500;XIRECS;8.0;4
74200;BOT_MAKER;BOT_TAKER;VELVETFRUIT_EXTRACT;XIRECS;5276.0;6
74300;BOT_TAKER;BOT_MAKER;HYDROGEL_PACK;XIRECS;10032.0;4
74400;BOT_TAKER;BOT_MAKER;HYDROGEL_PACK;XIRECS;10033.0;4
74500;BOT_TAKER;BOT_MAKER;HYDROGEL_PACK;XIRECS;10032.0;3
74500;BOT_MAKER;BOT_TAKER;VEV_5500;XIRECS;6.0;5
74600;BOT_MAKER;BOT_TAKER;HYDROGEL_PACK;XIRECS;10016.0;4
74600;BOT_MAKER;BOT_TAKER;VEV_6500;XIRECS;0.0;4
74700;BOT_MAKER;BOT_TAKER;VEV_5500;XIRECS;6.0;4
74800;BOT_TAKER;BOT_MAKER;VEV_6000;XIRECS;1.0;3
74900;BOT_TAKER;BOT_MAKER;HYDROGEL_PACK;XIRECS;10038.0;3
74900;BOT_TAKER;BOT_MAKER;VEV_4000;XIRECS;1287.0;1
75100;BOT_MAKER;BOT_TAKER;HYDROGEL_PACK;XIRECS;10014.0;6
75100;BOT_TAKER;BOT_MAKER;VELVETFRUIT_EXTRACT;XIRECS;5276.0;4
75400;BOT_TAKER;BOT_MAKER;HYDROGEL_PACK;XIRECS;10030.0;5
75500;BOT_MAKER;BOT_TAKER;VELVETFRUIT_EXTRACT;XIRECS;5272.0;4
75500;BOT_TAKER;BOT_MAKER;VEV_6500;XIRECS;1.0;4
75600;BOT_MAKER;BOT_TAKER;HYDROGEL_PACK;XIRECS;10008.0;4
75600;BOT_TAKER;BOT_MAKER;VEV_6000;XIRECS;1.0;4
75700;BOT_MAKER;BOT_TAKER;VELVETFRUIT_EXTRACT;XIRECS;5270.0;10
75800;BOT_MAKER;BOT_TAKER;VELVETFRUIT_EXTRACT;XIRECS;5270.0;7
75800;BOT_MAKER;BOT_TAKER;VEV_6000;XIRECS;0.0;5
75800;SUBMISSION;BOT_TAKER;HYDROGEL_PACK;XIRECS;10004.0;5
75900;BOT_TAKER;BOT_MAKER;VELVETFRUIT_EXTRACT;XIRECS;5276.0;7
76100;BOT_TAKER;BOT_MAKER;VELVETFRUIT_EXTRACT;XIRECS;5278.0;8
76100;BOT_TAKER;BOT_MAKER;VEV_5500;XIRECS;7.0;2
76200;BOT_TAKER;BOT_MAKER;HYDROGEL_PACK;XIRECS;10019.0;2
76200;BOT_MAKER;BOT_TAKER;VELVETFRUIT_EXTRACT;XIRECS;5272.0;4
76200;BOT_TAKER;BOT_MAKER;VEV_4000;XIRECS;1291.0;2
76300;BOT_TAKER;BOT_MAKER;VEV_5500;XIRECS;7.0;3
76400;BOT_MAKER;BOT_TAKER;VEV_5300;XIRECS;53.0;2
76500;BOT_TAKER;BOT_MAKER;VELVETFRUIT_EXTRACT;XIRECS;5281.0;3
76500;BOT_TAKER;BOT_MAKER;VEV_6500;XIRECS;1.0;5
76600;BOT_TAKER;BOT_MAKER;VEV_6000;XIRECS;1.0;5
76700;BOT_TAKER;BOT_MAKER;VEV_4000;XIRECS;1290.0;1
76700;BOT_MAKER;BOT_TAKER;VEV_5400;XIRECS;15.0;4
76800;BOT_MAKER;BOT_TAKER;VELVETFRUIT_EXTRACT;XIRECS;5276.0;10
76900;BOT_TAKER;BOT_MAKER;VELVETFRUIT_EXTRACT;XIRECS;5282.0;5
76900;BOT_MAKER;BOT_TAKER;VELVETFRUIT_EXTRACT;XIRECS;5276.0;6
77000;BOT_TAKER;BOT_MAKER;VEV_4000;XIRECS;1290.0;2
77100;BOT_MAKER;BOT_TAKER;VELVETFRUIT_EXTRACT;XIRECS;5276.0;8
77200;BOT_TAKER;BOT_MAKER;VELVETFRUIT_EXTRACT;XIRECS;5281.0;7
77300;BOT_TAKER;BOT_MAKER;HYDROGEL_PACK;XIRECS;10020.0;6
77300;BOT_TAKER;BOT_MAKER;VELVETFRUIT_EXTRACT;XIRECS;5282.0;5
77300;SUBMISSION;BOT_TAKER;VELVETFRUIT_EXTRACT;XIRECS;5278.0;5
77300;BOT_MAKER;BOT_TAKER;VELVETFRUIT_EXTRACT;XIRECS;5277.0;1
77400;BOT_MAKER;BOT_TAKER;VELVETFRUIT_EXTRACT;XIRECS;5276.0;6
77500;BOT_MAKER;BOT_TAKER;HYDROGEL_PACK;XIRECS;10002.0;3
77500;BOT_TAKER;BOT_MAKER;VELVETFRUIT_EXTRACT;XIRECS;5281.0;8
77600;BOT_TAKER;BOT_MAKER;HYDROGEL_PACK;XIRECS;10018.0;4
77600;BOT_TAKER;BOT_MAKER;VELVETFRUIT_EXTRACT;XIRECS;5282.0;5
77600;BOT_TAKER;BOT_MAKER;VEV_6500;XIRECS;1.0;4
77700;BOT_TAKER;BOT_MAKER;HYDROGEL_PACK;XIRECS;10021.0;3
77700;BOT_TAKER;BOT_MAKER;VELVETFRUIT_EXTRACT;XIRECS;5281.0;7
77700;BOT_MAKER;BOT_TAKER;VEV_6000;XIRECS;0.0;4
77700;BOT_TAKER;BOT_MAKER;VEV_6500;XIRECS;1.0;3
77900;BOT_MAKER;BOT_TAKER;VELVETFRUIT_EXTRACT;XIRECS;5278.0;4
78000;BOT_MAKER;BOT_TAKER;VELVETFRUIT_EXTRACT;XIRECS;5278.0;5
78100;BOT_MAKER;BOT_TAKER;VELVETFRUIT_EXTRACT;XIRECS;5278.0;9
78100;BOT_TAKER;BOT_MAKER;VEV_5300;XIRECS;54.0;2
78200;BOT_MAKER;BOT_TAKER;VEV_4000;XIRECS;1271.0;3
78200;BOT_TAKER;BOT_MAKER;VEV_5500;XIRECS;8.0;4
78300;BOT_MAKER;BOT_TAKER;HYDROGEL_PACK;XIRECS;10004.0;2
78300;BOT_MAKER;BOT_TAKER;VEV_4000;XIRECS;1271.0;3
78400;BOT_TAKER;BOT_MAKER;HYDROGEL_PACK;XIRECS;10024.0;2
78400;BOT_TAKER;BOT_MAKER;VELVETFRUIT_EXTRACT;XIRECS;5283.0;8
78500;BOT_MAKER;BOT_TAKER;HYDROGEL_PACK;XIRECS;10008.0;2
78600;BOT_TAKER;BOT_MAKER;VEV_4000;XIRECS;1297.0;1
78600;BOT_TAKER;BOT_MAKER;VEV_5300;XIRECS;52.0;5
78700;BOT_TAKER;BOT_MAKER;VELVETFRUIT_EXTRACT;XIRECS;5285.0;3
78800;BOT_MAKER;BOT_TAKER;HYDROGEL_PACK;XIRECS;10005.0;6
78900;BOT_TAKER;BOT_MAKER;HYDROGEL_PACK;XIRECS;10020.0;4
78900;BOT_TAKER;SUBMISSION;VEV_4000;XIRECS;1295.0;3
79000;BOT_TAKER;BOT_MAKER;HYDROGEL_PACK;XIRECS;10021.0;4
79000;BOT_TAKER;BOT_MAKER;VEV_5400;XIRECS;17.0;5
79000;BOT_TAKER;BOT_MAKER;VEV_6000;XIRECS;1.0;4
79000;BOT_TAKER;SUBMISSION;VELVETFRUIT_EXTRACT;XIRECS;5282.0;5
79000;BOT_TAKER;BOT_MAKER;VELVETFRUIT_EXTRACT;XIRECS;5283.0;3
79200;BOT_MAKER;BOT_TAKER;VEV_5300;XIRECS;50.0;5
79500;BOT_MAKER;BOT_TAKER;VELVETFRUIT_EXTRACT;XIRECS;5280.0;7
79600;BOT_TAKER;BOT_MAKER;VEV_5500;XIRECS;8.0;2
79600;BOT_MAKER;BOT_TAKER;VEV_5500;XIRECS;7.0;4
79600;SUBMISSION;BOT_TAKER;VELVETFRUIT_EXTRACT;XIRECS;5281.0;3
79700;BOT_MAKER;BOT_TAKER;VEV_4000;XIRECS;1275.0;2
79700;BOT_TAKER;SUBMISSION;HYDROGEL_PACK;XIRECS;10014.0;3
79800;BOT_TAKER;BOT_MAKER;VEV_4000;XIRECS;1297.0;1
80000;BOT_MAKER;BOT_TAKER;VEV_4000;XIRECS;1277.0;3
80100;BOT_MAKER;BOT_TAKER;VEV_5500;XIRECS;7.0;3
80100;SUBMISSION;BOT_TAKER;VELVETFRUIT_EXTRACT;XIRECS;5283.0;4
80200;BOT_MAKER;BOT_TAKER;VEV_5500;XIRECS;7.0;2
80300;BOT_MAKER;BOT_TAKER;VELVETFRUIT_EXTRACT;XIRECS;5282.0;4
80400;BOT_TAKER;BOT_MAKER;HYDROGEL_PACK;XIRECS;10007.0;4
80400;BOT_MAKER;BOT_TAKER;VELVETFRUIT_EXTRACT;XIRECS;5283.0;4
80500;BOT_TAKER;BOT_MAKER;HYDROGEL_PACK;XIRECS;10007.0;2
80500;BOT_TAKER;BOT_MAKER;VEV_4000;XIRECS;1298.0;3
80600;BOT_TAKER;BOT_MAKER;VELVETFRUIT_EXTRACT;XIRECS;5288.0;5
80600;SUBMISSION;BOT_TAKER;VELVETFRUIT_EXTRACT;XIRECS;5283.0;5
80600;BOT_MAKER;BOT_TAKER;VELVETFRUIT_EXTRACT;XIRECS;5282.0;3
80700;BOT_TAKER;BOT_MAKER;HYDROGEL_PACK;XIRECS;10006.0;3
80700;BOT_TAKER;BOT_MAKER;VELVETFRUIT_EXTRACT;XIRECS;5287.0;8
80700;BOT_MAKER;BOT_TAKER;VEV_6500;XIRECS;0.0;4
80700;BOT_TAKER;SUBMISSION;VEV_4000;XIRECS;1298.0;1
80900;BOT_TAKER;SUBMISSION;VELVETFRUIT_EXTRACT;XIRECS;5282.0;5
80900;BOT_TAKER;BOT_MAKER;VELVETFRUIT_EXTRACT;XIRECS;5283.0;3
80900;BOT_TAKER;SUBMISSION;VEV_4000;XIRECS;1300.0;1
81100;BOT_MAKER;BOT_TAKER;VELVETFRUIT_EXTRACT;XIRECS;5280.0;3
81100;SUBMISSION;BOT_TAKER;VELVETFRUIT_EXTRACT;XIRECS;5281.0;5
81100;BOT_MAKER;BOT_TAKER;VELVETFRUIT_EXTRACT;XIRECS;5280.0;3
81200;BOT_TAKER;BOT_MAKER;VELVETFRUIT_EXTRACT;XIRECS;5283.0;5
81300;BOT_MAKER;BOT_TAKER;VELVETFRUIT_EXTRACT;XIRECS;5279.0;8
81400;BOT_MAKER;BOT_TAKER;VELVETFRUIT_EXTRACT;XIRECS;5279.0;5
81400;BOT_TAKER;BOT_MAKER;VEV_4000;XIRECS;1301.0;3
81400;BOT_TAKER;BOT_MAKER;VEV_5400;XIRECS;16.0;4
81500;BOT_TAKER;BOT_MAKER;VELVETFRUIT_EXTRACT;XIRECS;5283.0;7
81500;BOT_MAKER;BOT_TAKER;VEV_5500;XIRECS;6.0;4
81500;SUBMISSION;BOT_TAKER;VELVETFRUIT_EXTRACT;XIRECS;5279.0;5
81500;BOT_MAKER;BOT_TAKER;VELVETFRUIT_EXTRACT;XIRECS;5278.0;6
81600;BOT_TAKER;BOT_MAKER;HYDROGEL_PACK;XIRECS;10011.0;4
81600;BOT_TAKER;BOT_MAKER;VEV_5300;XIRECS;53.0;2
81600;BOT_TAKER;SUBMISSION;HYDROGEL_PACK;XIRECS;10010.0;2
81800;BOT_MAKER;BOT_TAKER;HYDROGEL_PACK;XIRECS;9993.0;5
82000;BOT_MAKER;BOT_TAKER;VELVETFRUIT_EXTRACT;XIRECS;5282.0;5
82000;BOT_TAKER;BOT_MAKER;VEV_4000;XIRECS;1300.0;1
82100;BOT_TAKER;BOT_MAKER;VEV_5300;XIRECS;52.0;2
82200;BOT_TAKER;BOT_MAKER;VELVETFRUIT_EXTRACT;XIRECS;5287.0;4
82200;BOT_TAKER;BOT_MAKER;VELVETFRUIT_EXTRACT;XIRECS;5287.0;5
82200;BOT_MAKER;BOT_TAKER;VEV_4000;XIRECS;1280.0;3
82300;BOT_MAKER;BOT_TAKER;HYDROGEL_PACK;XIRECS;9984.0;6
82400;BOT_TAKER;BOT_MAKER;VEV_4000;XIRECS;1302.0;3
82400;BOT_MAKER;BOT_TAKER;VEV_6000;XIRECS;0.0;2
82500;BOT_TAKER;BOT_MAKER;VELVETFRUIT_EXTRACT;XIRECS;5288.0;3
82500;BOT_MAKER;BOT_TAKER;VEV_5300;XIRECS;47.0;1
82600;BOT_TAKER;BOT_MAKER;HYDROGEL_PACK;XIRECS;10001.0;6
82600;BOT_MAKER;BOT_TAKER;VELVETFRUIT_EXTRACT;XIRECS;5286.0;5
82700;BOT_TAKER;BOT_MAKER;VEV_4000;XIRECS;1304.0;3
82800;BOT_MAKER;BOT_TAKER;VEV_4000;XIRECS;1283.0;1
82800;BOT_TAKER;BOT_MAKER;VEV_6500;XIRECS;1.0;3
82900;BOT_MAKER;BOT_TAKER;HYDROGEL_PACK;XIRECS;9985.0;3
82900;BOT_TAKER;BOT_MAKER;VEV_5400;XIRECS;18.0;5
83000;BOT_TAKER;BOT_MAKER;HYDROGEL_PACK;XIRECS;9997.0;6
83000;BOT_MAKER;BOT_TAKER;VELVETFRUIT_EXTRACT;XIRECS;5285.0;5
83000;BOT_TAKER;BOT_MAKER;VELVETFRUIT_EXTRACT;XIRECS;5291.0;8
83000;BOT_TAKER;BOT_MAKER;VEV_5300;XIRECS;48.0;3
83100;BOT_TAKER;BOT_MAKER;VEV_5500;XIRECS;7.0;5
83200;BOT_TAKER;BOT_MAKER;VELVETFRUIT_EXTRACT;XIRECS;5292.0;3
83300;BOT_MAKER;BOT_TAKER;VELVETFRUIT_EXTRACT;XIRECS;5286.0;5
83400;BOT_MAKER;BOT_TAKER;VEV_5500;XIRECS;6.0;2
83400;BOT_MAKER;BOT_TAKER;VEV_6000;XIRECS;0.0;4
83500;BOT_MAKER;BOT_TAKER;HYDROGEL_PACK;XIRECS;9973.0;4
83600;BOT_TAKER;BOT_MAKER;VELVETFRUIT_EXTRACT;XIRECS;5289.0;9
83700;BOT_TAKER;BOT_MAKER;HYDROGEL_PACK;XIRECS;9988.0;4
83700;BOT_MAKER;BOT_TAKER;VEV_6000;XIRECS;0.0;2
83800;BOT_TAKER;BOT_MAKER;HYDROGEL_PACK;XIRECS;9985.0;2
83900;BOT_TAKER;BOT_MAKER;VEV_4000;XIRECS;1297.0;2
84000;BOT_MAKER;BOT_TAKER;HYDROGEL_PACK;XIRECS;9966.0;3
84000;BOT_MAKER;BOT_TAKER;VELVETFRUIT_EXTRACT;XIRECS;5281.0;8
84100;BOT_TAKER;BOT_MAKER;VELVETFRUIT_EXTRACT;XIRECS;5286.0;6
84200;BOT_MAKER;BOT_TAKER;HYDROGEL_PACK;XIRECS;9965.0;2
84200;BOT_TAKER;BOT_MAKER;VEV_6500;XIRECS;1.0;3
84400;BOT_TAKER;BOT_MAKER;VELVETFRUIT_EXTRACT;XIRECS;5289.0;3
84500;BOT_MAKER;BOT_TAKER;HYDROGEL_PACK;XIRECS;9965.0;6
84500;BOT_MAKER;BOT_TAKER;VELVETFRUIT_EXTRACT;XIRECS;5285.0;4
84600;BOT_TAKER;BOT_MAKER;HYDROGEL_PACK;XIRECS;9982.0;3
84600;BOT_TAKER;BOT_MAKER;VEV_5400;XIRECS;15.0;2
84700;BOT_TAKER;BOT_MAKER;VEV_4000;XIRECS;1299.0;2
84800;BOT_TAKER;BOT_MAKER;VELVETFRUIT_EXTRACT;XIRECS;5291.0;4
84800;BOT_TAKER;BOT_MAKER;VEV_5400;XIRECS;16.0;4
84800;BOT_TAKER;BOT_MAKER;VEV_6000;XIRECS;1.0;3
84900;BOT_MAKER;BOT_TAKER;VELVETFRUIT_EXTRACT;XIRECS;5287.0;4
84900;SUBMISSION;BOT_TAKER;HYDROGEL_PACK;XIRECS;9965.0;3
85000;BOT_TAKER;BOT_MAKER;VELVETFRUIT_EXTRACT;XIRECS;5292.0;7
85000;BOT_TAKER;BOT_MAKER;VELVETFRUIT_EXTRACT;XIRECS;5292.0;7
85100;BOT_TAKER;BOT_MAKER;HYDROGEL_PACK;XIRECS;9981.0;6
85100;BOT_TAKER;BOT_MAKER;VEV_6000;XIRECS;1.0;5
85200;BOT_TAKER;BOT_MAKER;VELVETFRUIT_EXTRACT;XIRECS;5290.0;4
85200;BOT_TAKER;SUBMISSION;HYDROGEL_PACK;XIRECS;9982.0;5
85200;BOT_TAKER;BOT_MAKER;HYDROGEL_PACK;XIRECS;9983.0;1
85300;BOT_MAKER;BOT_TAKER;HYDROGEL_PACK;XIRECS;9968.0;4
85300;BOT_TAKER;BOT_MAKER;VELVETFRUIT_EXTRACT;XIRECS;5291.0;3
85300;BOT_TAKER;BOT_MAKER;VEV_5500;XIRECS;7.0;2
85400;BOT_TAKER;BOT_MAKER;HYDROGEL_PACK;XIRECS;9982.0;2
85400;BOT_TAKER;BOT_MAKER;VELVETFRUIT_EXTRACT;XIRECS;5291.0;12
85500;BOT_TAKER;BOT_MAKER;VEV_4000;XIRECS;1299.0;2
85500;BOT_MAKER;BOT_TAKER;VEV_6500;XIRECS;0.0;4
85600;BOT_TAKER;BOT_MAKER;VELVETFRUIT_EXTRACT;XIRECS;5291.0;3
85600;SUBMISSION;BOT_TAKER;VELVETFRUIT_EXTRACT;XIRECS;5287.0;5
85600;BOT_MAKER;BOT_TAKER;VELVETFRUIT_EXTRACT;XIRECS;5286.0;5
85800;BOT_TAKER;BOT_MAKER;VELVETFRUIT_EXTRACT;XIRECS;5290.0;14
85900;BOT_MAKER;BOT_TAKER;VEV_6000;XIRECS;0.0;2
86000;BOT_MAKER;BOT_TAKER;VELVETFRUIT_EXTRACT;XIRECS;5287.0;5
86100;BOT_MAKER;BOT_TAKER;VEV_6500;XIRECS;0.0;5
86200;BOT_MAKER;BOT_TAKER;HYDROGEL_PACK;XIRECS;9966.0;3
86200;BOT_MAKER;BOT_TAKER;VELVETFRUIT_EXTRACT;XIRECS;5288.0;8
86200;BOT_MAKER;BOT_TAKER;VEV_4000;XIRECS;1275.0;1
86200;BOT_MAKER;BOT_TAKER;VEV_6500;XIRECS;0.0;4
86200;SUBMISSION;BOT_TAKER;HYDROGEL_PACK;XIRECS;9967.0;5
86300;BOT_MAKER;BOT_TAKER;VEV_4000;XIRECS;1276.0;3
86300;BOT_MAKER;BOT_TAKER;VEV_6000;XIRECS;0.0;5
86400;BOT_MAKER;BOT_TAKER;HYDROGEL_PACK;XIRECS;9972.0;2
86500;BOT_TAKER;BOT_MAKER;VEV_6500;XIRECS;1.0;2
86700;BOT_TAKER;BOT_MAKER;VELVETFRUIT_EXTRACT;XIRECS;5289.0;7
86800;BOT_TAKER;BOT_MAKER;HYDROGEL_PACK;XIRECS;9988.0;6
87000;BOT_MAKER;BOT_TAKER;HYDROGEL_PACK;XIRECS;9964.0;4
87100;BOT_TAKER;BOT_MAKER;HYDROGEL_PACK;XIRECS;9982.0;6
87200;BOT_MAKER;BOT_TAKER;VEV_4000;XIRECS;1278.0;3
87300;BOT_MAKER;BOT_TAKER;HYDROGEL_PACK;XIRECS;9969.0;3
87300;BOT_TAKER;BOT_MAKER;VELVETFRUIT_EXTRACT;XIRECS;5287.0;4
87400;BOT_MAKER;BOT_TAKER;HYDROGEL_PACK;XIRECS;9971.0;3
87500;BOT_TAKER;BOT_MAKER;VEV_4000;XIRECS;1300.0;3
87600;BOT_MAKER;BOT_TAKER;VELVETFRUIT_EXTRACT;XIRECS;5282.0;6
87700;BOT_MAKER;BOT_TAKER;VEV_5500;XIRECS;6.0;2
87800;BOT_TAKER;BOT_MAKER;HYDROGEL_PACK;XIRECS;9987.0;6
87900;BOT_MAKER;BOT_TAKER;VEV_4000;XIRECS;1279.0;2
87900;BOT_MAKER;BOT_TAKER;VEV_6000;XIRECS;0.0;3
88000;BOT_TAKER;SUBMISSION;VEV_4000;XIRECS;1301.0;3
88100;BOT_MAKER;BOT_TAKER;VEV_4000;XIRECS;1280.0;1
88100;BOT_MAKER;BOT_TAKER;VEV_5500;XIRECS;6.0;4
88200;BOT_TAKER;SUBMISSION;HYDROGEL_PACK;XIRECS;9995.0;5
88300;BOT_TAKER;BOT_MAKER;HYDROGEL_PACK;XIRECS;9997.0;3
88400;BOT_MAKER;BOT_TAKER;VELVETFRUIT_EXTRACT;XIRECS;5281.0;6
88500;BOT_TAKER;BOT_MAKER;VEV_5500;XIRECS;7.0;4
88600;BOT_MAKER;BOT_TAKER;VEV_5400;XIRECS;14.0;3
88600;BOT_MAKER;BOT_TAKER;VEV_5500;XIRECS;6.0;4
88700;BOT_TAKER;BOT_MAKER;VELVETFRUIT_EXTRACT;XIRECS;5287.0;4
88700;BOT_TAKER;BOT_MAKER;VELVETFRUIT_EXTRACT;XIRECS;5287.0;4
88800;BOT_MAKER;BOT_TAKER;VELVETFRUIT_EXTRACT;XIRECS;5281.0;7
88800;BOT_TAKER;BOT_MAKER;VELVETFRUIT_EXTRACT;XIRECS;5286.0;7
88800;BOT_MAKER;BOT_TAKER;VEV_6500;XIRECS;0.0;3
88900;BOT_TAKER;BOT_MAKER;HYDROGEL_PACK;XIRECS;9993.0;5
88900;BOT_MAKER;BOT_TAKER;VEV_4000;XIRECS;1280.0;3
88900;BOT_MAKER;BOT_TAKER;VEV_5400;XIRECS;14.0;2
88900;BOT_MAKER;BOT_TAKER;VEV_6500;XIRECS;0.0;2
89100;SUBMISSION;BOT_TAKER;VEV_4000;XIRECS;1282.0;2
89200;BOT_TAKER;BOT_MAKER;VEV_4000;XIRECS;1303.0;1
89300;BOT_MAKER;BOT_TAKER;VELVETFRUIT_EXTRACT;XIRECS;5281.0;5
89400;BOT_MAKER;BOT_TAKER;HYDROGEL_PACK;XIRECS;9982.0;2
89600;BOT_MAKER;BOT_TAKER;VELVETFRUIT_EXTRACT;XIRECS;5282.0;6
89600;BOT_TAKER;BOT_MAKER;VEV_5400;XIRECS;16.0;2
89600;BOT_TAKER;BOT_MAKER;VEV_6500;XIRECS;1.0;3
89700;BOT_MAKER;BOT_TAKER;HYDROGEL_PACK;XIRECS;9985.0;2
89700;BOT_TAKER;BOT_MAKER;VELVETFRUIT_EXTRACT;XIRECS;5288.0;3
89900;BOT_TAKER;BOT_MAKER;VEV_6000;XIRECS;1.0;5
90000;BOT_MAKER;BOT_TAKER;HYDROGEL_PACK;XIRECS;9984.0;3
90100;BOT_MAKER;BOT_TAKER;HYDROGEL_PACK;XIRECS;9988.0;6
90200;BOT_MAKER;BOT_TAKER;HYDROGEL_PACK;XIRECS;9986.0;6
90200;BOT_MAKER;BOT_TAKER;VEV_6500;XIRECS;0.0;5
90300;BOT_TAKER;BOT_MAKER;HYDROGEL_PACK;XIRECS;10000.0;6
90300;BOT_TAKER;BOT_MAKER;VELVETFRUIT_EXTRACT;XIRECS;5286.0;8
90300;BOT_TAKER;BOT_MAKER;VEV_6500;XIRECS;1.0;5
90500;BOT_TAKER;BOT_MAKER;VELVETFRUIT_EXTRACT;XIRECS;5287.0;5
90600;BOT_TAKER;BOT_MAKER;VELVETFRUIT_EXTRACT;XIRECS;5287.0;8
90600;BOT_TAKER;BOT_MAKER;VEV_6000;XIRECS;1.0;4
90700;BOT_MAKER;BOT_TAKER;HYDROGEL_PACK;XIRECS;9973.0;4
90800;BOT_TAKER;BOT_MAKER;HYDROGEL_PACK;XIRECS;9989.0;2
90900;BOT_TAKER;BOT_MAKER;VELVETFRUIT_EXTRACT;XIRECS;5285.0;5
90900;BOT_TAKER;BOT_MAKER;VEV_6000;XIRECS;1.0;5
90900;BOT_TAKER;BOT_MAKER;VEV_6500;XIRECS;1.0;5
91000;BOT_MAKER;BOT_TAKER;VELVETFRUIT_EXTRACT;XIRECS;5281.0;8
91100;BOT_MAKER;BOT_TAKER;VELVETFRUIT_EXTRACT;XIRECS;5280.0;14
91100;BOT_TAKER;BOT_MAKER;VEV_4000;XIRECS;1305.0;2
91200;BOT_MAKER;BOT_TAKER;VELVETFRUIT_EXTRACT;XIRECS;5281.0;8
91300;BOT_MAKER;BOT_TAKER;HYDROGEL_PACK;XIRECS;9977.0;4
91300;BOT_TAKER;BOT_MAKER;VELVETFRUIT_EXTRACT;XIRECS;5285.0;4
91400;BOT_MAKER;BOT_TAKER;HYDROGEL_PACK;XIRECS;9979.0;5
91400;BOT_TAKER;BOT_MAKER;VELVETFRUIT_EXTRACT;XIRECS;5286.0;7
91400;BOT_MAKER;BOT_TAKER;VEV_5500;XIRECS;6.0;5
91500;BOT_MAKER;BOT_TAKER;HYDROGEL_PACK;XIRECS;9978.0;4
91500;BOT_MAKER;BOT_TAKER;VELVETFRUIT_EXTRACT;XIRECS;5281.0;5
91500;SUBMISSION;BOT_TAKER;HYDROGEL_PACK;XIRECS;9979.0;3
91600;BOT_MAKER;BOT_TAKER;VEV_5400;XIRECS;14.0;4
91600;BOT_TAKER;BOT_MAKER;VEV_5500;XIRECS;7.0;3
91600;BOT_MAKER;BOT_TAKER;VEV_6000;XIRECS;0.0;4
91600;BOT_TAKER;BOT_MAKER;VEV_6500;XIRECS;1.0;5
91800;BOT_MAKER;BOT_TAKER;VEV_4000;XIRECS;1282.0;1
91800;BOT_TAKER;BOT_MAKER;VEV_5500;XIRECS;7.0;5
91900;BOT_MAKER;BOT_TAKER;VELVETFRUIT_EXTRACT;XIRECS;5282.0;8
92000;BOT_TAKER;BOT_MAKER;VELVETFRUIT_EXTRACT;XIRECS;5286.0;3
92200;BOT_MAKER;BOT_TAKER;HYDROGEL_PACK;XIRECS;9984.0;6
92200;BOT_TAKER;BOT_MAKER;VELVETFRUIT_EXTRACT;XIRECS;5287.0;4
92200;BOT_TAKER;BOT_MAKER;VEV_6500;XIRECS;1.0;5
92300;BOT_TAKER;BOT_MAKER;VELVETFRUIT_EXTRACT;XIRECS;5287.0;8
92300;BOT_MAKER;BOT_TAKER;VEV_4000;XIRECS;1283.0;1
92400;BOT_TAKER;BOT_MAKER;VEV_4000;XIRECS;1305.0;1
92400;BOT_TAKER;SUBMISSION;HYDROGEL_PACK;XIRECS;9996.0;3
92500;BOT_TAKER;BOT_MAKER;HYDROGEL_PACK;XIRECS;10000.0;4
92500;BOT_TAKER;BOT_MAKER;VELVETFRUIT_EXTRACT;XIRECS;5287.0;7
92500;BOT_MAKER;BOT_TAKER;VEV_6000;XIRECS;0.0;2
92500;SUBMISSION;BOT_TAKER;VELVETFRUIT_EXTRACT;XIRECS;5282.0;5
92500;BOT_MAKER;BOT_TAKER;VELVETFRUIT_EXTRACT;XIRECS;5281.0;3
92600;BOT_MAKER;BOT_TAKER;VELVETFRUIT_EXTRACT;XIRECS;5283.0;6
92600;BOT_TAKER;BOT_MAKER;VEV_5400;XIRECS;15.0;5
92600;BOT_TAKER;SUBMISSION;VELVETFRUIT_EXTRACT;XIRECS;5288.0;4
92700;BOT_TAKER;BOT_MAKER;HYDROGEL_PACK;XIRECS;10000.0;6
93000;BOT_MAKER;BOT_TAKER;VELVETFRUIT_EXTRACT;XIRECS;5285.0;7
93100;BOT_MAKER;BOT_TAKER;VEV_6500;XIRECS;0.0;4
93200;BOT_MAKER;BOT_TAKER;HYDROGEL_PACK;XIRECS;9995.0;6
93400;BOT_TAKER;BOT_MAKER;VELVETFRUIT_EXTRACT;XIRECS;5291.0;8
93400;BOT_TAKER;SUBMISSION;HYDROGEL_PACK;XIRECS;10012.0;3
93500;BOT_MAKER;BOT_TAKER;HYDROGEL_PACK;XIRECS;9995.0;3
93500;BOT_MAKER;BOT_TAKER;VEV_6500;XIRECS;0.0;2
93600;BOT_TAKER;BOT_MAKER;VEV_6000;XIRECS;1.0;5
93800;BOT_MAKER;BOT_TAKER;HYDROGEL_PACK;XIRECS;9999.0;5
93800;BOT_TAKER;BOT_MAKER;VELVETFRUIT_EXTRACT;XIRECS;5290.0;7
93800;BOT_TAKER;BOT_MAKER;VEV_4000;XIRECS;1305.0;3
93900;BOT_MAKER;BOT_TAKER;VELVETFRUIT_EXTRACT;XIRECS;5286.0;8
93900;SUBMISSION;BOT_TAKER;HYDROGEL_PACK;XIRECS;10001.0;4
94000;BOT_TAKER;BOT_MAKER;HYDROGEL_PACK;XIRECS;10016.0;2
94000;BOT_TAKER;BOT_MAKER;VELVETFRUIT_EXTRACT;XIRECS;5292.0;5
94000;BOT_TAKER;BOT_MAKER;VEV_5500;XIRECS;7.0;5
94000;BOT_MAKER;BOT_TAKER;VEV_6000;XIRECS;0.0;5
94100;BOT_TAKER;BOT_MAKER;VELVETFRUIT_EXTRACT;XIRECS;5292.0;5
94200;BOT_TAKER;BOT_MAKER;VEV_4000;XIRECS;1305.0;3
94200;BOT_MAKER;BOT_TAKER;VEV_5400;XIRECS;13.0;5
94300;BOT_TAKER;BOT_MAKER;HYDROGEL_PACK;XIRECS;10023.0;3
94300;BOT_TAKER;BOT_MAKER;VEV_5500;XIRECS;7.0;4
94400;BOT_TAKER;BOT_MAKER;HYDROGEL_PACK;XIRECS;10020.0;4
94400;BOT_TAKER;SUBMISSION;HYDROGEL_PACK;XIRECS;10019.0;4
94500;BOT_MAKER;BOT_TAKER;VELVETFRUIT_EXTRACT;XIRECS;5289.0;4
94500;BOT_MAKER;BOT_TAKER;VEV_4000;XIRECS;1282.0;3
94600;BOT_MAKER;BOT_TAKER;HYDROGEL_PACK;XIRECS;10001.0;5
94600;BOT_TAKER;BOT_MAKER;VELVETFRUIT_EXTRACT;XIRECS;5294.0;15
94700;BOT_TAKER;BOT_MAKER;VEV_6000;XIRECS;1.0;2
94700;BOT_MAKER;BOT_TAKER;VEV_6000;XIRECS;0.0;2
94800;BOT_TAKER;BOT_MAKER;VEV_5500;XIRECS;7.0;4
94900;BOT_TAKER;BOT_MAKER;VELVETFRUIT_EXTRACT;XIRECS;5296.0;5
95000;BOT_TAKER;BOT_MAKER;VELVETFRUIT_EXTRACT;XIRECS;5297.0;7
95000;SUBMISSION;BOT_TAKER;VELVETFRUIT_EXTRACT;XIRECS;5292.0;5
95000;BOT_MAKER;BOT_TAKER;VELVETFRUIT_EXTRACT;XIRECS;5291.0;2
95100;BOT_TAKER;BOT_MAKER;VELVETFRUIT_EXTRACT;XIRECS;5297.0;5
95200;BOT_TAKER;BOT_MAKER;VELVETFRUIT_EXTRACT;XIRECS;5297.0;6
95200;BOT_TAKER;BOT_MAKER;VELVETFRUIT_EXTRACT;XIRECS;5297.0;8
95200;BOT_TAKER;SUBMISSION;VELVETFRUIT_EXTRACT;XIRECS;5296.0;5
95200;BOT_TAKER;BOT_MAKER;VELVETFRUIT_EXTRACT;XIRECS;5297.0;3
95300;BOT_MAKER;BOT_TAKER;VELVETFRUIT_EXTRACT;XIRECS;5293.0;4
95400;BOT_TAKER;BOT_MAKER;HYDROGEL_PACK;XIRECS;10016.0;2
95500;BOT_TAKER;BOT_MAKER;VEV_5400;XIRECS;14.0;4
95600;BOT_MAKER;BOT_TAKER;HYDROGEL_PACK;XIRECS;9992.0;3
95600;BOT_MAKER;BOT_TAKER;VELVETFRUIT_EXTRACT;XIRECS;5295.0;4
95700;BOT_MAKER;BOT_TAKER;HYDROGEL_PACK;XIRECS;9993.0;4
95700;BOT_MAKER;BOT_TAKER;VELVETFRUIT_EXTRACT;XIRECS;5293.0;6
95900;BOT_TAKER;BOT_MAKER;VEV_5300;XIRECS;47.0;3
95900;BOT_MAKER;BOT_TAKER;VEV_6000;XIRECS;0.0;2
96000;BOT_MAKER;BOT_TAKER;VELVETFRUIT_EXTRACT;XIRECS;5292.0;5
96000;BOT_MAKER;BOT_TAKER;VEV_4000;XIRECS;1281.0;1
96000;BOT_MAKER;BOT_TAKER;VEV_6000;XIRECS;0.0;3
96000;BOT_TAKER;SUBMISSION;HYDROGEL_PACK;XIRECS;10006.0;2
96200;BOT_TAKER;BOT_MAKER;VELVETFRUIT_EXTRACT;XIRECS;5300.0;5
96200;BOT_MAKER;BOT_TAKER;VEV_4000;XIRECS;1283.0;2
96200;BOT_MAKER;BOT_TAKER;VEV_6000;XIRECS;0.0;4
96200;BOT_TAKER;SUBMISSION;HYDROGEL_PACK;XIRECS;10005.0;4
96300;BOT_MAKER;BOT_TAKER;HYDROGEL_PACK;XIRECS;9990.0;2
96300;BOT_TAKER;BOT_MAKER;VELVETFRUIT_EXTRACT;XIRECS;5300.0;5
96500;BOT_MAKER;BOT_TAKER;VELVETFRUIT_EXTRACT;XIRECS;5292.0;6
96500;BOT_MAKER;BOT_TAKER;VEV_4000;XIRECS;1282.0;3
96600;BOT_TAKER;BOT_MAKER;VEV_6000;XIRECS;1.0;2
96600;BOT_TAKER;SUBMISSION;HYDROGEL_PACK;XIRECS;10002.0;3
96700;BOT_MAKER;BOT_TAKER;VELVETFRUIT_EXTRACT;XIRECS;5293.0;7
96700;BOT_TAKER;BOT_MAKER;VEV_5300;XIRECS;46.0;3
96800;BOT_MAKER;BOT_TAKER;HYDROGEL_PACK;XIRECS;9990.0;6
96900;BOT_TAKER;BOT_MAKER;HYDROGEL_PACK;XIRECS;10007.0;4
97000;BOT_MAKER;BOT_TAKER;VELVETFRUIT_EXTRACT;XIRECS;5293.0;6
97000;BOT_MAKER;BOT_TAKER;VEV_4000;XIRECS;1280.0;3
97000;BOT_TAKER;BOT_MAKER;VEV_6500;XIRECS;1.0;4
97100;BOT_MAKER;BOT_TAKER;VEV_4000;XIRECS;1280.0;1
97200;BOT_MAKER;BOT_TAKER;HYDROGEL_PACK;XIRECS;9990.0;5
97200;BOT_TAKER;BOT_MAKER;VELVETFRUIT_EXTRACT;XIRECS;5299.0;6
97200;BOT_TAKER;BOT_MAKER;VELVETFRUIT_EXTRACT;XIRECS;5299.0;5
97200;BOT_MAKER;BOT_TAKER;VEV_4000;XIRECS;1281.0;3
97200;BOT_TAKER;BOT_MAKER;VEV_6000;XIRECS;1.0;3
97400;BOT_TAKER;BOT_MAKER;VELVETFRUIT_EXTRACT;XIRECS;5298.0;6
97500;BOT_MAKER;BOT_TAKER;HYDROGEL_PACK;XIRECS;9988.0;4
97600;BOT_MAKER;BOT_TAKER;HYDROGEL_PACK;XIRECS;9985.0;2
97600;BOT_MAKER;BOT_TAKER;VEV_6000;XIRECS;0.0;5
97700;BOT_MAKER;BOT_TAKER;VEV_5400;XIRECS;13.0;4
97900;BOT_TAKER;BOT_MAKER;HYDROGEL_PACK;XIRECS;10005.0;2
97900;BOT_MAKER;BOT_TAKER;VELVETFRUIT_EXTRACT;XIRECS;5294.0;8
97900;BOT_MAKER;BOT_TAKER;VEV_5400;XIRECS;13.0;2
98000;SUBMISSION;BOT_TAKER;VELVETFRUIT_EXTRACT;XIRECS;5297.0;5
98000;BOT_MAKER;BOT_TAKER;VELVETFRUIT_EXTRACT;XIRECS;5296.0;2
98100;BOT_TAKER;SUBMISSION;HYDROGEL_PACK;XIRECS;9999.0;3
98200;BOT_TAKER;BOT_MAKER;VEV_4000;XIRECS;1300.0;3
98400;BOT_TAKER;BOT_MAKER;VELVETFRUIT_EXTRACT;XIRECS;5303.0;8
98500;BOT_MAKER;BOT_TAKER;HYDROGEL_PACK;XIRECS;9986.0;6
98500;BOT_MAKER;BOT_TAKER;VELVETFRUIT_EXTRACT;XIRECS;5299.0;6
98500;BOT_MAKER;BOT_TAKER;VEV_6500;XIRECS;0.0;3
98600;BOT_TAKER;BOT_MAKER;HYDROGEL_PACK;XIRECS;10003.0;6
98600;BOT_MAKER;BOT_TAKER;VELVETFRUIT_EXTRACT;XIRECS;5298.0;4
98700;BOT_TAKER;BOT_MAKER;HYDROGEL_PACK;XIRECS;10006.0;6
98700;BOT_TAKER;BOT_MAKER;VELVETFRUIT_EXTRACT;XIRECS;5303.0;6
98800;BOT_MAKER;BOT_TAKER;VELVETFRUIT_EXTRACT;XIRECS;5300.0;6
98900;BOT_TAKER;BOT_MAKER;VELVETFRUIT_EXTRACT;XIRECS;5308.0;5
98900;BOT_MAKER;BOT_TAKER;VEV_4000;XIRECS;1282.0;3
98900;BOT_TAKER;BOT_MAKER;VEV_5400;XIRECS;15.0;2
99100;BOT_TAKER;BOT_MAKER;VEV_4000;XIRECS;1305.0;3
99100;BOT_MAKER;BOT_TAKER;VEV_6500;XIRECS;0.0;2
99200;SUBMISSION;BOT_TAKER;VELVETFRUIT_EXTRACT;XIRECS;5305.0;5
99200;BOT_MAKER;BOT_TAKER;VELVETFRUIT_EXTRACT;XIRECS;5304.0;2
99300;BOT_MAKER;BOT_TAKER;VELVETFRUIT_EXTRACT;XIRECS;5304.0;7
99300;BOT_TAKER;BOT_MAKER;VEV_4000;XIRECS;1307.0;1
99300;BOT_TAKER;BOT_MAKER;VEV_5400;XIRECS;14.0;4
99400;BOT_TAKER;SUBMISSION;HYDROGEL_PACK;XIRECS;10005.0;5
99400;BOT_TAKER;BOT_MAKER;HYDROGEL_PACK;XIRECS;10006.0;1
99600;BOT_MAKER;BOT_TAKER;VEV_5500;XIRECS;6.0;5
99800;BOT_TAKER;BOT_MAKER;VELVETFRUIT_EXTRACT;XIRECS;5310.0;5
