day;timestamp;product;bid_price_1;bid_volume_1;bid_price_2;bid_volume_2;bid_price_3;bid_volume_3;ask_price_1;ask_volume_1;ask_price_2;ask_volume_2;ask_price_3;ask_volume_3;mid_price;profit_and_loss
-2;0;HYDROGEL_PACK;9971;15;9969;22;;;9987;15;9990;22;;;9979.0;0.0
-2;0;VELVETFRUIT_EXTRACT;5259;62;;;;;5264;20;5265;59;;;5261.5;0.0
-2;0;VEV_4000;1252;11;1249;15;;;1273;11;1276;15;;;1262.5;0.0
-2;0;VEV_4500;754;12;752;17;;;770;12;772;17;;;762.0;0.0
-2;0;VEV_5000;262;26;;;;;269;12;270;26;;;265.5;0.0
-2;0;VEV_5100;173;8;172;20;;;177;9;178;26;;;175.0;0.0
-2;0;VEV_5200;100;7;99;29;;;102;9;103;31;;;101.0;0.0
-2;0;VEV_5300;49;21;48;14;;;51;24;;;;;50.0;0.0
-2;0;VEV_5400;15;20;;;;;17;17;;;;;16.0;0.0
-2;0;VEV_5500;6;12;;;;;7;16;;;;;6.5;0.0
-2;0;VEV_6000;0;24;;;;;1;24;;;;;0.5;0.0
-2;0;VEV_6500;0;19;;;;;1;19;;;;;0.5;0.0
-2;100;HYDROGEL_PACK;9973;14;9971;20;;;9989;14;9992;20;;;9981.0;0.0
-2;100;VELVETFRUIT_EXTRACT;5261;36;5261;46;;;5267;60;;;;;5264.0;0.0
-2;100;VEV_4000;1252;12;1249;18;;;1273;12;1276;18;;;1262.5;0.0
-2;100;VEV_4500;752;7;750;18;;;769;6;770;18;;;760.5;0.0
-2;100;VEV_5000;263;11;262;21;;;269;12;270;30;;;266.0;0.0
-2;100;VEV_5100;173;29;;;;;177;31;178;22;;;175.0;0.0
-2;100;VEV_5200;100;28;99;27;;;102;12;103;15;;;101.0;0.0
-2;100;VEV_5300;49;10;;;;;51;23;;;;;50.0;0.0
-2;100;VEV_5400;15;23;;;;;17;30;;;;;16.0;0.0
-2;100;VEV_5500;6;19;;;;;7;20;;;;;6.5;0.0
-2;100;VEV_6000;0;18;;;;;1;18;;;;;0.5;0.0
-2;100;VEV_6500;0;21;;;;;1;21;;;;;0.5;0.0
-2;200;HYDROGEL_PACK;9974;11;9971;21;;;9990;11;9992;21;;;9982.0;0.0
-2;200;VELVETFRUIT_EXTRACT;5262;19;5261;67;;;5266;19;5267;61;;;5264.0;0.0
-2;200;VEV_4000;1252;10;1249;18;;;1273;10;1275;18;;;1262.5;0.0
-2;200;VEV_4500;753;7;751;19;;;769;7;771;19;;;761.0;0.0
-2;200;VEV_5000;263;8;262;21;;;269;7;270;28;;;266.0;0.0
-2;200;VEV_5100;173;29;172;21;;;178;15;;;;;175.5;0.0
-2;200;VEV_5200;;;;;;;103;24;;;;;103.0;0.0
-2;200;VEV_5300;49;9;;;;;51;10;;;;;50.0;0.0
-2;200;VEV_5400;16;20;16;20;;;18;21;;;;;17.0;0.0
-2;200;VEV_5500;6;23;;;;;7;17;;;;;6.5;0.0
-2;200;VEV_6000;0;26;;;;;1;26;;;;;0.5;0.0
-2;200;VEV_6500;0;14;;;;;1;14;;;;;0.5;0.0
-2;300;HYDROGEL_PACK;9974;14;9971;20;;;9990;14;9992;20;;;9982.0;0.0
-2;300;VELVETFRUIT_EXTRACT;5261;35;5261;63;;;5266;22;5267;31;;;5263.5;0.0
-2;300;VEV_4000;1251;11;1249;18;;;1272;11;1275;18;;;1261.5;0.0
-2;300;VEV_4500;754;8;;;;;770;8;772;20;;;762.0;0.0
-2;300;VEV_5000;262;10;261;12;;;268;12;269;12;;;265.0;0.0
-2;300;VEV_5100;172;11;171;17;;;176;10;;;;;174.0;0.0
-2;300;VEV_5200;99;24;;;;;103;31;;;;;101.0;0.0
-2;300;VEV_5300;49;24;;;;;;;;;;;49.0;0.0
-2;300;VEV_5400;15;23;;;;;17;24;;;;;16.0;0.0
-2;300;VEV_5500;6;27;;;;;7;7;;;;;6.5;0.0
-2;300;VEV_6000;0;20;;;;;1;20;;;;;0.5;0.0
-2;300;VEV_6500;0;13;;;;;1;13;;;;;0.5;0.0
-2;400;HYDROGEL_PACK;9972;14;9970;30;;;9988;14;9991;30;;;9980.0;0.0
-2;400;VELVETFRUIT_EXTRACT;5261;30;;;;;5267;22;;;;;5264.0;0.0
-2;400;VEV_4000;1251;8;1249;23;;;1273;8;1275;23;;;1262.0;0.0
-2;400;VEV_4500;754;7;752;15;;;770;7;772;15;;;762.0;0.0
-2;400;VEV_5000;264;8;263;36;;;270;24;271;23;;;267.0;0.0
-2;400;VEV_5100;173;28;172;13;;;177;30;178;14;;;175.0;0.0
-2;400;VEV_5200;99;12;;;;;102;12;103;12;;;100.5;0.0
-2;400;VEV_5300;49;19;;;;;51;22;;;;;50.0;0.0
-2;400;VEV_5400;16;27;;;;;18;21;;;;;17.0;0.0
-2;400;VEV_5500;6;18;;;;;7;30;;;;;6.5;0.0
-2;400;VEV_6000;0;24;;;;;1;24;;;;;0.5;0.0
-2;400;VEV_6500;0;16;;;;;1;16;;;;;0.5;0.0
-2;500;HYDROGEL_PACK;9972;13;9969;20;;;9988;13;9990;20;;;9980.0;0.0
-2;500;VELVETFRUIT_EXTRACT;5262;58;;;;;5268;48;;;;;5265.0;0.0
-2;500;VEV_4000;1251;14;1249;27;;;1272;14;1275;27;;;1261.5;0.0
-2;500;VEV_4500;756;7;754;20;;;774;20;;;;;765.0;0.0
-2;500;VEV_5000;263;10;262;18;;;269;9;270;21;;;266.0;0.0
-2;500;VEV_5100;;;;;;;176;25;177;21;;;176.0;0.0
-2;500;VEV_5200;99;26;98;25;;;101;24;102;20;;;100.0;0.0
-2;500;VEV_5300;48;25;;;;;51;19;;;;;49.5;0.0
-2;500;VEV_5400;15;21;;;;;16;17;17;22;;;15.5;0.0
-2;500;VEV_5500;6;20;;;;;7;24;;;;;6.5;0.0
-2;500;VEV_6000;0;29;;;;;1;29;;;;;0.5;0.0
-2;500;VEV_6500;0;12;;;;;1;12;;;;;0.5;0.0
-2;600;HYDROGEL_PACK;9973;13;9971;28;;;9989;13;9992;28;;;9981.0;0.0
-2;600;VELVETFRUIT_EXTRACT;5262;15;5261;38;;;5267;45;;;;;5264.5;0.0
-2;600;VEV_4000;1252;10;1249;27;;;1273;10;1276;27;;;1262.5;0.0
-2;600;VEV_4500;758;8;757;10;756;12;774;8;776;12;;;766.0;0.0
-2;600;VEV_5000;262;6;261;15;;;268;11;269;15;;;265.0;0.0
-2;600;VEV_5100;170;11;;;;;175;16;;;;;172.5;0.0
-2;600;VEV_5200;98;29;;;;;101;9;102;30;;;99.5;0.0
-2;600;VEV_5300;50;26;;;;;52;14;52;21;;;51.0;0.0
-2;600;VEV_5400;16;19;;;;;17;20;18;28;;;16.5;0.0
-2;600;VEV_5500;5;25;;;;;7;18;;;;;6.0;0.0
-2;600;VEV_6000;0;17;;;;;1;17;;;;;0.5;0.0
-2;600;VEV_6500;0;14;;;;;1;14;;;;;0.5;0.0
-2;700;HYDROGEL_PACK;9970;13;9967;23;;;9986;13;9988;23;;;9978.0;0.0
-2;700;VELVETFRUIT_EXTRACT;5261;24;;;;;5267;49;;;;;5264.0;0.0
-2;700;VEV_4000;1252;15;1249;30;;;1273;15;1275;30;;;1262.5;0.0
-2;700;VEV_4500;758;12;756;19;;;774;12;776;19;;;766.0;0.0
-2;700;VEV_5000;261;12;260;14;;;267;7;268;22;;;264.0;0.0
-2;700;VEV_5100;170;7;;;;;175;14;;;;;172.5;0.0
-2;700;VEV_5200;;;;;;;101;24;;;;;101.0;0.0
-2;700;VEV_5300;49;19;;;;;51;22;;;;;50.0;0.0
-2;700;VEV_5400;16;16;;;;;18;18;;;;;17.0;0.0
-2;700;VEV_5500;5;20;;;;;7;18;;;;;6.0;0.0
-2;700;VEV_6000;0;23;;;;;1;23;;;;;0.5;0.0
-2;700;VEV_6500;0;15;;;;;1;15;;;;;0.5;0.0
-2;800;HYDROGEL_PACK;9973;13;9970;24;;;9989;13;9991;24;;;9981.0;0.0
-2;800;VELVETFRUIT_EXTRACT;5262;18;;;;;5268;44;;;;;5265.0;0.0
-2;800;VEV_4000;1252;14;1249;15;;;1273;14;1276;15;;;1262.5;0.0
-2;800;VEV_4500;758;8;756;19;;;775;9;776;19;;;766.5;0.0
-2;800;VEV_5000;260;12;259;16;;;266;34;267;15;;;263.0;0.0
-2;800;VEV_5100;169;26;;;;;173;32;174;15;;;171.0;0.0
-2;800;VEV_5200;;;;;;;;;;;;;0.0;0.0
-2;800;VEV_5300;50;20;49;21;;;52;24;53;27;;;51.0;0.0
-2;800;VEV_5400;;;;;;;17;21;18;22;;;17.0;0.0
-2;800;VEV_5500;6;26;;;;;7;16;;;;;6.5;0.0
-2;800;VEV_6000;0;24;;;;;1;24;;;;;0.5;0.0
-2;800;VEV_6500;0;14;;;;;1;14;;;;;0.5;0.0
-2;900;HYDROGEL_PACK;9971;10;9969;28;;;9987;10;9990;28;;;9979.0;0.0
-2;900;VELVETFRUIT_EXTRACT;5262;61;;;;;5268;49;;;;;5265.0;0.0
-2;900;VEV_4000;1253;9;1250;17;;;1274;9;1277;17;;;1263.5;0.0
-2;900;VEV_4500;758;7;;;;;774;7;776;15;;;766.0;0.0
-2;900;VEV_5000;259;7;258;22;;;265;26;266;24;;;262.0;0.0
-2;900;VEV_5100;168;36;167;23;;;172;9;173;23;;;170.0;0.0
-2;900;VEV_5200;97;18;;;;;100;24;;;;;98.5;0.0
-2;900;VEV_5300;49;20;;;;;51;5;;;;;50.0;0.0
-2;900;VEV_5400;16;19;;;;;18;18;;;;;17.0;0.0
-2;900;VEV_5500;6;26;;;;;7;26;;;;;6.5;0.0
-2;900;VEV_6000;0;25;;;;;1;25;;;;;0.5;0.0
-2;900;VEV_6500;0;16;;;;;1;16;;;;;0.5;0.0
-2;1000;HYDROGEL_PACK;9969;12;9966;21;;;9985;12;9987;21;;;9977.0;0.0
-2;1000;VELVETFRUIT_EXTRACT;5262;41;;;;;5268;30;;;;;5265.0;0.0
-2;1000;VEV_4000;1252;10;1250;26;;;1274;10;1276;26;;;1263.0;0.0
-2;1000;VEV_4500;757;11;755;17;;;773;11;775;17;;;765.0;0.0
-2;1000;VEV_5000;258;14;;;;;266;15;;;;;262.0;0.0
-2;1000;VEV_5100;169;7;168;30;;;173;36;174;22;;;171.0;0.0
-2;1000;VEV_5200;98;22;97;17;;;;;;;;;98.0;0.0
-2;1000;VEV_5300;49;9;48;22;;;51;20;52;20;;;50.0;0.0
-2;1000;VEV_5400;16;23;;;;;17;21;18;28;;;16.5;0.0
-2;1000;VEV_5500;5;19;;;;;7;26;;;;;6.0;0.0
-2;1000;VEV_6000;0;20;;;;;1;20;;;;;0.5;0.0
-2;1000;VEV_6500;0;18;;;;;1;18;;;;;0.5;0.0
-2;1100;HYDROGEL_PACK;9971;15;9969;23;;;9987;15;9990;23;;;9979.0;0.0
-2;1100;VELVETFRUIT_EXTRACT;5261;63;;;;;5266;19;5267;30;5268;38;5263.5;0.0
-2;1100;VEV_4000;1252;11;1249;27;;;1273;11;1275;27;;;1262.5;0.0
-2;1100;VEV_4500;756;9;755;12;754;17;772;9;773;11;774;17;764.0;0.0
-2;1100;VEV_5000;260;8;259;13;;;;;;;;;260.0;0.0
-2;1100;VEV_5100;170;31;169;22;;;175;12;;;;;172.5;0.0
-2;1100;VEV_5200;97;19;;;;;;;;;;;97.0;0.0
-2;1100;VEV_5300;49;26;;;;;51;24;;;;;50.0;0.0
-2;1100;VEV_5400;16;21;;;;;17;10;;;;;16.5;0.0
-2;1100;VEV_5500;6;22;;;;;7;19;;;;;6.5;0.0
-2;1100;VEV_6000;0;29;;;;;1;29;;;;;0.5;0.0
-2;1100;VEV_6500;0;15;;;;;1;15;;;;;0.5;0.0
-2;1200;HYDROGEL_PACK;9971;12;9968;22;;;9987;12;9989;22;;;9979.0;0.0
-2;1200;VELVETFRUIT_EXTRACT;5261;43;5261;16;;;5267;33;;;;;5264.0;0.0
-2;1200;VEV_4000;1252;15;1249;25;;;1273;15;1276;25;;;1262.5;0.0
-2;1200;VEV_4500;755;10;753;16;;;771;10;773;16;;;763.0;0.0
-2;1200;VEV_5000;259;9;258;24;;;265;9;266;24;;;262.0;0.0
-2;1200;VEV_5100;171;24;;;;;175;25;;;;;173.0;0.0
-2;1200;VEV_5200;98;9;97;30;;;100;12;;;;;99.0;0.0
-2;1200;VEV_5300;49;16;;;;;51;18;;;;;50.0;0.0
-2;1200;VEV_5400;;;;;;;18;25;;;;;18.0;0.0
-2;1200;VEV_5500;6;30;;;;;7;21;;;;;6.5;0.0
-2;1200;VEV_6000;0;23;;;;;1;23;;;;;0.5;0.0
-2;1200;VEV_6500;0;16;;;;;1;16;;;;;0.5;0.0
-2;1300;HYDROGEL_PACK;9971;14;9968;22;;;9989;22;;;;;9980.0;0.0
-2;1300;VELVETFRUIT_EXTRACT;5261;43;;;;;5267;34;5268;45;;;5264.0;0.0
-2;1300;VEV_4000;1253;14;1250;18;;;1274;14;1277;18;;;1263.5;0.0
-2;1300;VEV_4500;755;9;753;22;;;771;9;773;22;;;763.0;0.0
-2;1300;VEV_5000;257;6;256;19;;;263;31;264;22;;;260.0;0.0
-2;1300;VEV_5100;171;6;;;;;175;10;176;24;;;173.0;0.0
-2;1300;VEV_5200;98;12;97;34;;;100;21;101;35;;;99.0;0.0
-2;1300;VEV_5300;50;6;;;;;52;23;53;17;;;51.0;0.0
-2;1300;VEV_5400;16;17;;;;;18;28;;;;;17.0;0.0
-2;1300;VEV_5500;6;25;;;;;7;27;;;;;6.5;0.0
-2;1300;VEV_6000;0;27;;;;;1;27;;;;;0.5;0.0
-2;1300;VEV_6500;0;16;;;;;1;16;;;;;0.5;0.0
-2;1400;HYDROGEL_PACK;9967;10;9965;29;;;9983;10;9985;29;;;9975.0;0.0
-2;1400;VELVETFRUIT_EXTRACT;5261;20;5260;39;;;5265;20;5266;56;;;5263.0;0.0
-2;1400;VEV_4000;1251;13;1248;19;;;1272;13;1274;19;;;1261.5;0.0
-2;1400;VEV_4500;753;7;751;15;;;769;7;770;8;771;15;761.0;0.0
-2;1400;VEV_5000;258;12;257;16;;;264;12;265;18;;;261.0;0.0
-2;1400;VEV_5100;171;12;;;;;175;12;176;16;;;173.0;0.0
-2;1400;VEV_5200;97;10;96;36;;;99;12;100;34;;;98.0;0.0
-2;1400;VEV_5300;50;8;;;;;52;21;;;;;51.0;0.0
-2;1400;VEV_5400;16;22;;;;;;;;;;;16.0;0.0
-2;1400;VEV_5500;6;20;;;;;7;21;;;;;6.5;0.0
-2;1400;VEV_6000;0;23;;;;;1;23;;;;;0.5;0.0
-2;1400;VEV_6500;0;13;;;;;1;13;;;;;0.5;0.0
-2;1500;HYDROGEL_PACK;9966;12;9963;27;;;9982;12;9984;27;;;9974.0;0.0
-2;1500;VELVETFRUIT_EXTRACT;5258;62;;;;;5264;55;;;;;5261.0;0.0
-2;1500;VEV_4000;1250;13;1247;29;;;1271;13;1274;29;;;1260.5;0.0
-2;1500;VEV_4500;754;12;752;24;;;772;24;;;;;763.0;0.0
-2;1500;VEV_5000;257;17;;;;;265;19;;;;;261.0;0.0
-2;1500;VEV_5100;172;9;;;;;176;9;177;24;;;174.0;0.0
-2;1500;VEV_5200;97;31;;;;;101;27;;;;;99.0;0.0
-2;1500;VEV_5300;49;19;48;20;;;51;26;;;;;50.0;0.0
-2;1500;VEV_5400;16;21;16;5;;;17;20;18;23;;;16.5;0.0
-2;1500;VEV_5500;6;21;;;;;7;22;;;;;6.5;0.0
-2;1500;VEV_6000;0;21;;;;;1;21;;;;;0.5;0.0
-2;1500;VEV_6500;0;14;;;;;1;14;;;;;0.5;0.0
-2;1600;HYDROGEL_PACK;9967;13;9964;23;;;9983;13;9985;23;;;9975.0;0.0
-2;1600;VELVETFRUIT_EXTRACT;5259;18;5258;49;;;5264;49;;;;;5261.5;0.0
-2;1600;VEV_4000;1250;7;1248;21;;;1271;7;1274;21;;;1260.5;0.0
-2;1600;VEV_4500;755;9;753;21;;;771;9;773;21;;;763.0;0.0
-2;1600;VEV_5000;258;9;257;22;;;264;6;265;22;;;261.0;0.0
-2;1600;VEV_5100;;;;;;;176;11;177;17;;;176.0;0.0
-2;1600;VEV_5200;97;24;96;29;;;99;22;100;21;;;98.0;0.0
-2;1600;VEV_5300;49;6;;;;;51;27;52;17;;;50.0;0.0
-2;1600;VEV_5400;16;20;;;;;;;;;;;16.0;0.0
-2;1600;VEV_5500;6;25;;;;;7;17;;;;;6.5;0.0
-2;1600;VEV_6000;0;25;;;;;1;25;;;;;0.5;0.0
-2;1600;VEV_6500;0;16;;;;;1;16;;;;;0.5;0.0
-2;1700;HYDROGEL_PACK;9965;10;9962;29;;;9981;10;9983;29;;;9973.0;0.0
-2;1700;VELVETFRUIT_EXTRACT;5258;30;5257;33;;;5264;61;;;;;5261.0;0.0
-2;1700;VEV_4000;1250;12;1248;29;;;1271;12;1274;29;;;1260.5;0.0
-2;1700;VEV_4500;756;9;754;12;;;772;9;774;12;;;764.0;0.0
-2;1700;VEV_5000;257;12;;;;;265;23;;;;;261.0;0.0
-2;1700;VEV_5100;172;27;;;;;176;29;177;19;;;174.0;0.0
-2;1700;VEV_5200;95;22;;;;;;;;;;;95.0;0.0
-2;1700;VEV_5300;49;23;48;14;;;51;19;51;22;;;50.0;0.0
-2;1700;VEV_5400;16;27;;;;;18;19;;;;;17.0;0.0
-2;1700;VEV_5500;6;21;;;;;7;18;;;;;6.5;0.0
-2;1700;VEV_6000;0;24;;;;;1;24;;;;;0.5;0.0
-2;1700;VEV_6500;0;19;;;;;1;19;;;;;0.5;0.0
-2;1800;HYDROGEL_PACK;9964;20;;;;;9985;20;;;;;9974.5;0.0
-2;1800;VELVETFRUIT_EXTRACT;5258;34;;;;;5263;22;5264;55;;;5260.5;0.0
-2;1800;VEV_4000;1250;14;1247;19;;;1271;14;1274;19;;;1260.5;0.0
-2;1800;VEV_4500;754;8;753;7;752;15;772;15;;;;;763.0;0.0
-2;1800;VEV_5000;259;9;258;16;;;265;8;;;;;262.0;0.0
-2;1800;VEV_5100;171;12;;;;;176;12;177;18;;;173.5;0.0
-2;1800;VEV_5200;95;19;;;;;98;10;;;;;96.5;0.0
-2;1800;VEV_5300;48;16;47;18;;;50;19;;;;;49.0;0.0
-2;1800;VEV_5400;15;26;;;;;;;;;;;15.0;0.0
-2;1800;VEV_5500;6;19;;;;;7;21;;;;;6.5;0.0
-2;1800;VEV_6000;0;21;;;;;1;21;;;;;0.5;0.0
-2;1800;VEV_6500;0;17;;;;;1;17;;;;;0.5;0.0
-2;1900;HYDROGEL_PACK;9965;10;9963;22;;;9981;10;9984;22;;;9973.0;0.0
-2;1900;VELVETFRUIT_EXTRACT;5260;21;5259;52;;;5265;37;;;;;5262.5;0.0
-2;1900;VEV_4000;1250;15;1248;17;;;1271;15;1274;17;;;1260.5;0.0
-2;1900;VEV_4500;752;18;;;;;770;8;772;18;;;761.0;0.0
-2;1900;VEV_5000;258;6;257;15;;;264;12;265;16;;;261.0;0.0
-2;1900;VEV_5100;173;25;;;;;177;12;;;;;175.0;0.0
-2;1900;VEV_5200;95;34;;;;;99;18;;;;;97.0;0.0
-2;1900;VEV_5300;48;26;47;11;;;50;26;;;;;49.0;0.0
-2;1900;VEV_5400;16;25;15;27;;;17;21;;;;;16.5;0.0
-2;1900;VEV_5500;6;26;;;;;7;28;;;;;6.5;0.0
-2;1900;VEV_6000;0;24;;;;;1;24;;;;;0.5;0.0
-2;1900;VEV_6500;0;10;;;;;1;10;;;;;0.5;0.0
-2;2000;HYDROGEL_PACK;9965;12;9963;25;;;9981;12;9984;25;;;9973.0;0.0
-2;2000;VELVETFRUIT_EXTRACT;5259;64;;;;;5265;64;;;;;5262.0;0.0
-2;2000;VEV_4000;1250;10;1247;16;;;1271;10;1273;16;;;1260.5;0.0
-2;2000;VEV_4500;753;7;752;9;751;18;769;7;771;18;;;761.0;0.0
-2;2000;VEV_5000;258;34;;;;;265;12;266;14;;;261.5;0.0
-2;2000;VEV_5100;172;11;;;;;177;21;;;;;174.5;0.0
-2;2000;VEV_5200;97;28;96;23;;;;;;;;;97.0;0.0
-2;2000;VEV_5300;47;10;;;;;;;;;;;47.0;0.0
-2;2000;VEV_5400;15;16;;;;;16;25;17;20;;;15.5;0.0
-2;2000;VEV_5500;6;21;;;;;7;20;;;;;6.5;0.0
-2;2000;VEV_6000;0;21;;;;;1;21;;;;;0.5;0.0
-2;2000;VEV_6500;0;19;;;;;1;19;;;;;0.5;0.0
-2;2100;HYDROGEL_PACK;9962;12;9960;30;;;9978;12;9980;30;;;9970.0;0.0
-2;2100;VELVETFRUIT_EXTRACT;5260;53;5260;22;;;5265;22;5266;61;;;5262.5;0.0
-2;2100;VEV_4000;1249;15;1246;15;;;1270;15;1272;15;;;1259.5;0.0
-2;2100;VEV_4500;752;12;750;15;;;768;12;770;15;;;760.0;0.0
-2;2100;VEV_5000;257;6;256;15;;;263;10;264;24;;;260.0;0.0
-2;2100;VEV_5100;172;35;171;16;;;177;29;;;;;174.5;0.0
-2;2100;VEV_5200;96;12;95;22;;;99;28;;;;;97.5;0.0
-2;2100;VEV_5300;48;16;;;;;50;20;;;;;49.0;0.0
-2;2100;VEV_5400;15;24;;;;;17;25;;;;;16.0;0.0
-2;2100;VEV_5500;6;19;;;;;7;20;;;;;6.5;0.0
-2;2100;VEV_6000;0;24;;;;;1;24;;;;;0.5;0.0
-2;2100;VEV_6500;0;15;;;;;1;15;;;;;0.5;0.0
-2;2200;HYDROGEL_PACK;9958;14;9956;27;;;9974;14;9977;27;;;9966.0;0.0
-2;2200;VELVETFRUIT_EXTRACT;5260;56;;;;;5266;54;;;;;5263.0;0.0
-2;2200;VEV_4000;1249;15;1247;18;;;1270;15;1273;18;;;1259.5;0.0
-2;2200;VEV_4500;752;6;750;23;;;768;6;;;;;760.0;0.0
-2;2200;VEV_5000;;;;;;;262;11;263;16;;;262.0;0.0
-2;2200;VEV_5100;172;12;171;12;;;176;25;177;18;;;174.0;0.0
-2;2200;VEV_5200;97;7;96;28;;;100;21;;;;;98.5;0.0
-2;2200;VEV_5300;48;28;47;25;;;50;7;;;;;49.0;0.0
-2;2200;VEV_5400;15;23;;;;;17;25;;;;;16.0;0.0
-2;2200;VEV_5500;6;20;;;;;7;18;;;;;6.5;0.0
-2;2200;VEV_6000;0;18;;;;;1;18;;;;;0.5;0.0
-2;2200;VEV_6500;0;14;;;;;1;14;;;;;0.5;0.0
-2;2300;HYDROGEL_PACK;9957;12;9955;20;;;9973;12;9975;20;;;9965.0;0.0
-2;2300;VELVETFRUIT_EXTRACT;5259;47;;;;;5264;15;5265;60;;;5261.5;0.0
-2;2300;VEV_4000;1250;12;1247;30;;;1271;12;1273;30;;;1260.5;0.0
-2;2300;VEV_4500;753;7;751;14;;;771;14;;;;;762.0;0.0
-2;2300;VEV_5000;258;12;257;23;;;265;18;;;;;261.5;0.0
-2;2300;VEV_5100;172;25;;;;;176;27;;;;;174.0;0.0
-2;2300;VEV_5200;96;8;95;31;;;98;6;99;23;;;97.0;0.0
-2;2300;VEV_5300;;;;;;;50;20;;;;;50.0;0.0
-2;2300;VEV_5400;15;24;15;18;;;17;21;;;;;16.0;0.0
-2;2300;VEV_5500;6;23;;;;;7;24;;;;;6.5;0.0
-2;2300;VEV_6000;0;23;;;;;1;23;;;;;0.5;0.0
-2;2300;VEV_6500;0;16;;;;;1;16;;;;;0.5;0.0
-2;2400;HYDROGEL_PACK;9956;22;;;;;9974;14;9977;22;;;9965.0;0.0
-2;2400;VELVETFRUIT_EXTRACT;5259;52;;;;;5264;18;5265;50;;;5261.5;0.0
-2;2400;VEV_4000;1250;12;1247;16;;;1271;12;1273;16;;;1260.5;0.0
-2;2400;VEV_4500;749;21;;;;;767;7;769;21;;;758.0;0.0
-2;2400;VEV_5000;257;8;256;17;;;264;16;;;;;260.5;0.0
-2;2400;VEV_5100;171;10;;;;;175;25;;;;;173.0;0.0
-2;2400;VEV_5200;96;26;;;;;98;9;99;24;;;97.0;0.0
-2;2400;VEV_5300;48;5;;;;;50;19;;;;;49.0;0.0
-2;2400;VEV_5400;15;18;15;24;;;;;;;;;15.0;0.0
-2;2400;VEV_5500;6;28;;;;;7;25;;;;;6.5;0.0
-2;2400;VEV_6000;0;22;;;;;1;22;;;;;0.5;0.0
-2;2400;VEV_6500;0;21;;;;;1;21;;;;;0.5;0.0
-2;2500;HYDROGEL_PACK;9956;14;9954;22;;;9972;14;9975;22;;;9964.0;0.0
-2;2500;VELVETFRUIT_EXTRACT;5261;24;5260;69;;;5265;24;5266;69;;;5263.0;0.0
-2;2500;VEV_4000;1249;11;1247;17;;;1270;11;1273;17;;;1259.5;0.0
-2;2500;VEV_4500;752;11;750;17;;;768;11;;;;;760.0;0.0
-2;2500;VEV_5000;258;19;257;30;;;265;23;;;;;261.5;0.0
-2;2500;VEV_5100;171;12;170;16;;;175;8;176;21;;;173.0;0.0
-2;2500;VEV_5200;96;25;;;;;100;36;;;;;98.0;0.0
-2;2500;VEV_5300;49;8;;;;;;;;;;;49.0;0.0
-2;2500;VEV_5400;15;11;15;18;;;;;;;;;15.0;0.0
-2;2500;VEV_5500;6;26;;;;;7;30;;;;;6.5;0.0
-2;2500;VEV_6000;0;20;;;;;1;20;;;;;0.5;0.0
-2;2500;VEV_6500;0;15;;;;;1;15;;;;;0.5;0.0
-2;2600;HYDROGEL_PACK;9958;12;9955;25;;;9974;12;9976;25;;;9966.0;0.0
-2;2600;VELVETFRUIT_EXTRACT;5261;50;5261;17;;;5267;24;;;;;5264.0;0.0
-2;2600;VEV_4000;1251;13;1248;18;;;1272;13;1274;18;;;1261.5;0.0
-2;2600;VEV_4500;753;10;751;19;;;769;10;771;19;;;761.0;0.0
-2;2600;VEV_5000;258;12;257;26;;;264;8;265;24;;;261.0;0.0
-2;2600;VEV_5100;170;18;;;;;175;6;176;15;;;172.5;0.0
-2;2600;VEV_5200;97;28;96;25;;;99;8;100;30;;;98.0;0.0
-2;2600;VEV_5300;49;28;;;;;51;9;;;;;50.0;0.0
-2;2600;VEV_5400;;;;;;;17;25;;;;;17.0;0.0
-2;2600;VEV_5500;6;23;;;;;7;20;;;;;6.5;0.0
-2;2600;VEV_6000;0;22;;;;;1;22;;;;;0.5;0.0
-2;2600;VEV_6500;0;10;;;;;1;10;;;;;0.5;0.0
-2;2700;HYDROGEL_PACK;9958;11;9956;22;;;9974;11;9977;22;;;9966.0;0.0
-2;2700;VELVETFRUIT_EXTRACT;5260;65;5260;16;;;5266;64;;;;;5263.0;0.0
-2;2700;VEV_4000;1252;13;1249;26;;;1273;13;1276;26;;;1262.5;0.0
-2;2700;VEV_4500;755;9;753;17;;;771;9;773;17;;;763.0;0.0
-2;2700;VEV_5000;256;7;255;15;;;262;21;;;;;259.0;0.0
-2;2700;VEV_5100;171;22;;;;;176;11;177;28;;;173.5;0.0
-2;2700;VEV_5200;;;;;;;98;26;;;;;98.0;0.0
-2;2700;VEV_5300;49;23;48;14;;;51;21;52;22;;;50.0;0.0
-2;2700;VEV_5400;15;21;15;24;;;17;25;;;;;16.0;0.0
-2;2700;VEV_5500;6;20;;;;;7;22;;;;;6.5;0.0
-2;2700;VEV_6000;0;24;;;;;1;24;;;;;0.5;0.0
-2;2700;VEV_6500;0;14;;;;;1;14;;;;;0.5;0.0
-2;2800;HYDROGEL_PACK;9957;12;9955;24;;;9973;12;9976;24;;;9965.0;0.0
-2;2800;VELVETFRUIT_EXTRACT;5262;15;5261;69;;;5267;17;;;;;5264.5;0.0
-2;2800;VEV_4000;1253;8;1251;30;;;1274;8;1277;30;;;1263.5;0.0
-2;2800;VEV_4500;755;11;753;12;;;771;11;773;12;;;763.0;0.0
-2;2800;VEV_5000;255;7;254;17;;;261;8;262;17;;;258.0;0.0
-2;2800;VEV_5100;172;8;;;;;176;31;177;29;;;174.0;0.0
-2;2800;VEV_5200;94;25;;;;;98;24;;;;;96.0;0.0
-2;2800;VEV_5300;49;20;;;;;51;22;;;;;50.0;0.0
-2;2800;VEV_5400;15;22;;;;;17;16;;;;;16.0;0.0
-2;2800;VEV_5500;6;19;;;;;7;21;;;;;6.5;0.0
-2;2800;VEV_6000;0;24;;;;;1;24;;;;;0.5;0.0
-2;2800;VEV_6500;0;16;;;;;1;16;;;;;0.5;0.0
-2;2900;HYDROGEL_PACK;9954;12;9952;24;;;9970;12;9973;24;;;9962.0;0.0
-2;2900;VELVETFRUIT_EXTRACT;5262;57;;;;;5268;19;;;;;5265.0;0.0
-2;2900;VEV_4000;1255;15;1252;25;;;1276;15;1279;25;;;1265.5;0.0
-2;2900;VEV_4500;755;8;753;20;;;771;8;772;12;773;20;763.0;0.0
-2;2900;VEV_5000;255;11;254;19;;;261;7;262;19;;;258.0;0.0
-2;2900;VEV_5100;171;8;170;12;;;175;19;176;14;;;173.0;0.0
-2;2900;VEV_5200;;;;;;;97;28;98;32;;;97.0;0.0
-2;2900;VEV_5300;49;19;;;;;51;26;;;;;50.0;0.0
-2;2900;VEV_5400;;;;;;;16;17;;;;;16.0;0.0
-2;2900;VEV_5500;6;15;;;;;7;19;;;;;6.5;0.0
-2;2900;VEV_6000;0;22;;;;;1;22;;;;;0.5;0.0
-2;2900;VEV_6500;0;12;;;;;1;12;;;;;0.5;0.0
-2;3000;HYDROGEL_PACK;9954;10;9952;21;;;9970;10;9973;21;;;9962.0;0.0
-2;3000;VELVETFRUIT_EXTRACT;5260;32;;;;;5265;25;5266;56;5267;49;5262.5;0.0
-2;3000;VEV_4000;1254;10;1252;16;;;1276;10;1278;16;;;1265.0;0.0
-2;3000;VEV_4500;751;23;;;;;769;7;771;23;;;760.0;0.0
-2;3000;VEV_5000;254;9;253;15;;;260;33;261;17;;;257.0;0.0
-2;3000;VEV_5100;172;11;171;13;;;176;9;177;27;;;174.0;0.0
-2;3000;VEV_5200;95;13;;;;;98;9;99;25;;;96.5;0.0
-2;3000;VEV_5300;49;7;;;;;51;8;;;;;50.0;0.0
-2;3000;VEV_5400;15;26;15;29;;;17;21;;;;;16.0;0.0
-2;3000;VEV_5500;6;23;;;;;7;25;;;;;6.5;0.0
-2;3000;VEV_6000;0;18;;;;;1;18;;;;;0.5;0.0
-2;3000;VEV_6500;0;16;;;;;1;16;;;;;0.5;0.0
-2;3100;HYDROGEL_PACK;9958;10;9956;23;;;9974;10;9977;23;;;9966.0;0.0
-2;3100;VELVETFRUIT_EXTRACT;5261;62;5261;18;;;5266;18;5267;56;;;5263.5;0.0
-2;3100;VEV_4000;1253;10;1251;22;;;1274;10;1277;22;;;1263.5;0.0
-2;3100;VEV_4500;754;12;;;;;772;17;;;;;763.0;0.0
-2;3100;VEV_5000;254;12;253;22;;;260;8;261;21;;;257.0;0.0
-2;3100;VEV_5100;171;27;;;;;175;10;176;20;;;173.0;0.0
-2;3100;VEV_5200;95;12;94;16;;;;;;;;;95.0;0.0
-2;3100;VEV_5300;49;20;;;;;51;25;;;;;50.0;0.0
-2;3100;VEV_5400;15;24;;;;;;;;;;;15.0;0.0
-2;3100;VEV_5500;6;23;;;;;7;18;;;;;6.5;0.0
-2;3100;VEV_6000;0;23;;;;;1;23;;;;;0.5;0.0
-2;3100;VEV_6500;0;13;;;;;1;13;;;;;0.5;0.0
-2;3200;HYDROGEL_PACK;9957;10;9954;25;;;9973;10;9975;25;;;9965.0;0.0
-2;3200;VELVETFRUIT_EXTRACT;5260;21;5259;66;;;5264;21;5265;55;;;5262.0;0.0
-2;3200;VEV_4000;1255;13;1252;23;;;1276;13;1278;23;;;1265.5;0.0
-2;3200;VEV_4500;755;7;754;10;753;13;771;7;773;13;;;763.0;0.0
-2;3200;VEV_5000;254;10;253;13;;;260;9;261;18;;;257.0;0.0
-2;3200;VEV_5100;171;24;;;;;176;8;177;21;;;173.5;0.0
-2;3200;VEV_5200;95;20;94;27;;;98;35;;;;;96.5;0.0
-2;3200;VEV_5300;49;29;;;;;51;5;;;;;50.0;0.0
-2;3200;VEV_5400;15;25;;;;;17;23;;;;;16.0;0.0
-2;3200;VEV_5500;6;25;;;;;7;27;;;;;6.5;0.0
-2;3200;VEV_6000;0;28;;;;;1;28;;;;;0.5;0.0
-2;3200;VEV_6500;0;20;;;;;1;20;;;;;0.5;0.0
-2;3300;HYDROGEL_PACK;9954;11;9951;21;;;9970;11;9972;21;;;9962.0;0.0
-2;3300;VELVETFRUIT_EXTRACT;5259;18;5258;25;;;5264;18;;;;;5261.5;0.0
-2;3300;VEV_4000;1254;11;1251;22;;;1275;11;1278;22;;;1264.5;0.0
-2;3300;VEV_4500;755;7;753;21;;;771;7;773;21;;;763.0;0.0
-2;3300;VEV_5000;255;11;254;12;;;261;12;262;24;;;258.0;0.0
-2;3300;VEV_5100;172;11;171;24;;;176;8;177;17;;;174.0;0.0
-2;3300;VEV_5200;94;7;;;;;96;34;97;22;;;95.0;0.0
-2;3300;VEV_5300;;;;;;;50;23;51;23;;;50.0;0.0
-2;3300;VEV_5400;16;22;;;;;;;;;;;16.0;0.0
-2;3300;VEV_5500;6;21;;;;;7;17;;;;;6.5;0.0
-2;3300;VEV_6000;0;24;;;;;1;24;;;;;0.5;0.0
-2;3300;VEV_6500;0;15;;;;;1;15;;;;;0.5;0.0
-2;3400;HYDROGEL_PACK;9951;15;9949;25;;;9967;15;9970;25;;;9959.0;0.0
-2;3400;VELVETFRUIT_EXTRACT;5258;63;;;;;5264;68;;;;;5261.0;0.0
-2;3400;VEV_4000;1254;14;1251;30;;;1275;14;1277;30;;;1264.5;0.0
-2;3400;VEV_4500;756;6;755;15;754;15;772;6;773;11;774;15;764.0;0.0
-2;3400;VEV_5000;254;7;253;23;;;260;8;261;17;;;257.0;0.0
-2;3400;VEV_5100;172;12;171;24;;;176;8;177;13;;;174.0;0.0
-2;3400;VEV_5200;94;9;93;30;;;97;20;;;;;95.5;0.0
-2;3400;VEV_5300;47;23;46;25;;;49;19;50;12;;;48.0;0.0
-2;3400;VEV_5400;16;20;15;18;;;16;29;17;22;;;16.0;0.0
-2;3400;VEV_5500;6;27;;;;;7;23;;;;;6.5;0.0
-2;3400;VEV_6000;0;27;;;;;1;27;;;;;0.5;0.0
-2;3400;VEV_6500;0;16;;;;;1;16;;;;;0.5;0.0
-2;3500;HYDROGEL_PACK;9951;15;9948;20;;;9967;15;9969;20;;;9959.0;0.0
-2;3500;VELVETFRUIT_EXTRACT;5258;61;;;;;5264;48;;;;;5261.0;0.0
-2;3500;VEV_4000;1253;14;1250;19;;;1274;14;1276;19;;;1263.5;0.0
-2;3500;VEV_4500;757;8;755;22;;;773;8;775;22;;;765.0;0.0
-2;3500;VEV_5000;255;8;254;13;;;261;9;262;13;;;258.0;0.0
-2;3500;VEV_5100;172;26;;;;;177;21;;;;;174.5;0.0
-2;3500;VEV_5200;95;7;;;;;97;8;98;19;;;96.0;0.0
-2;3500;VEV_5300;48;23;;;;;50;22;;;;;49.0;0.0
-2;3500;VEV_5400;15;21;;;;;17;27;;;;;16.0;0.0
-2;3500;VEV_5500;6;22;;;;;7;24;;;;;6.5;0.0
-2;3500;VEV_6000;0;24;;;;;1;24;;;;;0.5;0.0
-2;3500;VEV_6500;0;18;;;;;1;18;;;;;0.5;0.0
-2;3600;HYDROGEL_PACK;9955;11;9952;29;;;9971;11;9973;29;;;9963.0;0.0
-2;3600;VELVETFRUIT_EXTRACT;5258;34;;;;;5263;21;5264;51;;;5260.5;0.0
-2;3600;VEV_4000;1253;7;1251;28;;;1274;7;1277;28;;;1263.5;0.0
-2;3600;VEV_4500;758;10;756;24;;;774;10;;;;;766.0;0.0
-2;3600;VEV_5000;253;8;252;35;;;259;8;260;23;;;256.0;0.0
-2;3600;VEV_5100;;;;;;;176;11;177;23;;;176.0;0.0
-2;3600;VEV_5200;94;19;;;;;;;;;;;94.0;0.0
-2;3600;VEV_5300;48;9;47;18;;;50;21;;;;;49.0;0.0
-2;3600;VEV_5400;16;17;15;17;;;17;22;;;;;16.5;0.0
-2;3600;VEV_5500;6;21;;;;;7;24;;;;;6.5;0.0
-2;3600;VEV_6000;0;21;;;;;1;21;;;;;0.5;0.0
-2;3600;VEV_6500;0;16;;;;;1;16;;;;;0.5;0.0
-2;3700;HYDROGEL_PACK;9956;15;9953;25;;;9972;15;9974;25;;;9964.0;0.0
-2;3700;VELVETFRUIT_EXTRACT;5258;25;5257;38;;;5262;25;5263;49;;;5260.0;0.0
-2;3700;VEV_4000;1252;7;1249;26;;;1273;7;1275;26;;;1262.5;0.0
-2;3700;VEV_4500;755;23;;;;;773;11;775;23;;;764.0;0.0
-2;3700;VEV_5000;253;31;252;16;;;259;8;260;21;;;256.0;0.0
-2;3700;VEV_5100;172;25;;;;;176;11;177;31;;;174.0;0.0
-2;3700;VEV_5200;;;;;;;97;22;;;;;97.0;0.0
-2;3700;VEV_5300;;;;;;;50;11;50;18;;;50.0;0.0
-2;3700;VEV_5400;;;;;;;17;21;;;;;17.0;0.0
-2;3700;VEV_5500;6;17;;;;;7;27;;;;;6.5;0.0
-2;3700;VEV_6000;0;18;;;;;1;18;;;;;0.5;0.0
-2;3700;VEV_6500;0;15;;;;;1;15;;;;;0.5;0.0
-2;3800;HYDROGEL_PACK;9954;10;9952;25;;;9970;10;9973;25;;;9962.0;0.0
-2;3800;VELVETFRUIT_EXTRACT;5258;64;;;;;5264;22;;;;;5261.0;0.0
-2;3800;VEV_4000;1253;14;1250;24;;;1274;14;1276;24;;;1263.5;0.0
-2;3800;VEV_4500;758;6;756;15;;;774;6;775;13;776;15;766.0;0.0
-2;3800;VEV_5000;251;8;250;14;;;257;22;258;14;;;254.0;0.0
-2;3800;VEV_5100;173;28;;;;;178;21;;;;;175.5;0.0
-2;3800;VEV_5200;95;25;94;12;;;98;22;;;;;96.5;0.0
-2;3800;VEV_5300;47;19;;;;;49;24;;;;;48.0;0.0
-2;3800;VEV_5400;15;29;;;;;16;23;;;;;15.5;0.0
-2;3800;VEV_5500;6;15;;;;;7;23;;;;;6.5;0.0
-2;3800;VEV_6000;0;25;;;;;1;25;;;;;0.5;0.0
-2;3800;VEV_6500;0;18;;;;;1;18;;;;;0.5;0.0
-2;3900;HYDROGEL_PACK;9954;13;9952;21;;;9970;13;9973;21;;;9962.0;0.0
-2;3900;VELVETFRUIT_EXTRACT;5259;16;5258;67;;;5264;60;5265;49;;;5261.5;0.0
-2;3900;VEV_4000;1252;14;1250;21;;;1273;14;1276;21;;;1262.5;0.0
-2;3900;VEV_4500;756;19;;;;;774;11;776;19;;;765.0;0.0
-2;3900;VEV_5000;252;10;;;;;258;8;259;30;;;255.0;0.0
-2;3900;VEV_5100;172;13;;;;;177;8;178;27;;;174.5;0.0
-2;3900;VEV_5200;93;16;;;;;97;22;;;;;95.0;0.0
-2;3900;VEV_5300;47;26;;;;;49;7;;;;;48.0;0.0
-2;3900;VEV_5400;15;18;;;;;17;20;;;;;16.0;0.0
-2;3900;VEV_5500;6;24;;;;;7;23;;;;;6.5;0.0
-2;3900;VEV_6000;0;27;;;;;1;27;;;;;0.5;0.0
-2;3900;VEV_6500;0;15;;;;;1;15;;;;;0.5;0.0
-2;4000;HYDROGEL_PACK;9954;12;9952;22;;;9970;12;9973;22;;;9962.0;0.0
-2;4000;VELVETFRUIT_EXTRACT;5258;32;5258;43;;;5264;45;;;;;5261.0;0.0
-2;4000;VEV_4000;1251;15;1249;21;;;1272;15;1275;21;;;1261.5;0.0
-2;4000;VEV_4500;757;6;755;12;;;773;6;775;12;;;765.0;0.0
-2;4000;VEV_5000;252;12;;;;;258;23;259;27;;;255.0;0.0
-2;4000;VEV_5100;172;27;171;29;;;176;11;;;;;174.0;0.0
-2;4000;VEV_5200;94;27;93;19;;;97;31;;;;;95.5;0.0
-2;4000;VEV_5300;;;;;;;49;23;50;13;;;49.0;0.0
-2;4000;VEV_5400;;;;;;;17;28;;;;;17.0;0.0
-2;4000;VEV_5500;6;24;;;;;7;23;;;;;6.5;0.0
-2;4000;VEV_6000;0;26;;;;;1;26;;;;;0.5;0.0
-2;4000;VEV_6500;0;20;;;;;1;20;;;;;0.5;0.0
-2;4100;HYDROGEL_PACK;9955;11;9952;23;;;9971;11;9973;23;;;9963.0;0.0
-2;4100;VELVETFRUIT_EXTRACT;5257;33;;;;;5262;18;5263;49;;;5259.5;0.0
-2;4100;VEV_4000;1252;8;1250;26;;;1273;8;1276;26;;;1262.5;0.0
-2;4100;VEV_4500;756;8;755;12;754;16;772;8;774;16;;;764.0;0.0
-2;4100;VEV_5000;252;10;251;16;;;258;12;259;15;;;255.0;0.0
-2;4100;VEV_5100;170;17;;;;;175;23;176;27;;;172.5;0.0
-2;4100;VEV_5200;93;31;;;;;97;26;;;;;95.0;0.0
-2;4100;VEV_5300;46;19;;;;;49;20;;;;;47.5;0.0
-2;4100;VEV_5400;15;22;;;;;17;25;;;;;16.0;0.0
-2;4100;VEV_5500;6;21;;;;;7;6;;;;;6.5;0.0
-2;4100;VEV_6000;0;16;;;;;1;16;;;;;0.5;0.0
-2;4100;VEV_6500;0;17;;;;;1;17;;;;;0.5;0.0
-2;4200;HYDROGEL_PACK;9956;11;9954;24;;;9972;11;9975;24;;;9964.0;0.0
-2;4200;VELVETFRUIT_EXTRACT;5259;41;5259;31;;;5265;45;;;;;5262.0;0.0
-2;4200;VEV_4000;1253;15;1250;26;;;1274;15;1277;26;;;1263.5;0.0
-2;4200;VEV_4500;755;11;753;12;;;771;11;773;12;;;763.0;0.0
-2;4200;VEV_5000;253;8;252;24;;;259;10;;;;;256.0;0.0
-2;4200;VEV_5100;;;;;;;175;23;;;;;175.0;0.0
-2;4200;VEV_5200;94;8;93;13;;;96;9;97;25;;;95.0;0.0
-2;4200;VEV_5300;46;20;;;;;48;25;;;;;47.0;0.0
-2;4200;VEV_5400;15;17;;;;;16;1;17;22;;;15.5;0.0
-2;4200;VEV_5500;6;26;;;;;7;27;;;;;6.5;0.0
-2;4200;VEV_6000;0;29;;;;;1;29;;;;;0.5;0.0
-2;4200;VEV_6500;0;16;;;;;1;16;;;;;0.5;0.0
-2;4300;HYDROGEL_PACK;9957;15;9955;25;;;9973;15;9975;25;;;9965.0;0.0
-2;4300;VELVETFRUIT_EXTRACT;5259;50;;;;;5265;39;;;;;5262.0;0.0
-2;4300;VEV_4000;1253;10;1251;21;;;1275;10;1277;21;;;1264.0;0.0
-2;4300;VEV_4500;756;6;754;23;;;772;6;774;23;;;764.0;0.0
-2;4300;VEV_5000;254;7;253;19;;;260;34;261;22;;;257.0;0.0
-2;4300;VEV_5100;171;8;170;31;;;176;21;;;;;173.5;0.0
-2;4300;VEV_5200;93;24;;;;;97;23;;;;;95.0;0.0
-2;4300;VEV_5300;46;25;;;;;48;5;49;20;;;47.0;0.0
-2;4300;VEV_5400;;;;;;;16;21;17;22;;;16.0;0.0
-2;4300;VEV_5500;6;20;;;;;7;28;;;;;6.5;0.0
-2;4300;VEV_6000;0;15;;;;;1;15;;;;;0.5;0.0
-2;4300;VEV_6500;0;18;;;;;1;18;;;;;0.5;0.0
-2;4400;HYDROGEL_PACK;9958;13;9955;20;;;9974;13;9976;20;;;9966.0;0.0
-2;4400;VELVETFRUIT_EXTRACT;5260;22;5259;16;;;5264;22;5265;43;;;5262.0;0.0
-2;4400;VEV_4000;1254;12;1252;15;;;1275;12;1278;15;;;1264.5;0.0
-2;4400;VEV_4500;755;12;753;23;;;771;12;774;23;;;763.0;0.0
-2;4400;VEV_5000;253;7;252;12;;;259;6;260;16;;;256.0;0.0
-2;4400;VEV_5100;172;7;;;;;177;17;;;;;174.5;0.0
-2;4400;VEV_5200;;;;;;;96;7;97;32;;;96.0;0.0
-2;4400;VEV_5300;46;21;;;;;48;17;49;14;;;47.0;0.0
-2;4400;VEV_5400;16;27;15;20;;;17;20;;;;;16.5;0.0
-2;4400;VEV_5500;6;27;;;;;7;25;;;;;6.5;0.0
-2;4400;VEV_6000;0;25;;;;;1;25;;;;;0.5;0.0
-2;4400;VEV_6500;0;13;;;;;1;13;;;;;0.5;0.0
-2;4500;HYDROGEL_PACK;9959;12;9957;20;;;9975;12;9977;20;;;9967.0;0.0
-2;4500;VELVETFRUIT_EXTRACT;5259;38;;;;;5264;24;5265;64;;;5261.5;0.0
-2;4500;VEV_4000;1253;15;1251;26;;;1275;15;1277;26;;;1264.0;0.0
-2;4500;VEV_4500;756;12;754;22;;;774;22;;;;;765.0;0.0
-2;4500;VEV_5000;254;8;;;;;261;20;;;;;257.5;0.0
-2;4500;VEV_5100;;;;;;;177;8;;;;;177.0;0.0
-2;4500;VEV_5200;94;6;93;22;;;96;10;97;13;;;95.0;0.0
-2;4500;VEV_5300;47;23;;;;;49;22;49;21;;;48.0;0.0
-2;4500;VEV_5400;15;28;;;;;17;30;;;;;16.0;0.0
-2;4500;VEV_5500;6;28;;;;;7;22;;;;;6.5;0.0
-2;4500;VEV_6000;0;20;;;;;1;20;;;;;0.5;0.0
-2;4500;VEV_6500;0;21;;;;;1;21;;;;;0.5;0.0
-2;4600;HYDROGEL_PACK;9958;13;9955;26;;;9974;13;9976;26;;;9966.0;0.0
-2;4600;VELVETFRUIT_EXTRACT;5260;56;;;;;5265;17;5266;42;;;5262.5;0.0
-2;4600;VEV_4000;1255;8;1252;21;;;1276;8;1279;21;;;1265.5;0.0
-2;4600;VEV_4500;755;11;753;23;;;773;23;;;;;764.0;0.0
-2;4600;VEV_5000;254;8;253;22;;;260;7;261;13;;;257.0;0.0
-2;4600;VEV_5100;172;8;171;24;;;176;12;;;;;174.0;0.0
-2;4600;VEV_5200;93;24;;;;;96;27;97;21;;;94.5;0.0
-2;4600;VEV_5300;47;24;;;;;49;24;;;;;48.0;0.0
-2;4600;VEV_5400;16;21;;;;;17;16;;;;;16.5;0.0
-2;4600;VEV_5500;6;17;;;;;7;29;;;;;6.5;0.0
-2;4600;VEV_6000;0;24;;;;;1;24;;;;;0.5;0.0
-2;4600;VEV_6500;0;15;;;;;1;15;;;;;0.5;0.0
-2;4700;HYDROGEL_PACK;9959;10;9956;24;;;9975;10;9977;24;;;9967.0;0.0
-2;4700;VELVETFRUIT_EXTRACT;5261;20;5260;47;;;5265;20;5266;50;;;5263.0;0.0
-2;4700;VEV_4000;1256;12;1253;29;;;1277;12;1279;29;;;1266.5;0.0
-2;4700;VEV_4500;754;12;;;;;772;16;;;;;763.0;0.0
-2;4700;VEV_5000;254;9;253;34;;;260;8;261;13;;;257.0;0.0
-2;4700;VEV_5100;171;19;;;;;177;24;;;;;174.0;0.0
-2;4700;VEV_5200;95;13;;;;;98;25;99;12;;;96.5;0.0
-2;4700;VEV_5300;46;17;;;;;48;29;49;18;;;47.0;0.0
-2;4700;VEV_5400;16;23;;;;;18;12;;;;;17.0;0.0
-2;4700;VEV_5500;6;21;;;;;7;25;;;;;6.5;0.0
-2;4700;VEV_6000;0;29;;;;;1;29;;;;;0.5;0.0
-2;4700;VEV_6500;0;14;;;;;1;14;;;;;0.5;0.0
-2;4800;HYDROGEL_PACK;9956;14;9954;22;;;9972;14;9975;22;;;9964.0;0.0
-2;4800;VELVETFRUIT_EXTRACT;5259;66;;;;;5265;49;;;;;5262.0;0.0
-2;4800;VEV_4000;1255;14;1253;17;;;1276;14;1279;17;;;1265.5;0.0
-2;4800;VEV_4500;754;12;;;;;770;12;772;20;;;762.0;0.0
-2;4800;VEV_5000;253;6;252;12;;;259;11;;;;;256.0;0.0
-2;4800;VEV_5100;;;;;;;;;;;;;0.0;0.0
-2;4800;VEV_5200;96;7;95;27;;;98;12;99;31;;;97.0;0.0
-2;4800;VEV_5300;46;5;;;;;48;5;;;;;47.0;0.0
-2;4800;VEV_5400;16;22;16;21;;;17;6;;;;;16.5;0.0
-2;4800;VEV_5500;6;25;;;;;7;21;;;;;6.5;0.0
-2;4800;VEV_6000;0;27;;;;;1;27;;;;;0.5;0.0
-2;4800;VEV_6500;0;17;;;;;1;17;;;;;0.5;0.0
-2;4900;HYDROGEL_PACK;9957;13;9954;21;;;9973;13;9975;21;;;9965.0;0.0
-2;4900;VELVETFRUIT_EXTRACT;5259;24;5258;56;;;5264;64;;;;;5261.5;0.0
-2;4900;VEV_4000;1256;11;1254;18;;;1277;11;1280;18;;;1266.5;0.0
-2;4900;VEV_4500;754;6;752;20;;;770;6;771;10;772;20;762.0;0.0
-2;4900;VEV_5000;253;25;252;16;;;;;;;;;253.0;0.0
-2;4900;VEV_5100;172;21;;;;;177;8;178;29;;;174.5;0.0
-2;4900;VEV_5200;95;32;94;18;;;97;21;;;;;96.0;0.0
-2;4900;VEV_5300;46;16;;;;;48;25;;;;;47.0;0.0
-2;4900;VEV_5400;16;15;;;;;;;;;;;16.0;0.0
-2;4900;VEV_5500;6;22;;;;;7;22;;;;;6.5;0.0
-2;4900;VEV_6000;0;20;;;;;1;20;;;;;0.5;0.0
-2;4900;VEV_6500;0;13;;;;;1;13;;;;;0.5;0.0
-2;5000;HYDROGEL_PACK;9954;12;9952;30;;;9970;12;9973;30;;;9962.0;0.0
-2;5000;VELVETFRUIT_EXTRACT;5260;35;5260;15;;;5265;15;5266;23;;;5262.5;0.0
-2;5000;VEV_4000;1257;7;1255;26;;;1279;7;1281;26;;;1268.0;0.0
-2;5000;VEV_4500;756;9;755;8;754;20;772;9;773;11;774;20;764.0;0.0
-2;5000;VEV_5000;254;8;253;28;;;260;7;261;26;;;257.0;0.0
-2;5000;VEV_5100;173;12;;;;;178;21;;;;;175.5;0.0
-2;5000;VEV_5200;95;11;94;13;;;98;33;;;;;96.5;0.0
-2;5000;VEV_5300;46;19;;;;;48;18;;;;;47.0;0.0
-2;5000;VEV_5400;16;23;;;;;18;19;;;;;17.0;0.0
-2;5000;VEV_5500;6;27;;;;;7;18;;;;;6.5;0.0
-2;5000;VEV_6000;0;20;;;;;1;20;;;;;0.5;0.0
-2;5000;VEV_6500;0;12;;;;;1;12;;;;;0.5;0.0
-2;5100;HYDROGEL_PACK;9953;14;9950;30;;;9969;14;9971;30;;;9961.0;0.0
-2;5100;VELVETFRUIT_EXTRACT;5259;37;5258;44;;;5265;52;;;;;5262.0;0.0
-2;5100;VEV_4000;1258;10;1256;26;;;1280;10;1282;26;;;1269.0;0.0
-2;5100;VEV_4500;757;12;755;21;;;773;12;774;11;775;21;765.0;0.0
-2;5100;VEV_5000;254;9;253;26;;;260;27;261;16;;;257.0;0.0
-2;5100;VEV_5100;172;21;;;;;176;21;;;;;174.0;0.0
-2;5100;VEV_5200;94;28;;;;;;;;;;;94.0;0.0
-2;5100;VEV_5300;45;6;44;14;;;47;20;48;12;;;46.0;0.0
-2;5100;VEV_5400;16;19;;;;;17;25;18;25;;;16.5;0.0
-2;5100;VEV_5500;6;17;;;;;7;24;;;;;6.5;0.0
-2;5100;VEV_6000;0;16;;;;;1;16;;;;;0.5;0.0
-2;5100;VEV_6500;0;18;;;;;1;18;;;;;0.5;0.0
-2;5200;HYDROGEL_PACK;9950;12;9948;25;;;9966;12;9969;25;;;9958.0;0.0
-2;5200;VELVETFRUIT_EXTRACT;5260;63;;;;;5266;17;;;;;5263.0;0.0
-2;5200;VEV_4000;1258;12;1255;18;;;1279;12;1282;18;;;1268.5;0.0
-2;5200;VEV_4500;757;12;755;15;;;773;12;775;15;;;765.0;0.0
-2;5200;VEV_5000;254;10;253;19;;;261;20;;;;;257.5;0.0
-2;5200;VEV_5100;174;7;173;17;;;179;31;;;;;176.5;0.0
-2;5200;VEV_5200;95;6;94;19;;;97;10;98;29;;;96.0;0.0
-2;5200;VEV_5300;45;18;;;;;47;21;;;;;46.0;0.0
-2;5200;VEV_5400;16;22;16;29;;;17;26;18;19;;;16.5;0.0
-2;5200;VEV_5500;6;23;;;;;7;21;;;;;6.5;0.0
-2;5200;VEV_6000;0;23;;;;;1;23;;;;;0.5;0.0
-2;5200;VEV_6500;0;13;;;;;1;13;;;;;0.5;0.0
-2;5300;HYDROGEL_PACK;9950;13;9947;24;;;9968;24;;;;;9959.0;0.0
-2;5300;VELVETFRUIT_EXTRACT;5259;31;;;;;5264;15;5265;71;;;5261.5;0.0
-2;5300;VEV_4000;1257;11;1254;19;;;1278;11;1281;19;;;1267.5;0.0
-2;5300;VEV_4500;757;12;755;15;;;773;12;774;7;775;15;765.0;0.0
-2;5300;VEV_5000;252;16;;;;;259;31;260;21;;;255.5;0.0
-2;5300;VEV_5100;175;9;;;;;180;15;;;;;177.5;0.0
-2;5300;VEV_5200;94;10;;;;;96;25;;;;;95.0;0.0
-2;5300;VEV_5300;;;;;;;;;;;;;0.0;0.0
-2;5300;VEV_5400;;;;;;;17;22;18;13;;;17.0;0.0
-2;5300;VEV_5500;6;15;;;;;7;19;;;;;6.5;0.0
-2;5300;VEV_6000;0;17;;;;;1;17;;;;;0.5;0.0
-2;5300;VEV_6500;0;16;;;;;1;16;;;;;0.5;0.0
-2;5400;HYDROGEL_PACK;9948;11;9946;23;;;9964;11;9967;23;;;9956.0;0.0
-2;5400;VELVETFRUIT_EXTRACT;5260;19;5259;46;;;5264;19;5265;66;5266;44;5262.0;0.0
-2;5400;VEV_4000;1256;8;1253;28;;;1277;8;1280;28;;;1266.5;0.0
-2;5400;VEV_4500;757;11;755;23;;;773;11;;;;;765.0;0.0
-2;5400;VEV_5000;;;;;;;260;24;;;;;260.0;0.0
-2;5400;VEV_5100;175;18;;;;;180;20;;;;;177.5;0.0
-2;5400;VEV_5200;93;20;;;;;97;28;;;;;95.0;0.0
-2;5400;VEV_5300;45;17;;;;;47;26;;;;;46.0;0.0
-2;5400;VEV_5400;;;;;;;17;20;18;22;;;17.0;0.0
-2;5400;VEV_5500;6;19;;;;;7;25;;;;;6.5;0.0
-2;5400;VEV_6000;0;17;;;;;1;17;;;;;0.5;0.0
-2;5400;VEV_6500;0;12;;;;;1;12;;;;;0.5;0.0
-2;5500;HYDROGEL_PACK;9949;15;9947;23;;;9965;15;9968;23;;;9957.0;0.0
-2;5500;VELVETFRUIT_EXTRACT;5261;17;5260;34;5260;64;5266;16;;;;;5263.5;0.0
-2;5500;VEV_4000;1257;13;1255;18;;;1279;13;1281;18;;;1268.0;0.0
-2;5500;VEV_4500;758;12;756;21;;;774;12;776;21;;;766.0;0.0
-2;5500;VEV_5000;254;8;253;14;;;260;10;261;20;;;257.0;0.0
-2;5500;VEV_5100;175;9;174;21;;;179;6;180;19;;;177.0;0.0
-2;5500;VEV_5200;93;22;92;14;;;96;17;;;;;94.5;0.0
-2;5500;VEV_5300;45;26;;;;;47;9;;;;;46.0;0.0
-2;5500;VEV_5400;;;;;;;18;25;;;;;18.0;0.0
-2;5500;VEV_5500;6;24;;;;;7;23;;;;;6.5;0.0
-2;5500;VEV_6000;0;27;;;;;1;27;;;;;0.5;0.0
-2;5500;VEV_6500;0;14;;;;;1;14;;;;;0.5;0.0
-2;5600;HYDROGEL_PACK;9947;10;9944;27;;;9963;10;9965;27;;;9955.0;0.0
-2;5600;VELVETFRUIT_EXTRACT;5261;48;;;;;5266;22;5267;63;;;5263.5;0.0
-2;5600;VEV_4000;1258;7;1255;19;;;1279;7;1282;19;;;1268.5;0.0
-2;5600;VEV_4500;758;10;757;11;756;18;774;10;775;7;776;18;766.0;0.0
-2;5600;VEV_5000;254;8;;;;;260;7;;;;;257.0;0.0
-2;5600;VEV_5100;174;26;;;;;179;11;180;24;;;176.5;0.0
-2;5600;VEV_5200;92;19;;;;;;;;;;;92.0;0.0
-2;5600;VEV_5300;45;24;;;;;47;9;;;;;46.0;0.0
-2;5600;VEV_5400;16;19;16;22;;;18;23;;;;;17.0;0.0
-2;5600;VEV_5500;6;29;;;;;7;23;;;;;6.5;0.0
-2;5600;VEV_6000;0;22;;;;;1;22;;;;;0.5;0.0
-2;5600;VEV_6500;0;14;;;;;1;14;;;;;0.5;0.0
-2;5700;HYDROGEL_PACK;9947;11;9944;26;;;9963;11;9965;26;;;9955.0;0.0
-2;5700;VELVETFRUIT_EXTRACT;5263;17;5262;49;;;5267;17;5268;35;;;5265.0;0.0
-2;5700;VEV_4000;1259;12;1256;20;;;1280;12;1283;20;;;1269.5;0.0
-2;5700;VEV_4500;759;6;757;14;;;777;14;;;;;768.0;0.0
-2;5700;VEV_5000;254;10;253;22;;;260;28;261;12;;;257.0;0.0
-2;5700;VEV_5100;175;12;;;;;179;29;180;14;;;177.0;0.0
-2;5700;VEV_5200;92;23;;;;;95;32;96;33;;;93.5;0.0
-2;5700;VEV_5300;45;25;;;;;47;25;;;;;46.0;0.0
-2;5700;VEV_5400;;;;;;;;;;;;;0.0;0.0
-2;5700;VEV_5500;6;28;;;;;7;18;;;;;6.5;0.0
-2;5700;VEV_6000;0;25;;;;;1;25;;;;;0.5;0.0
-2;5700;VEV_6500;0;12;;;;;1;12;;;;;0.5;0.0
-2;5800;HYDROGEL_PACK;9948;10;9945;24;;;9964;10;9966;24;;;9956.0;0.0
-2;5800;VELVETFRUIT_EXTRACT;5263;42;5263;40;;;5268;16;5269;64;;;5265.5;0.0
-2;5800;VEV_4000;1259;12;1257;23;;;1281;12;1283;23;;;1270.0;0.0
-2;5800;VEV_4500;759;7;757;22;;;775;7;776;10;;;767.0;0.0
-2;5800;VEV_5000;252;12;251;12;;;258;11;259;16;;;255.0;0.0
-2;5800;VEV_5100;174;9;;;;;178;10;;;;;176.0;0.0
-2;5800;VEV_5200;91;20;;;;;94;6;95;17;;;92.5;0.0
-2;5800;VEV_5300;45;19;;;;;47;17;;;;;46.0;0.0
-2;5800;VEV_5400;17;25;16;22;;;18;17;;;;;17.5;0.0
-2;5800;VEV_5500;6;21;;;;;7;24;;;;;6.5;0.0
-2;5800;VEV_6000;0;23;;;;;1;23;;;;;0.5;0.0
-2;5800;VEV_6500;0;12;;;;;1;12;;;;;0.5;0.0
-2;5900;HYDROGEL_PACK;9948;13;9945;23;;;9964;13;9966;23;;;9956.0;0.0
-2;5900;VELVETFRUIT_EXTRACT;5263;69;;;;;5268;25;5269;60;;;5265.5;0.0
-2;5900;VEV_4000;1261;9;1258;24;;;1282;9;1285;24;;;1271.5;0.0
-2;5900;VEV_4500;758;10;757;11;756;13;774;10;776;13;;;766.0;0.0
-2;5900;VEV_5000;253;17;;;;;260;10;261;18;;;256.5;0.0
-2;5900;VEV_5100;174;9;173;13;;;179;25;;;;;176.5;0.0
-2;5900;VEV_5200;92;24;;;;;95;6;96;29;;;93.5;0.0
-2;5900;VEV_5300;46;28;;;;;48;24;;;;;47.0;0.0
-2;5900;VEV_5400;16;22;;;;;18;25;;;;;17.0;0.0
-2;5900;VEV_5500;6;26;;;;;7;19;;;;;6.5;0.0
-2;5900;VEV_6000;0;23;;;;;1;23;;;;;0.5;0.0
-2;5900;VEV_6500;0;17;;;;;1;17;;;;;0.5;0.0
-2;6000;HYDROGEL_PACK;9947;22;;;;;9966;11;9968;22;;;9956.5;0.0
-2;6000;VELVETFRUIT_EXTRACT;5264;16;5263;65;;;5269;41;;;;;5266.5;0.0
-2;6000;VEV_4000;1261;15;1258;17;;;1282;15;1285;17;;;1271.5;0.0
-2;6000;VEV_4500;756;12;755;18;;;773;8;774;12;775;18;764.5;0.0
-2;6000;VEV_5000;253;12;252;17;;;259;30;;;;;256.0;0.0
-2;6000;VEV_5100;172;12;171;14;;;176;8;;;;;174.0;0.0
-2;6000;VEV_5200;94;8;93;20;;;97;29;;;;;95.5;0.0
-2;6000;VEV_5300;46;10;45;12;;;48;20;;;;;47.0;0.0
-2;6000;VEV_5400;17;23;;;;;18;24;;;;;17.5;0.0
-2;6000;VEV_5500;6;18;;;;;7;23;;;;;6.5;0.0
-2;6000;VEV_6000;0;18;;;;;1;18;;;;;0.5;0.0
-2;6000;VEV_6500;0;13;;;;;1;13;;;;;0.5;0.0
-2;6100;HYDROGEL_PACK;9949;15;9946;20;;;9965;15;9967;20;;;9957.0;0.0
-2;6100;VELVETFRUIT_EXTRACT;5261;41;5261;20;;;5267;66;;;;;5264.0;0.0
-2;6100;VEV_4000;1262;13;1259;24;;;1283;13;1286;24;;;1272.5;0.0
-2;6100;VEV_4500;756;7;754;22;;;772;7;775;22;;;764.0;0.0
-2;6100;VEV_5000;253;11;252;23;;;260;25;;;;;256.5;0.0
-2;6100;VEV_5100;172;30;;;;;177;21;178;24;;;174.5;0.0
-2;6100;VEV_5200;92;26;;;;;;;;;;;92.0;0.0
-2;6100;VEV_5300;47;19;46;17;;;49;23;50;19;;;48.0;0.0
-2;6100;VEV_5400;;;;;;;18;30;;;;;18.0;0.0
-2;6100;VEV_5500;6;27;;;;;7;18;;;;;6.5;0.0
-2;6100;VEV_6000;0;21;;;;;1;21;;;;;0.5;0.0
-2;6100;VEV_6500;0;16;;;;;1;16;;;;;0.5;0.0
-2;6200;HYDROGEL_PACK;9948;12;9945;22;;;9964;12;9966;22;;;9956.0;0.0
-2;6200;VELVETFRUIT_EXTRACT;5262;18;5261;36;;;5267;44;;;;;5264.5;0.0
-2;6200;VEV_4000;1261;13;1259;25;;;1283;13;1285;25;;;1272.0;0.0
-2;6200;VEV_4500;755;18;;;;;775;18;;;;;765.0;0.0
-2;6200;VEV_5000;251;9;;;;;257;7;258;14;;;254.0;0.0
-2;6200;VEV_5100;172;28;171;17;;;176;28;177;14;;;174.0;0.0
-2;6200;VEV_5200;91;12;;;;;;;;;;;91.0;0.0
-2;6200;VEV_5300;47;23;;;;;49;5;;;;;48.0;0.0
-2;6200;VEV_5400;;;;;;;18;23;;;;;18.0;0.0
-2;6200;VEV_5500;6;17;;;;;;;;;;;6.0;0.0
-2;6200;VEV_6000;0;20;;;;;1;20;;;;;0.5;0.0
-2;6200;VEV_6500;0;18;;;;;1;18;;;;;0.5;0.0
-2;6300;HYDROGEL_PACK;9949;13;9947;25;;;9965;13;9968;25;;;9957.0;0.0
-2;6300;VELVETFRUIT_EXTRACT;5262;17;5261;56;;;5266;17;5267;65;5268;39;5264.0;0.0
-2;6300;VEV_4000;1261;9;1259;19;;;1283;9;1285;19;;;1272.0;0.0
-2;6300;VEV_4500;758;9;756;24;;;774;9;776;24;;;766.0;0.0
-2;6300;VEV_5000;;;;;;;257;9;;;;;257.0;0.0
-2;6300;VEV_5100;173;22;172;17;;;177;26;178;27;;;175.0;0.0
-2;6300;VEV_5200;92;6;;;;;95;29;;;;;93.5;0.0
-2;6300;VEV_5300;48;7;;;;;51;26;;;;;49.5;0.0
-2;6300;VEV_5400;16;29;;;;;18;22;;;;;17.0;0.0
-2;6300;VEV_5500;6;22;;;;;7;23;;;;;6.5;0.0
-2;6300;VEV_6000;0;23;;;;;1;23;;;;;0.5;0.0
-2;6300;VEV_6500;0;14;;;;;1;14;;;;;0.5;0.0
-2;6400;HYDROGEL_PACK;9948;14;9945;30;;;9964;14;9966;30;;;9956.0;0.0
-2;6400;VELVETFRUIT_EXTRACT;5262;21;5261;42;;;5266;21;5267;73;5268;50;5264.0;0.0
-2;6400;VEV_4000;1260;8;1258;28;;;1282;8;1284;28;;;1271.0;0.0
-2;6400;VEV_4500;759;6;757;15;;;775;6;777;15;;;767.0;0.0
-2;6400;VEV_5000;251;6;250;18;;;257;12;258;14;;;254.0;0.0
-2;6400;VEV_5100;171;26;;;;;;;;;;;171.0;0.0
-2;6400;VEV_5200;91;12;90;15;;;94;23;;;;;92.5;0.0
-2;6400;VEV_5300;48;22;;;;;50;22;51;15;;;49.0;0.0
-2;6400;VEV_5400;16;18;16;29;;;;;;;;;16.0;0.0
-2;6400;VEV_5500;6;19;;;;;7;29;;;;;6.5;0.0
-2;6400;VEV_6000;0;30;;;;;1;30;;;;;0.5;0.0
-2;6400;VEV_6500;0;18;;;;;1;18;;;;;0.5;0.0
-2;6500;HYDROGEL_PACK;9946;11;9944;26;;;9962;11;9965;26;;;9954.0;0.0
-2;6500;VELVETFRUIT_EXTRACT;5262;22;5261;32;;;5267;38;;;;;5264.5;0.0
-2;6500;VEV_4000;1261;13;1258;29;;;1282;13;1285;29;;;1271.5;0.0
-2;6500;VEV_4500;756;19;;;;;774;10;776;19;;;765.0;0.0
-2;6500;VEV_5000;251;24;250;12;;;257;28;;;;;254.0;0.0
-2;6500;VEV_5100;171;11;170;13;;;175;6;176;17;;;173.0;0.0
-2;6500;VEV_5200;92;32;91;23;;;95;28;;;;;93.5;0.0
-2;6500;VEV_5300;48;17;;;;;50;6;;;;;49.0;0.0
-2;6500;VEV_5400;16;26;;;;;18;30;;;;;17.0;0.0
-2;6500;VEV_5500;6;18;;;;;7;23;;;;;6.5;0.0
-2;6500;VEV_6000;0;20;;;;;1;20;;;;;0.5;0.0
-2;6500;VEV_6500;0;14;;;;;1;14;;;;;0.5;0.0
-2;6600;HYDROGEL_PACK;9947;12;9945;24;;;9963;12;9966;24;;;9955.0;0.0
-2;6600;VELVETFRUIT_EXTRACT;5263;38;;;;;5268;17;5269;33;5270;38;5265.5;0.0
-2;6600;VEV_4000;1261;15;1258;24;;;1282;15;1285;24;;;1271.5;0.0
-2;6600;VEV_4500;757;6;;;;;775;13;;;;;766.0;0.0
-2;6600;VEV_5000;251;8;250;18;;;257;7;;;;;254.0;0.0
-2;6600;VEV_5100;171;33;170;12;;;175;8;176;12;;;173.0;0.0
-2;6600;VEV_5200;;;;;;;94;12;95;28;;;94.0;0.0
-2;6600;VEV_5300;49;16;48;18;;;51;19;;;;;50.0;0.0
-2;6600;VEV_5400;;;;;;;17;20;18;16;;;17.0;0.0
-2;6600;VEV_5500;6;22;;;;;7;28;;;;;6.5;0.0
-2;6600;VEV_6000;0;20;;;;;1;20;;;;;0.5;0.0
-2;6600;VEV_6500;0;16;;;;;1;16;;;;;0.5;0.0
-2;6700;HYDROGEL_PACK;9948;15;9945;24;;;9964;15;9966;24;;;9956.0;0.0
-2;6700;VELVETFRUIT_EXTRACT;5262;36;5262;20;;;5268;36;5268;51;;;5265.0;0.0
-2;6700;VEV_4000;1261;9;1259;18;;;1283;9;1285;18;;;1272.0;0.0
-2;6700;VEV_4500;757;7;755;24;;;773;7;775;24;;;765.0;0.0
-2;6700;VEV_5000;249;13;;;;;257;23;;;;;253.0;0.0
-2;6700;VEV_5100;171;10;170;19;;;175;34;176;17;;;173.0;0.0
-2;6700;VEV_5200;91;26;;;;;94;25;95;20;;;92.5;0.0
-2;6700;VEV_5300;48;21;;;;;51;26;;;;;49.5;0.0
-2;6700;VEV_5400;;;;;;;18;20;;;;;18.0;0.0
-2;6700;VEV_5500;6;29;;;;;7;19;;;;;6.5;0.0
-2;6700;VEV_6000;0;19;;;;;1;19;;;;;0.5;0.0
-2;6700;VEV_6500;0;15;;;;;1;15;;;;;0.5;0.0
-2;6800;HYDROGEL_PACK;9946;21;;;;;9964;10;9967;21;;;9955.0;0.0
-2;6800;VELVETFRUIT_EXTRACT;5263;18;5262;59;;;5268;36;;;;;5265.5;0.0
-2;6800;VEV_4000;1262;12;1260;23;;;1284;12;1286;23;;;1273.0;0.0
-2;6800;VEV_4500;758;12;756;24;;;774;12;776;24;;;766.0;0.0
-2;6800;VEV_5000;249;6;248;15;;;256;12;;;;;252.5;0.0
-2;6800;VEV_5100;170;31;169;13;;;175;13;;;;;172.5;0.0
-2;6800;VEV_5200;92;23;91;33;;;94;25;95;29;;;93.0;0.0
-2;6800;VEV_5300;48;25;;;;;50;27;;;;;49.0;0.0
-2;6800;VEV_5400;17;24;16;27;;;18;25;;;;;17.5;0.0
-2;6800;VEV_5500;6;21;;;;;7;30;;;;;6.5;0.0
-2;6800;VEV_6000;0;23;;;;;1;23;;;;;0.5;0.0
-2;6800;VEV_6500;0;16;;;;;1;16;;;;;0.5;0.0
-2;6900;HYDROGEL_PACK;9950;14;9947;27;;;9966;14;9968;27;;;9958.0;0.0
-2;6900;VELVETFRUIT_EXTRACT;5263;65;5263;19;;;5269;60;;;;;5266.0;0.0
-2;6900;VEV_4000;1264;13;1261;22;;;1285;13;1288;22;;;1274.5;0.0
-2;6900;VEV_4500;756;11;754;24;;;772;11;774;24;;;764.0;0.0
-2;6900;VEV_5000;250;9;249;13;;;256;8;257;17;;;253.0;0.0
-2;6900;VEV_5100;171;11;170;21;;;175;12;176;12;;;173.0;0.0
-2;6900;VEV_5200;91;11;90;26;;;94;29;;;;;92.5;0.0
-2;6900;VEV_5300;48;28;;;;;50;19;;;;;49.0;0.0
-2;6900;VEV_5400;16;23;;;;;18;19;;;;;17.0;0.0
-2;6900;VEV_5500;6;22;;;;;7;19;;;;;6.5;0.0
-2;6900;VEV_6000;0;20;;;;;1;20;;;;;0.5;0.0
-2;6900;VEV_6500;0;19;;;;;1;19;;;;;0.5;0.0
-2;7000;HYDROGEL_PACK;9950;14;9948;28;;;9966;14;9969;28;;;9958.0;0.0
-2;7000;VELVETFRUIT_EXTRACT;5262;19;5261;38;5261;49;5266;19;5267;44;5268;38;5264.0;0.0
-2;7000;VEV_4000;1263;12;1260;27;;;1284;12;1287;27;;;1273.5;0.0
-2;7000;VEV_4500;756;8;755;10;754;20;772;8;775;20;;;764.0;0.0
-2;7000;VEV_5000;250;9;;;;;256;6;257;15;;;253.0;0.0
-2;7000;VEV_5100;173;29;;;;;177;35;178;20;;;175.0;0.0
-2;7000;VEV_5200;90;18;;;;;93;9;94;16;;;91.5;0.0
-2;7000;VEV_5300;48;18;;;;;50;22;;;;;49.0;0.0
-2;7000;VEV_5400;17;23;;;;;18;19;19;30;;;17.5;0.0
-2;7000;VEV_5500;6;18;;;;;7;23;;;;;6.5;0.0
-2;7000;VEV_6000;0;25;;;;;1;25;;;;;0.5;0.0
-2;7000;VEV_6500;0;15;;;;;1;15;;;;;0.5;0.0
-2;7100;HYDROGEL_PACK;9952;14;9950;25;;;9968;14;9971;25;;;9960.0;0.0
-2;7100;VELVETFRUIT_EXTRACT;5262;19;5261;57;;;5267;53;;;;;5264.5;0.0
-2;7100;VEV_4000;1263;13;1261;30;;;1285;13;1287;30;;;1274.0;0.0
-2;7100;VEV_4500;757;12;756;7;755;24;773;12;774;23;775;24;765.0;0.0
-2;7100;VEV_5000;249;12;248;27;;;256;17;;;;;252.5;0.0
-2;7100;VEV_5100;171;24;;;;;177;21;;;;;174.0;0.0
-2;7100;VEV_5200;91;2;90;24;;;94;16;;;;;92.5;0.0
-2;7100;VEV_5300;49;21;;;;;51;6;;;;;50.0;0.0
-2;7100;VEV_5400;;;;;;;18;6;19;21;;;18.0;0.0
-2;7100;VEV_5500;6;26;;;;;7;30;;;;;6.5;0.0
-2;7100;VEV_6000;0;19;;;;;1;19;;;;;0.5;0.0
-2;7100;VEV_6500;0;18;;;;;1;18;;;;;0.5;0.0
-2;7200;HYDROGEL_PACK;9957;15;9954;28;;;9973;15;9975;28;;;9965.0;0.0
-2;7200;VELVETFRUIT_EXTRACT;5261;65;;;;;5267;50;;;;;5264.0;0.0
-2;7200;VEV_4000;1262;8;1260;29;;;1284;8;1286;29;;;1273.0;0.0
-2;7200;VEV_4500;757;11;755;15;;;773;11;775;15;;;765.0;0.0
-2;7200;VEV_5000;248;7;;;;;254;7;255;22;;;251.0;0.0
-2;7200;VEV_5100;171;25;170;15;;;175;7;;;;;173.0;0.0
-2;7200;VEV_5200;91;10;90;14;;;;;;;;;91.0;0.0
-2;7200;VEV_5300;49;30;;;;;51;21;52;12;;;50.0;0.0
-2;7200;VEV_5400;;;;;;;19;16;;;;;19.0;0.0
-2;7200;VEV_5500;6;22;;;;;7;21;;;;;6.5;0.0
-2;7200;VEV_6000;0;25;;;;;1;25;;;;;0.5;0.0
-2;7200;VEV_6500;0;20;;;;;1;20;;;;;0.5;0.0
-2;7300;HYDROGEL_PACK;9956;15;9954;23;;;9972;15;9975;23;;;9964.0;0.0
-2;7300;VELVETFRUIT_EXTRACT;5261;20;;;;;5267;53;;;;;5264.0;0.0
-2;7300;VEV_4000;1264;15;1261;22;;;1285;15;1287;22;;;1274.5;0.0
-2;7300;VEV_4500;757;9;755;13;;;773;9;775;13;;;765.0;0.0
-2;7300;VEV_5000;247;27;246;21;;;253;8;254;14;;;250.0;0.0
-2;7300;VEV_5100;170;22;169;17;;;174;10;175;32;;;172.0;0.0
-2;7300;VEV_5200;91;6;90;26;;;;;;;;;91.0;0.0
-2;7300;VEV_5300;50;8;;;;;52;9;;;;;51.0;0.0
-2;7300;VEV_5400;17;22;;;;;18;29;19;23;;;17.5;0.0
-2;7300;VEV_5500;6;20;;;;;7;19;;;;;6.5;0.0
-2;7300;VEV_6000;0;25;;;;;1;25;;;;;0.5;0.0
-2;7300;VEV_6500;0;18;;;;;1;18;;;;;0.5;0.0
-2;7400;HYDROGEL_PACK;9958;11;9955;23;;;9974;11;9976;23;;;9966.0;0.0
-2;7400;VELVETFRUIT_EXTRACT;5261;61;;;;;5266;18;5267;17;;;5263.5;0.0
-2;7400;VEV_4000;1262;13;1259;29;;;1283;13;1286;29;;;1272.5;0.0
-2;7400;VEV_4500;756;8;754;24;;;772;8;774;24;;;764.0;0.0
-2;7400;VEV_5000;247;12;246;12;;;253;10;254;35;;;250.0;0.0
-2;7400;VEV_5100;171;20;;;;;175;18;;;;;173.0;0.0
-2;7400;VEV_5200;90;27;;;;;93;20;94;24;;;91.5;0.0
-2;7400;VEV_5300;50;8;;;;;52;24;;;;;51.0;0.0
-2;7400;VEV_5400;18;22;17;11;;;19;19;;;;;18.5;0.0
-2;7400;VEV_5500;6;18;;;;;7;22;;;;;6.5;0.0
-2;7400;VEV_6000;0;28;;;;;1;28;;;;;0.5;0.0
-2;7400;VEV_6500;0;18;;;;;1;18;;;;;0.5;0.0
-2;7500;HYDROGEL_PACK;9958;12;9955;30;;;9974;12;9976;30;;;9966.0;0.0
-2;7500;VELVETFRUIT_EXTRACT;5261;46;5261;49;;;5267;60;;;;;5264.0;0.0
-2;7500;VEV_4000;1263;9;1260;25;;;1284;9;1286;25;;;1273.5;0.0
-2;7500;VEV_4500;753;14;;;;;773;14;;;;;763.0;0.0
-2;7500;VEV_5000;249;8;;;;;;;;;;;249.0;0.0
-2;7500;VEV_5100;171;6;;;;;175;7;176;19;;;173.0;0.0
-2;7500;VEV_5200;90;27;;;;;93;9;94;34;;;91.5;0.0
-2;7500;VEV_5300;50;6;;;;;52;16;;;;;51.0;0.0
-2;7500;VEV_5400;17;21;;;;;;;;;;;17.0;0.0
-2;7500;VEV_5500;6;25;;;;;7;27;;;;;6.5;0.0
-2;7500;VEV_6000;0;22;;;;;1;22;;;;;0.5;0.0
-2;7500;VEV_6500;0;14;;;;;1;14;;;;;0.5;0.0
-2;7600;HYDROGEL_PACK;9957;12;9954;30;;;9973;12;9975;30;;;9965.0;0.0
-2;7600;VELVETFRUIT_EXTRACT;5261;54;;;;;5266;20;5267;62;;;5263.5;0.0
-2;7600;VEV_4000;1263;13;1260;15;;;1284;13;1287;15;;;1273.5;0.0
-2;7600;VEV_4500;756;9;754;20;;;772;9;774;20;;;764.0;0.0
-2;7600;VEV_5000;247;8;246;21;;;253;7;;;;;250.0;0.0
-2;7600;VEV_5100;170;27;169;20;;;174;24;175;14;;;172.0;0.0
-2;7600;VEV_5200;91;23;;;;;94;7;95;18;;;92.5;0.0
-2;7600;VEV_5300;50;18;;;;;52;25;;;;;51.0;0.0
-2;7600;VEV_5400;;;;;;;20;21;;;;;20.0;0.0
-2;7600;VEV_5500;6;21;;;;;7;2;;;;;6.5;0.0
-2;7600;VEV_6000;0;28;;;;;1;28;;;;;0.5;0.0
-2;7600;VEV_6500;0;16;;;;;1;16;;;;;0.5;0.0
-2;7700;HYDROGEL_PACK;9955;10;9953;25;;;9971;10;9974;25;;;9963.0;0.0
-2;7700;VELVETFRUIT_EXTRACT;5261;71;5261;21;;;5266;21;5267;35;;;5263.5;0.0
-2;7700;VEV_4000;1262;7;1260;26;;;1284;7;1286;26;;;1273.0;0.0
-2;7700;VEV_4500;756;7;754;12;;;772;7;774;12;;;764.0;0.0
-2;7700;VEV_5000;247;11;246;18;;;254;23;;;;;250.5;0.0
-2;7700;VEV_5100;170;12;;;;;175;25;;;;;172.5;0.0
-2;7700;VEV_5200;90;22;;;;;94;27;;;;;92.0;0.0
-2;7700;VEV_5300;49;25;;;;;51;28;;;;;50.0;0.0
-2;7700;VEV_5400;18;21;18;24;;;20;27;;;;;19.0;0.0
-2;7700;VEV_5500;5;18;;;;;6;24;;;;;5.5;0.0
-2;7700;VEV_6000;0;27;;;;;1;27;;;;;0.5;0.0
-2;7700;VEV_6500;0;13;;;;;1;13;;;;;0.5;0.0
-2;7800;HYDROGEL_PACK;9954;15;9951;30;;;9970;15;9972;30;;;9962.0;0.0
-2;7800;VELVETFRUIT_EXTRACT;5262;17;5261;62;;;5267;70;;;;;5264.5;0.0
-2;7800;VEV_4000;1263;11;1260;28;;;1284;11;1287;28;;;1273.5;0.0
-2;7800;VEV_4500;756;10;754;24;;;774;24;;;;;765.0;0.0
-2;7800;VEV_5000;246;8;245;16;;;252;9;253;32;;;249.0;0.0
-2;7800;VEV_5100;171;11;;;;;175;11;;;;;173.0;0.0
-2;7800;VEV_5200;90;13;;;;;94;29;;;;;92.0;0.0
-2;7800;VEV_5300;48;22;;;;;50;24;;;;;49.0;0.0
-2;7800;VEV_5400;18;19;;;;;20;27;;;;;19.0;0.0
-2;7800;VEV_5500;5;25;;;;;6;20;;;;;5.5;0.0
-2;7800;VEV_6000;0;25;;;;;1;25;;;;;0.5;0.0
-2;7800;VEV_6500;0;18;;;;;1;18;;;;;0.5;0.0
-2;7900;HYDROGEL_PACK;9954;14;9951;22;;;9970;14;9972;22;;;9962.0;0.0
-2;7900;VELVETFRUIT_EXTRACT;5261;56;;;;;5267;64;;;;;5264.0;0.0
-2;7900;VEV_4000;1263;9;1261;23;;;1285;9;1287;23;;;1274.0;0.0
-2;7900;VEV_4500;758;7;756;19;;;776;19;;;;;767.0;0.0
-2;7900;VEV_5000;246;9;;;;;253;13;;;;;249.5;0.0
-2;7900;VEV_5100;170;17;;;;;175;19;176;24;;;172.5;0.0
-2;7900;VEV_5200;91;6;90;31;;;93;10;94;29;;;92.0;0.0
-2;7900;VEV_5300;;;;;;;50;28;;;;;50.0;0.0
-2;7900;VEV_5400;18;28;;;;;19;7;20;27;;;18.5;0.0
-2;7900;VEV_5500;5;24;;;;;6;23;;;;;5.5;0.0
-2;7900;VEV_6000;0;18;;;;;1;18;;;;;0.5;0.0
-2;7900;VEV_6500;0;14;;;;;;;;;;;0.0;0.0
-2;8000;HYDROGEL_PACK;9953;10;9951;24;;;9969;10;9971;24;;;9961.0;0.0
-2;8000;VELVETFRUIT_EXTRACT;5259;38;5259;58;;;5265;38;;;;;5262.0;0.0
-2;8000;VEV_4000;1262;10;1259;17;;;1283;10;1286;17;;;1272.5;0.0
-2;8000;VEV_4500;759;11;757;13;;;775;11;777;13;;;767.0;0.0
-2;8000;VEV_5000;245;26;244;20;;;251;12;;;;;248.0;0.0
-2;8000;VEV_5100;170;32;;;;;175;23;176;29;;;172.5;0.0
-2;8000;VEV_5200;92;32;;;;;95;8;;;;;93.5;0.0
-2;8000;VEV_5300;48;15;;;;;50;28;;;;;49.0;0.0
-2;8000;VEV_5400;19;21;18;24;;;20;19;;;;;19.5;0.0
-2;8000;VEV_5500;5;25;;;;;6;27;;;;;5.5;0.0
-2;8000;VEV_6000;0;25;;;;;1;25;;;;;0.5;0.0
-2;8000;VEV_6500;0;13;;;;;1;13;;;;;0.5;0.0
-2;8100;HYDROGEL_PACK;9951;11;9948;23;;;9967;11;9969;23;;;9959.0;0.0
-2;8100;VELVETFRUIT_EXTRACT;5260;40;;;;;5265;19;5266;40;;;5262.5;0.0
-2;8100;VEV_4000;1261;12;1258;22;;;1282;12;1285;22;;;1271.5;0.0
-2;8100;VEV_4500;759;6;757;21;;;775;6;777;21;;;767.0;0.0
-2;8100;VEV_5000;245;7;;;;;251;10;252;16;;;248.0;0.0
-2;8100;VEV_5100;171;8;170;24;;;176;14;;;;;173.5;0.0
-2;8100;VEV_5200;91;21;;;;;94;26;;;;;92.5;0.0
-2;8100;VEV_5300;48;18;47;20;;;50;8;51;22;;;49.0;0.0
-2;8100;VEV_5400;;;;;;;21;30;;;;;21.0;0.0
-2;8100;VEV_5500;5;23;;;;;6;20;;;;;5.5;0.0
-2;8100;VEV_6000;0;20;;;;;1;20;;;;;0.5;0.0
-2;8100;VEV_6500;0;15;;;;;1;15;;;;;0.5;0.0
-2;8200;HYDROGEL_PACK;9952;12;9950;23;;;9968;12;9971;23;;;9960.0;0.0
-2;8200;VELVETFRUIT_EXTRACT;5262;19;5261;48;;;5267;55;;;;;5264.5;0.0
-2;8200;VEV_4000;1260;10;1258;18;;;1282;10;1284;18;;;1271.0;0.0
-2;8200;VEV_4500;759;7;757;23;;;775;7;;;;;767.0;0.0
-2;8200;VEV_5000;246;12;245;28;;;252;10;;;;;249.0;0.0
-2;8200;VEV_5100;170;22;;;;;175;10;176;14;;;172.5;0.0
-2;8200;VEV_5200;92;26;91;12;;;;;;;;;92.0;0.0
-2;8200;VEV_5300;49;19;48;19;;;51;26;;;;;50.0;0.0
-2;8200;VEV_5400;19;22;;;;;20;21;;;;;19.5;0.0
-2;8200;VEV_5500;5;23;;;;;7;29;;;;;6.0;0.0
-2;8200;VEV_6000;0;27;;;;;1;27;;;;;0.5;0.0
-2;8200;VEV_6500;0;11;;;;;1;11;;;;;0.5;0.0
-2;8300;HYDROGEL_PACK;9950;15;9948;26;;;9966;15;9969;26;;;9958.0;0.0
-2;8300;VELVETFRUIT_EXTRACT;5261;21;5260;68;;;5266;23;;;;;5263.5;0.0
-2;8300;VEV_4000;1259;8;1257;29;;;1281;8;1283;29;;;1270.0;0.0
-2;8300;VEV_4500;757;7;755;12;;;773;7;775;12;;;765.0;0.0
-2;8300;VEV_5000;247;31;246;27;;;253;9;254;24;;;250.0;0.0
-2;8300;VEV_5100;170;11;169;31;;;174;11;;;;;172.0;0.0
-2;8300;VEV_5200;91;21;90;22;;;93;26;94;33;;;92.0;0.0
-2;8300;VEV_5300;48;24;47;15;;;51;12;;;;;49.5;0.0
-2;8300;VEV_5400;;;;;;;21;17;;;;;21.0;0.0
-2;8300;VEV_5500;5;19;;;;;6;16;;;;;5.5;0.0
-2;8300;VEV_6000;0;24;;;;;1;24;;;;;0.5;0.0
-2;8300;VEV_6500;0;14;;;;;1;14;;;;;0.5;0.0
-2;8400;HYDROGEL_PACK;9951;12;9949;29;;;9967;12;9970;29;;;9959.0;0.0
-2;8400;VELVETFRUIT_EXTRACT;5261;65;;;;;5267;53;;;;;5264.0;0.0
-2;8400;VEV_4000;1258;10;1256;16;;;1280;10;1282;16;;;1269.0;0.0
-2;8400;VEV_4500;756;12;754;12;;;772;12;774;12;;;764.0;0.0
-2;8400;VEV_5000;246;11;245;24;;;252;10;253;12;;;249.0;0.0
-2;8400;VEV_5100;170;9;;;;;175;17;;;;;172.5;0.0
-2;8400;VEV_5200;90;12;;;;;94;32;;;;;92.0;0.0
-2;8400;VEV_5300;48;9;;;;;50;5;;;;;49.0;0.0
-2;8400;VEV_5400;19;19;;;;;;;;;;;19.0;0.0
-2;8400;VEV_5500;5;26;;;;;7;28;;;;;6.0;0.0
-2;8400;VEV_6000;0;18;;;;;1;18;;;;;0.5;0.0
-2;8400;VEV_6500;0;17;;;;;1;17;;;;;0.5;0.0
-2;8500;HYDROGEL_PACK;9948;12;9946;25;;;9964;12;9967;25;;;9956.0;0.0
-2;8500;VELVETFRUIT_EXTRACT;5261;15;5260;46;;;5265;15;5266;37;;;5263.0;0.0
-2;8500;VEV_4000;1257;13;1255;17;;;1278;13;1281;17;;;1267.5;0.0
-2;8500;VEV_4500;757;6;755;24;;;773;6;774;9;775;24;765.0;0.0
-2;8500;VEV_5000;247;8;246;23;;;253;6;254;12;;;250.0;0.0
-2;8500;VEV_5100;168;31;;;;;173;6;174;19;;;170.5;0.0
-2;8500;VEV_5200;91;25;;;;;94;10;95;22;;;92.5;0.0
-2;8500;VEV_5300;48;24;;;;;50;10;;;;;49.0;0.0
-2;8500;VEV_5400;;;;;;;21;20;;;;;21.0;0.0
-2;8500;VEV_5500;5;23;;;;;7;29;;;;;6.0;0.0
-2;8500;VEV_6000;0;24;;;;;1;24;;;;;0.5;0.0
-2;8500;VEV_6500;0;18;;;;;1;18;;;;;0.5;0.0
-2;8600;HYDROGEL_PACK;9948;12;9946;24;;;9964;12;9966;24;;;9956.0;0.0
-2;8600;VELVETFRUIT_EXTRACT;5259;59;;;;;5264;18;5265;48;;;5261.5;0.0
-2;8600;VEV_4000;1258;13;1256;27;;;1279;13;1282;27;;;1268.5;0.0
-2;8600;VEV_4500;760;12;759;23;758;22;776;12;778;22;;;768.0;0.0
-2;8600;VEV_5000;245;13;;;;;252;9;253;24;;;248.5;0.0
-2;8600;VEV_5100;171;7;;;;;175;12;176;22;;;173.0;0.0
-2;8600;VEV_5200;92;10;91;27;;;95;21;;;;;93.5;0.0
-2;8600;VEV_5300;49;20;;;;;;;;;;;49.0;0.0
-2;8600;VEV_5400;;;;;;;;;;;;;0.0;0.0
-2;8600;VEV_5500;5;15;;;;;7;18;;;;;6.0;0.0
-2;8600;VEV_6000;0;18;;;;;1;18;;;;;0.5;0.0
-2;8600;VEV_6500;0;14;;;;;1;14;;;;;0.5;0.0
-2;8700;HYDROGEL_PACK;9944;15;9942;29;;;9960;15;9963;29;;;9952.0;0.0
-2;8700;VELVETFRUIT_EXTRACT;5260;20;;;;;5266;44;;;;;5263.0;0.0
-2;8700;VEV_4000;1260;14;1257;19;;;1281;14;1283;19;;;1270.5;0.0
-2;8700;VEV_4500;759;7;758;22;757;24;777;24;;;;;768.0;0.0
-2;8700;VEV_5000;245;9;244;20;;;251;7;252;17;;;248.0;0.0
-2;8700;VEV_5100;170;18;;;;;175;12;;;;;172.5;0.0
-2;8700;VEV_5200;;;;;;;95;28;;;;;95.0;0.0
-2;8700;VEV_5300;49;22;;;;;51;8;;;;;50.0;0.0
-2;8700;VEV_5400;18;17;;;;;20;26;;;;;19.0;0.0
-2;8700;VEV_5500;6;20;;;;;7;21;;;;;6.5;0.0
-2;8700;VEV_6000;0;25;;;;;1;25;;;;;0.5;0.0
-2;8700;VEV_6500;0;18;;;;;1;18;;;;;0.5;0.0
-2;8800;HYDROGEL_PACK;9943;14;9940;23;;;9959;14;9961;23;;;9951.0;0.0
-2;8800;VELVETFRUIT_EXTRACT;5259;61;;;;;5265;58;5266;41;;;5262.0;0.0
-2;8800;VEV_4000;1258;15;1255;30;;;1279;15;1282;30;;;1268.5;0.0
-2;8800;VEV_4500;757;11;755;17;;;773;11;774;23;775;17;765.0;0.0
-2;8800;VEV_5000;245;8;244;20;;;251;6;252;20;;;248.0;0.0
-2;8800;VEV_5100;172;7;171;21;;;176;26;177;24;;;174.0;0.0
-2;8800;VEV_5200;92;21;91;23;;;94;29;95;28;;;93.0;0.0
-2;8800;VEV_5300;49;18;;;;;;;;;;;49.0;0.0
-2;8800;VEV_5400;19;20;18;20;;;;;;;;;19.0;0.0
-2;8800;VEV_5500;6;22;;;;;7;22;;;;;6.5;0.0
-2;8800;VEV_6000;0;26;;;;;1;26;;;;;0.5;0.0
-2;8800;VEV_6500;0;14;;;;;1;14;;;;;0.5;0.0
-2;8900;HYDROGEL_PACK;9941;12;9939;26;;;9957;12;9960;26;;;9949.0;0.0
-2;8900;VELVETFRUIT_EXTRACT;5259;38;;;;;5265;61;;;;;5262.0;0.0
-2;8900;VEV_4000;1258;14;1256;20;;;1280;14;1282;20;;;1269.0;0.0
-2;8900;VEV_4500;758;7;757;13;756;21;774;7;776;21;;;766.0;0.0
-2;8900;VEV_5000;245;28;244;15;;;251;11;252;12;;;248.0;0.0
-2;8900;VEV_5100;171;23;170;12;;;176;13;;;;;173.5;0.0
-2;8900;VEV_5200;91;29;;;;;95;31;;;;;93.0;0.0
-2;8900;VEV_5300;49;27;;;;;51;18;;;;;50.0;0.0
-2;8900;VEV_5400;;;;;;;20;27;;;;;20.0;0.0
-2;8900;VEV_5500;6;23;;;;;7;18;;;;;6.5;0.0
-2;8900;VEV_6000;0;26;;;;;1;26;;;;;0.5;0.0
-2;8900;VEV_6500;0;14;;;;;1;14;;;;;0.5;0.0
-2;9000;HYDROGEL_PACK;9944;11;9942;24;;;9960;11;9962;24;;;9952.0;0.0
-2;9000;VELVETFRUIT_EXTRACT;5259;16;5258;38;;;5264;24;5265;50;;;5261.5;0.0
-2;9000;VEV_4000;1260;15;1257;26;;;1281;15;1284;26;;;1270.5;0.0
-2;9000;VEV_4500;758;11;756;12;;;774;11;777;12;;;766.0;0.0
-2;9000;VEV_5000;244;12;243;15;;;250;9;251;13;;;247.0;0.0
-2;9000;VEV_5100;171;28;170;22;;;175;9;176;17;;;173.0;0.0
-2;9000;VEV_5200;92;26;;;;;94;28;95;31;;;93.0;0.0
-2;9000;VEV_5300;49;24;;;;;51;26;;;;;50.0;0.0
-2;9000;VEV_5400;19;22;18;23;;;20;24;;;;;19.5;0.0
-2;9000;VEV_5500;6;18;;;;;7;23;;;;;6.5;0.0
-2;9000;VEV_6000;0;20;;;;;1;20;;;;;0.5;0.0
-2;9000;VEV_6500;0;13;;;;;1;13;;;;;0.5;0.0
-2;9100;HYDROGEL_PACK;9943;13;9940;26;;;9959;13;9961;26;;;9951.0;0.0
-2;9100;VELVETFRUIT_EXTRACT;5259;23;5258;44;;;5264;46;5265;50;;;5261.5;0.0
-2;9100;VEV_4000;1259;12;1257;21;;;1281;12;1283;21;;;1270.0;0.0
-2;9100;VEV_4500;758;9;757;9;756;21;775;10;777;21;;;766.5;0.0
-2;9100;VEV_5000;244;11;243;24;;;250;6;251;21;;;247.0;0.0
-2;9100;VEV_5100;171;25;;;;;175;27;;;;;173.0;0.0
-2;9100;VEV_5200;;;;;;;;;;;;;0.0;0.0
-2;9100;VEV_5300;49;22;;;;;51;20;;;;;50.0;0.0
-2;9100;VEV_5400;18;22;;;;;20;26;;;;;19.0;0.0
-2;9100;VEV_5500;6;17;;;;;7;24;;;;;6.5;0.0
-2;9100;VEV_6000;0;19;;;;;1;19;;;;;0.5;0.0
-2;9100;VEV_6500;0;14;;;;;1;14;;;;;0.5;0.0
-2;9200;HYDROGEL_PACK;9942;12;9940;23;;;9958;12;9961;23;;;9950.0;0.0
-2;9200;VELVETFRUIT_EXTRACT;5259;54;;;;;5265;61;;;;;5262.0;0.0
-2;9200;VEV_4000;1259;14;1257;25;;;1281;14;1283;25;;;1270.0;0.0
-2;9200;VEV_4500;758;8;756;19;;;774;8;775;6;776;19;766.0;0.0
-2;9200;VEV_5000;243;14;;;;;250;10;251;30;;;246.5;0.0
-2;9200;VEV_5100;171;11;;;;;;;;;;;171.0;0.0
-2;9200;VEV_5200;92;8;;;;;94;22;95;24;;;93.0;0.0
-2;9200;VEV_5300;49;22;;;;;51;14;51;4;;;50.0;0.0
-2;9200;VEV_5400;19;25;18;27;;;20;26;;;;;19.5;0.0
-2;9200;VEV_5500;6;24;;;;;7;25;;;;;6.5;0.0
-2;9200;VEV_6000;0;25;;;;;1;25;;;;;0.5;0.0
-2;9200;VEV_6500;0;18;;;;;1;18;;;;;0.5;0.0
-2;9300;HYDROGEL_PACK;9942;10;9940;30;;;9958;10;9961;30;;;9950.0;0.0
-2;9300;VELVETFRUIT_EXTRACT;5259;32;5259;23;;;5265;46;;;;;5262.0;0.0
-2;9300;VEV_4000;1257;11;1255;30;;;1278;11;1281;30;;;1267.5;0.0
-2;9300;VEV_4500;759;11;757;17;;;775;11;776;7;777;17;767.0;0.0
-2;9300;VEV_5000;244;10;243;22;;;250;6;251;15;;;247.0;0.0
-2;9300;VEV_5100;170;27;169;22;;;175;18;;;;;172.5;0.0
-2;9300;VEV_5200;92;32;91;22;;;95;32;;;;;93.5;0.0
-2;9300;VEV_5300;48;22;47;15;;;50;24;51;18;;;49.0;0.0
-2;9300;VEV_5400;;;;;;;20;22;;;;;20.0;0.0
-2;9300;VEV_5500;6;28;;;;;7;20;;;;;6.5;0.0
-2;9300;VEV_6000;0;24;;;;;1;24;;;;;0.5;0.0
-2;9300;VEV_6500;0;13;;;;;1;13;;;;;0.5;0.0
-2;9400;HYDROGEL_PACK;9946;15;9943;22;;;9962;15;9964;22;;;9954.0;0.0
-2;9400;VELVETFRUIT_EXTRACT;5259;19;;;;;5265;40;;;;;5262.0;0.0
-2;9400;VEV_4000;1258;11;1255;28;;;1279;11;1282;28;;;1268.5;0.0
-2;9400;VEV_4500;760;12;758;13;;;776;12;778;13;;;768.0;0.0
-2;9400;VEV_5000;244;36;243;24;;;250;7;251;24;;;247.0;0.0
-2;9400;VEV_5100;170;31;169;14;;;174;12;175;20;;;172.0;0.0
-2;9400;VEV_5200;91;24;;;;;94;30;95;27;;;92.5;0.0
-2;9400;VEV_5300;48;27;;;;;50;24;51;15;;;49.0;0.0
-2;9400;VEV_5400;19;18;;;;;20;20;;;;;19.5;0.0
-2;9400;VEV_5500;6;24;;;;;7;15;;;;;6.5;0.0
-2;9400;VEV_6000;0;29;;;;;1;29;;;;;0.5;0.0
-2;9400;VEV_6500;0;12;;;;;1;12;;;;;0.5;0.0
-2;9500;HYDROGEL_PACK;9946;12;9943;22;;;9962;12;9964;22;;;9954.0;0.0
-2;9500;VELVETFRUIT_EXTRACT;5259;69;;;;;5265;22;;;;;5262.0;0.0
-2;9500;VEV_4000;1259;9;1256;29;;;1280;9;1283;29;;;1269.5;0.0
-2;9500;VEV_4500;760;11;758;15;;;776;11;777;11;778;15;768.0;0.0
-2;9500;VEV_5000;;;;;;;251;17;;;;;251.0;0.0
-2;9500;VEV_5100;170;6;169;14;;;174;6;175;21;;;172.0;0.0
-2;9500;VEV_5200;91;10;90;31;;;93;10;;;;;92.0;0.0
-2;9500;VEV_5300;47;20;;;;;50;19;51;19;;;48.5;0.0
-2;9500;VEV_5400;19;24;;;;;19;28;20;24;;;19.0;0.0
-2;9500;VEV_5500;6;22;;;;;7;28;;;;;6.5;0.0
-2;9500;VEV_6000;0;23;;;;;1;23;;;;;0.5;0.0
-2;9500;VEV_6500;0;18;;;;;1;18;;;;;0.5;0.0
-2;9600;HYDROGEL_PACK;9946;12;9944;27;;;9964;27;;;;;9955.0;0.0
-2;9600;VELVETFRUIT_EXTRACT;5259;71;;;;;5264;17;5265;53;;;5261.5;0.0
-2;9600;VEV_4000;1260;7;1257;20;;;1281;7;1284;20;;;1270.5;0.0
-2;9600;VEV_4500;760;7;758;12;;;776;7;777;9;778;12;768.0;0.0
-2;9600;VEV_5000;245;27;244;12;;;251;25;252;19;;;248.0;0.0
-2;9600;VEV_5100;171;26;170;35;;;175;28;176;23;;;173.0;0.0
-2;9600;VEV_5200;91;20;;;;;95;19;;;;;93.0;0.0
-2;9600;VEV_5300;;;;;;;50;30;50;24;;;50.0;0.0
-2;9600;VEV_5400;18;21;;;;;;;;;;;18.0;0.0
-2;9600;VEV_5500;5;28;;;;;7;18;;;;;6.0;0.0
-2;9600;VEV_6000;0;19;;;;;1;19;;;;;0.5;0.0
-2;9600;VEV_6500;0;14;;;;;1;14;;;;;0.5;0.0
-2;9700;HYDROGEL_PACK;9948;13;9945;25;;;9964;13;9966;25;;;9956.0;0.0
-2;9700;VELVETFRUIT_EXTRACT;5260;40;;;;;5266;71;;;;;5263.0;0.0
-2;9700;VEV_4000;1257;15;1254;24;;;1278;15;1280;24;;;1267.5;0.0
-2;9700;VEV_4500;759;8;757;14;;;775;8;777;14;;;767.0;0.0
-2;9700;VEV_5000;244;7;243;23;;;250;12;251;22;;;247.0;0.0
-2;9700;VEV_5100;169;21;;;;;175;22;;;;;172.0;0.0
-2;9700;VEV_5200;93;10;92;16;;;95;6;96;16;;;94.0;0.0
-2;9700;VEV_5300;47;20;46;15;;;49;24;;;;;48.0;0.0
-2;9700;VEV_5400;19;22;18;20;;;20;17;;;;;19.5;0.0
-2;9700;VEV_5500;5;23;;;;;7;23;;;;;6.0;0.0
-2;9700;VEV_6000;0;22;;;;;1;22;;;;;0.5;0.0
-2;9700;VEV_6500;0;19;;;;;1;19;;;;;0.5;0.0
-2;9800;HYDROGEL_PACK;9948;15;9945;27;;;9964;15;9966;27;;;9956.0;0.0
-2;9800;VELVETFRUIT_EXTRACT;5260;15;;;;;5265;15;5266;70;;;5262.5;0.0
-2;9800;VEV_4000;1256;13;1253;28;;;1277;13;1280;28;;;1266.5;0.0
-2;9800;VEV_4500;759;10;757;13;;;775;10;777;13;;;767.0;0.0
-2;9800;VEV_5000;244;12;243;12;;;250;10;251;27;;;247.0;0.0
-2;9800;VEV_5100;169;24;;;;;174;10;;;;;171.5;0.0
-2;9800;VEV_5200;93;30;92;18;;;96;35;;;;;94.5;0.0
-2;9800;VEV_5300;47;26;46;20;;;;;;;;;47.0;0.0
-2;9800;VEV_5400;19;16;18;22;;;19;24;20;18;;;19.0;0.0
-2;9800;VEV_5500;6;26;;;;;7;24;;;;;6.5;0.0
-2;9800;VEV_6000;0;21;;;;;1;21;;;;;0.5;0.0
-2;9800;VEV_6500;0;13;;;;;1;13;;;;;0.5;0.0
-2;9900;HYDROGEL_PACK;9951;14;9948;22;;;9967;14;9969;22;;;9959.0;0.0
-2;9900;VELVETFRUIT_EXTRACT;5261;64;5261;23;;;5267;42;;;;;5264.0;0.0
-2;9900;VEV_4000;1254;13;1252;27;;;1275;13;1278;27;;;1264.5;0.0
-2;9900;VEV_4500;759;8;757;23;;;775;8;777;23;;;767.0;0.0
-2;9900;VEV_5000;244;22;243;17;;;;;;;;;244.0;0.0
-2;9900;VEV_5100;168;16;;;;;173;6;174;14;;;170.5;0.0
-2;9900;VEV_5200;93;10;92;29;;;96;19;;;;;94.5;0.0
-2;9900;VEV_5300;47;23;;;;;49;18;;;;;48.0;0.0
-2;9900;VEV_5400;;;;;;;20;17;;;;;20.0;0.0
-2;9900;VEV_5500;6;16;;;;;7;20;;;;;6.5;0.0
-2;9900;VEV_6000;0;30;;;;;1;30;;;;;0.5;0.0
-2;9900;VEV_6500;0;16;;;;;1;16;;;;;0.5;0.0
-2;10000;HYDROGEL_PACK;9951;12;9948;23;;;9967;12;9969;23;;;9959.0;0.0
-2;10000;VELVETFRUIT_EXTRACT;5260;32;;;;;5265;15;5266;31;;;5262.5;0.0
-2;10000;VEV_4000;1253;8;1251;21;;;1274;8;1277;21;;;1263.5;0.0
-2;10000;VEV_4500;760;8;758;17;;;776;8;778;17;;;768.0;0.0
-2;10000;VEV_5000;244;10;243;17;;;250;8;;;;;247.0;0.0
-2;10000;VEV_5100;169;7;;;;;173;27;174;15;;;171.0;0.0
-2;10000;VEV_5200;92;22;;;;;94;32;95;25;;;93.0;0.0
-2;10000;VEV_5300;47;30;;;;;;;;;;;47.0;0.0
-2;10000;VEV_5400;;;;;;;;;;;;;0.0;0.0
-2;10000;VEV_5500;6;21;;;;;7;12;;;;;6.5;0.0
-2;10000;VEV_6000;0;24;;;;;1;24;;;;;0.5;0.0
-2;10000;VEV_6500;0;15;;;;;1;15;;;;;0.5;0.0
-2;10100;HYDROGEL_PACK;9952;14;9950;20;;;9968;14;9971;20;;;9960.0;0.0
-2;10100;VELVETFRUIT_EXTRACT;5260;17;;;;;5266;22;;;;;5263.0;0.0
-2;10100;VEV_4000;1256;15;1253;22;;;1277;15;1280;22;;;1266.5;0.0
-2;10100;VEV_4500;761;7;759;21;;;777;7;779;21;;;769.0;0.0
-2;10100;VEV_5000;245;9;244;12;;;251;9;252;20;;;248.0;0.0
-2;10100;VEV_5100;168;9;;;;;172;8;;;;;170.0;0.0
-2;10100;VEV_5200;93;25;92;12;;;96;26;;;;;94.5;0.0
-2;10100;VEV_5300;48;25;;;;;50;28;;;;;49.0;0.0
-2;10100;VEV_5400;;;;;;;20;23;;;;;20.0;0.0
-2;10100;VEV_5500;5;28;;;;;6;22;;;;;5.5;0.0
-2;10100;VEV_6000;0;24;;;;;1;24;;;;;0.5;0.0
-2;10100;VEV_6500;0;18;;;;;1;18;;;;;0.5;0.0
-2;10200;HYDROGEL_PACK;9951;26;;;;;9969;11;9972;26;;;9960.0;0.0
-2;10200;VELVETFRUIT_EXTRACT;5260;30;;;;;5265;20;5266;45;;;5262.5;0.0
-2;10200;VEV_4000;1256;7;1253;18;;;1277;7;1279;18;;;1266.5;0.0
-2;10200;VEV_4500;761;8;759;16;;;777;8;778;10;779;16;769.0;0.0
-2;10200;VEV_5000;247;8;;;;;253;8;254;15;;;250.0;0.0
-2;10200;VEV_5100;168;19;;;;;173;12;;;;;170.5;0.0
-2;10200;VEV_5200;;;;;;;95;26;;;;;95.0;0.0
-2;10200;VEV_5300;48;26;;;;;50;20;;;;;49.0;0.0
-2;10200;VEV_5400;18;17;;;;;20;22;;;;;19.0;0.0
-2;10200;VEV_5500;5;21;;;;;6;28;;;;;5.5;0.0
-2;10200;VEV_6000;0;23;;;;;1;23;;;;;0.5;0.0
-2;10200;VEV_6500;0;13;;;;;1;13;;;;;0.5;0.0
-2;10300;HYDROGEL_PACK;9954;15;9951;20;;;9970;15;9972;20;;;9962.0;0.0
-2;10300;VELVETFRUIT_EXTRACT;5260;23;5259;34;5259;45;5265;52;;;;;5262.5;0.0
-2;10300;VEV_4000;1256;9;1254;28;;;1277;9;1280;28;;;1266.5;0.0
-2;10300;VEV_4500;760;12;758;13;;;776;12;779;13;;;768.0;0.0
-2;10300;VEV_5000;248;24;247;15;;;255;21;;;;;251.5;0.0
-2;10300;VEV_5100;169;11;;;;;;;;;;;169.0;0.0
-2;10300;VEV_5200;;;;;;;;;;;;;0.0;0.0
-2;10300;VEV_5300;48;20;;;;;50;5;;;;;49.0;0.0
-2;10300;VEV_5400;;;;;;;20;29;;;;;20.0;0.0
-2;10300;VEV_5500;5;24;;;;;6;16;;;;;5.5;0.0
-2;10300;VEV_6000;0;20;;;;;1;20;;;;;0.5;0.0
-2;10300;VEV_6500;0;13;;;;;1;13;;;;;0.5;0.0
-2;10400;HYDROGEL_PACK;9955;11;9952;27;;;9971;11;9973;27;;;9963.0;0.0
-2;10400;VELVETFRUIT_EXTRACT;5261;54;5261;16;;;5266;16;5267;46;;;5263.5;0.0
-2;10400;VEV_4000;1257;13;1254;27;;;1278;13;1281;27;;;1267.5;0.0
-2;10400;VEV_4500;760;10;758;17;;;776;10;778;17;;;768.0;0.0
-2;10400;VEV_5000;247;25;246;29;;;254;16;;;;;250.5;0.0
-2;10400;VEV_5100;169;8;168;14;;;173;11;174;27;;;171.0;0.0
-2;10400;VEV_5200;93;24;92;25;;;96;30;;;;;94.5;0.0
-2;10400;VEV_5300;49;19;;;;;51;22;;;;;50.0;0.0
-2;10400;VEV_5400;18;20;;;;;20;17;;;;;19.0;0.0
-2;10400;VEV_5500;5;20;;;;;6;23;;;;;5.5;0.0
-2;10400;VEV_6000;0;16;;;;;1;16;;;;;0.5;0.0
-2;10400;VEV_6500;0;18;;;;;1;18;;;;;0.5;0.0
-2;10500;HYDROGEL_PACK;9953;13;9951;27;;;9969;13;9972;27;;;9961.0;0.0
-2;10500;VELVETFRUIT_EXTRACT;5262;22;5261;48;;;5266;22;5267;56;5268;46;5264.0;0.0
-2;10500;VEV_4000;1257;7;1254;15;;;1278;7;1281;15;;;1267.5;0.0
-2;10500;VEV_4500;759;9;757;14;;;777;14;;;;;768.0;0.0
-2;10500;VEV_5000;247;11;246;16;;;254;20;;;;;250.5;0.0
-2;10500;VEV_5100;167;14;;;;;172;7;173;25;;;169.5;0.0
-2;10500;VEV_5200;93;10;92;23;;;96;30;;;;;94.5;0.0
-2;10500;VEV_5300;49;8;48;17;;;51;22;;;;;50.0;0.0
-2;10500;VEV_5400;18;23;18;23;;;20;25;;;;;19.0;0.0
-2;10500;VEV_5500;5;23;;;;;6;19;;;;;5.5;0.0
-2;10500;VEV_6000;0;18;;;;;1;18;;;;;0.5;0.0
-2;10500;VEV_6500;0;17;;;;;1;17;;;;;0.5;0.0
-2;10600;HYDROGEL_PACK;9950;12;9947;24;;;9966;12;9968;24;;;9958.0;0.0
-2;10600;VELVETFRUIT_EXTRACT;5263;17;;;;;5268;19;5269;75;;;5265.5;0.0
-2;10600;VEV_4000;1256;10;1254;23;;;1277;10;1280;23;;;1266.5;0.0
-2;10600;VEV_4500;760;6;759;12;758;21;776;6;778;21;;;768.0;0.0
-2;10600;VEV_5000;247;10;;;;;253;11;;;;;250.0;0.0
-2;10600;VEV_5100;169;32;168;16;;;173;10;174;23;;;171.0;0.0
-2;10600;VEV_5200;93;10;92;25;;;96;21;;;;;94.5;0.0
-2;10600;VEV_5300;49;25;;;;;51;23;;;;;50.0;0.0
-2;10600;VEV_5400;18;25;18;22;;;;;;;;;18.0;0.0
-2;10600;VEV_5500;5;17;;;;;6;23;;;;;5.5;0.0
-2;10600;VEV_6000;0;23;;;;;1;23;;;;;0.5;0.0
-2;10600;VEV_6500;0;17;;;;;1;17;;;;;0.5;0.0
-2;10700;HYDROGEL_PACK;9950;13;9948;23;;;9966;13;9969;23;;;9958.0;0.0
-2;10700;VELVETFRUIT_EXTRACT;5262;64;;;;;5268;41;;;;;5265.0;0.0
-2;10700;VEV_4000;1257;14;1254;18;;;1278;14;1281;18;;;1267.5;0.0
-2;10700;VEV_4500;760;9;;;;;776;9;777;22;778;14;768.0;0.0
-2;10700;VEV_5000;246;7;245;22;;;252;28;253;16;;;249.0;0.0
-2;10700;VEV_5100;;;;;;;173;25;;;;;173.0;0.0
-2;10700;VEV_5200;92;27;;;;;95;11;;;;;93.5;0.0
-2;10700;VEV_5300;49;19;;;;;51;25;;;;;50.0;0.0
-2;10700;VEV_5400;18;22;;;;;20;27;;;;;19.0;0.0
-2;10700;VEV_5500;5;19;;;;;6;22;;;;;5.5;0.0
-2;10700;VEV_6000;0;26;;;;;1;26;;;;;0.5;0.0
-2;10700;VEV_6500;0;14;;;;;1;14;;;;;0.5;0.0
-2;10800;HYDROGEL_PACK;9949;11;9947;27;;;9965;11;9968;27;;;9957.0;0.0
-2;10800;VELVETFRUIT_EXTRACT;5261;49;;;;;5266;20;5267;71;;;5263.5;0.0
-2;10800;VEV_4000;1258;12;1255;16;;;1279;12;1282;16;;;1268.5;0.0
-2;10800;VEV_4500;760;11;758;15;;;776;11;778;15;;;768.0;0.0
-2;10800;VEV_5000;246;11;245;30;;;252;10;253;23;;;249.0;0.0
-2;10800;VEV_5100;169;9;;;;;;;;;;;169.0;0.0
-2;10800;VEV_5200;93;8;92;20;;;96;14;;;;;94.5;0.0
-2;10800;VEV_5300;49;25;;;;;;;;;;;49.0;0.0
-2;10800;VEV_5400;;;;;;;20;27;;;;;20.0;0.0
-2;10800;VEV_5500;5;20;;;;;6;16;;;;;5.5;0.0
-2;10800;VEV_6000;0;24;;;;;1;24;;;;;0.5;0.0
-2;10800;VEV_6500;0;15;;;;;1;15;;;;;0.5;0.0
-2;10900;HYDROGEL_PACK;9949;15;9947;26;;;9968;26;;;;;9958.5;0.0
-2;10900;VELVETFRUIT_EXTRACT;5261;47;;;;;5267;36;5268;34;;;5264.0;0.0
-2;10900;VEV_4000;1260;10;1258;29;;;1282;10;1284;29;;;1271.0;0.0
-2;10900;VEV_4500;760;11;758;16;;;778;16;;;;;769.0;0.0
-2;10900;VEV_5000;247;10;;;;;253;27;;;;;250.0;0.0
-2;10900;VEV_5100;169;21;168;12;;;173;27;;;;;171.0;0.0
-2;10900;VEV_5200;93;9;92;16;;;95;32;96;25;;;94.0;0.0
-2;10900;VEV_5300;49;23;;;;;51;20;;;;;50.0;0.0
-2;10900;VEV_5400;;;;;;;18;21;19;25;;;18.0;0.0
-2;10900;VEV_5500;5;23;;;;;6;26;;;;;5.5;0.0
-2;10900;VEV_6000;0;17;;;;;1;17;;;;;0.5;0.0
-2;10900;VEV_6500;0;13;;;;;1;13;;;;;0.5;0.0
-2;11000;HYDROGEL_PACK;9950;10;9948;24;;;9966;10;9969;24;;;9958.0;0.0
-2;11000;VELVETFRUIT_EXTRACT;5263;16;5262;21;;;5268;56;;;;;5265.5;0.0
-2;11000;VEV_4000;1261;7;1259;23;;;1283;7;1285;23;;;1272.0;0.0
-2;11000;VEV_4500;761;12;759;16;;;777;12;780;16;;;769.0;0.0
-2;11000;VEV_5000;248;11;247;15;;;254;6;255;30;;;251.0;0.0
-2;11000;VEV_5100;168;23;;;;;174;12;;;;;171.0;0.0
-2;11000;VEV_5200;93;7;92;19;;;96;12;;;;;94.5;0.0
-2;11000;VEV_5300;49;19;;;;;51;9;52;25;;;50.0;0.0
-2;11000;VEV_5400;;;;;;;19;26;;;;;19.0;0.0
-2;11000;VEV_5500;5;24;;;;;6;23;;;;;5.5;0.0
-2;11000;VEV_6000;0;16;;;;;1;16;;;;;0.5;0.0
-2;11000;VEV_6500;0;14;;;;;1;14;;;;;0.5;0.0
-2;11100;HYDROGEL_PACK;9951;14;9948;23;;;9967;14;9969;23;;;9959.0;0.0
-2;11100;VELVETFRUIT_EXTRACT;5262;44;;;;;5268;24;5269;48;;;5265.0;0.0
-2;11100;VEV_4000;1262;10;1260;26;;;1284;10;1286;26;;;1273.0;0.0
-2;11100;VEV_4500;761;10;759;19;;;777;10;779;19;;;769.0;0.0
-2;11100;VEV_5000;247;9;;;;;253;27;254;16;;;250.0;0.0
-2;11100;VEV_5100;169;6;168;32;;;;;;;;;169.0;0.0
-2;11100;VEV_5200;91;15;;;;;95;23;;;;;93.0;0.0
-2;11100;VEV_5300;49;21;;;;;51;20;;;;;50.0;0.0
-2;11100;VEV_5400;18;24;;;;;20;24;;;;;19.0;0.0
-2;11100;VEV_5500;5;28;;;;;6;25;;;;;5.5;0.0
-2;11100;VEV_6000;0;26;;;;;1;26;;;;;0.5;0.0
-2;11100;VEV_6500;0;18;;;;;1;18;;;;;0.5;0.0
-2;11200;HYDROGEL_PACK;9951;13;9949;25;;;9967;13;9970;25;;;9959.0;0.0
-2;11200;VELVETFRUIT_EXTRACT;5262;44;;;;;5268;40;;;;;5265.0;0.0
-2;11200;VEV_4000;1261;8;1259;25;;;1282;8;1285;25;;;1271.5;0.0
-2;11200;VEV_4500;762;11;760;15;;;778;11;780;15;;;770.0;0.0
-2;11200;VEV_5000;248;10;247;19;;;254;6;255;12;;;251.0;0.0
-2;11200;VEV_5100;170;32;;;;;;;;;;;170.0;0.0
-2;11200;VEV_5200;91;17;;;;;95;23;;;;;93.0;0.0
-2;11200;VEV_5300;49;20;48;11;;;51;27;;;;;50.0;0.0
-2;11200;VEV_5400;;;;;;;20;26;;;;;20.0;0.0
-2;11200;VEV_5500;5;19;;;;;6;18;;;;;5.5;0.0
-2;11200;VEV_6000;0;18;;;;;1;18;;;;;0.5;0.0
-2;11200;VEV_6500;0;15;;;;;1;15;;;;;0.5;0.0
-2;11300;HYDROGEL_PACK;9947;14;9944;23;;;9963;14;9965;23;;;9955.0;0.0
-2;11300;VELVETFRUIT_EXTRACT;5261;34;5261;47;;;5267;32;5268;34;;;5264.0;0.0
-2;11300;VEV_4000;1262;11;1259;21;;;1283;11;1286;21;;;1272.5;0.0
-2;11300;VEV_4500;762;11;761;6;760;13;778;11;780;13;;;770.0;0.0
-2;11300;VEV_5000;246;29;245;16;;;252;7;253;16;;;249.0;0.0
-2;11300;VEV_5100;171;17;;;;;176;19;177;23;;;173.5;0.0
-2;11300;VEV_5200;91;34;;;;;95;31;;;;;93.0;0.0
-2;11300;VEV_5300;50;24;49;19;;;;;;;;;50.0;0.0
-2;11300;VEV_5400;18;21;17;17;;;18;22;;;;;18.0;0.0
-2;11300;VEV_5500;5;16;;;;;6;19;;;;;5.5;0.0
-2;11300;VEV_6000;0;22;;;;;1;22;;;;;0.5;0.0
-2;11300;VEV_6500;0;10;;;;;1;10;;;;;0.5;0.0
-2;11400;HYDROGEL_PACK;9947;15;9944;24;;;9963;15;9965;24;;;9955.0;0.0
-2;11400;VELVETFRUIT_EXTRACT;5261;20;;;;;5267;17;;;;;5264.0;0.0
-2;11400;VEV_4000;1261;15;1258;28;;;1282;15;1284;28;;;1271.5;0.0
-2;11400;VEV_4500;763;6;762;6;761;21;779;6;781;21;;;771.0;0.0
-2;11400;VEV_5000;247;6;;;;;253;11;254;23;;;250.0;0.0
-2;11400;VEV_5100;171;12;;;;;176;7;;;;;173.5;0.0
-2;11400;VEV_5200;90;25;;;;;94;33;;;;;92.0;0.0
-2;11400;VEV_5300;50;22;;;;;52;21;;;;;51.0;0.0
-2;11400;VEV_5400;;;;;;;20;30;;;;;20.0;0.0
-2;11400;VEV_5500;5;23;;;;;6;15;;;;;5.5;0.0
-2;11400;VEV_6000;0;26;;;;;1;26;;;;;0.5;0.0
-2;11400;VEV_6500;0;19;;;;;1;19;;;;;0.5;0.0
-2;11500;HYDROGEL_PACK;9948;28;;;;;9966;12;9969;28;;;9957.0;0.0
-2;11500;VELVETFRUIT_EXTRACT;5262;57;;;;;5267;20;5268;70;5269;48;5264.5;0.0
-2;11500;VEV_4000;1259;15;1256;30;;;1280;15;1282;30;;;1269.5;0.0
-2;11500;VEV_4500;763;10;761;23;;;779;10;780;12;781;23;771.0;0.0
-2;11500;VEV_5000;248;27;247;14;;;254;6;255;23;;;251.0;0.0
-2;11500;VEV_5100;173;7;;;;;177;6;;;;;175.0;0.0
-2;11500;VEV_5200;92;24;91;17;;;94;24;95;18;;;93.0;0.0
-2;11500;VEV_5300;50;22;;;;;52;24;53;17;;;51.0;0.0
-2;11500;VEV_5400;18;18;;;;;19;21;;;;;18.5;0.0
-2;11500;VEV_5500;5;20;;;;;6;26;;;;;5.5;0.0
-2;11500;VEV_6000;0;22;;;;;1;22;;;;;0.5;0.0
-2;11500;VEV_6500;0;15;;;;;1;15;;;;;0.5;0.0
-2;11600;HYDROGEL_PACK;9950;12;9947;28;;;9966;12;9968;28;;;9958.0;0.0
-2;11600;VELVETFRUIT_EXTRACT;5262;69;;;;;5268;47;;;;;5265.0;0.0
-2;11600;VEV_4000;1259;10;1257;20;;;1280;10;1283;20;;;1269.5;0.0
-2;11600;VEV_4500;764;9;762;24;;;780;9;783;24;;;772.0;0.0
-2;11600;VEV_5000;247;16;;;;;254;6;;;;;250.5;0.0
-2;11600;VEV_5100;171;24;;;;;;;;;;;171.0;0.0
-2;11600;VEV_5200;92;5;91;22;;;;;;;;;92.0;0.0
-2;11600;VEV_5300;49;8;;;;;51;25;;;;;50.0;0.0
-2;11600;VEV_5400;18;19;;;;;19;18;;;;;18.5;0.0
-2;11600;VEV_5500;5;20;;;;;6;29;;;;;5.5;0.0
-2;11600;VEV_6000;0;16;;;;;1;16;;;;;0.5;0.0
-2;11600;VEV_6500;0;16;;;;;1;16;;;;;0.5;0.0
-2;11700;HYDROGEL_PACK;9953;14;9950;21;;;9969;14;9971;21;;;9961.0;0.0
-2;11700;VELVETFRUIT_EXTRACT;5262;56;5262;22;5261;40;5268;18;;;;;5265.0;0.0
-2;11700;VEV_4000;1261;8;1258;23;;;1282;8;1284;23;;;1271.5;0.0
-2;11700;VEV_4500;764;11;762;17;;;780;11;782;17;;;772.0;0.0
-2;11700;VEV_5000;248;7;247;17;;;255;17;;;;;251.5;0.0
-2;11700;VEV_5100;173;7;172;33;;;177;19;178;33;;;175.0;0.0
-2;11700;VEV_5200;90;19;;;;;93;10;94;20;;;91.5;0.0
-2;11700;VEV_5300;49;18;48;13;;;51;22;52;18;;;50.0;0.0
-2;11700;VEV_5400;17;28;;;;;18;23;19;20;;;17.5;0.0
-2;11700;VEV_5500;5;19;;;;;6;20;;;;;5.5;0.0
-2;11700;VEV_6000;0;20;;;;;1;20;;;;;0.5;0.0
-2;11700;VEV_6500;0;13;;;;;1;13;;;;;0.5;0.0
-2;11800;HYDROGEL_PACK;9952;10;9950;20;;;9968;10;9971;20;;;9960.0;0.0
-2;11800;VELVETFRUIT_EXTRACT;5261;58;;;;;5267;35;;;;;5264.0;0.0
-2;11800;VEV_4000;1260;12;1258;28;;;1282;12;1284;28;;;1271.0;0.0
-2;11800;VEV_4500;763;8;761;13;;;781;13;;;;;772.0;0.0
-2;11800;VEV_5000;247;26;246;23;;;253;9;;;;;250.0;0.0
-2;11800;VEV_5100;172;14;;;;;177;29;;;;;174.5;0.0
-2;11800;VEV_5200;91;26;90;24;;;93;29;94;29;;;92.0;0.0
-2;11800;VEV_5300;48;7;47;19;;;;;;;;;48.0;0.0
-2;11800;VEV_5400;17;25;;;;;19;20;;;;;18.0;0.0
-2;11800;VEV_5500;5;21;;;;;6;21;;;;;5.5;0.0
-2;11800;VEV_6000;0;29;;;;;1;29;;;;;0.5;0.0
-2;11800;VEV_6500;0;20;;;;;1;20;;;;;0.5;0.0
-2;11900;HYDROGEL_PACK;9955;15;9953;28;;;9971;15;9974;28;;;9963.0;0.0
-2;11900;VELVETFRUIT_EXTRACT;5261;50;;;;;5267;19;;;;;5264.0;0.0
-2;11900;VEV_4000;1261;7;1258;29;;;1282;7;1285;29;;;1271.5;0.0
-2;11900;VEV_4500;762;11;760;21;;;780;21;;;;;771.0;0.0
-2;11900;VEV_5000;247;7;246;13;;;253;23;254;15;;;250.0;0.0
-2;11900;VEV_5100;;;;;;;177;23;;;;;177.0;0.0
-2;11900;VEV_5200;90;19;;;;;93;31;94;26;;;91.5;0.0
-2;11900;VEV_5300;48;19;;;;;50;26;;;;;49.0;0.0
-2;11900;VEV_5400;17;21;;;;;19;21;;;;;18.0;0.0
-2;11900;VEV_5500;5;18;;;;;6;12;;;;;5.5;0.0
-2;11900;VEV_6000;0;26;;;;;1;26;;;;;0.5;0.0
-2;11900;VEV_6500;0;17;;;;;1;17;;;;;0.5;0.0
-2;12000;HYDROGEL_PACK;9956;10;9954;27;;;9972;10;9975;27;;;9964.0;0.0
-2;12000;VELVETFRUIT_EXTRACT;5259;60;;;;;5265;63;;;;;5262.0;0.0
-2;12000;VEV_4000;1260;12;1258;24;;;1281;12;1284;24;;;1270.5;0.0
-2;12000;VEV_4500;762;10;760;20;;;778;10;779;22;;;770.0;0.0
-2;12000;VEV_5000;248;8;247;19;;;254;8;255;14;;;251.0;0.0
-2;12000;VEV_5100;173;12;172;22;;;177;32;178;26;;;175.0;0.0
-2;12000;VEV_5200;91;22;90;22;;;93;29;94;26;;;92.0;0.0
-2;12000;VEV_5300;47;25;46;17;;;49;22;50;18;;;48.0;0.0
-2;12000;VEV_5400;17;24;16;12;;;18;27;;;;;17.5;0.0
-2;12000;VEV_5500;5;21;;;;;6;24;;;;;5.5;0.0
-2;12000;VEV_6000;0;17;;;;;1;17;;;;;0.5;0.0
-2;12000;VEV_6500;0;17;;;;;1;17;;;;;0.5;0.0
-2;12100;HYDROGEL_PACK;9957;11;9955;20;;;9973;11;9976;20;;;9965.0;0.0
-2;12100;VELVETFRUIT_EXTRACT;5261;15;5260;37;5260;38;5266;63;5267;37;;;5263.5;0.0
-2;12100;VEV_4000;1261;11;1258;22;;;1282;11;1285;22;;;1271.5;0.0
-2;12100;VEV_4500;763;8;761;21;;;779;8;780;8;782;21;771.0;0.0
-2;12100;VEV_5000;247;8;246;14;;;253;10;254;30;;;250.0;0.0
-2;12100;VEV_5100;172;11;;;;;177;17;;;;;174.5;0.0
-2;12100;VEV_5200;91;22;;;;;94;8;95;14;;;92.5;0.0
-2;12100;VEV_5300;48;5;;;;;50;27;;;;;49.0;0.0
-2;12100;VEV_5400;16;24;;;;;17;18;18;25;;;16.5;0.0
-2;12100;VEV_5500;5;24;;;;;6;24;;;;;5.5;0.0
-2;12100;VEV_6000;0;26;;;;;1;26;;;;;0.5;0.0
-2;12100;VEV_6500;0;18;;;;;1;18;;;;;0.5;0.0
-2;12200;HYDROGEL_PACK;9960;14;9958;30;;;9976;14;9979;30;;;9968.0;0.0
-2;12200;VELVETFRUIT_EXTRACT;5261;19;5260;62;;;5265;19;5266;25;;;5263.0;0.0
-2;12200;VEV_4000;1261;7;1258;24;;;1282;7;1285;24;;;1271.5;0.0
-2;12200;VEV_4500;763;8;762;23;761;12;779;8;781;12;;;771.0;0.0
-2;12200;VEV_5000;246;13;;;;;;;;;;;246.0;0.0
-2;12200;VEV_5100;171;21;170;14;;;175;8;;;;;173.0;0.0
-2;12200;VEV_5200;92;14;;;;;96;26;;;;;94.0;0.0
-2;12200;VEV_5300;48;8;47;19;;;50;23;51;20;;;49.0;0.0
-2;12200;VEV_5400;17;21;16;23;;;18;13;;;;;17.5;0.0
-2;12200;VEV_5500;5;25;;;;;6;26;;;;;5.5;0.0
-2;12200;VEV_6000;0;21;;;;;1;21;;;;;0.5;0.0
-2;12200;VEV_6500;0;18;;;;;1;18;;;;;0.5;0.0
-2;12300;HYDROGEL_PACK;9961;10;9958;29;;;9977;10;9979;29;;;9969.0;0.0
-2;12300;VELVETFRUIT_EXTRACT;5261;17;5260;49;;;5265;17;5266;41;5267;43;5263.0;0.0
-2;12300;VEV_4000;1260;11;1257;18;;;1281;11;1284;18;;;1270.5;0.0
-2;12300;VEV_4500;763;9;761;15;;;779;9;781;15;;;771.0;0.0
-2;12300;VEV_5000;246;14;;;;;253;6;254;23;;;249.5;0.0
-2;12300;VEV_5100;173;32;;;;;177;11;;;;;175.0;0.0
-2;12300;VEV_5200;92;28;;;;;;;;;;;92.0;0.0
-2;12300;VEV_5300;48;21;;;;;50;20;50;21;;;49.0;0.0
-2;12300;VEV_5400;16;22;;;;;18;27;;;;;17.0;0.0
-2;12300;VEV_5500;5;24;;;;;6;19;;;;;5.5;0.0
-2;12300;VEV_6000;0;20;;;;;1;20;;;;;0.5;0.0
-2;12300;VEV_6500;0;16;;;;;1;16;;;;;0.5;0.0
-2;12400;HYDROGEL_PACK;9960;13;9958;23;;;9976;13;9979;23;;;9968.0;0.0
-2;12400;VELVETFRUIT_EXTRACT;5259;49;;;;;5265;43;5266;40;;;5262.0;0.0
-2;12400;VEV_4000;1259;7;1256;21;;;1280;7;1282;21;;;1269.5;0.0
-2;12400;VEV_4500;764;11;762;23;;;780;11;;;;;772.0;0.0
-2;12400;VEV_5000;247;10;246;17;;;;;;;;;247.0;0.0
-2;12400;VEV_5100;172;30;171;23;;;176;8;;;;;174.0;0.0
-2;12400;VEV_5200;92;27;;;;;96;31;;;;;94.0;0.0
-2;12400;VEV_5300;48;22;;;;;51;10;;;;;49.5;0.0
-2;12400;VEV_5400;17;19;16;22;;;17;22;18;18;;;17.0;0.0
-2;12400;VEV_5500;5;28;;;;;6;25;;;;;5.5;0.0
-2;12400;VEV_6000;0;19;;;;;1;19;;;;;0.5;0.0
-2;12400;VEV_6500;0;15;;;;;1;15;;;;;0.5;0.0
-2;12500;HYDROGEL_PACK;9958;15;9956;25;;;9974;15;9977;25;;;9966.0;0.0
-2;12500;VELVETFRUIT_EXTRACT;5259;68;;;;;5265;22;;;;;5262.0;0.0
-2;12500;VEV_4000;1258;14;1256;25;;;1280;14;1282;25;;;1269.0;0.0
-2;12500;VEV_4500;764;10;762;14;;;780;10;781;12;783;14;772.0;0.0
-2;12500;VEV_5000;247;27;246;23;;;253;8;254;13;;;250.0;0.0
-2;12500;VEV_5100;;;;;;;175;31;176;14;;;175.0;0.0
-2;12500;VEV_5200;92;17;;;;;95;25;;;;;93.5;0.0
-2;12500;VEV_5300;47;5;46;15;;;49;7;;;;;48.0;0.0
-2;12500;VEV_5400;16;25;16;18;;;18;23;;;;;17.0;0.0
-2;12500;VEV_5500;5;25;;;;;6;23;;;;;5.5;0.0
-2;12500;VEV_6000;0;22;;;;;1;22;;;;;0.5;0.0
-2;12500;VEV_6500;0;14;;;;;1;14;;;;;0.5;0.0
-2;12600;HYDROGEL_PACK;9955;15;9952;27;;;9971;15;9973;27;;;9963.0;0.0
-2;12600;VELVETFRUIT_EXTRACT;5261;18;5260;50;;;5266;49;5267;33;;;5263.5;0.0
-2;12600;VEV_4000;1258;10;1256;25;;;1280;10;1282;25;;;1269.0;0.0
-2;12600;VEV_4500;764;8;762;12;;;780;8;782;12;;;772.0;0.0
-2;12600;VEV_5000;247;11;246;21;;;253;10;254;32;;;250.0;0.0
-2;12600;VEV_5100;172;28;171;20;;;176;30;177;29;;;174.0;0.0
-2;12600;VEV_5200;93;7;92;19;;;;;;;;;93.0;0.0
-2;12600;VEV_5300;47;6;;;;;49;18;;;;;48.0;0.0
-2;12600;VEV_5400;17;17;16;16;;;17;8;18;25;;;17.0;0.0
-2;12600;VEV_5500;5;20;;;;;6;21;;;;;5.5;0.0
-2;12600;VEV_6000;0;20;;;;;1;20;;;;;0.5;0.0
-2;12600;VEV_6500;0;16;;;;;1;16;;;;;0.5;0.0
-2;12700;HYDROGEL_PACK;9952;12;9950;21;;;9968;12;9971;21;;;9960.0;0.0
-2;12700;VELVETFRUIT_EXTRACT;5261;19;5260;48;;;5266;25;;;;;5263.5;0.0
-2;12700;VEV_4000;1259;15;1256;29;;;1280;15;1283;29;;;1269.5;0.0
-2;12700;VEV_4500;765;7;763;23;;;781;7;783;23;;;773.0;0.0
-2;12700;VEV_5000;247;11;246;12;;;254;20;;;;;250.5;0.0
-2;12700;VEV_5100;172;29;;;;;176;20;;;;;174.0;0.0
-2;12700;VEV_5200;92;27;;;;;95;23;96;21;;;93.5;0.0
-2;12700;VEV_5300;46;24;;;;;;;;;;;46.0;0.0
-2;12700;VEV_5400;16;19;;;;;;;;;;;16.0;0.0
-2;12700;VEV_5500;5;21;;;;;6;23;;;;;5.5;0.0
-2;12700;VEV_6000;0;28;;;;;1;28;;;;;0.5;0.0
-2;12700;VEV_6500;0;14;;;;;1;14;;;;;0.5;0.0
-2;12800;HYDROGEL_PACK;9954;11;9952;25;;;9970;11;9973;25;;;9962.0;0.0
-2;12800;VELVETFRUIT_EXTRACT;5259;54;;;;;5265;38;;;;;5262.0;0.0
-2;12800;VEV_4000;1259;7;1256;16;;;1280;7;1283;16;;;1269.5;0.0
-2;12800;VEV_4500;765;6;763;13;;;781;6;783;13;;;773.0;0.0
-2;12800;VEV_5000;249;6;248;14;;;255;9;256;19;;;252.0;0.0
-2;12800;VEV_5100;174;29;;;;;178;11;179;25;;;176.0;0.0
-2;12800;VEV_5200;92;11;91;21;;;94;6;;;;;93.0;0.0
-2;12800;VEV_5300;46;17;45;15;;;48;28;;;;;47.0;0.0
-2;12800;VEV_5400;16;26;;;;;18;15;;;;;17.0;0.0
-2;12800;VEV_5500;5;23;;;;;6;22;;;;;5.5;0.0
-2;12800;VEV_6000;0;25;;;;;1;25;;;;;0.5;0.0
-2;12800;VEV_6500;0;15;;;;;1;15;;;;;0.5;0.0
-2;12900;HYDROGEL_PACK;9952;12;9949;24;;;9968;12;9970;24;;;9960.0;0.0
-2;12900;VELVETFRUIT_EXTRACT;5259;47;;;;;5264;20;5265;32;;;5261.5;0.0
-2;12900;VEV_4000;1259;9;1256;15;;;1280;9;1283;15;;;1269.5;0.0
-2;12900;VEV_4500;764;12;762;16;;;780;12;783;16;;;772.0;0.0
-2;12900;VEV_5000;248;27;247;19;;;254;12;;;;;251.0;0.0
-2;12900;VEV_5100;174;8;173;22;;;179;20;;;;;176.5;0.0
-2;12900;VEV_5200;92;12;91;29;;;94;10;;;;;93.0;0.0
-2;12900;VEV_5300;47;22;46;17;;;49;19;;;;;48.0;0.0
-2;12900;VEV_5400;16;20;16;8;;;18;21;;;;;17.0;0.0
-2;12900;VEV_5500;5;25;;;;;6;22;;;;;5.5;0.0
-2;12900;VEV_6000;0;27;;;;;1;27;;;;;0.5;0.0
-2;12900;VEV_6500;0;14;;;;;1;14;;;;;0.5;0.0
-2;13000;HYDROGEL_PACK;9954;10;9951;21;;;9970;10;9972;21;;;9962.0;0.0
-2;13000;VELVETFRUIT_EXTRACT;5258;64;;;;;5264;70;;;;;5261.0;0.0
-2;13000;VEV_4000;1259;9;1256;19;;;1280;9;1283;19;;;1269.5;0.0
-2;13000;VEV_4500;765;11;763;13;;;782;10;783;13;;;773.5;0.0
-2;13000;VEV_5000;247;15;;;;;254;7;255;19;;;250.5;0.0
-2;13000;VEV_5100;176;29;;;;;180;28;;;;;178.0;0.0
-2;13000;VEV_5200;;;;;;;94;7;95;25;;;94.0;0.0
-2;13000;VEV_5300;47;21;;;;;49;24;;;;;48.0;0.0
-2;13000;VEV_5400;16;19;16;10;;;18;25;;;;;17.0;0.0
-2;13000;VEV_5500;5;24;;;;;6;20;;;;;5.5;0.0
-2;13000;VEV_6000;0;23;;;;;1;23;;;;;0.5;0.0
-2;13000;VEV_6500;0;17;;;;;1;17;;;;;0.5;0.0
-2;13100;HYDROGEL_PACK;9953;15;9951;23;;;9969;15;9972;23;;;9961.0;0.0
-2;13100;VELVETFRUIT_EXTRACT;5258;18;5257;53;;;5262;18;5263;62;;;5260.0;0.0
-2;13100;VEV_4000;1259;7;1256;25;;;1280;7;1283;25;;;1269.5;0.0
-2;13100;VEV_4500;766;9;764;24;;;782;9;783;13;784;24;774.0;0.0
-2;13100;VEV_5000;247;25;246;24;;;253;6;;;;;250.0;0.0
-2;13100;VEV_5100;175;31;;;;;179;12;;;;;177.0;0.0
-2;13100;VEV_5200;91;34;;;;;;;;;;;91.0;0.0
-2;13100;VEV_5300;46;16;;;;;48;19;49;20;;;47.0;0.0
-2;13100;VEV_5400;16;29;;;;;17;18;18;18;;;16.5;0.0
-2;13100;VEV_5500;5;22;;;;;6;7;;;;;5.5;0.0
-2;13100;VEV_6000;0;24;;;;;1;24;;;;;0.5;0.0
-2;13100;VEV_6500;0;16;;;;;1;16;;;;;0.5;0.0
-2;13200;HYDROGEL_PACK;9953;15;9950;20;;;9969;15;9971;20;;;9961.0;0.0
-2;13200;VELVETFRUIT_EXTRACT;5258;44;;;;;5264;47;;;;;5261.0;0.0
-2;13200;VEV_4000;1259;7;1257;24;;;1281;7;1283;24;;;1270.0;0.0
-2;13200;VEV_4500;765;9;763;21;;;781;9;783;21;;;773.0;0.0
-2;13200;VEV_5000;247;11;246;14;;;253;12;254;24;;;250.0;0.0
-2;13200;VEV_5100;;;;;;;;;;;;;0.0;0.0
-2;13200;VEV_5200;92;9;91;16;;;95;30;;;;;93.5;0.0
-2;13200;VEV_5300;45;21;;;;;47;26;;;;;46.0;0.0
-2;13200;VEV_5400;;;;;;;18;21;;;;;18.0;0.0
-2;13200;VEV_5500;5;19;;;;;6;15;;;;;5.5;0.0
-2;13200;VEV_6000;0;23;;;;;1;23;;;;;0.5;0.0
-2;13200;VEV_6500;0;14;;;;;1;14;;;;;0.5;0.0
-2;13300;HYDROGEL_PACK;9954;12;9952;20;;;9970;12;9973;20;;;9962.0;0.0
-2;13300;VELVETFRUIT_EXTRACT;5259;17;5258;39;;;5264;49;;;;;5261.5;0.0
-2;13300;VEV_4000;1258;14;1256;25;;;1280;14;1282;25;;;1269.0;0.0
-2;13300;VEV_4500;765;9;763;16;;;781;9;783;16;;;773.0;0.0
-2;13300;VEV_5000;247;7;246;24;;;253;11;254;20;;;250.0;0.0
-2;13300;VEV_5100;175;28;174;16;;;179;8;;;;;177.0;0.0
-2;13300;VEV_5200;92;10;91;22;;;94;27;95;25;;;93.0;0.0
-2;13300;VEV_5300;45;23;;;;;47;18;;;;;46.0;0.0
-2;13300;VEV_5400;17;8;16;15;;;17;20;;;;;17.0;0.0
-2;13300;VEV_5500;5;24;;;;;6;18;;;;;5.5;0.0
-2;13300;VEV_6000;0;17;;;;;1;17;;;;;0.5;0.0
-2;13300;VEV_6500;0;11;;;;;1;11;;;;;0.5;0.0
-2;13400;HYDROGEL_PACK;9955;11;9953;30;;;9971;11;9974;30;;;9963.0;0.0
-2;13400;VELVETFRUIT_EXTRACT;5260;61;5260;19;5259;38;5266;64;;;;;5263.0;0.0
-2;13400;VEV_4000;1259;8;1257;25;;;1280;8;1283;25;;;1269.5;0.0
-2;13400;VEV_4500;765;7;763;21;;;781;7;783;21;;;773.0;0.0
-2;13400;VEV_5000;247;7;246;13;;;253;8;254;20;;;250.0;0.0
-2;13400;VEV_5100;;;;;;;178;6;179;27;;;178.0;0.0
-2;13400;VEV_5200;;;;;;;94;33;;;;;94.0;0.0
-2;13400;VEV_5300;44;23;;;;;46;18;47;22;;;45.0;0.0
-2;13400;VEV_5400;16;25;;;;;17;20;18;23;;;16.5;0.0
-2;13400;VEV_5500;5;26;;;;;6;18;;;;;5.5;0.0
-2;13400;VEV_6000;0;25;;;;;1;25;;;;;0.5;0.0
-2;13400;VEV_6500;0;16;;;;;1;16;;;;;0.5;0.0
-2;13500;HYDROGEL_PACK;9958;13;9955;20;;;9974;13;9976;20;;;9966.0;0.0
-2;13500;VELVETFRUIT_EXTRACT;5260;54;;;;;5265;16;5266;65;;;5262.5;0.0
-2;13500;VEV_4000;1259;15;1257;18;;;1281;15;1283;18;;;1270.0;0.0
-2;13500;VEV_4500;766;12;764;23;;;782;12;784;23;;;774.0;0.0
-2;13500;VEV_5000;247;6;246;27;;;253;9;254;21;;;250.0;0.0
-2;13500;VEV_5100;173;11;172;19;;;177;9;178;27;;;175.0;0.0
-2;13500;VEV_5200;90;27;;;;;94;19;;;;;92.0;0.0
-2;13500;VEV_5300;44;25;43;21;;;46;29;;;;;45.0;0.0
-2;13500;VEV_5400;16;26;;;;;17;24;18;20;;;16.5;0.0
-2;13500;VEV_5500;5;21;;;;;6;20;;;;;5.5;0.0
-2;13500;VEV_6000;0;25;;;;;1;25;;;;;0.5;0.0
-2;13500;VEV_6500;0;14;;;;;1;14;;;;;0.5;0.0
-2;13600;HYDROGEL_PACK;9958;15;9955;23;;;9974;15;9976;23;;;9966.0;0.0
-2;13600;VELVETFRUIT_EXTRACT;5261;34;;;;;5266;20;5267;67;;;5263.5;0.0
-2;13600;VEV_4000;1258;8;1256;18;;;1279;8;1282;18;;;1268.5;0.0
-2;13600;VEV_4500;765;6;763;19;;;781;6;783;19;;;773.0;0.0
-2;13600;VEV_5000;247;8;;;;;253;8;254;23;;;250.0;0.0
-2;13600;VEV_5100;172;10;;;;;176;9;177;20;;;174.0;0.0
-2;13600;VEV_5200;;;;;;;95;23;;;;;95.0;0.0
-2;13600;VEV_5300;44;24;;;;;46;8;;;;;45.0;0.0
-2;13600;VEV_5400;17;23;;;;;18;19;;;;;17.5;0.0
-2;13600;VEV_5500;5;19;;;;;6;20;;;;;5.5;0.0
-2;13600;VEV_6000;0;13;;;;;1;13;;;;;0.5;0.0
-2;13600;VEV_6500;0;15;;;;;1;15;;;;;0.5;0.0
-2;13700;HYDROGEL_PACK;9957;14;9955;20;;;9976;20;;;;;9966.5;0.0
-2;13700;VELVETFRUIT_EXTRACT;5262;16;5261;40;;;5267;45;;;;;5264.5;0.0
-2;13700;VEV_4000;1257;15;1255;15;;;1279;15;1281;15;;;1268.0;0.0
-2;13700;VEV_4500;764;16;;;;;782;12;784;16;;;773.0;0.0
-2;13700;VEV_5000;246;11;245;20;;;252;9;253;15;;;249.0;0.0
-2;13700;VEV_5100;172;6;171;12;;;177;28;;;;;174.5;0.0
-2;13700;VEV_5200;;;;;;;95;26;;;;;95.0;0.0
-2;13700;VEV_5300;45;24;44;21;;;47;16;;;;;46.0;0.0
-2;13700;VEV_5400;16;25;;;;;17;21;18;23;;;16.5;0.0
-2;13700;VEV_5500;5;24;;;;;6;25;;;;;5.5;0.0
-2;13700;VEV_6000;0;19;;;;;1;19;;;;;0.5;0.0
-2;13700;VEV_6500;0;12;;;;;1;12;;;;;0.5;0.0
-2;13800;HYDROGEL_PACK;9953;14;9950;24;;;9969;14;9971;24;;;9961.0;0.0
-2;13800;VELVETFRUIT_EXTRACT;5261;56;;;;;5267;45;;;;;5264.0;0.0
-2;13800;VEV_4000;1258;10;1255;27;;;1279;10;1281;27;;;1268.5;0.0
-2;13800;VEV_4500;764;10;763;14;;;781;11;784;14;;;772.5;0.0
-2;13800;VEV_5000;246;6;245;15;;;252;10;;;;;249.0;0.0
-2;13800;VEV_5100;172;21;171;30;;;176;20;177;15;;;174.0;0.0
-2;13800;VEV_5200;90;23;;;;;93;12;94;12;;;91.5;0.0
-2;13800;VEV_5300;45;25;44;20;;;47;22;;;;;46.0;0.0
-2;13800;VEV_5400;16;24;;;;;18;20;;;;;17.0;0.0
-2;13800;VEV_5500;5;27;;;;;6;22;;;;;5.5;0.0
-2;13800;VEV_6000;0;19;;;;;1;19;;;;;0.5;0.0
-2;13800;VEV_6500;0;15;;;;;1;15;;;;;0.5;0.0
-2;13900;HYDROGEL_PACK;9955;10;9952;22;;;9971;10;9973;22;;;9963.0;0.0
-2;13900;VELVETFRUIT_EXTRACT;5262;19;5261;45;5261;44;5266;19;5267;70;5268;45;5264.0;0.0
-2;13900;VEV_4000;1257;11;1254;24;;;1278;11;1280;24;;;1267.5;0.0
-2;13900;VEV_4500;766;6;764;19;;;782;6;784;19;;;774.0;0.0
-2;13900;VEV_5000;246;6;245;21;;;252;12;;;;;249.0;0.0
-2;13900;VEV_5100;172;12;;;;;176;25;177;27;;;174.0;0.0
-2;13900;VEV_5200;90;9;89;14;;;93;24;;;;;91.5;0.0
-2;13900;VEV_5300;;;;;;;47;23;;;;;47.0;0.0
-2;13900;VEV_5400;;;;;;;19;20;;;;;19.0;0.0
-2;13900;VEV_5500;5;25;;;;;6;7;;;;;5.5;0.0
-2;13900;VEV_6000;0;18;;;;;1;18;;;;;0.5;0.0
-2;13900;VEV_6500;0;18;;;;;1;18;;;;;0.5;0.0
-2;14000;HYDROGEL_PACK;9956;13;9953;24;;;9972;13;9974;24;;;9964.0;0.0
-2;14000;VELVETFRUIT_EXTRACT;5261;19;5260;38;;;5266;49;;;;;5263.5;0.0
-2;14000;VEV_4000;1257;9;1254;25;;;1278;9;1281;25;;;1267.5;0.0
-2;14000;VEV_4500;767;12;765;12;;;785;12;;;;;776.0;0.0
-2;14000;VEV_5000;246;9;245;15;;;252;12;253;14;;;249.0;0.0
-2;14000;VEV_5100;170;6;169;32;;;174;24;175;18;;;172.0;0.0
-2;14000;VEV_5200;89;11;88;19;;;91;25;92;30;;;90.0;0.0
-2;14000;VEV_5300;44;6;;;;;47;15;;;;;45.5;0.0
-2;14000;VEV_5400;17;25;;;;;19;25;;;;;18.0;0.0
-2;14000;VEV_5500;4;19;;;;;6;16;;;;;5.0;0.0
-2;14000;VEV_6000;0;17;;;;;1;17;;;;;0.5;0.0
-2;14000;VEV_6500;0;15;;;;;1;15;;;;;0.5;0.0
-2;14100;HYDROGEL_PACK;9958;12;9956;26;;;9974;12;9977;26;;;9966.0;0.0
-2;14100;VELVETFRUIT_EXTRACT;5261;64;;;;;5266;25;5267;37;;;5263.5;0.0
-2;14100;VEV_4000;1256;9;1254;24;;;1278;9;1280;24;;;1267.0;0.0
-2;14100;VEV_4500;766;11;764;19;;;782;11;783;11;785;19;774.0;0.0
-2;14100;VEV_5000;247;12;246;19;;;254;22;;;;;250.5;0.0
-2;14100;VEV_5100;171;24;170;29;;;176;19;;;;;173.5;0.0
-2;14100;VEV_5200;88;27;;;;;91;9;92;24;;;89.5;0.0
-2;14100;VEV_5300;44;20;43;18;;;46;19;;;;;45.0;0.0
-2;14100;VEV_5400;;;;;;;17;17;18;19;;;17.0;0.0
-2;14100;VEV_5500;5;27;;;;;6;23;;;;;5.5;0.0
-2;14100;VEV_6000;0;20;;;;;1;20;;;;;0.5;0.0
-2;14100;VEV_6500;0;12;;;;;1;12;;;;;0.5;0.0
-2;14200;HYDROGEL_PACK;9960;12;9957;27;;;9976;12;9978;27;;;9968.0;0.0
-2;14200;VELVETFRUIT_EXTRACT;5260;69;;;;;5266;49;;;;;5263.0;0.0
-2;14200;VEV_4000;1257;13;1255;23;;;1278;13;1281;23;;;1267.5;0.0
-2;14200;VEV_4500;766;10;764;21;;;782;10;784;21;;;774.0;0.0
-2;14200;VEV_5000;247;11;246;16;;;253;7;254;21;;;250.0;0.0
-2;14200;VEV_5100;170;12;169;15;;;174;6;175;31;;;172.0;0.0
-2;14200;VEV_5200;88;7;87;16;;;;;;;;;88.0;0.0
-2;14200;VEV_5300;45;15;;;;;47;20;48;21;;;46.0;0.0
-2;14200;VEV_5400;16;22;;;;;;;;;;;16.0;0.0
-2;14200;VEV_5500;4;26;;;;;6;21;;;;;5.0;0.0
-2;14200;VEV_6000;0;28;;;;;1;28;;;;;0.5;0.0
-2;14200;VEV_6500;0;18;;;;;1;18;;;;;0.5;0.0
-2;14300;HYDROGEL_PACK;9963;10;9960;28;;;9979;10;9981;28;;;9971.0;0.0
-2;14300;VELVETFRUIT_EXTRACT;5261;64;5260;38;;;5266;17;5267;51;;;5263.5;0.0
-2;14300;VEV_4000;1257;12;1254;29;;;1278;12;1280;29;;;1267.5;0.0
-2;14300;VEV_4500;764;19;;;;;782;9;784;19;;;773.0;0.0
-2;14300;VEV_5000;248;7;247;22;;;255;21;;;;;251.5;0.0
-2;14300;VEV_5100;170;8;169;22;;;174;27;175;13;;;172.0;0.0
-2;14300;VEV_5200;87;20;86;27;;;89;29;90;14;;;88.0;0.0
-2;14300;VEV_5300;46;23;45;25;;;48;19;;;;;47.0;0.0
-2;14300;VEV_5400;16;26;;;;;18;23;;;;;17.0;0.0
-2;14300;VEV_5500;4;21;;;;;5;26;;;;;4.5;0.0
-2;14300;VEV_6000;0;21;;;;;1;21;;;;;0.5;0.0
-2;14300;VEV_6500;0;18;;;;;1;18;;;;;0.5;0.0
-2;14400;HYDROGEL_PACK;9963;14;9960;27;;;9979;14;9981;27;;;9971.0;0.0
-2;14400;VELVETFRUIT_EXTRACT;5259;39;5259;56;;;5265;30;;;;;5262.0;0.0
-2;14400;VEV_4000;1257;15;1254;19;;;1278;15;1281;19;;;1267.5;0.0
-2;14400;VEV_4500;766;8;765;6;764;19;782;8;783;6;784;19;774.0;0.0
-2;14400;VEV_5000;246;15;;;;;253;7;254;23;;;249.5;0.0
-2;14400;VEV_5100;169;24;168;19;;;;;;;;;169.0;0.0
-2;14400;VEV_5200;88;27;;;;;91;32;;;;;89.5;0.0
-2;14400;VEV_5300;46;30;;;;;48;25;;;;;47.0;0.0
-2;14400;VEV_5400;16;25;;;;;18;22;;;;;17.0;0.0
-2;14400;VEV_5500;4;18;;;;;5;20;;;;;4.5;0.0
-2;14400;VEV_6000;0;24;;;;;1;24;;;;;0.5;0.0
-2;14400;VEV_6500;0;21;;;;;1;21;;;;;0.5;0.0
-2;14500;HYDROGEL_PACK;9960;11;9958;21;;;9976;11;9978;21;;;9968.0;0.0
-2;14500;VELVETFRUIT_EXTRACT;5262;23;5261;51;;;5267;69;;;;;5264.5;0.0
-2;14500;VEV_4000;1258;9;1255;22;;;1279;9;1282;22;;;1268.5;0.0
-2;14500;VEV_4500;765;8;763;18;;;781;8;783;18;;;773.0;0.0
-2;14500;VEV_5000;248;9;247;17;;;254;23;255;13;;;251.0;0.0
-2;14500;VEV_5100;168;15;;;;;173;11;174;18;;;170.5;0.0
-2;14500;VEV_5200;87;24;;;;;;;;;;;87.0;0.0
-2;14500;VEV_5300;46;21;;;;;48;21;;;;;47.0;0.0
-2;14500;VEV_5400;16;20;;;;;18;15;;;;;17.0;0.0
-2;14500;VEV_5500;4;23;;;;;5;19;;;;;4.5;0.0
-2;14500;VEV_6000;0;25;;;;;1;25;;;;;0.5;0.0
-2;14500;VEV_6500;0;18;;;;;1;18;;;;;0.5;0.0
-2;14600;HYDROGEL_PACK;9958;10;9955;22;;;9974;10;9976;22;;;9966.0;0.0
-2;14600;VELVETFRUIT_EXTRACT;5261;49;;;;;5266;19;5267;45;;;5263.5;0.0
-2;14600;VEV_4000;1259;15;1256;30;;;1280;15;1283;30;;;1269.5;0.0
-2;14600;VEV_4500;764;9;762;17;;;780;9;781;10;782;17;772.0;0.0
-2;14600;VEV_5000;245;18;;;;;252;11;253;31;;;248.5;0.0
-2;14600;VEV_5100;170;6;169;25;;;174;6;175;13;;;172.0;0.0
-2;14600;VEV_5200;88;25;87;27;;;90;11;91;25;;;89.0;0.0
-2;14600;VEV_5300;46;17;;;;;48;17;48;29;;;47.0;0.0
-2;14600;VEV_5400;16;24;;;;;18;19;;;;;17.0;0.0
-2;14600;VEV_5500;4;18;;;;;5;22;;;;;4.5;0.0
-2;14600;VEV_6000;0;18;;;;;1;18;;;;;0.5;0.0
-2;14600;VEV_6500;0;19;;;;;1;19;;;;;0.5;0.0
-2;14700;HYDROGEL_PACK;9958;10;9956;29;;;9974;10;9977;29;;;9966.0;0.0
-2;14700;VELVETFRUIT_EXTRACT;5261;49;;;;;5266;22;5267;59;;;5263.5;0.0
-2;14700;VEV_4000;1257;14;1254;26;;;1278;14;1281;26;;;1267.5;0.0
-2;14700;VEV_4500;764;11;762;14;;;780;11;781;18;782;14;772.0;0.0
-2;14700;VEV_5000;245;25;244;25;;;251;11;252;34;;;248.0;0.0
-2;14700;VEV_5100;170;9;169;14;;;174;9;175;31;;;172.0;0.0
-2;14700;VEV_5200;;;;;;;91;7;;;;;91.0;0.0
-2;14700;VEV_5300;44;25;;;;;47;23;;;;;45.5;0.0
-2;14700;VEV_5400;16;19;16;24;;;18;15;;;;;17.0;0.0
-2;14700;VEV_5500;4;19;;;;;5;24;;;;;4.5;0.0
-2;14700;VEV_6000;0;24;;;;;1;24;;;;;0.5;0.0
-2;14700;VEV_6500;0;15;;;;;1;15;;;;;0.5;0.0
-2;14800;HYDROGEL_PACK;9955;13;9952;28;;;9971;13;9973;28;;;9963.0;0.0
-2;14800;VELVETFRUIT_EXTRACT;5260;54;;;;;5265;16;5266;43;;;5262.5;0.0
-2;14800;VEV_4000;1257;15;1255;21;;;1279;15;1281;21;;;1268.0;0.0
-2;14800;VEV_4500;764;11;762;19;;;780;11;782;19;;;772.0;0.0
-2;14800;VEV_5000;244;14;;;;;251;6;252;24;;;247.5;0.0
-2;14800;VEV_5100;169;6;;;;;;;;;;;169.0;0.0
-2;14800;VEV_5200;87;18;;;;;90;32;91;27;;;88.5;0.0
-2;14800;VEV_5300;45;23;44;18;;;47;16;48;22;;;46.0;0.0
-2;14800;VEV_5400;;;;;;;17;23;18;26;;;17.0;0.0
-2;14800;VEV_5500;4;23;;;;;5;25;;;;;4.5;0.0
-2;14800;VEV_6000;0;21;;;;;1;21;;;;;0.5;0.0
-2;14800;VEV_6500;0;15;;;;;1;15;;;;;0.5;0.0
-2;14900;HYDROGEL_PACK;9957;13;9954;23;;;9973;13;9975;23;;;9965.0;0.0
-2;14900;VELVETFRUIT_EXTRACT;5260;19;;;;;5266;56;;;;;5263.0;0.0
-2;14900;VEV_4000;1257;11;1254;21;;;1278;11;1280;21;;;1267.5;0.0
-2;14900;VEV_4500;765;10;763;12;;;781;10;783;12;;;773.0;0.0
-2;14900;VEV_5000;246;7;245;20;;;252;7;253;13;;;249.0;0.0
-2;14900;VEV_5100;168;10;;;;;172;25;173;17;;;170.0;0.0
-2;14900;VEV_5200;87;26;;;;;91;32;;;;;89.0;0.0
-2;14900;VEV_5300;45;25;;;;;47;24;;;;;46.0;0.0
-2;14900;VEV_5400;16;18;16;29;;;;;;;;;16.0;0.0
-2;14900;VEV_5500;4;19;;;;;5;24;;;;;4.5;0.0
-2;14900;VEV_6000;0;22;;;;;1;22;;;;;0.5;0.0
-2;14900;VEV_6500;0;18;;;;;1;18;;;;;0.5;0.0
-2;15000;HYDROGEL_PACK;9953;10;9951;25;;;9969;10;9972;25;;;9961.0;0.0
-2;15000;VELVETFRUIT_EXTRACT;5260;18;5259;34;;;5264;18;5265;47;;;5262.0;0.0
-2;15000;VEV_4000;1256;8;1253;26;;;1277;8;1279;26;;;1266.5;0.0
-2;15000;VEV_4500;763;16;;;;;781;10;783;16;;;772.0;0.0
-2;15000;VEV_5000;245;13;;;;;252;8;253;12;;;248.5;0.0
-2;15000;VEV_5100;168;9;167;15;;;172;8;173;21;;;170.0;0.0
-2;15000;VEV_5200;;;;;;;91;24;;;;;91.0;0.0
-2;15000;VEV_5300;45;25;;;;;47;25;;;;;46.0;0.0
-2;15000;VEV_5400;16;18;16;6;;;18;24;;;;;17.0;0.0
-2;15000;VEV_5500;4;28;;;;;5;25;;;;;4.5;0.0
-2;15000;VEV_6000;0;24;;;;;1;24;;;;;0.5;0.0
-2;15000;VEV_6500;0;11;;;;;1;11;;;;;0.5;0.0
-2;15100;HYDROGEL_PACK;9950;14;9948;25;;;9966;14;9968;25;;;9958.0;0.0
-2;15100;VELVETFRUIT_EXTRACT;5259;33;;;;;5265;56;;;;;5262.0;0.0
-2;15100;VEV_4000;1255;13;1253;30;;;1276;13;1279;30;;;1265.5;0.0
-2;15100;VEV_4500;765;6;;;;;781;6;783;17;;;773.0;0.0
-2;15100;VEV_5000;246;7;245;24;;;252;12;253;18;;;249.0;0.0
-2;15100;VEV_5100;168;6;;;;;172;8;173;16;;;170.0;0.0
-2;15100;VEV_5200;86;23;;;;;89;23;90;22;;;87.5;0.0
-2;15100;VEV_5300;45;5;44;16;;;47;23;;;;;46.0;0.0
-2;15100;VEV_5400;16;21;;;;;17;19;;;;;16.5;0.0
-2;15100;VEV_5500;4;18;;;;;6;19;;;;;5.0;0.0
-2;15100;VEV_6000;0;29;;;;;1;29;;;;;0.5;0.0
-2;15100;VEV_6500;0;19;;;;;1;19;;;;;0.5;0.0
-2;15200;HYDROGEL_PACK;9949;14;9947;21;;;9965;14;9968;21;;;9957.0;0.0
-2;15200;VELVETFRUIT_EXTRACT;5260;53;;;;;5265;22;5266;54;;;5262.5;0.0
-2;15200;VEV_4000;1255;12;1253;29;;;1277;12;1279;29;;;1266.0;0.0
-2;15200;VEV_4500;766;11;765;6;764;22;;;;;;;766.0;0.0
-2;15200;VEV_5000;247;10;246;30;;;253;11;254;21;;;250.0;0.0
-2;15200;VEV_5100;168;10;167;13;;;172;8;173;12;;;170.0;0.0
-2;15200;VEV_5200;86;12;;;;;89;6;90;23;;;87.5;0.0
-2;15200;VEV_5300;46;22;;;;;48;16;;;;;47.0;0.0
-2;15200;VEV_5400;16;24;16;21;;;18;25;;;;;17.0;0.0
-2;15200;VEV_5500;4;25;;;;;;;;;;;4.0;0.0
-2;15200;VEV_6000;0;20;;;;;1;20;;;;;0.5;0.0
-2;15200;VEV_6500;0;18;;;;;1;18;;;;;0.5;0.0
-2;15300;HYDROGEL_PACK;9947;12;9944;30;;;9963;12;9965;30;;;9955.0;0.0
-2;15300;VELVETFRUIT_EXTRACT;5258;45;;;;;5263;24;5264;50;5265;36;5260.5;0.0
-2;15300;VEV_4000;1256;7;1253;19;;;1277;7;1280;19;;;1266.5;0.0
-2;15300;VEV_4500;763;16;;;;;781;8;782;9;784;16;772.0;0.0
-2;15300;VEV_5000;247;8;246;19;;;253;8;;;;;250.0;0.0
-2;15300;VEV_5100;169;6;;;;;173;10;174;29;;;171.0;0.0
-2;15300;VEV_5200;86;31;;;;;90;30;;;;;88.0;0.0
-2;15300;VEV_5300;45;16;44;20;;;47;20;;;;;46.0;0.0
-2;15300;VEV_5400;16;22;16;23;;;;;;;;;16.0;0.0
-2;15300;VEV_5500;4;21;;;;;5;19;;;;;4.5;0.0
-2;15300;VEV_6000;0;29;;;;;1;29;;;;;0.5;0.0
-2;15300;VEV_6500;0;21;;;;;1;21;;;;;0.5;0.0
-2;15400;HYDROGEL_PACK;9945;13;9943;30;;;9961;13;9964;30;;;9953.0;0.0
-2;15400;VELVETFRUIT_EXTRACT;5258;21;5257;49;;;5263;51;;;;;5260.5;0.0
-2;15400;VEV_4000;1256;7;1254;17;;;1278;7;1280;17;;;1267.0;0.0
-2;15400;VEV_4500;767;8;765;15;;;784;6;785;15;;;775.5;0.0
-2;15400;VEV_5000;246;22;;;;;252;31;253;22;;;249.0;0.0
-2;15400;VEV_5100;170;24;169;26;;;175;19;;;;;172.5;0.0
-2;15400;VEV_5200;87;12;;;;;89;12;90;31;;;88.0;0.0
-2;15400;VEV_5300;46;23;;;;;48;21;;;;;47.0;0.0
-2;15400;VEV_5400;15;20;;;;;16;21;17;27;;;15.5;0.0
-2;15400;VEV_5500;4;9;;;;;5;25;;;;;4.5;0.0
-2;15400;VEV_6000;0;18;;;;;1;18;;;;;0.5;0.0
-2;15400;VEV_6500;0;7;;;;;1;7;;;;;0.5;0.0
-2;15500;HYDROGEL_PACK;9948;13;9945;21;;;9964;13;9966;21;;;9956.0;0.0
-2;15500;VELVETFRUIT_EXTRACT;5258;20;5257;59;;;5263;48;;;;;5260.5;0.0
-2;15500;VEV_4000;1256;7;1253;17;;;1277;7;1280;17;;;1266.5;0.0
-2;15500;VEV_4500;766;10;764;23;;;782;10;784;23;;;774.0;0.0
-2;15500;VEV_5000;246;29;245;13;;;252;11;253;20;;;249.0;0.0
-2;15500;VEV_5100;169;6;168;18;;;173;28;174;32;;;171.0;0.0
-2;15500;VEV_5200;;;;;;;88;8;;;;;88.0;0.0
-2;15500;VEV_5300;46;26;;;;;48;30;;;;;47.0;0.0
-2;15500;VEV_5400;15;24;;;;;17;28;;;;;16.0;0.0
