timestamp;buyer;seller;symbol;currency;price;quantity
0;BOT_TAKER;BOT_MAKER;VELVETFRUIT_EXTRACT;XIRECS;5264.0;4
100;BOT_MAKER;BOT_TAKER;HYDROGEL_PACK;XIRECS;9973.0;5
100;BOT_MAKER;BOT_TAKER;VELVETFRUIT_EXTRACT;XIRECS;5261.0;3
100;BOT_MAKER;BOT_TAKER;VEV_5300;XIRECS;49.0;5
100;BOT_MAKER;BOT_TAKER;VEV_6500;XIRECS;0.0;2
100;SUBMISSION;BOT_TAKER;VELVETFRUIT_EXTRACT;XIRECS;5262.0;5
100;BOT_MAKER;BOT_TAKER;VELVETFRUIT_EXTRACT;XIRECS;5261.0;3
200;BOT_MAKER;BOT_TAKER;VEV_4000;XIRECS;1252.0;2
300;BOT_TAKER;BOT_MAKER;VELVETFRUIT_EXTRACT;XIRECS;5266.0;5
300;BOT_TAKER;BOT_MAKER;VEV_5400;XIRECS;17.0;4
400;BOT_TAKER;BOT_MAKER;VELVETFRUIT_EXTRACT;XIRECS;5267.0;3
500;BOT_TAKER;BOT_MAKER;VELVETFRUIT_EXTRACT;XIRECS;5268.0;3
500;SUBMISSION;BOT_TAKER;HYDROGEL_PACK;XIRECS;9973.0;5
700;BOT_TAKER;BOT_MAKER;VELVETFRUIT_EXTRACT;XIRECS;5267.0;6
700;SUBMISSION;BOT_TAKER;VELVETFRUIT_EXTRACT;XIRECS;5262.0;5
700;BOT_MAKER;BOT_TAKER;VELVETFRUIT_EXTRACT;XIRECS;5261.0;1
800;BOT_MAKER;BOT_TAKER;VELVETFRUIT_EXTRACT;XIRECS;5262.0;8
800;BOT_MAKER;BOT_TAKER;VEV_5300;XIRECS;50.0;2
800;BOT_MAKER;BOT_TAKER;VEV_6000;XIRECS;0.0;5
1100;BOT_MAKER;BOT_TAKER;VELVETFRUIT_EXTRACT;XIRECS;5261.0;7
1200;BOT_MAKER;BOT_TAKER;HYDROGEL_PACK;XIRECS;9971.0;6
1300;BOT_TAKER;BOT_MAKER;HYDROGEL_PACK;XIRECS;9989.0;5
1300;BOT_MAKER;BOT_TAKER;VELVETFRUIT_EXTRACT;XIRECS;5261.0;4
1400;BOT_TAKER;BOT_MAKER;HYDROGEL_PACK;XIRECS;9983.0;6
1400;BOT_MAKER;BOT_TAKER;VEV_4000;XIRECS;1251.0;2
1400;BOT_MAKER;BOT_TAKER;VEV_5400;XIRECS;16.0;2
1400;BOT_TAKER;BOT_MAKER;VEV_6000;XIRECS;1.0;5
1500;BOT_MAKER;BOT_TAKER;VELVETFRUIT_EXTRACT;XIRECS;5258.0;5
1600;BOT_TAKER;BOT_MAKER;HYDROGEL_PACK;XIRECS;9983.0;3
1600;BOT_TAKER;BOT_MAKER;VELVETFRUIT_EXTRACT;XIRECS;5264.0;8
1700;BOT_TAKER;BOT_MAKER;VELVETFRUIT_EXTRACT;XIRECS;5264.0;5
1700;BOT_TAKER;BOT_MAKER;VEV_5500;XIRECS;7.0;2
1700;BOT_MAKER;BOT_TAKER;VEV_6500;XIRECS;0.0;5
1800;BOT_MAKER;BOT_TAKER;VEV_6500;XIRECS;0.0;5
1900;BOT_TAKER;BOT_MAKER;VEV_5300;XIRECS;50.0;3
2000;BOT_TAKER;BOT_MAKER;VELVETFRUIT_EXTRACT;XIRECS;5265.0;4
2000;BOT_TAKER;SUBMISSION;HYDROGEL_PACK;XIRECS;9980.0;5
2100;BOT_TAKER;BOT_MAKER;VELVETFRUIT_EXTRACT;XIRECS;5265.0;6
2200;BOT_MAKER;BOT_TAKER;VELVETFRUIT_EXTRACT;XIRECS;5260.0;8
2300;BOT_MAKER;BOT_TAKER;VELVETFRUIT_EXTRACT;XIRECS;5259.0;8
2500;BOT_TAKER;BOT_MAKER;HYDROGEL_PACK;XIRECS;9972.0;5
2700;BOT_TAKER;BOT_MAKER;HYDROGEL_PACK;XIRECS;9974.0;2
2800;BOT_MAKER;BOT_TAKER;VELVETFRUIT_EXTRACT;XIRECS;5262.0;3
2800;BOT_MAKER;BOT_TAKER;VEV_5500;XIRECS;6.0;2
2900;BOT_MAKER;BOT_TAKER;HYDROGEL_PACK;XIRECS;9954.0;2
3000;BOT_TAKER;BOT_MAKER;HYDROGEL_PACK;XIRECS;9970.0;4
3000;BOT_MAKER;BOT_TAKER;VELVETFRUIT_EXTRACT;XIRECS;5260.0;7
3100;BOT_MAKER;BOT_TAKER;HYDROGEL_PACK;XIRECS;9958.0;5
3200;BOT_TAKER;BOT_MAKER;HYDROGEL_PACK;XIRECS;9973.0;3
3200;BOT_TAKER;BOT_MAKER;VELVETFRUIT_EXTRACT;XIRECS;5264.0;7
3200;BOT_TAKER;BOT_MAKER;VEV_4000;XIRECS;1276.0;2
3200;BOT_TAKER;SUBMISSION;VEV_4000;XIRECS;1275.0;3
3300;BOT_MAKER;BOT_TAKER;VELVETFRUIT_EXTRACT;XIRECS;5259.0;13
3400;BOT_TAKER;BOT_MAKER;HYDROGEL_PACK;XIRECS;9967.0;3
3500;BOT_MAKER;BOT_TAKER;VELVETFRUIT_EXTRACT;XIRECS;5258.0;5
3500;BOT_TAKER;BOT_MAKER;VEV_4000;XIRECS;1274.0;3
3500;BOT_TAKER;BOT_MAKER;VEV_6000;XIRECS;1.0;2
3600;BOT_MAKER;BOT_TAKER;VEV_5400;XIRECS;16.0;5
3600;BOT_TAKER;BOT_MAKER;VEV_5500;XIRECS;7.0;4
3600;BOT_MAKER;BOT_TAKER;VEV_6000;XIRECS;0.0;5
3700;BOT_MAKER;BOT_TAKER;VELVETFRUIT_EXTRACT;XIRECS;5258.0;5
3700;BOT_MAKER;BOT_TAKER;VEV_6000;XIRECS;0.0;3
3800;BOT_MAKER;BOT_TAKER;VELVETFRUIT_EXTRACT;XIRECS;5258.0;8
3800;BOT_MAKER;BOT_TAKER;VELVETFRUIT_EXTRACT;XIRECS;5258.0;5
3900;BOT_MAKER;BOT_TAKER;VEV_6500;XIRECS;0.0;3
4000;BOT_MAKER;BOT_TAKER;HYDROGEL_PACK;XIRECS;9954.0;4
4100;BOT_TAKER;BOT_MAKER;VELVETFRUIT_EXTRACT;XIRECS;5262.0;8
4100;BOT_TAKER;BOT_MAKER;VEV_5500;XIRECS;7.0;4
4200;BOT_MAKER;BOT_TAKER;HYDROGEL_PACK;XIRECS;9956.0;2
4200;SUBMISSION;BOT_TAKER;VELVETFRUIT_EXTRACT;XIRECS;5260.0;5
4300;BOT_TAKER;BOT_MAKER;HYDROGEL_PACK;XIRECS;9973.0;5
4400;BOT_MAKER;BOT_TAKER;HYDROGEL_PACK;XIRECS;9958.0;2
4400;BOT_MAKER;BOT_TAKER;VEV_5400;XIRECS;16.0;2
4400;BOT_MAKER;BOT_TAKER;VEV_5500;XIRECS;6.0;3
4700;BOT_MAKER;BOT_TAKER;VELVETFRUIT_EXTRACT;XIRECS;5261.0;8
4700;SUBMISSION;BOT_TAKER;HYDROGEL_PACK;XIRECS;9960.0;2
4800;BOT_TAKER;BOT_MAKER;HYDROGEL_PACK;XIRECS;9972.0;2
4800;BOT_TAKER;BOT_MAKER;VELVETFRUIT_EXTRACT;XIRECS;5265.0;10
4900;BOT_TAKER;BOT_MAKER;HYDROGEL_PACK;XIRECS;9973.0;3
4900;BOT_MAKER;BOT_TAKER;VELVETFRUIT_EXTRACT;XIRECS;5259.0;8
4900;BOT_TAKER;BOT_MAKER;VEV_6000;XIRECS;1.0;2
4900;SUBMISSION;BOT_TAKER;HYDROGEL_PACK;XIRECS;9958.0;2
5000;BOT_TAKER;BOT_MAKER;VELVETFRUIT_EXTRACT;XIRECS;5265.0;6
5000;BOT_TAKER;BOT_MAKER;VEV_5500;XIRECS;7.0;5
5000;SUBMISSION;BOT_TAKER;VEV_4000;XIRECS;1258.0;2
5200;BOT_MAKER;BOT_TAKER;VEV_4000;XIRECS;1258.0;1
5200;SUBMISSION;BOT_TAKER;HYDROGEL_PACK;XIRECS;9951.0;2
5400;BOT_TAKER;BOT_MAKER;VELVETFRUIT_EXTRACT;XIRECS;5264.0;9
5500;BOT_TAKER;SUBMISSION;VELVETFRUIT_EXTRACT;XIRECS;5265.0;5
5600;BOT_MAKER;BOT_TAKER;VELVETFRUIT_EXTRACT;XIRECS;5261.0;5
5600;SUBMISSION;BOT_TAKER;VELVETFRUIT_EXTRACT;XIRECS;5262.0;5
5600;BOT_MAKER;BOT_TAKER;VELVETFRUIT_EXTRACT;XIRECS;5261.0;3
5700;BOT_MAKER;BOT_TAKER;VEV_5500;XIRECS;6.0;3
5800;BOT_MAKER;BOT_TAKER;VELVETFRUIT_EXTRACT;XIRECS;5263.0;5
5800;BOT_MAKER;BOT_TAKER;VEV_4000;XIRECS;1259.0;3
5800;SUBMISSION;BOT_TAKER;VELVETFRUIT_EXTRACT;XIRECS;5264.0;5
5800;BOT_MAKER;BOT_TAKER;VELVETFRUIT_EXTRACT;XIRECS;5263.0;1
5900;BOT_MAKER;BOT_TAKER;VELVETFRUIT_EXTRACT;XIRECS;5263.0;14
6000;BOT_MAKER;BOT_TAKER;VEV_5300;XIRECS;46.0;4
6100;BOT_TAKER;BOT_MAKER;HYDROGEL_PACK;XIRECS;9965.0;2
6100;BOT_TAKER;BOT_MAKER;VEV_4000;XIRECS;1283.0;1
6200;BOT_MAKER;BOT_TAKER;HYDROGEL_PACK;XIRECS;9948.0;6
6200;BOT_MAKER;BOT_TAKER;VELVETFRUIT_EXTRACT;XIRECS;5262.0;7
6300;BOT_TAKER;BOT_MAKER;VEV_6000;XIRECS;1.0;2
6400;BOT_MAKER;BOT_TAKER;VEV_6500;XIRECS;0.0;4
6500;SUBMISSION;BOT_TAKER;VEV_4000;XIRECS;1262.0;3
6600;BOT_TAKER;BOT_MAKER;VELVETFRUIT_EXTRACT;XIRECS;5268.0;12
6600;BOT_TAKER;BOT_MAKER;VEV_4000;XIRECS;1282.0;1
6800;BOT_TAKER;BOT_MAKER;VELVETFRUIT_EXTRACT;XIRECS;5268.0;6
6800;BOT_TAKER;BOT_MAKER;VEV_4000;XIRECS;1284.0;3
6800;BOT_MAKER;BOT_TAKER;VEV_4000;XIRECS;1262.0;1
6900;BOT_MAKER;BOT_TAKER;VELVETFRUIT_EXTRACT;XIRECS;5263.0;5
6900;BOT_TAKER;BOT_MAKER;VEV_5400;XIRECS;18.0;3
6900;BOT_TAKER;BOT_MAKER;VEV_5500;XIRECS;7.0;5
6900;BOT_MAKER;BOT_TAKER;VEV_6000;XIRECS;0.0;5
6900;BOT_MAKER;BOT_TAKER;VEV_6500;XIRECS;0.0;3
7200;BOT_TAKER;BOT_MAKER;VEV_4000;XIRECS;1284.0;1
7300;SUBMISSION;BOT_TAKER;HYDROGEL_PACK;XIRECS;9957.0;3
7400;BOT_MAKER;BOT_TAKER;VELVETFRUIT_EXTRACT;XIRECS;5261.0;8
7400;SUBMISSION;BOT_TAKER;VEV_4000;XIRECS;1263.0;3
7500;BOT_MAKER;BOT_TAKER;HYDROGEL_PACK;XIRECS;9958.0;5
7500;BOT_TAKER;BOT_MAKER;VEV_6500;XIRECS;1.0;5
7500;SUBMISSION;BOT_TAKER;VELVETFRUIT_EXTRACT;XIRECS;5262.0;5
7800;BOT_MAKER;BOT_TAKER;HYDROGEL_PACK;XIRECS;9954.0;3
7800;BOT_MAKER;BOT_TAKER;VEV_4000;XIRECS;1263.0;3
7900;BOT_TAKER;BOT_MAKER;HYDROGEL_PACK;XIRECS;9970.0;5
8100;BOT_TAKER;BOT_MAKER;HYDROGEL_PACK;XIRECS;9967.0;6
8300;BOT_TAKER;BOT_MAKER;HYDROGEL_PACK;XIRECS;9966.0;6
8400;BOT_MAKER;BOT_TAKER;HYDROGEL_PACK;XIRECS;9951.0;5
8400;BOT_TAKER;BOT_MAKER;VEV_5300;XIRECS;50.0;4
8500;BOT_TAKER;BOT_MAKER;HYDROGEL_PACK;XIRECS;9964.0;5
8500;BOT_TAKER;BOT_MAKER;VEV_6500;XIRECS;1.0;2
8600;BOT_MAKER;BOT_TAKER;VELVETFRUIT_EXTRACT;XIRECS;5259.0;3
8700;BOT_TAKER;BOT_MAKER;HYDROGEL_PACK;XIRECS;9960.0;6
8700;BOT_TAKER;BOT_MAKER;VEV_5500;XIRECS;7.0;5
8800;BOT_TAKER;BOT_MAKER;HYDROGEL_PACK;XIRECS;9959.0;5
8800;BOT_MAKER;BOT_TAKER;VELVETFRUIT_EXTRACT;XIRECS;5259.0;6
8800;BOT_MAKER;BOT_TAKER;VEV_4000;XIRECS;1258.0;2
8900;BOT_TAKER;BOT_MAKER;VELVETFRUIT_EXTRACT;XIRECS;5265.0;6
8900;BOT_TAKER;BOT_MAKER;VEV_4000;XIRECS;1280.0;3
8900;BOT_TAKER;BOT_MAKER;VEV_5500;XIRECS;7.0;3
8900;BOT_TAKER;BOT_MAKER;VEV_6500;XIRECS;1.0;4
9000;BOT_MAKER;BOT_TAKER;HYDROGEL_PACK;XIRECS;9944.0;2
9000;BOT_MAKER;BOT_TAKER;VEV_5200;XIRECS;92.0;5
9100;BOT_TAKER;BOT_MAKER;HYDROGEL_PACK;XIRECS;9959.0;6
9100;BOT_TAKER;BOT_MAKER;VEV_5300;XIRECS;51.0;5
9200;BOT_TAKER;BOT_MAKER;VELVETFRUIT_EXTRACT;XIRECS;5265.0;5
9300;BOT_TAKER;BOT_MAKER;HYDROGEL_PACK;XIRECS;9958.0;5
9300;BOT_TAKER;BOT_MAKER;VELVETFRUIT_EXTRACT;XIRECS;5265.0;5
9300;BOT_TAKER;BOT_MAKER;VEV_4000;XIRECS;1278.0;3
9400;SUBMISSION;BOT_TAKER;VELVETFRUIT_EXTRACT;XIRECS;5260.0;5
9400;BOT_MAKER;BOT_TAKER;VELVETFRUIT_EXTRACT;XIRECS;5259.0;3
9500;BOT_TAKER;BOT_MAKER;VEV_6000;XIRECS;1.0;4
9800;BOT_MAKER;BOT_TAKER;VEV_5400;XIRECS;19.0;4
9800;BOT_TAKER;SUBMISSION;VELVETFRUIT_EXTRACT;XIRECS;5264.0;4
9900;BOT_TAKER;BOT_MAKER;HYDROGEL_PACK;XIRECS;9967.0;3
10000;BOT_TAKER;BOT_MAKER;HYDROGEL_PACK;XIRECS;9967.0;2
10100;BOT_TAKER;SUBMISSION;VEV_4000;XIRECS;1276.0;2
10200;BOT_TAKER;BOT_MAKER;VEV_6500;XIRECS;1.0;4
10200;BOT_TAKER;SUBMISSION;HYDROGEL_PACK;XIRECS;9968.0;5
10200;BOT_TAKER;BOT_MAKER;HYDROGEL_PACK;XIRECS;9969.0;1
10300;BOT_TAKER;BOT_MAKER;VEV_4000;XIRECS;1277.0;2
10300;BOT_TAKER;SUBMISSION;HYDROGEL_PACK;XIRECS;9969.0;2
10400;BOT_TAKER;BOT_MAKER;VELVETFRUIT_EXTRACT;XIRECS;5266.0;7
10500;BOT_TAKER;BOT_MAKER;HYDROGEL_PACK;XIRECS;9969.0;4
10700;BOT_MAKER;BOT_TAKER;HYDROGEL_PACK;XIRECS;9950.0;4
10700;BOT_MAKER;BOT_TAKER;VELVETFRUIT_EXTRACT;XIRECS;5262.0;3
10700;BOT_MAKER;BOT_TAKER;VEV_5400;XIRECS;18.0;4
10700;SUBMISSION;BOT_TAKER;VELVETFRUIT_EXTRACT;XIRECS;5263.0;3
10900;BOT_TAKER;BOT_MAKER;VEV_5500;XIRECS;6.0;5
10900;BOT_MAKER;BOT_TAKER;VEV_5500;XIRECS;5.0;5
11000;BOT_MAKER;BOT_TAKER;VELVETFRUIT_EXTRACT;XIRECS;5263.0;8
11100;BOT_MAKER;BOT_TAKER;HYDROGEL_PACK;XIRECS;9951.0;5
11100;BOT_TAKER;BOT_MAKER;VELVETFRUIT_EXTRACT;XIRECS;5268.0;6
11200;BOT_TAKER;BOT_MAKER;HYDROGEL_PACK;XIRECS;9967.0;6
11200;BOT_MAKER;BOT_TAKER;VELVETFRUIT_EXTRACT;XIRECS;5262.0;3
11200;BOT_MAKER;BOT_TAKER;VEV_4000;XIRECS;1261.0;2
11200;BOT_TAKER;BOT_MAKER;VEV_6000;XIRECS;1.0;5
11300;BOT_MAKER;BOT_TAKER;HYDROGEL_PACK;XIRECS;9947.0;5
11300;BOT_TAKER;BOT_MAKER;VELVETFRUIT_EXTRACT;XIRECS;5267.0;7
11300;BOT_MAKER;BOT_TAKER;VEV_5500;XIRECS;5.0;4
11300;BOT_MAKER;BOT_TAKER;VEV_6500;XIRECS;0.0;4
11400;BOT_TAKER;BOT_MAKER;VELVETFRUIT_EXTRACT;XIRECS;5267.0;7
11400;BOT_MAKER;BOT_TAKER;VELVETFRUIT_EXTRACT;XIRECS;5261.0;6
11400;BOT_MAKER;BOT_TAKER;VEV_4000;XIRECS;1261.0;2
11400;BOT_TAKER;BOT_MAKER;VEV_5300;XIRECS;52.0;4
11400;BOT_TAKER;SUBMISSION;HYDROGEL_PACK;XIRECS;9962.0;5
11500;BOT_TAKER;BOT_MAKER;HYDROGEL_PACK;XIRECS;9966.0;6
11500;BOT_TAKER;BOT_MAKER;VELVETFRUIT_EXTRACT;XIRECS;5267.0;8
11600;BOT_MAKER;BOT_TAKER;VELVETFRUIT_EXTRACT;XIRECS;5262.0;3
11600;BOT_MAKER;BOT_TAKER;VEV_4000;XIRECS;1259.0;1
11700;BOT_TAKER;BOT_MAKER;HYDROGEL_PACK;XIRECS;9969.0;5
11800;BOT_TAKER;BOT_MAKER;VEV_6000;XIRECS;1.0;4
11900;BOT_MAKER;BOT_TAKER;HYDROGEL_PACK;XIRECS;9955.0;5
11900;SUBMISSION;BOT_TAKER;VELVETFRUIT_EXTRACT;XIRECS;5262.0;3
12000;BOT_MAKER;BOT_TAKER;VEV_6000;XIRECS;0.0;4
12000;BOT_TAKER;BOT_MAKER;VEV_6000;XIRECS;1.0;2
12000;SUBMISSION;BOT_TAKER;VELVETFRUIT_EXTRACT;XIRECS;5260.0;5
12000;BOT_MAKER;BOT_TAKER;VELVETFRUIT_EXTRACT;XIRECS;5259.0;2
12100;BOT_TAKER;BOT_MAKER;VELVETFRUIT_EXTRACT;XIRECS;5266.0;8
12100;BOT_TAKER;SUBMISSION;HYDROGEL_PACK;XIRECS;9972.0;5
12200;BOT_TAKER;BOT_MAKER;HYDROGEL_PACK;XIRECS;9976.0;2
12200;BOT_MAKER;BOT_TAKER;VELVETFRUIT_EXTRACT;XIRECS;5261.0;3
12300;SUBMISSION;BOT_TAKER;VELVETFRUIT_EXTRACT;XIRECS;5262.0;5
12400;BOT_TAKER;BOT_MAKER;HYDROGEL_PACK;XIRECS;9976.0;3
12500;BOT_MAKER;BOT_TAKER;VELVETFRUIT_EXTRACT;XIRECS;5259.0;5
12600;BOT_TAKER;BOT_MAKER;VEV_5400;XIRECS;17.0;3
12600;SUBMISSION;BOT_TAKER;HYDROGEL_PACK;XIRECS;9956.0;3
12800;BOT_TAKER;BOT_MAKER;HYDROGEL_PACK;XIRECS;9970.0;3
12800;BOT_TAKER;BOT_MAKER;VELVETFRUIT_EXTRACT;XIRECS;5265.0;5
12900;BOT_MAKER;BOT_TAKER;VELVETFRUIT_EXTRACT;XIRECS;5259.0;6
13000;BOT_MAKER;BOT_TAKER;HYDROGEL_PACK;XIRECS;9954.0;4
13000;BOT_MAKER;BOT_TAKER;VELVETFRUIT_EXTRACT;XIRECS;5258.0;8
13100;BOT_TAKER;BOT_MAKER;VEV_5300;XIRECS;48.0;5
13300;BOT_MAKER;BOT_TAKER;VEV_4000;XIRECS;1258.0;3
13400;BOT_MAKER;BOT_TAKER;HYDROGEL_PACK;XIRECS;9955.0;4
13400;BOT_TAKER;BOT_MAKER;VELVETFRUIT_EXTRACT;XIRECS;5266.0;8
13500;BOT_MAKER;BOT_TAKER;HYDROGEL_PACK;XIRECS;9958.0;5
13500;BOT_TAKER;BOT_MAKER;VELVETFRUIT_EXTRACT;XIRECS;5265.0;13
13500;BOT_MAKER;BOT_TAKER;VELVETFRUIT_EXTRACT;XIRECS;5260.0;3
13500;BOT_MAKER;BOT_TAKER;VEV_4000;XIRECS;1259.0;3
13500;BOT_MAKER;BOT_TAKER;VEV_6500;XIRECS;0.0;5
13600;BOT_MAKER;BOT_TAKER;VELVETFRUIT_EXTRACT;XIRECS;5261.0;4
13700;BOT_MAKER;BOT_TAKER;VELVETFRUIT_EXTRACT;XIRECS;5262.0;8
13800;BOT_TAKER;BOT_MAKER;VELVETFRUIT_EXTRACT;XIRECS;5267.0;4
13800;BOT_TAKER;BOT_MAKER;VEV_6500;XIRECS;1.0;5
13800;BOT_TAKER;SUBMISSION;VEV_4000;XIRECS;1278.0;1
14000;BOT_MAKER;BOT_TAKER;VELVETFRUIT_EXTRACT;XIRECS;5261.0;7
14100;BOT_MAKER;BOT_TAKER;HYDROGEL_PACK;XIRECS;9958.0;3
14100;BOT_TAKER;BOT_MAKER;VELVETFRUIT_EXTRACT;XIRECS;5266.0;6
14300;BOT_MAKER;BOT_TAKER;HYDROGEL_PACK;XIRECS;9963.0;3
14300;BOT_MAKER;BOT_TAKER;VELVETFRUIT_EXTRACT;XIRECS;5261.0;10
14300;BOT_TAKER;SUBMISSION;HYDROGEL_PACK;XIRECS;9978.0;4
14400;BOT_TAKER;BOT_MAKER;HYDROGEL_PACK;XIRECS;9979.0;2
14400;BOT_TAKER;BOT_MAKER;VELVETFRUIT_EXTRACT;XIRECS;5265.0;7
14500;BOT_MAKER;BOT_TAKER;VELVETFRUIT_EXTRACT;XIRECS;5262.0;4
14500;BOT_MAKER;BOT_TAKER;VEV_4000;XIRECS;1258.0;2
14500;BOT_MAKER;BOT_TAKER;VEV_5500;XIRECS;4.0;5
14600;BOT_MAKER;BOT_TAKER;HYDROGEL_PACK;XIRECS;9958.0;2
14600;BOT_MAKER;BOT_TAKER;VEV_6000;XIRECS;0.0;3
14800;BOT_MAKER;BOT_TAKER;VELVETFRUIT_EXTRACT;XIRECS;5260.0;5
14900;BOT_TAKER;BOT_MAKER;VELVETFRUIT_EXTRACT;XIRECS;5266.0;3
14900;BOT_MAKER;BOT_TAKER;VEV_5300;XIRECS;45.0;3
14900;SUBMISSION;BOT_TAKER;VELVETFRUIT_EXTRACT;XIRECS;5261.0;5
14900;BOT_MAKER;BOT_TAKER;VELVETFRUIT_EXTRACT;XIRECS;5260.0;6
15000;BOT_TAKER;BOT_MAKER;HYDROGEL_PACK;XIRECS;9969.0;5
15000;BOT_TAKER;SUBMISSION;VELVETFRUIT_EXTRACT;XIRECS;5263.0;5
15100;BOT_TAKER;BOT_MAKER;VELVETFRUIT_EXTRACT;XIRECS;5265.0;3
15200;BOT_TAKER;BOT_MAKER;HYDROGEL_PACK;XIRECS;9965.0;3
15200;BOT_TAKER;BOT_MAKER;VELVETFRUIT_EXTRACT;XIRECS;5265.0;9
15300;BOT_TAKER;SUBMISSION;VEV_4000;XIRECS;1276.0;2
15400;BOT_MAKER;BOT_TAKER;HYDROGEL_PACK;XIRECS;9945.0;3
15400;BOT_TAKER;SUBMISSION;HYDROGEL_PACK;XIRECS;9960.0;3
15500;BOT_MAKER;BOT_TAKER;VEV_6000;XIRECS;0.0;4
15600;BOT_TAKER;BOT_MAKER;VELVETFRUIT_EXTRACT;XIRECS;5261.0;6
15600;BOT_MAKER;BOT_TAKER;VEV_5500;XIRECS;4.0;3
15700;BOT_TAKER;BOT_MAKER;VELVETFRUIT_EXTRACT;XIRECS;5262.0;4
15700;BOT_TAKER;BOT_MAKER;VEV_5000;XIRECS;252.0;1
15700;BOT_TAKER;BOT_MAKER;VEV_6000;XIRECS;1.0;5
15700;SUBMISSION;BOT_TAKER;HYDROGEL_PACK;XIRECS;9945.0;5
15800;BOT_TAKER;BOT_MAKER;VELVETFRUIT_EXTRACT;XIRECS;5263.0;8
15800;BOT_MAKER;BOT_TAKER;VEV_6500;XIRECS;0.0;3
15900;BOT_MAKER;BOT_TAKER;VEV_6000;XIRECS;0.0;2
16000;BOT_TAKER;BOT_MAKER;VEV_6000;XIRECS;1.0;2
16000;BOT_TAKER;SUBMISSION;VEV_4000;XIRECS;1274.0;2
16100;SUBMISSION;BOT_TAKER;VELVETFRUIT_EXTRACT;XIRECS;5257.0;5
16100;BOT_MAKER;BOT_TAKER;VELVETFRUIT_EXTRACT;XIRECS;5256.0;3
16200;BOT_TAKER;BOT_MAKER;VELVETFRUIT_EXTRACT;XIRECS;5261.0;5
16200;BOT_TAKER;BOT_MAKER;VEV_6000;XIRECS;1.0;2
16300;BOT_MAKER;BOT_TAKER;HYDROGEL_PACK;XIRECS;9944.0;4
16300;BOT_MAKER;BOT_TAKER;VELVETFRUIT_EXTRACT;XIRECS;5255.0;4
16300;BOT_MAKER;BOT_TAKER;VEV_5400;XIRECS;16.0;2
16400;BOT_TAKER;BOT_MAKER;VELVETFRUIT_EXTRACT;XIRECS;5261.0;8
16400;BOT_TAKER;BOT_MAKER;VEV_5500;XIRECS;6.0;4
16500;BOT_TAKER;BOT_MAKER;VELVETFRUIT_EXTRACT;XIRECS;5260.0;5
16600;BOT_TAKER;BOT_MAKER;VEV_5500;XIRECS;6.0;5
16600;BOT_TAKER;SUBMISSION;VELVETFRUIT_EXTRACT;XIRECS;5258.0;5
16600;BOT_TAKER;BOT_MAKER;VELVETFRUIT_EXTRACT;XIRECS;5259.0;3
16700;BOT_MAKER;BOT_TAKER;HYDROGEL_PACK;XIRECS;9943.0;6
16800;BOT_TAKER;BOT_MAKER;VELVETFRUIT_EXTRACT;XIRECS;5260.0;6
16800;BOT_MAKER;BOT_TAKER;VEV_4000;XIRECS;1251.0;2
17000;BOT_MAKER;BOT_TAKER;VELVETFRUIT_EXTRACT;XIRECS;5254.0;4
17000;BOT_TAKER;BOT_MAKER;VEV_4000;XIRECS;1268.0;3
17200;BOT_MAKER;BOT_TAKER;VELVETFRUIT_EXTRACT;XIRECS;5254.0;5
17200;BOT_TAKER;BOT_MAKER;VEV_5400;XIRECS;18.0;5
17300;BOT_TAKER;BOT_MAKER;VELVETFRUIT_EXTRACT;XIRECS;5260.0;8
17300;SUBMISSION;BOT_TAKER;HYDROGEL_PACK;XIRECS;9949.0;3
17400;BOT_TAKER;BOT_MAKER;VEV_4000;XIRECS;1267.0;3
17400;SUBMISSION;BOT_TAKER;HYDROGEL_PACK;XIRECS;9947.0;5
17600;BOT_TAKER;BOT_MAKER;HYDROGEL_PACK;XIRECS;9962.0;3
17700;BOT_TAKER;BOT_MAKER;HYDROGEL_PACK;XIRECS;9963.0;6
17700;BOT_TAKER;BOT_MAKER;VELVETFRUIT_EXTRACT;XIRECS;5263.0;3
17700;BOT_TAKER;BOT_MAKER;VEV_4000;XIRECS;1270.0;3
17800;BOT_MAKER;BOT_TAKER;HYDROGEL_PACK;XIRECS;9946.0;3
17800;BOT_TAKER;BOT_MAKER;VEV_4000;XIRECS;1270.0;1
17800;BOT_MAKER;BOT_TAKER;VEV_5500;XIRECS;5.0;4
17900;BOT_MAKER;BOT_TAKER;VELVETFRUIT_EXTRACT;XIRECS;5258.0;6
18000;BOT_TAKER;BOT_MAKER;HYDROGEL_PACK;XIRECS;9966.0;5
18000;BOT_TAKER;BOT_MAKER;VELVETFRUIT_EXTRACT;XIRECS;5264.0;5
18100;BOT_TAKER;BOT_MAKER;VELVETFRUIT_EXTRACT;XIRECS;5264.0;4
18200;BOT_TAKER;BOT_MAKER;VELVETFRUIT_EXTRACT;XIRECS;5263.0;6
18200;BOT_MAKER;BOT_TAKER;VEV_4000;XIRECS;1249.0;2
18300;BOT_MAKER;BOT_TAKER;VELVETFRUIT_EXTRACT;XIRECS;5259.0;3
18300;SUBMISSION;BOT_TAKER;VELVETFRUIT_EXTRACT;XIRECS;5260.0;3
18400;BOT_MAKER;BOT_TAKER;VELVETFRUIT_EXTRACT;XIRECS;5257.0;4
18500;BOT_MAKER;BOT_TAKER;VEV_4000;XIRECS;1249.0;1
18500;BOT_MAKER;BOT_TAKER;VEV_5500;XIRECS;5.0;5
18600;BOT_TAKER;BOT_MAKER;VELVETFRUIT_EXTRACT;XIRECS;5260.0;9
18600;SUBMISSION;BOT_TAKER;VELVETFRUIT_EXTRACT;XIRECS;5256.0;5
18700;BOT_TAKER;BOT_MAKER;VELVETFRUIT_EXTRACT;XIRECS;5262.0;7
18800;BOT_MAKER;BOT_TAKER;HYDROGEL_PACK;XIRECS;9956.0;2
18800;BOT_TAKER;BOT_MAKER;VELVETFRUIT_EXTRACT;XIRECS;5261.0;4
18800;BOT_TAKER;BOT_MAKER;VEV_5400;XIRECS;19.0;4
19000;BOT_MAKER;BOT_TAKER;HYDROGEL_PACK;XIRECS;9955.0;4
19000;BOT_MAKER;BOT_TAKER;VEV_5500;XIRECS;5.0;5
19200;BOT_MAKER;BOT_TAKER;VELVETFRUIT_EXTRACT;XIRECS;5253.0;6
19200;BOT_TAKER;SUBMISSION;HYDROGEL_PACK;XIRECS;9968.0;3
19200;SUBMISSION;BOT_TAKER;VELVETFRUIT_EXTRACT;XIRECS;5254.0;5
19300;BOT_MAKER;BOT_TAKER;HYDROGEL_PACK;XIRECS;9952.0;2
19300;BOT_TAKER;BOT_MAKER;HYDROGEL_PACK;XIRECS;9968.0;4
19300;BOT_TAKER;BOT_MAKER;VEV_5400;XIRECS;19.0;3
19400;BOT_TAKER;SUBMISSION;VELVETFRUIT_EXTRACT;XIRECS;5258.0;5
19400;BOT_TAKER;SUBMISSION;VEV_4000;XIRECS;1264.0;1
19500;BOT_MAKER;BOT_TAKER;HYDROGEL_PACK;XIRECS;9950.0;4
19500;BOT_TAKER;BOT_MAKER;VELVETFRUIT_EXTRACT;XIRECS;5258.0;8
19500;BOT_MAKER;BOT_TAKER;VEV_4000;XIRECS;1242.0;2
19600;BOT_TAKER;BOT_MAKER;HYDROGEL_PACK;XIRECS;9968.0;5
19700;BOT_MAKER;BOT_TAKER;HYDROGEL_PACK;XIRECS;9953.0;5
19700;BOT_TAKER;BOT_MAKER;VELVETFRUIT_EXTRACT;XIRECS;5257.0;6
19700;BOT_TAKER;BOT_MAKER;VEV_5400;XIRECS;18.0;5
19800;BOT_MAKER;BOT_TAKER;HYDROGEL_PACK;XIRECS;9948.0;6
19800;BOT_TAKER;BOT_MAKER;VELVETFRUIT_EXTRACT;XIRECS;5255.0;9
19900;BOT_TAKER;BOT_MAKER;VELVETFRUIT_EXTRACT;XIRECS;5257.0;3
19900;BOT_TAKER;BOT_MAKER;VELVETFRUIT_EXTRACT;XIRECS;5257.0;8
20100;BOT_TAKER;BOT_MAKER;VEV_5500;XIRECS;7.0;4
20100;BOT_MAKER;BOT_TAKER;VEV_6000;XIRECS;0.0;2
20200;BOT_TAKER;SUBMISSION;VELVETFRUIT_EXTRACT;XIRECS;5253.0;4
20300;BOT_TAKER;BOT_MAKER;HYDROGEL_PACK;XIRECS;9964.0;4
20300;BOT_TAKER;BOT_MAKER;VELVETFRUIT_EXTRACT;XIRECS;5253.0;7
20400;BOT_MAKER;BOT_TAKER;HYDROGEL_PACK;XIRECS;9949.0;6
20500;BOT_TAKER;SUBMISSION;VELVETFRUIT_EXTRACT;XIRECS;5253.0;5
20500;BOT_TAKER;BOT_MAKER;VELVETFRUIT_EXTRACT;XIRECS;5254.0;3
20600;BOT_TAKER;BOT_MAKER;HYDROGEL_PACK;XIRECS;9963.0;2
20600;BOT_TAKER;BOT_MAKER;VEV_4000;XIRECS;1259.0;1
20600;BOT_TAKER;BOT_MAKER;VEV_5500;XIRECS;6.0;3
20900;BOT_TAKER;BOT_MAKER;VEV_4000;XIRECS;1260.0;1
21000;BOT_MAKER;BOT_TAKER;HYDROGEL_PACK;XIRECS;9946.0;4
21000;BOT_MAKER;BOT_TAKER;VELVETFRUIT_EXTRACT;XIRECS;5249.0;7
21100;BOT_TAKER;BOT_MAKER;HYDROGEL_PACK;XIRECS;9962.0;5
21200;BOT_MAKER;BOT_TAKER;VELVETFRUIT_EXTRACT;XIRECS;5248.0;8
21200;BOT_TAKER;BOT_MAKER;VEV_6500;XIRECS;1.0;5
21300;BOT_TAKER;BOT_MAKER;HYDROGEL_PACK;XIRECS;9965.0;6
21300;BOT_MAKER;BOT_TAKER;VEV_4000;XIRECS;1240.0;2
21400;BOT_MAKER;BOT_TAKER;HYDROGEL_PACK;XIRECS;9947.0;4
21400;BOT_TAKER;BOT_MAKER;VEV_5500;XIRECS;6.0;4
21600;BOT_MAKER;BOT_TAKER;VELVETFRUIT_EXTRACT;XIRECS;5250.0;5
21600;BOT_MAKER;BOT_TAKER;VEV_5300;XIRECS;44.0;3
21600;BOT_TAKER;SUBMISSION;VELVETFRUIT_EXTRACT;XIRECS;5254.0;5
21600;BOT_TAKER;BOT_MAKER;VELVETFRUIT_EXTRACT;XIRECS;5255.0;3
21700;BOT_TAKER;BOT_MAKER;VEV_4000;XIRECS;1262.0;1
21700;BOT_MAKER;BOT_TAKER;VEV_5500;XIRECS;5.0;2
21800;BOT_MAKER;BOT_TAKER;HYDROGEL_PACK;XIRECS;9948.0;6
21800;BOT_TAKER;BOT_MAKER;HYDROGEL_PACK;XIRECS;9964.0;4
21800;BOT_MAKER;BOT_TAKER;VELVETFRUIT_EXTRACT;XIRECS;5251.0;10
21900;BOT_TAKER;BOT_MAKER;HYDROGEL_PACK;XIRECS;9965.0;5
21900;BOT_MAKER;BOT_TAKER;VELVETFRUIT_EXTRACT;XIRECS;5249.0;8
21900;BOT_TAKER;BOT_MAKER;VEV_5300;XIRECS;45.0;2
22000;BOT_TAKER;BOT_MAKER;VELVETFRUIT_EXTRACT;XIRECS;5253.0;3
22000;BOT_MAKER;BOT_TAKER;VEV_4000;XIRECS;1243.0;3
22100;BOT_TAKER;BOT_MAKER;VEV_6000;XIRECS;1.0;2
22200;BOT_MAKER;BOT_TAKER;HYDROGEL_PACK;XIRECS;9948.0;2
22200;BOT_TAKER;SUBMISSION;HYDROGEL_PACK;XIRECS;9963.0;5
22200;BOT_TAKER;BOT_MAKER;HYDROGEL_PACK;XIRECS;9964.0;1
22400;BOT_TAKER;BOT_MAKER;VELVETFRUIT_EXTRACT;XIRECS;5253.0;12
22400;SUBMISSION;BOT_TAKER;HYDROGEL_PACK;XIRECS;9946.0;2
22600;BOT_MAKER;BOT_TAKER;VELVETFRUIT_EXTRACT;XIRECS;5249.0;8
22600;BOT_TAKER;BOT_MAKER;VEV_6000;XIRECS;1.0;2
22800;BOT_MAKER;BOT_TAKER;HYDROGEL_PACK;XIRECS;9953.0;4
22800;BOT_TAKER;BOT_MAKER;VEV_6500;XIRECS;1.0;4
22900;BOT_TAKER;BOT_MAKER;HYDROGEL_PACK;XIRECS;9967.0;5
22900;BOT_TAKER;BOT_MAKER;VEV_6500;XIRECS;1.0;2
23000;BOT_MAKER;BOT_TAKER;VELVETFRUIT_EXTRACT;XIRECS;5250.0;7
23000;BOT_TAKER;BOT_MAKER;VEV_4000;XIRECS;1265.0;2
23000;BOT_MAKER;BOT_TAKER;VEV_5400;XIRECS;18.0;3
23100;BOT_MAKER;BOT_TAKER;HYDROGEL_PACK;XIRECS;9955.0;3
23100;BOT_MAKER;BOT_TAKER;VELVETFRUIT_EXTRACT;XIRECS;5251.0;6
23100;BOT_TAKER;BOT_MAKER;VEV_4000;XIRECS;1264.0;3
23300;BOT_MAKER;BOT_TAKER;HYDROGEL_PACK;XIRECS;9951.0;4
23300;BOT_MAKER;BOT_TAKER;VEV_5400;XIRECS;17.0;5
23400;BOT_MAKER;BOT_TAKER;HYDROGEL_PACK;XIRECS;9948.0;2
23400;BOT_MAKER;BOT_TAKER;VEV_6500;XIRECS;0.0;3
23500;BOT_TAKER;BOT_MAKER;HYDROGEL_PACK;XIRECS;9966.0;3
23500;BOT_TAKER;BOT_MAKER;VELVETFRUIT_EXTRACT;XIRECS;5257.0;6
23600;BOT_MAKER;BOT_TAKER;VEV_4000;XIRECS;1245.0;1
23700;BOT_TAKER;BOT_MAKER;VELVETFRUIT_EXTRACT;XIRECS;5257.0;7
23700;BOT_TAKER;BOT_MAKER;VEV_4000;XIRECS;1266.0;1
23800;BOT_MAKER;BOT_TAKER;HYDROGEL_PACK;XIRECS;9950.0;2
23800;BOT_TAKER;BOT_MAKER;VELVETFRUIT_EXTRACT;XIRECS;5257.0;4
23900;BOT_TAKER;BOT_MAKER;HYDROGEL_PACK;XIRECS;9967.0;5
23900;SUBMISSION;BOT_TAKER;VELVETFRUIT_EXTRACT;XIRECS;5252.0;5
23900;BOT_TAKER;SUBMISSION;VEV_4000;XIRECS;1266.0;2
24000;BOT_MAKER;BOT_TAKER;VELVETFRUIT_EXTRACT;XIRECS;5250.0;6
24000;BOT_MAKER;BOT_TAKER;VEV_4000;XIRECS;1246.0;2
24000;BOT_TAKER;SUBMISSION;HYDROGEL_PACK;XIRECS;9967.0;3
24200;BOT_TAKER;BOT_MAKER;VELVETFRUIT_EXTRACT;XIRECS;5258.0;6
24300;BOT_MAKER;BOT_TAKER;HYDROGEL_PACK;XIRECS;9955.0;4
24300;BOT_TAKER;BOT_MAKER;VEV_5300;XIRECS;46.0;2
24300;BOT_MAKER;BOT_TAKER;VEV_5400;XIRECS;17.0;3
24600;BOT_MAKER;BOT_TAKER;VELVETFRUIT_EXTRACT;XIRECS;5252.0;4
24600;BOT_MAKER;BOT_TAKER;VEV_4000;XIRECS;1243.0;3
24800;BOT_TAKER;BOT_MAKER;VELVETFRUIT_EXTRACT;XIRECS;5259.0;12
24800;BOT_TAKER;SUBMISSION;HYDROGEL_PACK;XIRECS;9975.0;5
24800;BOT_TAKER;BOT_MAKER;HYDROGEL_PACK;XIRECS;9976.0;1
24900;BOT_MAKER;BOT_TAKER;HYDROGEL_PACK;XIRECS;9958.0;5
24900;BOT_TAKER;BOT_MAKER;VEV_6000;XIRECS;1.0;2
24900;BOT_TAKER;SUBMISSION;HYDROGEL_PACK;XIRECS;9973.0;2
25000;BOT_TAKER;SUBMISSION;VELVETFRUIT_EXTRACT;XIRECS;5259.0;5
25000;BOT_TAKER;BOT_MAKER;VELVETFRUIT_EXTRACT;XIRECS;5260.0;5
25100;BOT_TAKER;BOT_MAKER;VELVETFRUIT_EXTRACT;XIRECS;5261.0;8
25200;BOT_TAKER;BOT_MAKER;VELVETFRUIT_EXTRACT;XIRECS;5261.0;5
25300;BOT_TAKER;BOT_MAKER;VELVETFRUIT_EXTRACT;XIRECS;5263.0;3
25400;BOT_MAKER;BOT_TAKER;HYDROGEL_PACK;XIRECS;9952.0;6
25400;BOT_TAKER;BOT_MAKER;VEV_4000;XIRECS;1261.0;2
25600;BOT_TAKER;BOT_MAKER;HYDROGEL_PACK;XIRECS;9971.0;5
25600;BOT_TAKER;BOT_MAKER;VELVETFRUIT_EXTRACT;XIRECS;5264.0;7
25800;BOT_MAKER;BOT_TAKER;VELVETFRUIT_EXTRACT;XIRECS;5256.0;5
25900;BOT_TAKER;BOT_MAKER;VELVETFRUIT_EXTRACT;XIRECS;5261.0;8
26100;BOT_TAKER;BOT_MAKER;VELVETFRUIT_EXTRACT;XIRECS;5258.0;6
26100;BOT_MAKER;BOT_TAKER;VEV_4000;XIRECS;1238.0;2
26100;BOT_TAKER;BOT_MAKER;VEV_5300;XIRECS;48.0;2
26200;BOT_MAKER;BOT_TAKER;VELVETFRUIT_EXTRACT;XIRECS;5255.0;6
26300;BOT_MAKER;BOT_TAKER;VELVETFRUIT_EXTRACT;XIRECS;5253.0;6
26400;BOT_TAKER;BOT_MAKER;VELVETFRUIT_EXTRACT;XIRECS;5258.0;3
26400;BOT_TAKER;BOT_MAKER;VEV_6500;XIRECS;1.0;2
26500;BOT_TAKER;BOT_MAKER;VEV_4000;XIRECS;1258.0;2
26500;SUBMISSION;BOT_TAKER;VELVETFRUIT_EXTRACT;XIRECS;5251.0;5
26500;BOT_MAKER;BOT_TAKER;VELVETFRUIT_EXTRACT;XIRECS;5250.0;3
26600;BOT_MAKER;BOT_TAKER;VEV_4000;XIRECS;1237.0;1
26600;BOT_MAKER;BOT_TAKER;VEV_6000;XIRECS;0.0;4
26700;BOT_TAKER;BOT_MAKER;VELVETFRUIT_EXTRACT;XIRECS;5254.0;5
26700;BOT_TAKER;BOT_MAKER;VEV_5300;XIRECS;50.0;4
26700;BOT_TAKER;SUBMISSION;HYDROGEL_PACK;XIRECS;9970.0;2
26800;BOT_TAKER;BOT_MAKER;VELVETFRUIT_EXTRACT;XIRECS;5254.0;3
26900;BOT_TAKER;BOT_MAKER;VELVETFRUIT_EXTRACT;XIRECS;5256.0;7
27000;BOT_MAKER;BOT_TAKER;VELVETFRUIT_EXTRACT;XIRECS;5250.0;8
27000;BOT_TAKER;BOT_MAKER;VELVETFRUIT_EXTRACT;XIRECS;5256.0;5
27000;BOT_TAKER;BOT_MAKER;VEV_4000;XIRECS;1259.0;1
27100;BOT_MAKER;BOT_TAKER;VELVETFRUIT_EXTRACT;XIRECS;5251.0;3
27100;BOT_TAKER;BOT_MAKER;VEV_5500;XIRECS;6.0;4
27400;BOT_TAKER;BOT_MAKER;VELVETFRUIT_EXTRACT;XIRECS;5259.0;6
27400;BOT_MAKER;BOT_TAKER;VEV_6500;XIRECS;0.0;3
27500;BOT_MAKER;BOT_TAKER;HYDROGEL_PACK;XIRECS;9961.0;4
27500;BOT_TAKER;BOT_MAKER;VEV_4000;XIRECS;1258.0;3
27600;BOT_TAKER;BOT_MAKER;VELVETFRUIT_EXTRACT;XIRECS;5261.0;8
27800;BOT_TAKER;BOT_MAKER;HYDROGEL_PACK;XIRECS;9976.0;6
27900;BOT_TAKER;BOT_MAKER;HYDROGEL_PACK;XIRECS;9972.0;5
28000;BOT_TAKER;BOT_MAKER;VELVETFRUIT_EXTRACT;XIRECS;5266.0;7
28000;BOT_TAKER;BOT_MAKER;VEV_5400;XIRECS;19.0;2
28000;SUBMISSION;BOT_TAKER;VELVETFRUIT_EXTRACT;XIRECS;5262.0;5
28300;BOT_TAKER;BOT_MAKER;VEV_6000;XIRECS;1.0;3
28400;BOT_TAKER;BOT_MAKER;HYDROGEL_PACK;XIRECS;9973.0;6
28600;BOT_MAKER;BOT_TAKER;VEV_5200;XIRECS;78.0;2
28700;BOT_MAKER;BOT_TAKER;VEV_5300;XIRECS;47.0;5
28800;BOT_MAKER;BOT_TAKER;VEV_5500;XIRECS;5.0;5
28900;SUBMISSION;BOT_TAKER;VELVETFRUIT_EXTRACT;XIRECS;5256.0;5
28900;BOT_MAKER;BOT_TAKER;VELVETFRUIT_EXTRACT;XIRECS;5255.0;2
29000;BOT_TAKER;BOT_MAKER;HYDROGEL_PACK;XIRECS;9967.0;4
29200;BOT_TAKER;BOT_MAKER;VELVETFRUIT_EXTRACT;XIRECS;5260.0;7
29200;BOT_TAKER;BOT_MAKER;VEV_5400;XIRECS;19.0;4
29200;BOT_TAKER;BOT_MAKER;VEV_6000;XIRECS;1.0;3
29300;BOT_MAKER;BOT_TAKER;VELVETFRUIT_EXTRACT;XIRECS;5257.0;8
29400;BOT_TAKER;BOT_MAKER;VEV_5300;XIRECS;49.0;3
29400;BOT_MAKER;BOT_TAKER;VEV_5400;XIRECS;18.0;4
29500;BOT_MAKER;BOT_TAKER;VELVETFRUIT_EXTRACT;XIRECS;5256.0;6
29600;BOT_TAKER;BOT_MAKER;VEV_5500;XIRECS;6.0;4
29700;BOT_MAKER;BOT_TAKER;HYDROGEL_PACK;XIRECS;9955.0;6
29800;BOT_MAKER;BOT_TAKER;HYDROGEL_PACK;XIRECS;9954.0;4
29800;BOT_TAKER;BOT_MAKER;VELVETFRUIT_EXTRACT;XIRECS;5260.0;8
29900;BOT_TAKER;BOT_MAKER;VELVETFRUIT_EXTRACT;XIRECS;5259.0;5
30000;BOT_TAKER;BOT_MAKER;VELVETFRUIT_EXTRACT;XIRECS;5258.0;5
30100;BOT_TAKER;SUBMISSION;VEV_4000;XIRECS;1249.0;3
30200;BOT_TAKER;BOT_MAKER;VEV_6500;XIRECS;1.0;2
30300;BOT_TAKER;BOT_MAKER;HYDROGEL_PACK;XIRECS;9960.0;5
30300;BOT_MAKER;BOT_TAKER;HYDROGEL_PACK;XIRECS;9944.0;5
30300;BOT_MAKER;BOT_TAKER;VELVETFRUIT_EXTRACT;XIRECS;5254.0;8
30300;BOT_TAKER;SUBMISSION;VELVETFRUIT_EXTRACT;XIRECS;5259.0;5
30300;BOT_TAKER;BOT_MAKER;VELVETFRUIT_EXTRACT;XIRECS;5260.0;1
30400;BOT_MAKER;BOT_TAKER;HYDROGEL_PACK;XIRECS;9945.0;4
30400;BOT_MAKER;BOT_TAKER;VEV_5500;XIRECS;4.0;3
30400;BOT_MAKER;BOT_TAKER;VEV_6500;XIRECS;0.0;5
30500;BOT_TAKER;BOT_MAKER;VELVETFRUIT_EXTRACT;XIRECS;5257.0;6
30500;BOT_MAKER;BOT_TAKER;VEV_4000;XIRECS;1230.0;1
30700;BOT_MAKER;BOT_TAKER;HYDROGEL_PACK;XIRECS;9946.0;2
30700;BOT_MAKER;BOT_TAKER;VEV_4000;XIRECS;1231.0;1
30700;SUBMISSION;BOT_TAKER;VELVETFRUIT_EXTRACT;XIRECS;5253.0;5
30700;BOT_MAKER;BOT_TAKER;VELVETFRUIT_EXTRACT;XIRECS;5252.0;3
30800;BOT_TAKER;SUBMISSION;VELVETFRUIT_EXTRACT;XIRECS;5255.0;4
30900;BOT_MAKER;BOT_TAKER;HYDROGEL_PACK;XIRECS;9943.0;5
30900;BOT_TAKER;BOT_MAKER;VEV_6000;XIRECS;1.0;4
31000;BOT_MAKER;BOT_TAKER;VEV_4000;XIRECS;1228.0;1
31100;BOT_MAKER;BOT_TAKER;HYDROGEL_PACK;XIRECS;9938.0;2
31100;BOT_TAKER;BOT_MAKER;VELVETFRUIT_EXTRACT;XIRECS;5253.0;8
31100;BOT_TAKER;BOT_MAKER;VEV_6000;XIRECS;1.0;2
31200;BOT_TAKER;BOT_MAKER;HYDROGEL_PACK;XIRECS;9953.0;4
31300;BOT_TAKER;BOT_MAKER;VEV_4000;XIRECS;1251.0;3
31400;BOT_TAKER;BOT_MAKER;VELVETFRUIT_EXTRACT;XIRECS;5256.0;3
31500;BOT_MAKER;BOT_TAKER;VEV_6000;XIRECS;0.0;2
31700;BOT_TAKER;BOT_MAKER;HYDROGEL_PACK;XIRECS;9947.0;6
31800;BOT_MAKER;BOT_TAKER;VELVETFRUIT_EXTRACT;XIRECS;5254.0;7
31900;BOT_MAKER;BOT_TAKER;HYDROGEL_PACK;XIRECS;9928.0;6
31900;BOT_TAKER;BOT_MAKER;VEV_6500;XIRECS;1.0;5
32000;BOT_MAKER;BOT_TAKER;HYDROGEL_PACK;XIRECS;9927.0;5
32000;BOT_MAKER;BOT_TAKER;VELVETFRUIT_EXTRACT;XIRECS;5251.0;8
32200;BOT_TAKER;BOT_MAKER;VELVETFRUIT_EXTRACT;XIRECS;5257.0;3
32200;BOT_TAKER;BOT_MAKER;VEV_4000;XIRECS;1252.0;1
32400;BOT_TAKER;BOT_MAKER;VELVETFRUIT_EXTRACT;XIRECS;5258.0;4
32400;SUBMISSION;BOT_TAKER;VELVETFRUIT_EXTRACT;XIRECS;5254.0;5
32400;BOT_MAKER;BOT_TAKER;VELVETFRUIT_EXTRACT;XIRECS;5253.0;3
32500;SUBMISSION;BOT_TAKER;VELVETFRUIT_EXTRACT;XIRECS;5253.0;5
32500;BOT_MAKER;BOT_TAKER;VELVETFRUIT_EXTRACT;XIRECS;5252.0;1
32600;BOT_TAKER;BOT_MAKER;VELVETFRUIT_EXTRACT;XIRECS;5256.0;3
32600;BOT_TAKER;BOT_MAKER;VEV_6000;XIRECS;1.0;5
32700;BOT_TAKER;BOT_MAKER;HYDROGEL_PACK;XIRECS;9942.0;3
32700;BOT_TAKER;BOT_MAKER;VELVETFRUIT_EXTRACT;XIRECS;5257.0;4
32700;BOT_TAKER;BOT_MAKER;VELVETFRUIT_EXTRACT;XIRECS;5257.0;5
32700;BOT_TAKER;BOT_MAKER;VEV_5400;XIRECS;19.0;2
32700;BOT_TAKER;BOT_MAKER;VEV_6000;XIRECS;1.0;2
32800;BOT_TAKER;BOT_MAKER;HYDROGEL_PACK;XIRECS;9947.0;5
32800;BOT_MAKER;BOT_TAKER;VELVETFRUIT_EXTRACT;XIRECS;5250.0;5
33100;BOT_TAKER;BOT_MAKER;VELVETFRUIT_EXTRACT;XIRECS;5254.0;7
33300;BOT_MAKER;BOT_TAKER;VEV_6500;XIRECS;0.0;2
33400;BOT_TAKER;BOT_MAKER;VELVETFRUIT_EXTRACT;XIRECS;5256.0;8
33500;BOT_TAKER;BOT_MAKER;VEV_5500;XIRECS;6.0;2
33600;BOT_MAKER;BOT_TAKER;HYDROGEL_PACK;XIRECS;9936.0;3
33600;BOT_TAKER;BOT_MAKER;VELVETFRUIT_EXTRACT;XIRECS;5255.0;8
33700;BOT_MAKER;BOT_TAKER;VELVETFRUIT_EXTRACT;XIRECS;5250.0;6
33700;BOT_TAKER;BOT_MAKER;VEV_4000;XIRECS;1243.0;3
33700;BOT_MAKER;BOT_TAKER;VEV_6500;XIRECS;0.0;2
33800;BOT_MAKER;BOT_TAKER;VELVETFRUIT_EXTRACT;XIRECS;5251.0;8
33800;BOT_TAKER;BOT_MAKER;VEV_6000;XIRECS;1.0;5
33900;BOT_TAKER;BOT_MAKER;VELVETFRUIT_EXTRACT;XIRECS;5257.0;5
34000;BOT_MAKER;BOT_TAKER;VELVETFRUIT_EXTRACT;XIRECS;5250.0;8
34000;BOT_TAKER;BOT_MAKER;VEV_6000;XIRECS;1.0;3
34000;BOT_TAKER;SUBMISSION;VELVETFRUIT_EXTRACT;XIRECS;5254.0;5
34000;BOT_TAKER;BOT_MAKER;VELVETFRUIT_EXTRACT;XIRECS;5255.0;1
34100;BOT_MAKER;BOT_TAKER;VELVETFRUIT_EXTRACT;XIRECS;5250.0;4
34100;BOT_MAKER;BOT_TAKER;VEV_4000;XIRECS;1224.0;3
34300;BOT_MAKER;BOT_TAKER;VELVETFRUIT_EXTRACT;XIRECS;5247.0;6
34500;BOT_TAKER;BOT_MAKER;HYDROGEL_PACK;XIRECS;9944.0;5
34600;BOT_MAKER;BOT_TAKER;HYDROGEL_PACK;XIRECS;9927.0;6
34600;BOT_TAKER;BOT_MAKER;VEV_5500;XIRECS;6.0;2
34600;BOT_MAKER;BOT_TAKER;VEV_6000;XIRECS;0.0;4
34600;SUBMISSION;BOT_TAKER;HYDROGEL_PACK;XIRECS;9928.0;5
34700;BOT_TAKER;BOT_MAKER;HYDROGEL_PACK;XIRECS;9943.0;2
34700;BOT_TAKER;BOT_MAKER;VELVETFRUIT_EXTRACT;XIRECS;5254.0;9
34900;BOT_TAKER;BOT_MAKER;HYDROGEL_PACK;XIRECS;9939.0;6
35000;BOT_MAKER;BOT_TAKER;VELVETFRUIT_EXTRACT;XIRECS;5252.0;3
35000;BOT_TAKER;BOT_MAKER;VEV_4000;XIRECS;1246.0;1
35100;BOT_MAKER;BOT_TAKER;HYDROGEL_PACK;XIRECS;9921.0;6
35100;BOT_MAKER;BOT_TAKER;VELVETFRUIT_EXTRACT;XIRECS;5252.0;9
35100;BOT_TAKER;BOT_MAKER;VEV_6500;XIRECS;1.0;5
35200;BOT_TAKER;BOT_MAKER;HYDROGEL_PACK;XIRECS;9939.0;2
35200;BOT_TAKER;BOT_MAKER;VELVETFRUIT_EXTRACT;XIRECS;5255.0;5
35300;BOT_MAKER;BOT_TAKER;VELVETFRUIT_EXTRACT;XIRECS;5249.0;12
35300;BOT_TAKER;BOT_MAKER;VEV_6000;XIRECS;1.0;2
35400;SUBMISSION;BOT_TAKER;VELVETFRUIT_EXTRACT;XIRECS;5250.0;4
35600;BOT_TAKER;BOT_MAKER;VELVETFRUIT_EXTRACT;XIRECS;5257.0;8
35600;BOT_MAKER;BOT_TAKER;VEV_4000;XIRECS;1227.0;1
35700;BOT_TAKER;BOT_MAKER;HYDROGEL_PACK;XIRECS;9932.0;5
35800;BOT_MAKER;BOT_TAKER;HYDROGEL_PACK;XIRECS;9916.0;4
35800;BOT_TAKER;BOT_MAKER;VEV_4000;XIRECS;1251.0;2
35900;BOT_TAKER;BOT_MAKER;HYDROGEL_PACK;XIRECS;9932.0;3
36000;BOT_TAKER;BOT_MAKER;VELVETFRUIT_EXTRACT;XIRECS;5254.0;9
36000;BOT_MAKER;BOT_TAKER;VELVETFRUIT_EXTRACT;XIRECS;5249.0;5
36000;SUBMISSION;BOT_TAKER;VELVETFRUIT_EXTRACT;XIRECS;5250.0;5
36000;BOT_MAKER;BOT_TAKER;VELVETFRUIT_EXTRACT;XIRECS;5249.0;6
36100;BOT_TAKER;BOT_MAKER;HYDROGEL_PACK;XIRECS;9928.0;3
36100;BOT_TAKER;BOT_MAKER;VELVETFRUIT_EXTRACT;XIRECS;5254.0;6
36100;SUBMISSION;BOT_TAKER;VEV_4000;XIRECS;1229.0;1
36200;BOT_MAKER;BOT_TAKER;HYDROGEL_PACK;XIRECS;9911.0;5
36200;BOT_TAKER;BOT_MAKER;VEV_5400;XIRECS;20.0;4
36300;BOT_TAKER;BOT_MAKER;VEV_5500;XIRECS;6.0;3
36300;SUBMISSION;BOT_TAKER;VEV_4000;XIRECS;1230.0;1
36400;BOT_TAKER;BOT_MAKER;VELVETFRUIT_EXTRACT;XIRECS;5254.0;6
36400;BOT_TAKER;SUBMISSION;VELVETFRUIT_EXTRACT;XIRECS;5253.0;5
36400;BOT_TAKER;BOT_MAKER;VELVETFRUIT_EXTRACT;XIRECS;5254.0;2
36500;BOT_MAKER;BOT_TAKER;HYDROGEL_PACK;XIRECS;9910.0;4
36600;BOT_TAKER;BOT_MAKER;VELVETFRUIT_EXTRACT;XIRECS;5252.0;6
36700;BOT_MAKER;BOT_TAKER;VEV_5400;XIRECS;17.0;4
36700;SUBMISSION;BOT_TAKER;VELVETFRUIT_EXTRACT;XIRECS;5247.0;3
36800;BOT_MAKER;BOT_TAKER;VELVETFRUIT_EXTRACT;XIRECS;5247.0;5
37000;BOT_TAKER;BOT_MAKER;HYDROGEL_PACK;XIRECS;9926.0;6
37100;BOT_TAKER;BOT_MAKER;HYDROGEL_PACK;XIRECS;9928.0;3
37100;BOT_MAKER;BOT_TAKER;VELVETFRUIT_EXTRACT;XIRECS;5248.0;8
37200;BOT_MAKER;BOT_TAKER;VELVETFRUIT_EXTRACT;XIRECS;5247.0;5
37200;BOT_MAKER;BOT_TAKER;VEV_5400;XIRECS;17.0;2
37300;BOT_TAKER;BOT_MAKER;VELVETFRUIT_EXTRACT;XIRECS;5253.0;7
37600;BOT_TAKER;BOT_MAKER;VEV_4000;XIRECS;1250.0;2
37700;BOT_TAKER;BOT_MAKER;HYDROGEL_PACK;XIRECS;9927.0;2
37700;BOT_MAKER;BOT_TAKER;VELVETFRUIT_EXTRACT;XIRECS;5248.0;8
37900;BOT_TAKER;BOT_MAKER;VEV_6000;XIRECS;1.0;5
38000;BOT_MAKER;BOT_TAKER;HYDROGEL_PACK;XIRECS;9911.0;4
38000;BOT_MAKER;BOT_TAKER;VELVETFRUIT_EXTRACT;XIRECS;5246.0;8
38000;BOT_MAKER;BOT_TAKER;VEV_5200;XIRECS;70.0;2
38100;BOT_MAKER;BOT_TAKER;HYDROGEL_PACK;XIRECS;9914.0;5
38100;BOT_TAKER;BOT_MAKER;VEV_5400;XIRECS;19.0;2
38100;SUBMISSION;BOT_TAKER;HYDROGEL_PACK;XIRECS;9915.0;5
38200;BOT_TAKER;BOT_MAKER;VEV_6000;XIRECS;1.0;4
38300;BOT_MAKER;BOT_TAKER;HYDROGEL_PACK;XIRECS;9913.0;3
38400;BOT_TAKER;BOT_MAKER;HYDROGEL_PACK;XIRECS;9926.0;3
38400;BOT_MAKER;BOT_TAKER;HYDROGEL_PACK;XIRECS;9910.0;5
38400;BOT_TAKER;BOT_MAKER;VELVETFRUIT_EXTRACT;XIRECS;5254.0;5
38400;BOT_MAKER;BOT_TAKER;VELVETFRUIT_EXTRACT;XIRECS;5249.0;3
38500;BOT_MAKER;BOT_TAKER;VELVETFRUIT_EXTRACT;XIRECS;5250.0;6
38500;BOT_MAKER;BOT_TAKER;VEV_6500;XIRECS;0.0;4
38600;BOT_MAKER;BOT_TAKER;HYDROGEL_PACK;XIRECS;9906.0;5
38600;BOT_MAKER;BOT_TAKER;HYDROGEL_PACK;XIRECS;9906.0;6
38600;BOT_MAKER;BOT_TAKER;VELVETFRUIT_EXTRACT;XIRECS;5250.0;7
38700;BOT_MAKER;BOT_TAKER;VELVETFRUIT_EXTRACT;XIRECS;5250.0;8
38700;SUBMISSION;BOT_TAKER;HYDROGEL_PACK;XIRECS;9906.0;3
38800;BOT_TAKER;SUBMISSION;HYDROGEL_PACK;XIRECS;9919.0;5
38800;SUBMISSION;BOT_TAKER;VELVETFRUIT_EXTRACT;XIRECS;5250.0;5
38900;BOT_MAKER;BOT_TAKER;HYDROGEL_PACK;XIRECS;9908.0;4
39000;BOT_MAKER;BOT_TAKER;HYDROGEL_PACK;XIRECS;9910.0;3
39200;BOT_MAKER;BOT_TAKER;HYDROGEL_PACK;XIRECS;9909.0;5
39300;BOT_MAKER;BOT_TAKER;VEV_5400;XIRECS;19.0;3
39500;SUBMISSION;BOT_TAKER;HYDROGEL_PACK;XIRECS;9906.0;3
39600;BOT_MAKER;BOT_TAKER;HYDROGEL_PACK;XIRECS;9902.0;3
39600;BOT_MAKER;BOT_TAKER;VELVETFRUIT_EXTRACT;XIRECS;5249.0;8
39600;SUBMISSION;BOT_TAKER;VELVETFRUIT_EXTRACT;XIRECS;5250.0;5
39700;BOT_MAKER;BOT_TAKER;VELVETFRUIT_EXTRACT;XIRECS;5248.0;5
39800;BOT_TAKER;BOT_MAKER;VEV_5400;XIRECS;21.0;2
39800;SUBMISSION;BOT_TAKER;HYDROGEL_PACK;XIRECS;9898.0;5
39900;BOT_MAKER;BOT_TAKER;VEV_5500;XIRECS;5.0;4
39900;BOT_TAKER;SUBMISSION;HYDROGEL_PACK;XIRECS;9908.0;3
40100;BOT_TAKER;BOT_MAKER;VEV_5400;XIRECS;21.0;4
40300;BOT_MAKER;BOT_TAKER;VELVETFRUIT_EXTRACT;XIRECS;5248.0;6
40300;BOT_TAKER;BOT_MAKER;VEV_5300;XIRECS;50.0;4
40300;BOT_MAKER;BOT_TAKER;VEV_5400;XIRECS;19.0;2
40400;BOT_TAKER;BOT_MAKER;VELVETFRUIT_EXTRACT;XIRECS;5253.0;7
40500;BOT_TAKER;BOT_MAKER;HYDROGEL_PACK;XIRECS;9908.0;5
40700;BOT_TAKER;BOT_MAKER;HYDROGEL_PACK;XIRECS;9908.0;4
40700;BOT_TAKER;BOT_MAKER;HYDROGEL_PACK;XIRECS;9908.0;4
40700;BOT_TAKER;BOT_MAKER;VELVETFRUIT_EXTRACT;XIRECS;5253.0;3
40700;BOT_TAKER;BOT_MAKER;VELVETFRUIT_EXTRACT;XIRECS;5253.0;3
40700;BOT_MAKER;BOT_TAKER;VEV_5200;XIRECS;69.0;4
40800;BOT_TAKER;BOT_MAKER;HYDROGEL_PACK;XIRECS;9911.0;6
40900;BOT_TAKER;BOT_MAKER;VELVETFRUIT_EXTRACT;XIRECS;5253.0;7
40900;BOT_MAKER;BOT_TAKER;VEV_5300;XIRECS;50.0;2
41000;BOT_MAKER;BOT_TAKER;HYDROGEL_PACK;XIRECS;9896.0;3
41000;BOT_MAKER;BOT_TAKER;VELVETFRUIT_EXTRACT;XIRECS;5246.0;6
41100;BOT_TAKER;BOT_MAKER;HYDROGEL_PACK;XIRECS;9911.0;3
41100;BOT_TAKER;BOT_MAKER;VELVETFRUIT_EXTRACT;XIRECS;5252.0;4
41200;BOT_MAKER;BOT_TAKER;HYDROGEL_PACK;XIRECS;9892.0;3
41200;SUBMISSION;BOT_TAKER;HYDROGEL_PACK;XIRECS;9893.0;4
41300;BOT_TAKER;BOT_MAKER;VELVETFRUIT_EXTRACT;XIRECS;5252.0;5
41300;BOT_TAKER;BOT_MAKER;VEV_6000;XIRECS;1.0;4
41400;BOT_TAKER;BOT_MAKER;VEV_5500;XIRECS;6.0;4
41400;BOT_MAKER;BOT_TAKER;VEV_6500;XIRECS;0.0;5
41500;BOT_MAKER;BOT_TAKER;VELVETFRUIT_EXTRACT;XIRECS;5248.0;8
41500;BOT_TAKER;BOT_MAKER;VEV_6000;XIRECS;1.0;2
41600;BOT_TAKER;BOT_MAKER;VELVETFRUIT_EXTRACT;XIRECS;5254.0;5
41700;BOT_MAKER;BOT_TAKER;VELVETFRUIT_EXTRACT;XIRECS;5248.0;8
41700;SUBMISSION;BOT_TAKER;HYDROGEL_PACK;XIRECS;9894.0;2
41700;SUBMISSION;BOT_TAKER;VELVETFRUIT_EXTRACT;XIRECS;5249.0;5
41700;BOT_MAKER;BOT_TAKER;VELVETFRUIT_EXTRACT;XIRECS;5248.0;2
41800;BOT_MAKER;BOT_TAKER;HYDROGEL_PACK;XIRECS;9892.0;5
41800;BOT_MAKER;BOT_TAKER;VELVETFRUIT_EXTRACT;XIRECS;5248.0;5
41900;BOT_MAKER;BOT_TAKER;HYDROGEL_PACK;XIRECS;9891.0;3
42000;BOT_MAKER;BOT_TAKER;VELVETFRUIT_EXTRACT;XIRECS;5247.0;3
42000;BOT_TAKER;BOT_MAKER;VEV_6000;XIRECS;1.0;5
42100;BOT_TAKER;BOT_MAKER;VELVETFRUIT_EXTRACT;XIRECS;5253.0;7
42100;BOT_TAKER;BOT_MAKER;VEV_6000;XIRECS;1.0;2
42200;BOT_MAKER;BOT_TAKER;VEV_5500;XIRECS;4.0;2
42300;BOT_TAKER;BOT_MAKER;HYDROGEL_PACK;XIRECS;9914.0;3
42300;BOT_MAKER;BOT_TAKER;VELVETFRUIT_EXTRACT;XIRECS;5246.0;8
42400;BOT_MAKER;BOT_TAKER;HYDROGEL_PACK;XIRECS;9892.0;2
42400;BOT_TAKER;BOT_MAKER;VEV_4000;XIRECS;1256.0;3
42500;BOT_MAKER;BOT_TAKER;VELVETFRUIT_EXTRACT;XIRECS;5245.0;8
42500;BOT_TAKER;BOT_MAKER;VEV_4000;XIRECS;1256.0;3
42600;BOT_TAKER;BOT_MAKER;VEV_4000;XIRECS;1255.0;1
42700;BOT_TAKER;BOT_MAKER;HYDROGEL_PACK;XIRECS;9908.0;4
42800;BOT_MAKER;BOT_TAKER;HYDROGEL_PACK;XIRECS;9890.0;5
42800;BOT_TAKER;BOT_MAKER;VELVETFRUIT_EXTRACT;XIRECS;5253.0;7
42800;BOT_MAKER;BOT_TAKER;VEV_4000;XIRECS;1235.0;3
42900;BOT_TAKER;BOT_MAKER;HYDROGEL_PACK;XIRECS;9905.0;4
42900;BOT_TAKER;BOT_MAKER;VELVETFRUIT_EXTRACT;XIRECS;5253.0;7
42900;BOT_TAKER;SUBMISSION;VELVETFRUIT_EXTRACT;XIRECS;5252.0;3
43000;BOT_TAKER;BOT_MAKER;VELVETFRUIT_EXTRACT;XIRECS;5254.0;5
43100;BOT_TAKER;BOT_MAKER;VEV_5500;XIRECS;6.0;5
43200;BOT_TAKER;BOT_MAKER;HYDROGEL_PACK;XIRECS;9916.0;2
43200;BOT_TAKER;BOT_MAKER;VELVETFRUIT_EXTRACT;XIRECS;5256.0;6
43300;BOT_MAKER;BOT_TAKER;VELVETFRUIT_EXTRACT;XIRECS;5250.0;6
43300;BOT_TAKER;BOT_MAKER;VEV_4000;XIRECS;1254.0;3
43300;BOT_MAKER;BOT_TAKER;VEV_6500;XIRECS;0.0;3
43400;BOT_MAKER;BOT_TAKER;VELVETFRUIT_EXTRACT;XIRECS;5250.0;3
43500;BOT_MAKER;BOT_TAKER;HYDROGEL_PACK;XIRECS;9896.0;4
43600;BOT_TAKER;BOT_MAKER;VELVETFRUIT_EXTRACT;XIRECS;5256.0;7
43600;BOT_TAKER;BOT_MAKER;VEV_4000;XIRECS;1255.0;3
43600;BOT_TAKER;BOT_MAKER;VEV_5300;XIRECS;54.0;3
43700;BOT_TAKER;BOT_MAKER;VELVETFRUIT_EXTRACT;XIRECS;5255.0;6
43700;BOT_TAKER;BOT_MAKER;VEV_4000;XIRECS;1254.0;2
43700;SUBMISSION;BOT_TAKER;VELVETFRUIT_EXTRACT;XIRECS;5251.0;5
43800;BOT_TAKER;SUBMISSION;VELVETFRUIT_EXTRACT;XIRECS;5255.0;5
43800;BOT_TAKER;BOT_MAKER;VELVETFRUIT_EXTRACT;XIRECS;5256.0;4
43900;SUBMISSION;BOT_TAKER;HYDROGEL_PACK;XIRECS;9892.0;5
43900;BOT_MAKER;BOT_TAKER;HYDROGEL_PACK;XIRECS;9891.0;1
44200;BOT_MAKER;BOT_TAKER;VEV_5400;XIRECS;20.0;4
44200;BOT_TAKER;BOT_MAKER;VEV_6000;XIRECS;1.0;2
44200;BOT_TAKER;BOT_MAKER;VEV_6500;XIRECS;1.0;5
44200;BOT_TAKER;BOT_MAKER;VEV_6500;XIRECS;1.0;5
44400;BOT_MAKER;BOT_TAKER;HYDROGEL_PACK;XIRECS;9894.0;3
44400;BOT_TAKER;SUBMISSION;VELVETFRUIT_EXTRACT;XIRECS;5251.0;5
44400;BOT_TAKER;BOT_MAKER;VELVETFRUIT_EXTRACT;XIRECS;5252.0;2
44500;BOT_TAKER;BOT_MAKER;HYDROGEL_PACK;XIRECS;9908.0;2
44500;BOT_MAKER;BOT_TAKER;VELVETFRUIT_EXTRACT;XIRECS;5246.0;5
44600;BOT_MAKER;BOT_TAKER;HYDROGEL_PACK;XIRECS;9893.0;5
44600;SUBMISSION;BOT_TAKER;VELVETFRUIT_EXTRACT;XIRECS;5248.0;5
44700;BOT_MAKER;BOT_TAKER;VEV_6000;XIRECS;0.0;4
44800;BOT_TAKER;BOT_MAKER;VEV_5300;XIRECS;54.0;2
45000;BOT_TAKER;BOT_MAKER;VELVETFRUIT_EXTRACT;XIRECS;5252.0;7
45200;BOT_MAKER;BOT_TAKER;HYDROGEL_PACK;XIRECS;9890.0;4
45200;BOT_TAKER;BOT_MAKER;HYDROGEL_PACK;XIRECS;9906.0;5
45200;BOT_TAKER;BOT_MAKER;VELVETFRUIT_EXTRACT;XIRECS;5253.0;8
45200;BOT_MAKER;BOT_TAKER;VEV_6500;XIRECS;0.0;4
45300;BOT_MAKER;BOT_TAKER;VELVETFRUIT_EXTRACT;XIRECS;5248.0;8
45300;SUBMISSION;BOT_TAKER;HYDROGEL_PACK;XIRECS;9890.0;4
45400;BOT_TAKER;BOT_MAKER;VELVETFRUIT_EXTRACT;XIRECS;5253.0;7
45500;BOT_MAKER;BOT_TAKER;HYDROGEL_PACK;XIRECS;9889.0;5
45500;BOT_MAKER;BOT_TAKER;VELVETFRUIT_EXTRACT;XIRECS;5247.0;5
45600;BOT_MAKER;BOT_TAKER;VEV_4000;XIRECS;1224.0;2
45600;BOT_TAKER;BOT_MAKER;VEV_6000;XIRECS;1.0;2
45600;SUBMISSION;BOT_TAKER;HYDROGEL_PACK;XIRECS;9889.0;4
45700;BOT_MAKER;BOT_TAKER;VEV_4000;XIRECS;1224.0;2
45800;BOT_TAKER;BOT_MAKER;VEV_5400;XIRECS;22.0;4
45800;BOT_MAKER;BOT_TAKER;VEV_5500;XIRECS;4.0;5
45900;BOT_MAKER;BOT_TAKER;VEV_4000;XIRECS;1225.0;1
46000;BOT_TAKER;BOT_MAKER;VEV_6000;XIRECS;1.0;2
46000;SUBMISSION;BOT_TAKER;HYDROGEL_PACK;XIRECS;9891.0;5
46000;BOT_MAKER;BOT_TAKER;HYDROGEL_PACK;XIRECS;9890.0;1
46100;BOT_TAKER;BOT_MAKER;VEV_4000;XIRECS;1248.0;2
46100;BOT_MAKER;BOT_TAKER;VEV_6000;XIRECS;0.0;4
46100;BOT_MAKER;BOT_TAKER;VEV_6000;XIRECS;0.0;3
46200;BOT_TAKER;BOT_MAKER;VEV_5300;XIRECS;55.0;3
46300;BOT_TAKER;BOT_MAKER;VELVETFRUIT_EXTRACT;XIRECS;5256.0;5
46300;BOT_MAKER;BOT_TAKER;VEV_4000;XIRECS;1226.0;1
46300;BOT_TAKER;BOT_MAKER;VEV_6000;XIRECS;1.0;5
46400;BOT_MAKER;BOT_TAKER;VEV_4000;XIRECS;1226.0;2
46400;SUBMISSION;BOT_TAKER;VELVETFRUIT_EXTRACT;XIRECS;5252.0;4
46500;BOT_TAKER;BOT_MAKER;HYDROGEL_PACK;XIRECS;9907.0;5
46500;BOT_MAKER;BOT_TAKER;VELVETFRUIT_EXTRACT;XIRECS;5251.0;6
46500;BOT_MAKER;BOT_TAKER;VELVETFRUIT_EXTRACT;XIRECS;5251.0;7
46500;BOT_MAKER;BOT_TAKER;VEV_6500;XIRECS;0.0;4
46700;BOT_MAKER;BOT_TAKER;HYDROGEL_PACK;XIRECS;9890.0;4
46700;BOT_MAKER;BOT_TAKER;VEV_6000;XIRECS;0.0;4
46800;BOT_MAKER;BOT_TAKER;HYDROGEL_PACK;XIRECS;9885.0;6
46900;BOT_TAKER;BOT_MAKER;HYDROGEL_PACK;XIRECS;9900.0;5
47000;BOT_TAKER;BOT_MAKER;VELVETFRUIT_EXTRACT;XIRECS;5257.0;3
47100;SUBMISSION;BOT_TAKER;VELVETFRUIT_EXTRACT;XIRECS;5253.0;5
47100;BOT_MAKER;BOT_TAKER;VELVETFRUIT_EXTRACT;XIRECS;5252.0;3
47200;BOT_MAKER;BOT_TAKER;HYDROGEL_PACK;XIRECS;9881.0;5
47200;BOT_MAKER;BOT_TAKER;VELVETFRUIT_EXTRACT;XIRECS;5253.0;3
47200;BOT_MAKER;BOT_TAKER;VEV_4000;XIRECS;1221.0;1
47200;BOT_TAKER;BOT_MAKER;VEV_5300;XIRECS;54.0;3
47400;BOT_MAKER;BOT_TAKER;VELVETFRUIT_EXTRACT;XIRECS;5252.0;7
47400;BOT_MAKER;BOT_TAKER;VEV_4000;XIRECS;1220.0;1
47500;BOT_TAKER;BOT_MAKER;VEV_5500;XIRECS;6.0;2
47700;BOT_MAKER;BOT_TAKER;VELVETFRUIT_EXTRACT;XIRECS;5252.0;7
48000;BOT_TAKER;BOT_MAKER;HYDROGEL_PACK;XIRECS;9899.0;5
48000;BOT_TAKER;BOT_MAKER;VEV_6000;XIRECS;1.0;4
48100;BOT_TAKER;BOT_MAKER;VEV_6500;XIRECS;1.0;2
48400;BOT_MAKER;BOT_TAKER;HYDROGEL_PACK;XIRECS;9883.0;2
48500;BOT_TAKER;BOT_MAKER;HYDROGEL_PACK;XIRECS;9894.0;5
48500;BOT_MAKER;BOT_TAKER;VELVETFRUIT_EXTRACT;XIRECS;5254.0;5
48500;BOT_TAKER;SUBMISSION;VELVETFRUIT_EXTRACT;XIRECS;5259.0;3
48600;BOT_MAKER;BOT_TAKER;VELVETFRUIT_EXTRACT;XIRECS;5254.0;5
48700;BOT_TAKER;BOT_MAKER;HYDROGEL_PACK;XIRECS;9891.0;6
48800;BOT_TAKER;BOT_MAKER;VELVETFRUIT_EXTRACT;XIRECS;5260.0;6
48900;BOT_MAKER;BOT_TAKER;VELVETFRUIT_EXTRACT;XIRECS;5255.0;6
49100;BOT_MAKER;BOT_TAKER;HYDROGEL_PACK;XIRECS;9874.0;4
49100;BOT_TAKER;BOT_MAKER;VEV_4000;XIRECS;1235.0;3
49100;BOT_TAKER;BOT_MAKER;VEV_6000;XIRECS;1.0;3
49100;BOT_TAKER;BOT_MAKER;VEV_6500;XIRECS;1.0;2
49200;BOT_TAKER;SUBMISSION;HYDROGEL_PACK;XIRECS;9888.0;5
49300;BOT_MAKER;BOT_TAKER;HYDROGEL_PACK;XIRECS;9877.0;2
49400;BOT_MAKER;BOT_TAKER;VELVETFRUIT_EXTRACT;XIRECS;5255.0;10
49500;BOT_TAKER;BOT_MAKER;VEV_5400;XIRECS;22.0;4
49700;BOT_TAKER;BOT_MAKER;HYDROGEL_PACK;XIRECS;9890.0;4
49700;BOT_TAKER;BOT_MAKER;VEV_4000;XIRECS;1235.0;3
49800;BOT_MAKER;BOT_TAKER;VEV_4000;XIRECS;1214.0;1
50000;BOT_MAKER;BOT_TAKER;HYDROGEL_PACK;XIRECS;9877.0;5
50000;BOT_MAKER;BOT_TAKER;VEV_4000;XIRECS;1215.0;2
50100;BOT_MAKER;BOT_TAKER;HYDROGEL_PACK;XIRECS;9879.0;5
50200;BOT_TAKER;BOT_MAKER;VEV_6000;XIRECS;1.0;3
50300;BOT_TAKER;BOT_MAKER;VELVETFRUIT_EXTRACT;XIRECS;5264.0;8
50300;BOT_MAKER;BOT_TAKER;VEV_5300;XIRECS;46.0;3
50300;SUBMISSION;BOT_TAKER;VELVETFRUIT_EXTRACT;XIRECS;5259.0;5
50400;BOT_TAKER;BOT_MAKER;VELVETFRUIT_EXTRACT;XIRECS;5262.0;6
50500;BOT_TAKER;BOT_MAKER;VEV_5500;XIRECS;6.0;4
50600;BOT_TAKER;BOT_MAKER;VELVETFRUIT_EXTRACT;XIRECS;5266.0;9
50600;SUBMISSION;BOT_TAKER;HYDROGEL_PACK;XIRECS;9879.0;5
50600;BOT_MAKER;BOT_TAKER;HYDROGEL_PACK;XIRECS;9878.0;1
50700;BOT_MAKER;BOT_TAKER;VELVETFRUIT_EXTRACT;XIRECS;5259.0;4
50700;BOT_MAKER;BOT_TAKER;VELVETFRUIT_EXTRACT;XIRECS;5259.0;4
50700;SUBMISSION;BOT_TAKER;VELVETFRUIT_EXTRACT;XIRECS;5260.0;3
50800;BOT_TAKER;BOT_MAKER;HYDROGEL_PACK;XIRECS;9897.0;4
50800;BOT_TAKER;BOT_MAKER;VELVETFRUIT_EXTRACT;XIRECS;5265.0;13
50800;BOT_MAKER;BOT_TAKER;VEV_4000;XIRECS;1212.0;3
50800;BOT_MAKER;BOT_TAKER;VEV_4000;XIRECS;1212.0;2
50800;SUBMISSION;BOT_TAKER;HYDROGEL_PACK;XIRECS;9882.0;2
50900;BOT_MAKER;BOT_TAKER;VELVETFRUIT_EXTRACT;XIRECS;5259.0;7
50900;BOT_MAKER;BOT_TAKER;VEV_4000;XIRECS;1212.0;2
51000;BOT_MAKER;BOT_TAKER;VELVETFRUIT_EXTRACT;XIRECS;5260.0;8
51000;BOT_TAKER;BOT_MAKER;VEV_6000;XIRECS;1.0;2
51100;BOT_MAKER;BOT_TAKER;VEV_6000;XIRECS;0.0;2
51300;BOT_MAKER;BOT_TAKER;HYDROGEL_PACK;XIRECS;9881.0;4
51300;BOT_MAKER;BOT_TAKER;VEV_4000;XIRECS;1214.0;2
51300;BOT_TAKER;SUBMISSION;VELVETFRUIT_EXTRACT;XIRECS;5267.0;5
51300;BOT_TAKER;BOT_MAKER;VELVETFRUIT_EXTRACT;XIRECS;5268.0;5
51500;BOT_TAKER;BOT_MAKER;HYDROGEL_PACK;XIRECS;9896.0;3
51500;BOT_TAKER;BOT_MAKER;VELVETFRUIT_EXTRACT;XIRECS;5267.0;15
51700;BOT_TAKER;SUBMISSION;HYDROGEL_PACK;XIRECS;9900.0;2
51800;BOT_TAKER;BOT_MAKER;VELVETFRUIT_EXTRACT;XIRECS;5267.0;8
51800;BOT_TAKER;BOT_MAKER;VELVETFRUIT_EXTRACT;XIRECS;5267.0;8
51800;BOT_TAKER;BOT_MAKER;VEV_5300;XIRECS;49.0;2
51900;BOT_MAKER;BOT_TAKER;VEV_4000;XIRECS;1209.0;3
52000;BOT_MAKER;BOT_TAKER;HYDROGEL_PACK;XIRECS;9888.0;3
52200;BOT_MAKER;BOT_TAKER;VEV_6000;XIRECS;0.0;5
52200;BOT_TAKER;SUBMISSION;VELVETFRUIT_EXTRACT;XIRECS;5262.0;5
52200;BOT_TAKER;BOT_MAKER;VELVETFRUIT_EXTRACT;XIRECS;5263.0;1
52300;BOT_MAKER;BOT_TAKER;VELVETFRUIT_EXTRACT;XIRECS;5258.0;10
52400;BOT_MAKER;BOT_TAKER;HYDROGEL_PACK;XIRECS;9878.0;4
52400;BOT_MAKER;BOT_TAKER;VEV_5500;XIRECS;5.0;5
52500;BOT_TAKER;BOT_MAKER;HYDROGEL_PACK;XIRECS;9894.0;6
52500;BOT_MAKER;BOT_TAKER;VELVETFRUIT_EXTRACT;XIRECS;5257.0;4
52600;BOT_TAKER;BOT_MAKER;HYDROGEL_PACK;XIRECS;9890.0;6
52600;BOT_TAKER;SUBMISSION;VELVETFRUIT_EXTRACT;XIRECS;5260.0;5
52700;BOT_TAKER;BOT_MAKER;HYDROGEL_PACK;XIRECS;9888.0;4
52700;BOT_TAKER;BOT_MAKER;VELVETFRUIT_EXTRACT;XIRECS;5264.0;8
52700;BOT_TAKER;BOT_MAKER;VEV_5300;XIRECS;50.0;2
52800;BOT_TAKER;BOT_MAKER;VEV_4000;XIRECS;1226.0;1
52900;BOT_MAKER;BOT_TAKER;VELVETFRUIT_EXTRACT;XIRECS;5262.0;8
53000;BOT_MAKER;BOT_TAKER;HYDROGEL_PACK;XIRECS;9869.0;6
53000;BOT_MAKER;BOT_TAKER;VELVETFRUIT_EXTRACT;XIRECS;5261.0;6
53200;BOT_TAKER;BOT_MAKER;VEV_4000;XIRECS;1224.0;2
53200;BOT_MAKER;BOT_TAKER;VEV_6000;XIRECS;0.0;2
53300;BOT_MAKER;BOT_TAKER;HYDROGEL_PACK;XIRECS;9872.0;5
53300;BOT_MAKER;BOT_TAKER;VEV_6500;XIRECS;0.0;5
53300;SUBMISSION;BOT_TAKER;VEV_4000;XIRECS;1206.0;1
53500;BOT_TAKER;BOT_MAKER;HYDROGEL_PACK;XIRECS;9889.0;5
53500;BOT_MAKER;BOT_TAKER;VELVETFRUIT_EXTRACT;XIRECS;5265.0;4
53600;BOT_MAKER;BOT_TAKER;VELVETFRUIT_EXTRACT;XIRECS;5267.0;3
53800;BOT_TAKER;BOT_MAKER;VELVETFRUIT_EXTRACT;XIRECS;5272.0;7
53900;BOT_TAKER;BOT_MAKER;VELVETFRUIT_EXTRACT;XIRECS;5272.0;7
53900;BOT_MAKER;BOT_TAKER;VEV_4000;XIRECS;1203.0;3
53900;SUBMISSION;BOT_TAKER;VELVETFRUIT_EXTRACT;XIRECS;5268.0;3
54000;BOT_MAKER;BOT_TAKER;VEV_4000;XIRECS;1202.0;1
54100;BOT_MAKER;BOT_TAKER;VEV_5400;XIRECS;18.0;4
54200;BOT_TAKER;BOT_MAKER;HYDROGEL_PACK;XIRECS;9895.0;3
54300;BOT_TAKER;BOT_MAKER;HYDROGEL_PACK;XIRECS;9893.0;4
54300;BOT_MAKER;BOT_TAKER;VELVETFRUIT_EXTRACT;XIRECS;5268.0;6
54300;BOT_TAKER;BOT_MAKER;VEV_6000;XIRECS;1.0;4
54400;BOT_TAKER;BOT_MAKER;HYDROGEL_PACK;XIRECS;9892.0;5
54400;BOT_TAKER;BOT_MAKER;VELVETFRUIT_EXTRACT;XIRECS;5273.0;6
54400;BOT_TAKER;BOT_MAKER;VEV_4000;XIRECS;1223.0;2
54500;SUBMISSION;BOT_TAKER;VELVETFRUIT_EXTRACT;XIRECS;5268.0;4
54600;BOT_MAKER;BOT_TAKER;HYDROGEL_PACK;XIRECS;9878.0;4
54700;BOT_MAKER;BOT_TAKER;HYDROGEL_PACK;XIRECS;9877.0;6
54700;BOT_MAKER;BOT_TAKER;VELVETFRUIT_EXTRACT;XIRECS;5265.0;5
54700;SUBMISSION;BOT_TAKER;VEV_4000;XIRECS;1204.0;1
55000;BOT_TAKER;BOT_MAKER;VELVETFRUIT_EXTRACT;XIRECS;5269.0;5
55100;BOT_MAKER;BOT_TAKER;VELVETFRUIT_EXTRACT;XIRECS;5264.0;5
55200;BOT_TAKER;BOT_MAKER;HYDROGEL_PACK;XIRECS;9891.0;4
55200;BOT_TAKER;SUBMISSION;VELVETFRUIT_EXTRACT;XIRECS;5268.0;5
55200;BOT_TAKER;BOT_MAKER;VELVETFRUIT_EXTRACT;XIRECS;5269.0;3
55200;BOT_TAKER;SUBMISSION;VEV_4000;XIRECS;1225.0;2
55300;BOT_TAKER;BOT_MAKER;HYDROGEL_PACK;XIRECS;9893.0;6
55300;BOT_MAKER;BOT_TAKER;VELVETFRUIT_EXTRACT;XIRECS;5263.0;7
55500;BOT_TAKER;BOT_MAKER;HYDROGEL_PACK;XIRECS;9893.0;4
55500;BOT_TAKER;BOT_MAKER;VEV_4000;XIRECS;1226.0;2
55500;BOT_TAKER;BOT_MAKER;VEV_5500;XIRECS;5.0;3
55500;BOT_MAKER;BOT_TAKER;VEV_6000;XIRECS;0.0;4
55500;BOT_TAKER;SUBMISSION;VELVETFRUIT_EXTRACT;XIRECS;5267.0;5
55500;BOT_TAKER;BOT_MAKER;VELVETFRUIT_EXTRACT;XIRECS;5268.0;3
55600;BOT_MAKER;BOT_TAKER;VELVETFRUIT_EXTRACT;XIRECS;5263.0;8
55600;BOT_MAKER;BOT_TAKER;VEV_5500;XIRECS;4.0;4
55700;BOT_MAKER;BOT_TAKER;HYDROGEL_PACK;XIRECS;9879.0;4
55700;BOT_MAKER;BOT_TAKER;VEV_4000;XIRECS;1206.0;2
55800;BOT_MAKER;BOT_TAKER;HYDROGEL_PACK;XIRECS;9881.0;3
55900;BOT_MAKER;BOT_TAKER;VELVETFRUIT_EXTRACT;XIRECS;5265.0;8
55900;BOT_TAKER;BOT_MAKER;VEV_4000;XIRECS;1228.0;1
56000;BOT_MAKER;BOT_TAKER;HYDROGEL_PACK;XIRECS;9882.0;3
56000;BOT_MAKER;BOT_TAKER;VELVETFRUIT_EXTRACT;XIRECS;5264.0;7
56200;BOT_MAKER;BOT_TAKER;HYDROGEL_PACK;XIRECS;9882.0;5
56200;BOT_TAKER;BOT_MAKER;HYDROGEL_PACK;XIRECS;9898.0;3
56300;BOT_TAKER;BOT_MAKER;VELVETFRUIT_EXTRACT;XIRECS;5269.0;8
56300;BOT_TAKER;BOT_MAKER;VEV_4000;XIRECS;1228.0;3
56300;BOT_TAKER;BOT_MAKER;VEV_5500;XIRECS;5.0;4
56400;BOT_TAKER;BOT_MAKER;HYDROGEL_PACK;XIRECS;9901.0;3
56500;BOT_TAKER;BOT_MAKER;VELVETFRUIT_EXTRACT;XIRECS;5272.0;4
56500;BOT_TAKER;BOT_MAKER;VEV_5400;XIRECS;21.0;4
56500;BOT_MAKER;BOT_TAKER;VEV_6500;XIRECS;0.0;5
56600;BOT_MAKER;BOT_TAKER;VELVETFRUIT_EXTRACT;XIRECS;5266.0;3
56600;BOT_TAKER;BOT_MAKER;VEV_6500;XIRECS;1.0;5
56700;BOT_TAKER;BOT_MAKER;HYDROGEL_PACK;XIRECS;9899.0;3
56800;BOT_TAKER;BOT_MAKER;VEV_6500;XIRECS;1.0;3
56900;BOT_MAKER;BOT_TAKER;HYDROGEL_PACK;XIRECS;9886.0;3
56900;BOT_TAKER;BOT_MAKER;VEV_6500;XIRECS;1.0;4
56900;BOT_TAKER;SUBMISSION;VELVETFRUIT_EXTRACT;XIRECS;5271.0;5
56900;BOT_TAKER;BOT_MAKER;VELVETFRUIT_EXTRACT;XIRECS;5272.0;2
56900;SUBMISSION;BOT_TAKER;VEV_4000;XIRECS;1208.0;2
57100;BOT_MAKER;BOT_TAKER;VELVETFRUIT_EXTRACT;XIRECS;5264.0;4
57400;BOT_MAKER;BOT_TAKER;HYDROGEL_PACK;XIRECS;9886.0;5
57500;BOT_TAKER;BOT_MAKER;VELVETFRUIT_EXTRACT;XIRECS;5270.0;3
57500;BOT_TAKER;BOT_MAKER;VEV_5400;XIRECS;22.0;5
57500;BOT_MAKER;BOT_TAKER;VEV_6500;XIRECS;0.0;4
57700;BOT_MAKER;BOT_TAKER;VELVETFRUIT_EXTRACT;XIRECS;5265.0;7
57800;BOT_MAKER;BOT_TAKER;HYDROGEL_PACK;XIRECS;9888.0;6
57800;BOT_MAKER;BOT_TAKER;VEV_5500;XIRECS;4.0;4
57900;BOT_MAKER;BOT_TAKER;VEV_6500;XIRECS;0.0;3
58000;BOT_MAKER;BOT_TAKER;VELVETFRUIT_EXTRACT;XIRECS;5265.0;5
58100;BOT_MAKER;BOT_TAKER;VEV_6000;XIRECS;0.0;2
58100;BOT_MAKER;BOT_TAKER;VEV_6500;XIRECS;0.0;2
58200;BOT_MAKER;BOT_TAKER;HYDROGEL_PACK;XIRECS;9883.0;6
58300;BOT_MAKER;BOT_TAKER;VELVETFRUIT_EXTRACT;XIRECS;5263.0;7
58400;BOT_TAKER;BOT_MAKER;HYDROGEL_PACK;XIRECS;9897.0;4
58500;BOT_TAKER;BOT_MAKER;HYDROGEL_PACK;XIRECS;9899.0;6
58500;BOT_MAKER;BOT_TAKER;VELVETFRUIT_EXTRACT;XIRECS;5264.0;6
58500;BOT_MAKER;BOT_TAKER;VEV_6000;XIRECS;0.0;5
58600;BOT_MAKER;BOT_TAKER;VELVETFRUIT_EXTRACT;XIRECS;5262.0;6
58600;BOT_TAKER;BOT_MAKER;VEV_4000;XIRECS;1225.0;3
58700;BOT_TAKER;SUBMISSION;VELVETFRUIT_EXTRACT;XIRECS;5268.0;5
58800;BOT_TAKER;BOT_MAKER;VELVETFRUIT_EXTRACT;XIRECS;5270.0;5
58800;BOT_TAKER;BOT_MAKER;VEV_5500;XIRECS;5.0;4
58900;BOT_TAKER;BOT_MAKER;VELVETFRUIT_EXTRACT;XIRECS;5270.0;6
59000;BOT_TAKER;SUBMISSION;HYDROGEL_PACK;XIRECS;9894.0;5
59100;BOT_TAKER;BOT_MAKER;VELVETFRUIT_EXTRACT;XIRECS;5271.0;10
59100;BOT_MAKER;BOT_TAKER;VEV_5400;XIRECS;20.0;2
59200;BOT_TAKER;BOT_MAKER;HYDROGEL_PACK;XIRECS;9896.0;3
59200;BOT_TAKER;BOT_MAKER;VELVETFRUIT_EXTRACT;XIRECS;5270.0;6
59200;BOT_TAKER;BOT_MAKER;VEV_6000;XIRECS;1.0;4
59200;BOT_TAKER;SUBMISSION;VELVETFRUIT_EXTRACT;XIRECS;5269.0;3
59400;BOT_TAKER;BOT_MAKER;HYDROGEL_PACK;XIRECS;9898.0;4
59400;BOT_MAKER;BOT_TAKER;HYDROGEL_PACK;XIRECS;9882.0;4
59400;BOT_MAKER;BOT_TAKER;VELVETFRUIT_EXTRACT;XIRECS;5264.0;8
59600;BOT_MAKER;BOT_TAKER;HYDROGEL_PACK;XIRECS;9886.0;2
59600;BOT_MAKER;BOT_TAKER;VELVETFRUIT_EXTRACT;XIRECS;5264.0;6
59600;BOT_MAKER;BOT_TAKER;VEV_4000;XIRECS;1202.0;2
59700;BOT_TAKER;BOT_MAKER;VELVETFRUIT_EXTRACT;XIRECS;5269.0;3
59800;BOT_MAKER;BOT_TAKER;VEV_6000;XIRECS;0.0;4
59900;BOT_MAKER;BOT_TAKER;HYDROGEL_PACK;XIRECS;9888.0;4
59900;BOT_MAKER;BOT_TAKER;VELVETFRUIT_EXTRACT;XIRECS;5263.0;4
60000;BOT_TAKER;BOT_MAKER;VEV_6500;XIRECS;1.0;5
60100;BOT_MAKER;BOT_TAKER;HYDROGEL_PACK;XIRECS;9895.0;2
60100;BOT_MAKER;BOT_TAKER;VELVETFRUIT_EXTRACT;XIRECS;5261.0;8
60200;BOT_TAKER;BOT_MAKER;VELVETFRUIT_EXTRACT;XIRECS;5266.0;6
60200;SUBMISSION;BOT_TAKER;VELVETFRUIT_EXTRACT;XIRECS;5262.0;5
60200;BOT_MAKER;BOT_TAKER;VELVETFRUIT_EXTRACT;XIRECS;5261.0;3
60300;BOT_TAKER;BOT_MAKER;VEV_5500;XIRECS;5.0;3
60400;BOT_MAKER;BOT_TAKER;VELVETFRUIT_EXTRACT;XIRECS;5259.0;8
60400;BOT_TAKER;BOT_MAKER;VEV_6500;XIRECS;1.0;5
60600;BOT_TAKER;BOT_MAKER;VELVETFRUIT_EXTRACT;XIRECS;5263.0;3
60600;BOT_MAKER;BOT_TAKER;VEV_5300;XIRECS;46.0;4
60800;BOT_MAKER;BOT_TAKER;VELVETFRUIT_EXTRACT;XIRECS;5260.0;5
60800;BOT_MAKER;BOT_TAKER;VEV_5500;XIRECS;4.0;5
60800;SUBMISSION;BOT_TAKER;HYDROGEL_PACK;XIRECS;9893.0;2
60800;BOT_TAKER;SUBMISSION;VEV_4000;XIRECS;1218.0;3
60900;BOT_TAKER;BOT_MAKER;HYDROGEL_PACK;XIRECS;9913.0;3
61200;BOT_MAKER;BOT_TAKER;VEV_6000;XIRECS;0.0;2
61200;SUBMISSION;BOT_TAKER;VEV_4000;XIRECS;1201.0;1
61300;BOT_MAKER;BOT_TAKER;VEV_5400;XIRECS;19.0;5
61400;BOT_TAKER;BOT_MAKER;HYDROGEL_PACK;XIRECS;9915.0;5
61400;BOT_MAKER;BOT_TAKER;VELVETFRUIT_EXTRACT;XIRECS;5263.0;5
61400;BOT_TAKER;BOT_MAKER;VEV_4000;XIRECS;1221.0;3
61600;BOT_MAKER;BOT_TAKER;HYDROGEL_PACK;XIRECS;9904.0;6
61600;BOT_TAKER;BOT_MAKER;VELVETFRUIT_EXTRACT;XIRECS;5269.0;6
61800;BOT_TAKER;BOT_MAKER;VELVETFRUIT_EXTRACT;XIRECS;5269.0;4
61900;BOT_MAKER;BOT_TAKER;HYDROGEL_PACK;XIRECS;9899.0;4
62000;BOT_TAKER;BOT_MAKER;HYDROGEL_PACK;XIRECS;9915.0;4
62000;BOT_MAKER;BOT_TAKER;VELVETFRUIT_EXTRACT;XIRECS;5264.0;4
62100;BOT_TAKER;BOT_MAKER;HYDROGEL_PACK;XIRECS;9916.0;4
62100;BOT_MAKER;BOT_TAKER;VELVETFRUIT_EXTRACT;XIRECS;5263.0;6
62200;BOT_TAKER;BOT_MAKER;VELVETFRUIT_EXTRACT;XIRECS;5270.0;8
62400;BOT_MAKER;BOT_TAKER;HYDROGEL_PACK;XIRECS;9903.0;2
62500;BOT_TAKER;BOT_MAKER;VELVETFRUIT_EXTRACT;XIRECS;5272.0;8
62500;BOT_MAKER;BOT_TAKER;VEV_6500;XIRECS;0.0;2
62600;BOT_MAKER;BOT_TAKER;VEV_5300;XIRECS;46.0;3
62800;BOT_TAKER;BOT_MAKER;VEV_4000;XIRECS;1220.0;3
63000;BOT_TAKER;BOT_MAKER;VELVETFRUIT_EXTRACT;XIRECS;5271.0;6
63100;BOT_MAKER;BOT_TAKER;VEV_4000;XIRECS;1202.0;3
63100;BOT_TAKER;BOT_MAKER;VEV_5500;XIRECS;5.0;2
63100;BOT_MAKER;BOT_TAKER;VEV_6500;XIRECS;0.0;4
63200;BOT_MAKER;BOT_TAKER;VELVETFRUIT_EXTRACT;XIRECS;5268.0;4
63400;BOT_TAKER;BOT_MAKER;HYDROGEL_PACK;XIRECS;9912.0;3
63500;BOT_TAKER;BOT_MAKER;VELVETFRUIT_EXTRACT;XIRECS;5271.0;8
63500;BOT_TAKER;BOT_MAKER;VELVETFRUIT_EXTRACT;XIRECS;5271.0;7
63500;BOT_TAKER;BOT_MAKER;VEV_5500;XIRECS;5.0;5
63600;BOT_MAKER;BOT_TAKER;VELVETFRUIT_EXTRACT;XIRECS;5266.0;11
63600;BOT_MAKER;BOT_TAKER;VEV_6500;XIRECS;0.0;3
63600;SUBMISSION;BOT_TAKER;HYDROGEL_PACK;XIRECS;9896.0;2
63600;SUBMISSION;BOT_TAKER;VELVETFRUIT_EXTRACT;XIRECS;5267.0;5
63600;BOT_MAKER;BOT_TAKER;VELVETFRUIT_EXTRACT;XIRECS;5266.0;1
63700;BOT_MAKER;BOT_TAKER;HYDROGEL_PACK;XIRECS;9891.0;5
63700;BOT_TAKER;SUBMISSION;VELVETFRUIT_EXTRACT;XIRECS;5271.0;5
63700;BOT_TAKER;BOT_MAKER;VELVETFRUIT_EXTRACT;XIRECS;5272.0;1
63800;BOT_MAKER;BOT_TAKER;HYDROGEL_PACK;XIRECS;9889.0;4
63800;BOT_TAKER;BOT_MAKER;VEV_6500;XIRECS;1.0;5
64000;BOT_TAKER;BOT_MAKER;HYDROGEL_PACK;XIRECS;9903.0;4
64000;BOT_TAKER;BOT_MAKER;HYDROGEL_PACK;XIRECS;9903.0;3
64000;BOT_MAKER;BOT_TAKER;VEV_4000;XIRECS;1202.0;2
64100;BOT_MAKER;BOT_TAKER;VELVETFRUIT_EXTRACT;XIRECS;5265.0;7
64100;BOT_TAKER;BOT_MAKER;VELVETFRUIT_EXTRACT;XIRECS;5271.0;7
64100;BOT_MAKER;BOT_TAKER;VEV_4000;XIRECS;1201.0;3
64200;BOT_TAKER;BOT_MAKER;HYDROGEL_PACK;XIRECS;9904.0;5
64200;BOT_MAKER;BOT_TAKER;VELVETFRUIT_EXTRACT;XIRECS;5264.0;5
64200;BOT_MAKER;BOT_TAKER;VEV_6000;XIRECS;0.0;4
64400;BOT_MAKER;BOT_TAKER;VEV_4000;XIRECS;1199.0;2
64500;BOT_MAKER;BOT_TAKER;HYDROGEL_PACK;XIRECS;9888.0;2
64500;BOT_TAKER;SUBMISSION;HYDROGEL_PACK;XIRECS;9903.0;4
64700;BOT_TAKER;BOT_MAKER;HYDROGEL_PACK;XIRECS;9906.0;5
64700;BOT_MAKER;BOT_TAKER;VELVETFRUIT_EXTRACT;XIRECS;5265.0;5
64800;BOT_MAKER;BOT_TAKER;HYDROGEL_PACK;XIRECS;9887.0;5
64900;BOT_TAKER;BOT_MAKER;HYDROGEL_PACK;XIRECS;9905.0;5
64900;BOT_MAKER;BOT_TAKER;VEV_6000;XIRECS;0.0;4
65000;BOT_TAKER;BOT_MAKER;VELVETFRUIT_EXTRACT;XIRECS;5269.0;13
65100;BOT_TAKER;BOT_MAKER;VEV_6500;XIRECS;1.0;2
65300;BOT_TAKER;BOT_MAKER;HYDROGEL_PACK;XIRECS;9909.0;5
65300;BOT_TAKER;BOT_MAKER;HYDROGEL_PACK;XIRECS;9909.0;2
65300;BOT_TAKER;BOT_MAKER;VELVETFRUIT_EXTRACT;XIRECS;5269.0;7
65300;BOT_TAKER;BOT_MAKER;VELVETFRUIT_EXTRACT;XIRECS;5269.0;10
65300;BOT_TAKER;BOT_MAKER;VELVETFRUIT_EXTRACT;XIRECS;5270.0;4
65300;SUBMISSION;BOT_TAKER;VEV_4000;XIRECS;1204.0;1
65400;BOT_TAKER;BOT_MAKER;VELVETFRUIT_EXTRACT;XIRECS;5268.0;8
65500;BOT_MAKER;BOT_TAKER;HYDROGEL_PACK;XIRECS;9897.0;3
65600;BOT_MAKER;BOT_TAKER;HYDROGEL_PACK;XIRECS;9897.0;4
65600;BOT_MAKER;BOT_TAKER;VEV_5500;XIRECS;3.0;2
65600;BOT_TAKER;BOT_MAKER;VEV_6500;XIRECS;1.0;4
65600;BOT_TAKER;SUBMISSION;HYDROGEL_PACK;XIRECS;9912.0;4
65700;BOT_MAKER;BOT_TAKER;HYDROGEL_PACK;XIRECS;9900.0;4
65700;BOT_TAKER;BOT_MAKER;VELVETFRUIT_EXTRACT;XIRECS;5266.0;7
65900;BOT_MAKER;BOT_TAKER;HYDROGEL_PACK;XIRECS;9898.0;2
65900;BOT_TAKER;BOT_MAKER;VELVETFRUIT_EXTRACT;XIRECS;5267.0;5
65900;BOT_MAKER;BOT_TAKER;VEV_4000;XIRECS;1206.0;3
65900;BOT_TAKER;BOT_MAKER;VEV_5300;XIRECS;45.0;3
66000;BOT_TAKER;BOT_MAKER;HYDROGEL_PACK;XIRECS;9915.0;3
66000;BOT_TAKER;BOT_MAKER;VEV_6500;XIRECS;1.0;3
66100;BOT_MAKER;BOT_TAKER;VELVETFRUIT_EXTRACT;XIRECS;5261.0;3
66100;BOT_MAKER;BOT_TAKER;VELVETFRUIT_EXTRACT;XIRECS;5261.0;4
66300;BOT_MAKER;BOT_TAKER;VEV_6000;XIRECS;0.0;2
66400;BOT_MAKER;BOT_TAKER;VELVETFRUIT_EXTRACT;XIRECS;5259.0;7
66500;BOT_TAKER;BOT_MAKER;VELVETFRUIT_EXTRACT;XIRECS;5265.0;5
66600;BOT_TAKER;BOT_MAKER;HYDROGEL_PACK;XIRECS;9911.0;6
66600;BOT_MAKER;BOT_TAKER;VEV_4000;XIRECS;1208.0;2
66600;BOT_TAKER;BOT_MAKER;VEV_5400;XIRECS;21.0;2
66600;BOT_TAKER;BOT_MAKER;VEV_6000;XIRECS;1.0;5
66700;BOT_MAKER;BOT_TAKER;HYDROGEL_PACK;XIRECS;9894.0;5
66700;BOT_MAKER;BOT_TAKER;VEV_4000;XIRECS;1208.0;1
66700;BOT_TAKER;BOT_MAKER;VEV_5400;XIRECS;21.0;5
66800;BOT_MAKER;BOT_TAKER;VELVETFRUIT_EXTRACT;XIRECS;5259.0;5
66800;BOT_TAKER;SUBMISSION;VEV_5200;XIRECS;66.0;2
66900;BOT_MAKER;BOT_TAKER;VELVETFRUIT_EXTRACT;XIRECS;5258.0;6
67000;BOT_MAKER;BOT_TAKER;VELVETFRUIT_EXTRACT;XIRECS;5258.0;6
67100;BOT_MAKER;BOT_TAKER;VELVETFRUIT_EXTRACT;XIRECS;5257.0;5
67100;BOT_TAKER;BOT_MAKER;VEV_4000;XIRECS;1227.0;2
67200;BOT_MAKER;BOT_TAKER;HYDROGEL_PACK;XIRECS;9888.0;2
67200;BOT_TAKER;BOT_MAKER;VEV_4000;XIRECS;1227.0;3
67500;BOT_MAKER;BOT_TAKER;HYDROGEL_PACK;XIRECS;9891.0;5
67500;BOT_MAKER;BOT_TAKER;VEV_5500;XIRECS;3.0;4
67600;BOT_TAKER;SUBMISSION;HYDROGEL_PACK;XIRECS;9907.0;4
67700;BOT_MAKER;BOT_TAKER;VELVETFRUIT_EXTRACT;XIRECS;5258.0;4
67700;BOT_MAKER;BOT_TAKER;VEV_5500;XIRECS;3.0;5
67800;SUBMISSION;BOT_TAKER;HYDROGEL_PACK;XIRECS;9893.0;3
67900;BOT_TAKER;BOT_MAKER;HYDROGEL_PACK;XIRECS;9911.0;3
67900;BOT_TAKER;BOT_MAKER;VEV_5400;XIRECS;20.0;3
68000;BOT_TAKER;BOT_MAKER;HYDROGEL_PACK;XIRECS;9912.0;3
68100;BOT_MAKER;BOT_TAKER;VELVETFRUIT_EXTRACT;XIRECS;5258.0;8
68100;BOT_MAKER;BOT_TAKER;VEV_5500;XIRECS;3.0;3
68200;BOT_TAKER;BOT_MAKER;VELVETFRUIT_EXTRACT;XIRECS;5263.0;4
68200;BOT_TAKER;BOT_MAKER;VEV_6000;XIRECS;1.0;4
68300;BOT_TAKER;BOT_MAKER;VEV_5400;XIRECS;20.0;2
68300;SUBMISSION;BOT_TAKER;VEV_4000;XIRECS;1212.0;1
68400;BOT_TAKER;BOT_MAKER;HYDROGEL_PACK;XIRECS;9906.0;4
68500;BOT_TAKER;BOT_MAKER;VELVETFRUIT_EXTRACT;XIRECS;5264.0;6
68500;BOT_MAKER;BOT_TAKER;VEV_5300;XIRECS;44.0;5
68600;BOT_MAKER;BOT_TAKER;VEV_5500;XIRECS;3.0;5
68700;BOT_MAKER;BOT_TAKER;VEV_5400;XIRECS;19.0;5
68800;SUBMISSION;BOT_TAKER;VEV_4000;XIRECS;1216.0;1
68900;BOT_TAKER;BOT_MAKER;VEV_5400;XIRECS;20.0;5
68900;BOT_TAKER;BOT_MAKER;VEV_6500;XIRECS;1.0;4
69000;BOT_TAKER;BOT_MAKER;HYDROGEL_PACK;XIRECS;9906.0;3
69000;SUBMISSION;BOT_TAKER;VELVETFRUIT_EXTRACT;XIRECS;5262.0;5
69000;BOT_MAKER;BOT_TAKER;VELVETFRUIT_EXTRACT;XIRECS;5261.0;1
69100;BOT_MAKER;BOT_TAKER;VELVETFRUIT_EXTRACT;XIRECS;5261.0;10
69200;BOT_MAKER;BOT_TAKER;HYDROGEL_PACK;XIRECS;9893.0;5
69300;BOT_MAKER;BOT_TAKER;HYDROGEL_PACK;XIRECS;9891.0;5
69400;BOT_MAKER;BOT_TAKER;HYDROGEL_PACK;XIRECS;9893.0;4
69400;BOT_MAKER;BOT_TAKER;VEV_4000;XIRECS;1218.0;2
69400;BOT_MAKER;BOT_TAKER;VEV_5500;XIRECS;3.0;4
69500;BOT_TAKER;BOT_MAKER;VEV_6500;XIRECS;1.0;4
69600;BOT_MAKER;BOT_TAKER;VEV_5400;XIRECS;18.0;4
69700;BOT_MAKER;BOT_TAKER;VEV_5300;XIRECS;43.0;4
69700;BOT_MAKER;BOT_TAKER;VEV_5500;XIRECS;3.0;5
69700;BOT_MAKER;BOT_TAKER;VEV_6500;XIRECS;0.0;2
69800;BOT_MAKER;BOT_TAKER;VEV_6000;XIRECS;0.0;2
69800;BOT_TAKER;BOT_MAKER;VEV_6500;XIRECS;1.0;2
70000;BOT_MAKER;BOT_TAKER;HYDROGEL_PACK;XIRECS;9890.0;6
70000;BOT_TAKER;BOT_MAKER;VELVETFRUIT_EXTRACT;XIRECS;5267.0;8
70000;BOT_MAKER;BOT_TAKER;VEV_6000;XIRECS;0.0;2
70100;BOT_MAKER;BOT_TAKER;VELVETFRUIT_EXTRACT;XIRECS;5260.0;5
70200;BOT_MAKER;BOT_TAKER;VEV_5400;XIRECS;18.0;3
70300;BOT_TAKER;BOT_MAKER;VELVETFRUIT_EXTRACT;XIRECS;5264.0;11
70300;BOT_TAKER;BOT_MAKER;VEV_6500;XIRECS;1.0;3
70400;BOT_TAKER;BOT_MAKER;VELVETFRUIT_EXTRACT;XIRECS;5264.0;3
70400;BOT_MAKER;BOT_TAKER;VEV_4000;XIRECS;1223.0;1
70600;BOT_MAKER;BOT_TAKER;VELVETFRUIT_EXTRACT;XIRECS;5258.0;8
70600;BOT_TAKER;BOT_MAKER;VEV_4000;XIRECS;1244.0;2
70600;SUBMISSION;BOT_TAKER;VELVETFRUIT_EXTRACT;XIRECS;5259.0;4
70700;BOT_TAKER;BOT_MAKER;VELVETFRUIT_EXTRACT;XIRECS;5263.0;4
70800;BOT_TAKER;BOT_MAKER;VELVETFRUIT_EXTRACT;XIRECS;5265.0;5
70800;BOT_MAKER;BOT_TAKER;VEV_4000;XIRECS;1223.0;2
70800;SUBMISSION;BOT_TAKER;HYDROGEL_PACK;XIRECS;9891.0;2
70900;BOT_MAKER;BOT_TAKER;HYDROGEL_PACK;XIRECS;9888.0;2
70900;BOT_MAKER;BOT_TAKER;VELVETFRUIT_EXTRACT;XIRECS;5260.0;8
70900;BOT_MAKER;BOT_TAKER;VEV_5500;XIRECS;3.0;4
71000;BOT_MAKER;BOT_TAKER;HYDROGEL_PACK;XIRECS;9886.0;4
71100;BOT_MAKER;BOT_TAKER;VELVETFRUIT_EXTRACT;XIRECS;5260.0;5
71200;BOT_TAKER;BOT_MAKER;VELVETFRUIT_EXTRACT;XIRECS;5266.0;7
71300;BOT_MAKER;BOT_TAKER;VEV_6000;XIRECS;0.0;3
71400;BOT_MAKER;BOT_TAKER;VEV_4000;XIRECS;1225.0;1
71500;BOT_MAKER;BOT_TAKER;HYDROGEL_PACK;XIRECS;9892.0;3
71700;BOT_TAKER;BOT_MAKER;VELVETFRUIT_EXTRACT;XIRECS;5265.0;5
71800;BOT_MAKER;BOT_TAKER;HYDROGEL_PACK;XIRECS;9889.0;4
71900;BOT_TAKER;BOT_MAKER;VELVETFRUIT_EXTRACT;XIRECS;5265.0;7
72000;BOT_TAKER;BOT_MAKER;HYDROGEL_PACK;XIRECS;9903.0;5
72100;BOT_TAKER;BOT_MAKER;VELVETFRUIT_EXTRACT;XIRECS;5266.0;7
72100;BOT_MAKER;BOT_TAKER;VEV_6500;XIRECS;0.0;5
72100;BOT_TAKER;SUBMISSION;VELVETFRUIT_EXTRACT;XIRECS;5265.0;3
72200;BOT_MAKER;BOT_TAKER;HYDROGEL_PACK;XIRECS;9887.0;6
72200;BOT_MAKER;BOT_TAKER;VELVETFRUIT_EXTRACT;XIRECS;5260.0;8
72500;BOT_MAKER;BOT_TAKER;VEV_5400;XIRECS;17.0;4
72500;BOT_MAKER;BOT_TAKER;VEV_6000;XIRECS;0.0;2
72700;BOT_TAKER;BOT_MAKER;VELVETFRUIT_EXTRACT;XIRECS;5267.0;8
72700;BOT_TAKER;BOT_MAKER;VEV_6000;XIRECS;1.0;2
72700;BOT_MAKER;BOT_TAKER;VEV_6500;XIRECS;0.0;5
72800;BOT_MAKER;BOT_TAKER;VELVETFRUIT_EXTRACT;XIRECS;5262.0;8
72900;BOT_TAKER;BOT_MAKER;VEV_6500;XIRECS;1.0;5
73000;BOT_MAKER;BOT_TAKER;HYDROGEL_PACK;XIRECS;9872.0;3
73000;BOT_TAKER;BOT_MAKER;VELVETFRUIT_EXTRACT;XIRECS;5268.0;3
73100;BOT_MAKER;BOT_TAKER;HYDROGEL_PACK;XIRECS;9875.0;3
73100;BOT_TAKER;BOT_MAKER;VELVETFRUIT_EXTRACT;XIRECS;5269.0;3
73100;BOT_MAKER;BOT_TAKER;VEV_5500;XIRECS;3.0;2
73300;BOT_MAKER;BOT_TAKER;HYDROGEL_PACK;XIRECS;9873.0;6
73400;BOT_TAKER;BOT_MAKER;VEV_4000;XIRECS;1239.0;1
73500;BOT_TAKER;BOT_MAKER;HYDROGEL_PACK;XIRECS;9889.0;2
73500;BOT_MAKER;BOT_TAKER;VELVETFRUIT_EXTRACT;XIRECS;5263.0;4
73500;BOT_MAKER;BOT_TAKER;VEV_5400;XIRECS;17.0;5
73500;BOT_MAKER;BOT_TAKER;VEV_5400;XIRECS;17.0;2
73600;BOT_MAKER;BOT_TAKER;VELVETFRUIT_EXTRACT;XIRECS;5263.0;7
73600;BOT_MAKER;BOT_TAKER;VEV_5500;XIRECS;3.0;4
73700;BOT_MAKER;BOT_TAKER;VEV_4000;XIRECS;1221.0;2
73900;BOT_TAKER;BOT_MAKER;HYDROGEL_PACK;XIRECS;9891.0;2
73900;BOT_TAKER;BOT_MAKER;VEV_5400;XIRECS;20.0;4
74000;BOT_TAKER;BOT_MAKER;HYDROGEL_PACK;XIRECS;9891.0;3
74200;BOT_MAKER;BOT_TAKER;VELVETFRUIT_EXTRACT;XIRECS;5266.0;5
74400;BOT_TAKER;BOT_MAKER;VELVETFRUIT_EXTRACT;XIRECS;5273.0;10
74500;BOT_MAKER;BOT_TAKER;VELVETFRUIT_EXTRACT;XIRECS;5269.0;4
74600;BOT_MAKER;BOT_TAKER;VEV_6000;XIRECS;0.0;2
74600;SUBMISSION;BOT_TAKER;HYDROGEL_PACK;XIRECS;9874.0;4
74700;BOT_MAKER;BOT_TAKER;VELVETFRUIT_EXTRACT;XIRECS;5269.0;7
74800;BOT_MAKER;BOT_TAKER;VEV_6500;XIRECS;0.0;4
74800;BOT_TAKER;SUBMISSION;HYDROGEL_PACK;XIRECS;9889.0;4
75000;BOT_TAKER;BOT_MAKER;HYDROGEL_PACK;XIRECS;9889.0;4
75100;BOT_TAKER;BOT_MAKER;HYDROGEL_PACK;XIRECS;9887.0;5
75300;SUBMISSION;BOT_TAKER;VELVETFRUIT_EXTRACT;XIRECS;5266.0;5
75400;BOT_MAKER;BOT_TAKER;VELVETFRUIT_EXTRACT;XIRECS;5266.0;6
75400;SUBMISSION;BOT_TAKER;HYDROGEL_PACK;XIRECS;9866.0;5
75400;BOT_MAKER;BOT_TAKER;HYDROGEL_PACK;XIRECS;9865.0;1
75500;BOT_MAKER;BOT_TAKER;HYDROGEL_PACK;XIRECS;9867.0;2
75600;SUBMISSION;BOT_TAKER;VELVETFRUIT_EXTRACT;XIRECS;5267.0;5
75700;BOT_MAKER;BOT_TAKER;VEV_4000;XIRECS;1219.0;3
75700;BOT_TAKER;BOT_MAKER;VEV_5500;XIRECS;4.0;3
75800;BOT_MAKER;BOT_TAKER;HYDROGEL_PACK;XIRECS;9864.0;6
75900;BOT_MAKER;BOT_TAKER;VEV_6500;XIRECS;0.0;2
76000;BOT_TAKER;BOT_MAKER;VELVETFRUIT_EXTRACT;XIRECS;5271.0;8
76100;BOT_MAKER;BOT_TAKER;VEV_4000;XIRECS;1217.0;3
76100;BOT_TAKER;BOT_MAKER;VEV_5300;XIRECS;44.0;2
76100;BOT_TAKER;BOT_MAKER;VEV_6500;XIRECS;1.0;2
76200;BOT_MAKER;BOT_TAKER;VEV_5400;XIRECS;18.0;5
76300;BOT_TAKER;BOT_MAKER;VELVETFRUIT_EXTRACT;XIRECS;5270.0;3
76400;BOT_MAKER;BOT_TAKER;HYDROGEL_PACK;XIRECS;9866.0;2
76500;BOT_MAKER;BOT_TAKER;VELVETFRUIT_EXTRACT;XIRECS;5267.0;4
76500;BOT_TAKER;BOT_MAKER;VEV_5400;XIRECS;19.0;5
76500;BOT_TAKER;SUBMISSION;VELVETFRUIT_EXTRACT;XIRECS;5271.0;5
76500;BOT_TAKER;BOT_MAKER;VELVETFRUIT_EXTRACT;XIRECS;5272.0;3
76600;BOT_TAKER;BOT_MAKER;VEV_6000;XIRECS;1.0;3
76700;BOT_TAKER;BOT_MAKER;HYDROGEL_PACK;XIRECS;9885.0;5
76700;BOT_MAKER;BOT_TAKER;HYDROGEL_PACK;XIRECS;9869.0;3
76700;BOT_TAKER;BOT_MAKER;VEV_4000;XIRECS;1239.0;1
76800;BOT_TAKER;BOT_MAKER;VELVETFRUIT_EXTRACT;XIRECS;5274.0;8
76800;BOT_TAKER;BOT_MAKER;VEV_6500;XIRECS;1.0;2
77000;BOT_MAKER;BOT_TAKER;HYDROGEL_PACK;XIRECS;9873.0;4
77000;BOT_MAKER;BOT_TAKER;VEV_6000;XIRECS;0.0;3
77100;BOT_TAKER;BOT_MAKER;HYDROGEL_PACK;XIRECS;9889.0;5
77100;BOT_TAKER;BOT_MAKER;VEV_4000;XIRECS;1235.0;2
77200;BOT_MAKER;BOT_TAKER;HYDROGEL_PACK;XIRECS;9871.0;4
77200;BOT_MAKER;BOT_TAKER;VELVETFRUIT_EXTRACT;XIRECS;5268.0;3
77200;BOT_TAKER;SUBMISSION;HYDROGEL_PACK;XIRECS;9886.0;2
77300;BOT_TAKER;BOT_MAKER;HYDROGEL_PACK;XIRECS;9884.0;4
77300;BOT_MAKER;BOT_TAKER;VELVETFRUIT_EXTRACT;XIRECS;5267.0;7
77400;BOT_MAKER;BOT_TAKER;VEV_5500;XIRECS;3.0;5
77500;BOT_TAKER;BOT_MAKER;VELVETFRUIT_EXTRACT;XIRECS;5272.0;7
77600;BOT_MAKER;BOT_TAKER;HYDROGEL_PACK;XIRECS;9866.0;3
77600;SUBMISSION;BOT_TAKER;HYDROGEL_PACK;XIRECS;9867.0;5
77600;BOT_MAKER;BOT_TAKER;HYDROGEL_PACK;XIRECS;9866.0;1
77800;BOT_TAKER;BOT_MAKER;VEV_4000;XIRECS;1237.0;3
77900;BOT_MAKER;BOT_TAKER;VEV_5400;XIRECS;17.0;2
78000;BOT_TAKER;BOT_MAKER;VELVETFRUIT_EXTRACT;XIRECS;5270.0;4
78000;BOT_TAKER;BOT_MAKER;VELVETFRUIT_EXTRACT;XIRECS;5270.0;10
78100;BOT_TAKER;BOT_MAKER;VELVETFRUIT_EXTRACT;XIRECS;5270.0;10
78100;BOT_TAKER;BOT_MAKER;VEV_5300;XIRECS;47.0;5
78100;BOT_TAKER;BOT_MAKER;VEV_6000;XIRECS;1.0;4
78200;BOT_MAKER;BOT_TAKER;VELVETFRUIT_EXTRACT;XIRECS;5264.0;5
78200;BOT_MAKER;BOT_TAKER;VEV_6500;XIRECS;0.0;2
78300;BOT_MAKER;BOT_TAKER;VELVETFRUIT_EXTRACT;XIRECS;5264.0;7
78300;BOT_TAKER;BOT_MAKER;VEV_6500;XIRECS;1.0;3
78400;BOT_MAKER;BOT_TAKER;HYDROGEL_PACK;XIRECS;9850.0;4
78500;BOT_MAKER;BOT_TAKER;HYDROGEL_PACK;XIRECS;9849.0;6
78500;BOT_TAKER;SUBMISSION;HYDROGEL_PACK;XIRECS;9864.0;4
78600;BOT_MAKER;BOT_TAKER;VELVETFRUIT_EXTRACT;XIRECS;5262.0;4
78700;BOT_MAKER;BOT_TAKER;HYDROGEL_PACK;XIRECS;9845.0;5
78800;BOT_TAKER;BOT_MAKER;HYDROGEL_PACK;XIRECS;9859.0;6
78900;BOT_MAKER;BOT_TAKER;VELVETFRUIT_EXTRACT;XIRECS;5261.0;5
79100;BOT_TAKER;BOT_MAKER;VEV_4000;XIRECS;1233.0;2
79100;BOT_TAKER;BOT_MAKER;VEV_6500;XIRECS;1.0;4
79100;SUBMISSION;BOT_TAKER;VELVETFRUIT_EXTRACT;XIRECS;5263.0;4
79200;BOT_TAKER;BOT_MAKER;VELVETFRUIT_EXTRACT;XIRECS;5266.0;4
79200;BOT_TAKER;BOT_MAKER;VEV_4000;XIRECS;1233.0;2
79300;BOT_TAKER;BOT_MAKER;HYDROGEL_PACK;XIRECS;9853.0;5
79300;BOT_MAKER;BOT_TAKER;VELVETFRUIT_EXTRACT;XIRECS;5261.0;5
79400;BOT_MAKER;BOT_TAKER;VEV_5200;XIRECS;87.0;2
79400;BOT_MAKER;BOT_TAKER;VEV_5300;XIRECS;47.0;3
79500;BOT_TAKER;SUBMISSION;VELVETFRUIT_EXTRACT;XIRECS;5264.0;5
79500;BOT_TAKER;BOT_MAKER;VELVETFRUIT_EXTRACT;XIRECS;5265.0;2
79600;BOT_MAKER;BOT_TAKER;HYDROGEL_PACK;XIRECS;9838.0;5
79600;BOT_MAKER;BOT_TAKER;VELVETFRUIT_EXTRACT;XIRECS;5261.0;7
79600;BOT_TAKER;BOT_MAKER;VEV_4000;XIRECS;1234.0;3
79600;BOT_TAKER;BOT_MAKER;VEV_5400;XIRECS;18.0;3
79600;SUBMISSION;BOT_TAKER;HYDROGEL_PACK;XIRECS;9839.0;5
79600;BOT_MAKER;BOT_TAKER;HYDROGEL_PACK;XIRECS;9838.0;1
79700;BOT_MAKER;BOT_TAKER;HYDROGEL_PACK;XIRECS;9838.0;6
79700;BOT_TAKER;SUBMISSION;VELVETFRUIT_EXTRACT;XIRECS;5265.0;5
79700;BOT_TAKER;BOT_MAKER;VELVETFRUIT_EXTRACT;XIRECS;5266.0;6
79800;BOT_MAKER;BOT_TAKER;VELVETFRUIT_EXTRACT;XIRECS;5261.0;5
79800;BOT_TAKER;SUBMISSION;VELVETFRUIT_EXTRACT;XIRECS;5264.0;5
79800;BOT_TAKER;BOT_MAKER;VELVETFRUIT_EXTRACT;XIRECS;5265.0;1
79900;BOT_TAKER;BOT_MAKER;VEV_4000;XIRECS;1233.0;2
80000;BOT_TAKER;BOT_MAKER;HYDROGEL_PACK;XIRECS;9858.0;6
80000;BOT_MAKER;BOT_TAKER;VEV_5500;XIRECS;3.0;4
80000;BOT_TAKER;BOT_MAKER;VEV_6500;XIRECS;1.0;3
80100;BOT_MAKER;BOT_TAKER;VELVETFRUIT_EXTRACT;XIRECS;5258.0;3
80200;BOT_MAKER;BOT_TAKER;VEV_6000;XIRECS;0.0;4
80300;BOT_MAKER;BOT_TAKER;VELVETFRUIT_EXTRACT;XIRECS;5261.0;5
80400;BOT_MAKER;BOT_TAKER;HYDROGEL_PACK;XIRECS;9850.0;2
80500;BOT_MAKER;BOT_TAKER;HYDROGEL_PACK;XIRECS;9849.0;3
80600;BOT_MAKER;BOT_TAKER;VELVETFRUIT_EXTRACT;XIRECS;5260.0;7
80700;BOT_TAKER;BOT_MAKER;HYDROGEL_PACK;XIRECS;9865.0;6
80700;BOT_MAKER;BOT_TAKER;VELVETFRUIT_EXTRACT;XIRECS;5262.0;5
80800;BOT_MAKER;BOT_TAKER;HYDROGEL_PACK;XIRECS;9851.0;3
80800;BOT_MAKER;BOT_TAKER;VELVETFRUIT_EXTRACT;XIRECS;5261.0;8
80800;BOT_TAKER;BOT_MAKER;VEV_4000;XIRECS;1239.0;2
80800;BOT_MAKER;BOT_TAKER;VEV_6000;XIRECS;0.0;4
80800;SUBMISSION;BOT_TAKER;HYDROGEL_PACK;XIRECS;9852.0;3
80900;BOT_MAKER;BOT_TAKER;HYDROGEL_PACK;XIRECS;9851.0;4
80900;BOT_MAKER;BOT_TAKER;VELVETFRUIT_EXTRACT;XIRECS;5263.0;5
80900;BOT_MAKER;BOT_TAKER;VEV_6500;XIRECS;0.0;5
81000;BOT_MAKER;BOT_TAKER;HYDROGEL_PACK;XIRECS;9850.0;2
81100;BOT_TAKER;BOT_MAKER;HYDROGEL_PACK;XIRECS;9864.0;5
81100;BOT_TAKER;SUBMISSION;HYDROGEL_PACK;XIRECS;9863.0;3
81200;BOT_TAKER;BOT_MAKER;VEV_5400;XIRECS;20.0;5
81200;BOT_TAKER;SUBMISSION;VELVETFRUIT_EXTRACT;XIRECS;5265.0;3
81300;BOT_MAKER;BOT_TAKER;VELVETFRUIT_EXTRACT;XIRECS;5262.0;7
81400;BOT_TAKER;BOT_MAKER;HYDROGEL_PACK;XIRECS;9868.0;4
81400;BOT_MAKER;BOT_TAKER;VEV_6000;XIRECS;0.0;2
81500;BOT_MAKER;BOT_TAKER;VELVETFRUIT_EXTRACT;XIRECS;5259.0;5
81600;BOT_TAKER;BOT_MAKER;HYDROGEL_PACK;XIRECS;9866.0;2
81600;BOT_TAKER;BOT_MAKER;VELVETFRUIT_EXTRACT;XIRECS;5263.0;5
81700;BOT_TAKER;SUBMISSION;VELVETFRUIT_EXTRACT;XIRECS;5261.0;5
81700;BOT_TAKER;BOT_MAKER;VELVETFRUIT_EXTRACT;XIRECS;5262.0;3
81800;BOT_MAKER;BOT_TAKER;VEV_4000;XIRECS;1224.0;2
81900;BOT_TAKER;SUBMISSION;VELVETFRUIT_EXTRACT;XIRECS;5260.0;5
81900;BOT_TAKER;BOT_MAKER;VELVETFRUIT_EXTRACT;XIRECS;5261.0;3
82000;BOT_MAKER;BOT_TAKER;HYDROGEL_PACK;XIRECS;9860.0;6
82100;BOT_TAKER;BOT_MAKER;HYDROGEL_PACK;XIRECS;9874.0;3
82100;BOT_TAKER;BOT_MAKER;VELVETFRUIT_EXTRACT;XIRECS;5260.0;10
82200;BOT_TAKER;BOT_MAKER;HYDROGEL_PACK;XIRECS;9876.0;6
82400;BOT_MAKER;BOT_TAKER;HYDROGEL_PACK;XIRECS;9858.0;6
82400;BOT_MAKER;BOT_TAKER;VELVETFRUIT_EXTRACT;XIRECS;5255.0;5
82400;SUBMISSION;BOT_TAKER;VELVETFRUIT_EXTRACT;XIRECS;5256.0;5
82500;BOT_TAKER;BOT_MAKER;VEV_4000;XIRECS;1244.0;3
82600;BOT_TAKER;BOT_MAKER;VELVETFRUIT_EXTRACT;XIRECS;5261.0;8
82700;BOT_TAKER;BOT_MAKER;HYDROGEL_PACK;XIRECS;9874.0;6
82700;BOT_MAKER;BOT_TAKER;VEV_4000;XIRECS;1222.0;1
82800;BOT_MAKER;BOT_TAKER;HYDROGEL_PACK;XIRECS;9858.0;4
82800;BOT_TAKER;BOT_MAKER;VEV_4000;XIRECS;1242.0;2
82900;BOT_MAKER;BOT_TAKER;HYDROGEL_PACK;XIRECS;9860.0;6
82900;BOT_TAKER;BOT_MAKER;VEV_4000;XIRECS;1242.0;2
82900;BOT_MAKER;BOT_TAKER;VEV_6500;XIRECS;0.0;3
82900;BOT_TAKER;SUBMISSION;VELVETFRUIT_EXTRACT;XIRECS;5262.0;5
83000;BOT_TAKER;BOT_MAKER;HYDROGEL_PACK;XIRECS;9875.0;3
83000;BOT_MAKER;BOT_TAKER;VELVETFRUIT_EXTRACT;XIRECS;5261.0;6
83000;BOT_TAKER;BOT_MAKER;VELVETFRUIT_EXTRACT;XIRECS;5266.0;5
83100;BOT_MAKER;BOT_TAKER;VELVETFRUIT_EXTRACT;XIRECS;5260.0;3
83200;BOT_TAKER;BOT_MAKER;VELVETFRUIT_EXTRACT;XIRECS;5265.0;3
83400;BOT_TAKER;BOT_MAKER;HYDROGEL_PACK;XIRECS;9873.0;3
83400;BOT_TAKER;BOT_MAKER;VEV_4000;XIRECS;1242.0;2
83600;BOT_TAKER;BOT_MAKER;VELVETFRUIT_EXTRACT;XIRECS;5264.0;13
83600;BOT_TAKER;BOT_MAKER;VEV_6000;XIRECS;1.0;5
83700;BOT_TAKER;BOT_MAKER;HYDROGEL_PACK;XIRECS;9873.0;2
83700;BOT_MAKER;BOT_TAKER;VEV_4000;XIRECS;1220.0;3
84000;BOT_MAKER;BOT_TAKER;HYDROGEL_PACK;XIRECS;9856.0;5
84000;BOT_TAKER;BOT_MAKER;VELVETFRUIT_EXTRACT;XIRECS;5265.0;8
84100;BOT_MAKER;BOT_TAKER;HYDROGEL_PACK;XIRECS;9855.0;3
84100;BOT_MAKER;BOT_TAKER;VELVETFRUIT_EXTRACT;XIRECS;5259.0;3
84200;BOT_TAKER;BOT_MAKER;VEV_6000;XIRECS;1.0;2
84300;BOT_MAKER;BOT_TAKER;HYDROGEL_PACK;XIRECS;9861.0;3
84300;BOT_MAKER;BOT_TAKER;VEV_5500;XIRECS;3.0;2
84300;BOT_TAKER;BOT_MAKER;VEV_6000;XIRECS;1.0;5
84400;BOT_TAKER;BOT_MAKER;VEV_5200;XIRECS;90.0;5
84500;BOT_MAKER;BOT_TAKER;HYDROGEL_PACK;XIRECS;9860.0;5
84500;BOT_TAKER;BOT_MAKER;VELVETFRUIT_EXTRACT;XIRECS;5265.0;6
84600;BOT_TAKER;BOT_MAKER;VEV_4000;XIRECS;1245.0;3
84700;BOT_TAKER;BOT_MAKER;HYDROGEL_PACK;XIRECS;9876.0;2
84700;BOT_TAKER;BOT_MAKER;VELVETFRUIT_EXTRACT;XIRECS;5267.0;6
84800;BOT_TAKER;SUBMISSION;HYDROGEL_PACK;XIRECS;9875.0;5
84900;BOT_TAKER;BOT_MAKER;VELVETFRUIT_EXTRACT;XIRECS;5264.0;4
85000;BOT_TAKER;BOT_MAKER;VELVETFRUIT_EXTRACT;XIRECS;5266.0;6
85000;BOT_MAKER;BOT_TAKER;VEV_4000;XIRECS;1225.0;1
85100;BOT_TAKER;BOT_MAKER;VELVETFRUIT_EXTRACT;XIRECS;5267.0;6
85100;BOT_TAKER;BOT_MAKER;VEV_5400;XIRECS;21.0;3
85100;BOT_TAKER;SUBMISSION;HYDROGEL_PACK;XIRECS;9877.0;4
85200;BOT_TAKER;BOT_MAKER;HYDROGEL_PACK;XIRECS;9882.0;4
85200;BOT_MAKER;BOT_TAKER;VELVETFRUIT_EXTRACT;XIRECS;5261.0;4
85200;BOT_TAKER;SUBMISSION;VELVETFRUIT_EXTRACT;XIRECS;5266.0;5
85200;BOT_TAKER;BOT_MAKER;VELVETFRUIT_EXTRACT;XIRECS;5267.0;3
85300;BOT_MAKER;BOT_TAKER;VEV_4000;XIRECS;1224.0;3
85500;BOT_TAKER;BOT_MAKER;VEV_4000;XIRECS;1245.0;1
85600;BOT_TAKER;BOT_MAKER;VELVETFRUIT_EXTRACT;XIRECS;5266.0;7
85800;BOT_TAKER;BOT_MAKER;VELVETFRUIT_EXTRACT;XIRECS;5268.0;4
85900;BOT_TAKER;BOT_MAKER;HYDROGEL_PACK;XIRECS;9873.0;5
85900;BOT_MAKER;BOT_TAKER;VELVETFRUIT_EXTRACT;XIRECS;5262.0;8
85900;BOT_TAKER;BOT_MAKER;VELVETFRUIT_EXTRACT;XIRECS;5266.0;6
86000;BOT_TAKER;BOT_MAKER;VELVETFRUIT_EXTRACT;XIRECS;5268.0;3
86000;BOT_TAKER;BOT_MAKER;VEV_5500;XIRECS;5.0;2
86000;BOT_TAKER;SUBMISSION;HYDROGEL_PACK;XIRECS;9871.0;3
86100;BOT_TAKER;BOT_MAKER;VEV_6000;XIRECS;1.0;3
86100;SUBMISSION;BOT_TAKER;VELVETFRUIT_EXTRACT;XIRECS;5263.0;3
86100;BOT_TAKER;SUBMISSION;VEV_4000;XIRECS;1247.0;2
86300;BOT_TAKER;BOT_MAKER;VELVETFRUIT_EXTRACT;XIRECS;5267.0;7
86300;BOT_TAKER;BOT_MAKER;VEV_5500;XIRECS;5.0;5
86400;BOT_MAKER;BOT_TAKER;HYDROGEL_PACK;XIRECS;9857.0;5
86800;BOT_MAKER;BOT_TAKER;VELVETFRUIT_EXTRACT;XIRECS;5264.0;5
86900;SUBMISSION;BOT_TAKER;HYDROGEL_PACK;XIRECS;9849.0;4
87000;BOT_MAKER;BOT_TAKER;VELVETFRUIT_EXTRACT;XIRECS;5264.0;5
87000;SUBMISSION;BOT_TAKER;VELVETFRUIT_EXTRACT;XIRECS;5265.0;5
87000;BOT_MAKER;BOT_TAKER;VELVETFRUIT_EXTRACT;XIRECS;5264.0;3
87200;BOT_MAKER;BOT_TAKER;HYDROGEL_PACK;XIRECS;9845.0;4
87300;BOT_MAKER;BOT_TAKER;VELVETFRUIT_EXTRACT;XIRECS;5265.0;9
87400;BOT_TAKER;BOT_MAKER;VEV_6000;XIRECS;1.0;5
87500;BOT_MAKER;BOT_TAKER;VELVETFRUIT_EXTRACT;XIRECS;5263.0;5
87500;BOT_MAKER;BOT_TAKER;VEV_6000;XIRECS;0.0;4
87500;BOT_TAKER;SUBMISSION;VELVETFRUIT_EXTRACT;XIRECS;5268.0;4
87600;BOT_MAKER;BOT_TAKER;HYDROGEL_PACK;XIRECS;9847.0;5
87600;BOT_TAKER;BOT_MAKER;VELVETFRUIT_EXTRACT;XIRECS;5269.0;3
87700;BOT_MAKER;BOT_TAKER;VELVETFRUIT_EXTRACT;XIRECS;5265.0;7
87800;BOT_MAKER;BOT_TAKER;VEV_4000;XIRECS;1232.0;2
87900;BOT_TAKER;BOT_MAKER;HYDROGEL_PACK;XIRECS;9861.0;4
87900;BOT_MAKER;BOT_TAKER;VEV_6000;XIRECS;0.0;4
88000;BOT_MAKER;BOT_TAKER;HYDROGEL_PACK;XIRECS;9844.0;6
88000;BOT_MAKER;BOT_TAKER;VELVETFRUIT_EXTRACT;XIRECS;5266.0;7
88100;BOT_MAKER;BOT_TAKER;VEV_6500;XIRECS;0.0;5
88200;BOT_TAKER;BOT_MAKER;VEV_5300;XIRECS;50.0;4
88300;BOT_TAKER;BOT_MAKER;VEV_6000;XIRECS;1.0;2
88400;BOT_TAKER;BOT_MAKER;HYDROGEL_PACK;XIRECS;9867.0;6
88400;BOT_MAKER;BOT_TAKER;VELVETFRUIT_EXTRACT;XIRECS;5266.0;7
88400;BOT_MAKER;BOT_TAKER;VEV_5500;XIRECS;3.0;4
88500;BOT_MAKER;BOT_TAKER;VELVETFRUIT_EXTRACT;XIRECS;5265.0;6
88500;BOT_MAKER;BOT_TAKER;VEV_6000;XIRECS;0.0;2
88600;BOT_MAKER;BOT_TAKER;VELVETFRUIT_EXTRACT;XIRECS;5263.0;4
88700;SUBMISSION;BOT_TAKER;VELVETFRUIT_EXTRACT;XIRECS;5264.0;4
88800;BOT_TAKER;BOT_MAKER;VEV_4000;XIRECS;1251.0;3
88900;BOT_TAKER;BOT_MAKER;HYDROGEL_PACK;XIRECS;9859.0;5
88900;BOT_TAKER;BOT_MAKER;VELVETFRUIT_EXTRACT;XIRECS;5267.0;6
88900;BOT_TAKER;BOT_MAKER;VEV_5500;XIRECS;4.0;2
89000;BOT_MAKER;BOT_TAKER;VELVETFRUIT_EXTRACT;XIRECS;5262.0;5
89000;BOT_TAKER;BOT_MAKER;VEV_4000;XIRECS;1251.0;2
89000;BOT_TAKER;BOT_MAKER;VEV_5500;XIRECS;4.0;4
89000;BOT_TAKER;SUBMISSION;VELVETFRUIT_EXTRACT;XIRECS;5267.0;5
89000;BOT_TAKER;BOT_MAKER;VELVETFRUIT_EXTRACT;XIRECS;5268.0;7
89200;BOT_TAKER;BOT_MAKER;VEV_5300;XIRECS;47.0;5
89200;BOT_TAKER;SUBMISSION;VELVETFRUIT_EXTRACT;XIRECS;5269.0;5
89200;BOT_TAKER;BOT_MAKER;VELVETFRUIT_EXTRACT;XIRECS;5270.0;1
89400;BOT_MAKER;BOT_TAKER;HYDROGEL_PACK;XIRECS;9844.0;2
89500;BOT_TAKER;BOT_MAKER;VEV_4000;XIRECS;1250.0;3
89500;BOT_MAKER;BOT_TAKER;VEV_5400;XIRECS;19.0;2
89600;BOT_TAKER;BOT_MAKER;VEV_6500;XIRECS;1.0;4
89600;SUBMISSION;BOT_TAKER;VEV_4000;XIRECS;1230.0;2
89800;BOT_TAKER;BOT_MAKER;VELVETFRUIT_EXTRACT;XIRECS;5267.0;8
89900;BOT_MAKER;BOT_TAKER;HYDROGEL_PACK;XIRECS;9838.0;6
89900;BOT_MAKER;BOT_TAKER;VELVETFRUIT_EXTRACT;XIRECS;5262.0;8
90000;BOT_TAKER;BOT_MAKER;HYDROGEL_PACK;XIRECS;9855.0;4
90000;BOT_MAKER;BOT_TAKER;VEV_4000;XIRECS;1227.0;2
90000;BOT_TAKER;BOT_MAKER;VEV_4000;XIRECS;1248.0;2
90100;BOT_TAKER;BOT_MAKER;VELVETFRUIT_EXTRACT;XIRECS;5268.0;3
90300;BOT_MAKER;BOT_TAKER;VELVETFRUIT_EXTRACT;XIRECS;5262.0;7
90300;BOT_TAKER;SUBMISSION;HYDROGEL_PACK;XIRECS;9855.0;4
90400;BOT_MAKER;BOT_TAKER;HYDROGEL_PACK;XIRECS;9843.0;5
90400;BOT_MAKER;BOT_TAKER;VEV_6000;XIRECS;0.0;2
90500;BOT_TAKER;BOT_MAKER;HYDROGEL_PACK;XIRECS;9855.0;4
90600;BOT_MAKER;BOT_TAKER;HYDROGEL_PACK;XIRECS;9842.0;4
90600;SUBMISSION;BOT_TAKER;VELVETFRUIT_EXTRACT;XIRECS;5265.0;5
90600;BOT_MAKER;BOT_TAKER;VELVETFRUIT_EXTRACT;XIRECS;5264.0;3
90700;BOT_MAKER;BOT_TAKER;VEV_6000;XIRECS;0.0;4
90900;BOT_MAKER;BOT_TAKER;HYDROGEL_PACK;XIRECS;9842.0;2
91000;BOT_TAKER;BOT_MAKER;VELVETFRUIT_EXTRACT;XIRECS;5270.0;8
91000;BOT_MAKER;BOT_TAKER;VEV_4000;XIRECS;1229.0;3
91000;SUBMISSION;BOT_TAKER;VELVETFRUIT_EXTRACT;XIRECS;5266.0;5
91100;BOT_TAKER;BOT_MAKER;HYDROGEL_PACK;XIRECS;9857.0;2
91100;BOT_MAKER;BOT_TAKER;VEV_6500;XIRECS;0.0;2
91100;SUBMISSION;BOT_TAKER;HYDROGEL_PACK;XIRECS;9842.0;5
91100;BOT_MAKER;BOT_TAKER;HYDROGEL_PACK;XIRECS;9841.0;1
91300;BOT_MAKER;BOT_TAKER;HYDROGEL_PACK;XIRECS;9845.0;6
91300;BOT_MAKER;BOT_TAKER;VEV_6000;XIRECS;0.0;4
91300;BOT_MAKER;BOT_TAKER;VEV_6000;XIRECS;0.0;5
91300;BOT_TAKER;SUBMISSION;HYDROGEL_PACK;XIRECS;9860.0;5
91600;BOT_MAKER;BOT_TAKER;VELVETFRUIT_EXTRACT;XIRECS;5264.0;9
91600;BOT_TAKER;BOT_MAKER;VEV_4000;XIRECS;1248.0;1
91600;SUBMISSION;BOT_TAKER;VEV_4000;XIRECS;1228.0;3
91700;BOT_TAKER;BOT_MAKER;VELVETFRUIT_EXTRACT;XIRECS;5269.0;5
91700;BOT_TAKER;BOT_MAKER;VEV_5500;XIRECS;3.0;2
91700;BOT_MAKER;BOT_TAKER;VEV_6500;XIRECS;0.0;4
91800;BOT_TAKER;BOT_MAKER;HYDROGEL_PACK;XIRECS;9862.0;2
91800;BOT_MAKER;BOT_TAKER;VELVETFRUIT_EXTRACT;XIRECS;5265.0;6
91900;BOT_MAKER;BOT_TAKER;HYDROGEL_PACK;XIRECS;9845.0;4
91900;BOT_TAKER;BOT_MAKER;VELVETFRUIT_EXTRACT;XIRECS;5271.0;7
92000;BOT_TAKER;BOT_MAKER;HYDROGEL_PACK;XIRECS;9862.0;2
92000;BOT_TAKER;BOT_MAKER;VEV_5500;XIRECS;3.0;4
92300;BOT_TAKER;BOT_MAKER;VEV_6000;XIRECS;1.0;5
92300;BOT_TAKER;BOT_MAKER;VEV_6500;XIRECS;1.0;3
92400;BOT_TAKER;BOT_MAKER;HYDROGEL_PACK;XIRECS;9856.0;5
92400;BOT_TAKER;BOT_MAKER;VEV_4000;XIRECS;1251.0;2
92400;SUBMISSION;BOT_TAKER;HYDROGEL_PACK;XIRECS;9841.0;2
92400;SUBMISSION;BOT_TAKER;VELVETFRUIT_EXTRACT;XIRECS;5267.0;5
92400;BOT_MAKER;BOT_TAKER;VELVETFRUIT_EXTRACT;XIRECS;5266.0;3
92500;BOT_MAKER;BOT_TAKER;VELVETFRUIT_EXTRACT;XIRECS;5265.0;3
92500;BOT_TAKER;BOT_MAKER;VEV_4000;XIRECS;1250.0;3
92600;BOT_MAKER;BOT_TAKER;VELVETFRUIT_EXTRACT;XIRECS;5265.0;7
92700;BOT_TAKER;BOT_MAKER;VELVETFRUIT_EXTRACT;XIRECS;5271.0;7
92700;BOT_MAKER;BOT_TAKER;VEV_5200;XIRECS;92.0;2
93000;BOT_MAKER;BOT_TAKER;VELVETFRUIT_EXTRACT;XIRECS;5266.0;4
93100;SUBMISSION;BOT_TAKER;VELVETFRUIT_EXTRACT;XIRECS;5268.0;5
93100;BOT_MAKER;BOT_TAKER;VELVETFRUIT_EXTRACT;XIRECS;5267.0;2
93200;BOT_MAKER;BOT_TAKER;HYDROGEL_PACK;XIRECS;9849.0;2
93200;BOT_TAKER;BOT_MAKER;VEV_5300;XIRECS;49.0;5
93300;BOT_MAKER;BOT_TAKER;VELVETFRUIT_EXTRACT;XIRECS;5267.0;8
93400;BOT_MAKER;BOT_TAKER;VELVETFRUIT_EXTRACT;XIRECS;5267.0;4
93500;BOT_MAKER;BOT_TAKER;HYDROGEL_PACK;XIRECS;9850.0;6
93500;BOT_MAKER;BOT_TAKER;VEV_5300;XIRECS;46.0;3
93600;BOT_MAKER;BOT_TAKER;HYDROGEL_PACK;XIRECS;9851.0;5
93600;BOT_TAKER;BOT_MAKER;VELVETFRUIT_EXTRACT;XIRECS;5271.0;7
93600;BOT_MAKER;BOT_TAKER;VEV_4000;XIRECS;1226.0;3
93600;BOT_MAKER;BOT_TAKER;VEV_6500;XIRECS;0.0;2
93700;BOT_TAKER;BOT_MAKER;HYDROGEL_PACK;XIRECS;9868.0;2
93800;BOT_MAKER;BOT_TAKER;VELVETFRUIT_EXTRACT;XIRECS;5266.0;4
93800;BOT_TAKER;BOT_MAKER;VEV_4000;XIRECS;1247.0;1
93800;BOT_TAKER;BOT_MAKER;VEV_6000;XIRECS;1.0;3
93800;SUBMISSION;BOT_TAKER;VEV_4000;XIRECS;1228.0;2
93900;BOT_TAKER;BOT_MAKER;HYDROGEL_PACK;XIRECS;9868.0;2
93900;BOT_TAKER;BOT_MAKER;VEV_4000;XIRECS;1248.0;3
94000;BOT_MAKER;BOT_TAKER;VEV_4000;XIRECS;1227.0;1
94100;BOT_MAKER;BOT_TAKER;VEV_4000;XIRECS;1226.0;1
94100;BOT_MAKER;BOT_TAKER;VEV_5500;XIRECS;2.0;3
94200;BOT_MAKER;BOT_TAKER;VELVETFRUIT_EXTRACT;XIRECS;5264.0;8
94300;BOT_TAKER;BOT_MAKER;HYDROGEL_PACK;XIRECS;9864.0;5
94400;BOT_TAKER;BOT_MAKER;HYDROGEL_PACK;XIRECS;9865.0;5
94400;BOT_TAKER;BOT_MAKER;VEV_6000;XIRECS;1.0;3
94600;BOT_MAKER;BOT_TAKER;HYDROGEL_PACK;XIRECS;9848.0;5
94600;BOT_MAKER;BOT_TAKER;VELVETFRUIT_EXTRACT;XIRECS;5266.0;5
94800;BOT_TAKER;BOT_MAKER;HYDROGEL_PACK;XIRECS;9862.0;6
94900;BOT_TAKER;BOT_MAKER;VEV_6500;XIRECS;1.0;5
95000;BOT_MAKER;BOT_TAKER;HYDROGEL_PACK;XIRECS;9847.0;6
95000;BOT_MAKER;BOT_TAKER;VELVETFRUIT_EXTRACT;XIRECS;5266.0;7
95000;BOT_MAKER;BOT_TAKER;VEV_6000;XIRECS;0.0;4
95000;SUBMISSION;BOT_TAKER;VELVETFRUIT_EXTRACT;XIRECS;5267.0;5
95000;BOT_MAKER;BOT_TAKER;VELVETFRUIT_EXTRACT;XIRECS;5266.0;2
95100;BOT_TAKER;BOT_MAKER;VELVETFRUIT_EXTRACT;XIRECS;5272.0;7
95100;BOT_MAKER;BOT_TAKER;VEV_6500;XIRECS;0.0;2
95200;BOT_TAKER;BOT_MAKER;VELVETFRUIT_EXTRACT;XIRECS;5274.0;4
95200;BOT_TAKER;BOT_MAKER;VEV_5500;XIRECS;3.0;4
95300;BOT_MAKER;BOT_TAKER;HYDROGEL_PACK;XIRECS;9849.0;5
95300;BOT_TAKER;BOT_MAKER;VELVETFRUIT_EXTRACT;XIRECS;5275.0;3
95300;BOT_TAKER;BOT_MAKER;VEV_4000;XIRECS;1250.0;3
95400;BOT_TAKER;BOT_MAKER;HYDROGEL_PACK;XIRECS;9870.0;5
95400;BOT_MAKER;BOT_TAKER;VELVETFRUIT_EXTRACT;XIRECS;5270.0;8
95400;BOT_TAKER;BOT_MAKER;VELVETFRUIT_EXTRACT;XIRECS;5274.0;7
95500;BOT_MAKER;BOT_TAKER;HYDROGEL_PACK;XIRECS;9854.0;5
95500;BOT_TAKER;BOT_MAKER;VELVETFRUIT_EXTRACT;XIRECS;5273.0;8
95500;BOT_MAKER;BOT_TAKER;VEV_4000;XIRECS;1229.0;3
95700;BOT_TAKER;BOT_MAKER;HYDROGEL_PACK;XIRECS;9867.0;5
95700;BOT_MAKER;BOT_TAKER;VELVETFRUIT_EXTRACT;XIRECS;5270.0;12
95900;BOT_TAKER;BOT_MAKER;HYDROGEL_PACK;XIRECS;9871.0;6
96000;BOT_TAKER;BOT_MAKER;HYDROGEL_PACK;XIRECS;9870.0;4
96100;BOT_TAKER;BOT_MAKER;HYDROGEL_PACK;XIRECS;9868.0;5
96100;BOT_MAKER;BOT_TAKER;VEV_4000;XIRECS;1225.0;1
96200;BOT_TAKER;BOT_MAKER;VELVETFRUIT_EXTRACT;XIRECS;5275.0;3
96200;BOT_TAKER;BOT_MAKER;VEV_4000;XIRECS;1247.0;3
96300;BOT_TAKER;BOT_MAKER;VEV_5500;XIRECS;3.0;3
96400;BOT_MAKER;BOT_TAKER;VELVETFRUIT_EXTRACT;XIRECS;5270.0;7
96600;BOT_TAKER;SUBMISSION;VELVETFRUIT_EXTRACT;XIRECS;5277.0;5
96600;BOT_TAKER;BOT_MAKER;VELVETFRUIT_EXTRACT;XIRECS;5278.0;1
96700;SUBMISSION;BOT_TAKER;HYDROGEL_PACK;XIRECS;9859.0;3
96800;BOT_TAKER;BOT_MAKER;HYDROGEL_PACK;XIRECS;9877.0;4
97000;BOT_MAKER;BOT_TAKER;HYDROGEL_PACK;XIRECS;9859.0;5
97000;BOT_TAKER;BOT_MAKER;VELVETFRUIT_EXTRACT;XIRECS;5280.0;7
97000;BOT_TAKER;BOT_MAKER;VELVETFRUIT_EXTRACT;XIRECS;5280.0;5
97000;SUBMISSION;BOT_TAKER;VELVETFRUIT_EXTRACT;XIRECS;5275.0;4
97100;BOT_TAKER;BOT_MAKER;VELVETFRUIT_EXTRACT;XIRECS;5282.0;8
97100;BOT_MAKER;BOT_TAKER;VEV_5400;XIRECS;20.0;4
97200;BOT_MAKER;BOT_TAKER;HYDROGEL_PACK;XIRECS;9858.0;2
97200;BOT_TAKER;BOT_MAKER;VEV_6000;XIRECS;1.0;3
97300;BOT_MAKER;BOT_TAKER;VEV_5400;XIRECS;20.0;4
97400;BOT_TAKER;BOT_MAKER;VELVETFRUIT_EXTRACT;XIRECS;5284.0;5
97500;BOT_TAKER;BOT_MAKER;VEV_5400;XIRECS;22.0;4
97600;BOT_MAKER;BOT_TAKER;HYDROGEL_PACK;XIRECS;9862.0;2
97700;BOT_MAKER;BOT_TAKER;VELVETFRUIT_EXTRACT;XIRECS;5278.0;5
97700;BOT_MAKER;BOT_TAKER;VEV_5400;XIRECS;20.0;2
97800;BOT_MAKER;BOT_TAKER;VELVETFRUIT_EXTRACT;XIRECS;5278.0;6
97800;BOT_TAKER;BOT_MAKER;VEV_4000;XIRECS;1245.0;3
97800;BOT_TAKER;BOT_MAKER;VEV_5500;XIRECS;3.0;4
97900;BOT_MAKER;BOT_TAKER;VEV_6000;XIRECS;0.0;2
98000;BOT_MAKER;BOT_TAKER;HYDROGEL_PACK;XIRECS;9857.0;4
98000;BOT_MAKER;BOT_TAKER;VEV_5400;XIRECS;20.0;2
98100;BOT_MAKER;BOT_TAKER;VELVETFRUIT_EXTRACT;XIRECS;5278.0;5
98300;BOT_TAKER;BOT_MAKER;HYDROGEL_PACK;XIRECS;9863.0;3
98400;BOT_TAKER;BOT_MAKER;HYDROGEL_PACK;XIRECS;9862.0;3
98500;BOT_MAKER;BOT_TAKER;VELVETFRUIT_EXTRACT;XIRECS;5278.0;7
98500;BOT_TAKER;BOT_MAKER;VEV_6000;XIRECS;1.0;3
98500;BOT_TAKER;BOT_MAKER;VEV_6500;XIRECS;1.0;5
98500;SUBMISSION;BOT_TAKER;VELVETFRUIT_EXTRACT;XIRECS;5279.0;5
98500;BOT_MAKER;BOT_TAKER;VELVETFRUIT_EXTRACT;XIRECS;5278.0;1
98600;BOT_MAKER;BOT_TAKER;HYDROGEL_PACK;XIRECS;9843.0;6
98600;BOT_MAKER;BOT_TAKER;VEV_6500;XIRECS;0.0;2
98700;BOT_MAKER;BOT_TAKER;VELVETFRUIT_EXTRACT;XIRECS;5282.0;6
98800;BOT_TAKER;SUBMISSION;VELVETFRUIT_EXTRACT;XIRECS;5284.0;5
98800;BOT_TAKER;BOT_MAKER;VELVETFRUIT_EXTRACT;XIRECS;5285.0;1
98900;BOT_TAKER;BOT_MAKER;VELVETFRUIT_EXTRACT;XIRECS;5285.0;7
98900;BOT_TAKER;BOT_MAKER;VEV_6000;XIRECS;1.0;3
98900;BOT_MAKER;BOT_TAKER;VEV_6000;XIRECS;0.0;2
99000;BOT_MAKER;BOT_TAKER;HYDROGEL_PACK;XIRECS;9842.0;2
99000;BOT_MAKER;BOT_TAKER;VEV_6000;XIRECS;0.0;4
99100;BOT_MAKER;BOT_TAKER;VELVETFRUIT_EXTRACT;XIRECS;5280.0;7
99200;BOT_TAKER;BOT_MAKER;HYDROGEL_PACK;XIRECS;9865.0;3
99400;BOT_MAKER;BOT_TAKER;VELVETFRUIT_EXTRACT;XIRECS;5278.0;5
99400;BOT_TAKER;BOT_MAKER;VEV_5400;XIRECS;22.0;4
99600;SUBMISSION;BOT_TAKER;VEV_4000;XIRECS;1224.0;3
99700;BOT_TAKER;BOT_MAKER;VELVETFRUIT_EXTRACT;XIRECS;5283.0;8
99700;BOT_TAKER;BOT_MAKER;VEV_5300;XIRECS;43.0;5
99800;BOT_TAKER;BOT_MAKER;HYDROGEL_PACK;XIRECS;9868.0;6
99900;BOT_MAKER;BOT_TAKER;HYDROGEL_PACK;XIRECS;9853.0;4
99900;BOT_TAKER;BOT_MAKER;VEV_4000;XIRECS;1244.0;1
