day;timestamp;product;bid_price_1;bid_volume_1;bid_price_2;bid_volume_2;bid_price_3;bid_volume_3;ask_price_1;ask_volume_1;ask_price_2;ask_volume_2;ask_price_3;ask_volume_3;mid_price;profit_and_loss
-2;0;ASH_COATED_OSMIUM;9990;28;;;;;10008;12;10010;28;;;9999.0;0.0
-2;0;HYDROGEL_PACK;9971;12;9969;29;;;9987;12;9990;29;;;9979.0;0.0
-2;0;INTARIAN_PEPPER_ROOT;12993;11;12990;21;;;13007;11;13010;21;;;13000.0;0.0
-2;0;VELVETFRUIT_EXTRACT;5259;43;;;;;5265;51;;;;;5262.0;0.0
-2;0;VEV_4000;1252;11;1249;18;;;1273;11;1276;18;;;1262.5;0.0
-2;0;VEV_4500;754;12;753;7;752;23;770;12;772;23;;;762.0;0.0
-2;0;VEV_5000;263;7;262;19;;;269;7;;;;;266.0;0.0
-2;0;VEV_5100;173;8;172;22;;;177;34;;;;;175.0;0.0
-2;0;VEV_5200;100;22;99;28;;;103;24;;;;;101.5;0.0
-2;0;VEV_5300;49;18;;;;;51;21;52;10;;;50.0;0.0
-2;0;VEV_5400;16;20;;;;;17;26;;;;;16.5;0.0
-2;0;VEV_5500;6;22;;;;;7;24;;;;;6.5;0.0
-2;0;VEV_6000;0;26;;;;;1;26;;;;;0.5;0.0
-2;0;VEV_6500;0;12;;;;;1;12;;;;;0.5;0.0
-2;100;ASH_COATED_OSMIUM;9991;13;9989;20;;;;;;;;;9991.0;0.0
-2;100;HYDROGEL_PACK;9973;14;9970;28;;;9989;14;9991;28;;;9981.0;0.0
-2;100;INTARIAN_PEPPER_ROOT;12993;12;12990;22;;;13010;22;;;;;13001.5;0.0
-2;100;VELVETFRUIT_EXTRACT;5259;70;;;;;5265;52;;;;;5262.0;0.0
-2;100;VEV_4000;1251;11;1248;24;;;1272;11;1274;24;;;1261.5;0.0
-2;100;VEV_4500;752;6;750;20;;;768;6;770;20;;;760.0;0.0
-2;100;VEV_5000;262;7;261;14;;;268;10;269;36;;;265.0;0.0
-2;100;VEV_5100;173;35;172;20;;;;;;;;;173.0;0.0
-2;100;VEV_5200;101;12;100;32;;;104;24;;;;;102.5;0.0
-2;100;VEV_5300;50;21;;;;;52;21;;;;;51.0;0.0
-2;100;VEV_5400;15;25;;;;;16;5;17;17;;;15.5;0.0
-2;100;VEV_5500;6;23;;;;;7;24;;;;;6.5;0.0
-2;100;VEV_6000;0;18;;;;;1;18;;;;;0.5;0.0
-2;100;VEV_6500;0;12;;;;;1;12;;;;;0.5;0.0
-2;200;ASH_COATED_OSMIUM;9991;13;9988;23;;;10007;13;10009;23;;;9999.0;0.0
-2;200;HYDROGEL_PACK;9975;12;9973;26;;;9991;12;9993;26;;;9983.0;0.0
-2;200;INTARIAN_PEPPER_ROOT;12990;20;;;;;13007;9;;;;;12998.5;0.0
-2;200;VELVETFRUIT_EXTRACT;5259;18;5258;43;;;5263;18;5264;35;;;5261.0;0.0
-2;200;VEV_4000;1249;13;1246;26;;;1270;13;1272;26;;;1259.5;0.0
-2;200;VEV_4500;751;17;;;;;769;10;771;17;;;760.0;0.0
-2;200;VEV_5000;262;27;;;;;268;10;;;;;265.0;0.0
-2;200;VEV_5100;173;32;;;;;177;9;178;20;;;175.0;0.0
-2;200;VEV_5200;100;21;;;;;103;12;;;;;101.5;0.0
-2;200;VEV_5300;50;23;;;;;52;29;;;;;51.0;0.0
-2;200;VEV_5400;15;26;;;;;17;25;;;;;16.0;0.0
-2;200;VEV_5500;6;29;;;;;7;18;;;;;6.5;0.0
-2;200;VEV_6000;0;27;;;;;1;27;;;;;0.5;0.0
-2;200;VEV_6500;0;18;;;;;1;18;;;;;0.5;0.0
-2;300;ASH_COATED_OSMIUM;9991;14;9989;30;;;10007;14;10010;30;;;9999.0;0.0
-2;300;HYDROGEL_PACK;9976;14;9974;25;;;9992;14;9995;25;;;9984.0;0.0
-2;300;INTARIAN_PEPPER_ROOT;12993;12;;;;;13007;12;13011;23;;;13000.0;0.0
-2;300;VELVETFRUIT_EXTRACT;5258;24;5257;37;;;5263;43;;;;;5260.5;0.0
-2;300;VEV_4000;1249;7;1247;17;;;1271;7;1273;17;;;1260.0;0.0
-2;300;VEV_4500;752;12;750;14;;;768;12;770;14;;;760.0;0.0
-2;300;VEV_5000;262;8;261;16;;;268;6;269;26;;;265.0;0.0
-2;300;VEV_5100;173;9;172;23;;;178;22;;;;;175.5;0.0
-2;300;VEV_5200;100;27;;;;;;;;;;;100.0;0.0
-2;300;VEV_5300;;;;;;;53;21;;;;;53.0;0.0
-2;300;VEV_5400;15;29;;;;;16;18;17;30;;;15.5;0.0
-2;300;VEV_5500;6;22;;;;;7;20;;;;;6.5;0.0
-2;300;VEV_6000;0;21;;;;;1;21;;;;;0.5;0.0
-2;300;VEV_6500;0;15;;;;;1;15;;;;;0.5;0.0
-2;400;ASH_COATED_OSMIUM;9988;23;;;;;10007;10;10009;23;;;9997.5;0.0
-2;400;HYDROGEL_PACK;9977;14;9974;22;;;9993;14;9995;22;;;9985.0;0.0
-2;400;INTARIAN_PEPPER_ROOT;12993;11;12990;18;;;12996;6;13007;11;13011;18;12994.5;0.0
-2;400;VELVETFRUIT_EXTRACT;5257;21;;;;;5263;33;;;;;5260.0;0.0
-2;400;VEV_4000;1249;13;1247;30;;;1271;13;1273;30;;;1260.0;0.0
-2;400;VEV_4500;752;8;750;23;;;768;8;770;23;;;760.0;0.0
-2;400;VEV_5000;262;24;261;13;;;268;8;269;20;;;265.0;0.0
-2;400;VEV_5100;173;10;172;25;;;177;29;178;26;;;175.0;0.0
-2;400;VEV_5200;100;34;;;;;104;13;;;;;102.0;0.0
-2;400;VEV_5300;52;26;;;;;54;8;;;;;53.0;0.0
-2;400;VEV_5400;15;27;;;;;17;17;;;;;16.0;0.0
-2;400;VEV_5500;6;22;;;;;7;25;;;;;6.5;0.0
-2;400;VEV_6000;0;21;;;;;1;21;;;;;0.5;0.0
-2;400;VEV_6500;0;14;;;;;1;14;;;;;0.5;0.0
-2;500;ASH_COATED_OSMIUM;9991;15;;;;;10007;15;10010;30;;;9999.0;0.0
-2;500;HYDROGEL_PACK;9976;12;9973;23;;;9992;12;9994;23;;;9984.0;0.0
-2;500;INTARIAN_PEPPER_ROOT;12993;12;12990;24;;;;;;;;;12993.0;0.0
-2;500;VELVETFRUIT_EXTRACT;5257;23;5256;43;;;5262;48;;;;;5259.5;0.0
-2;500;VEV_4000;1248;13;1245;26;;;1269;13;1272;26;;;1258.5;0.0
-2;500;VEV_4500;751;8;750;11;749;23;767;8;769;23;;;759.0;0.0
-2;500;VEV_5000;263;10;262;24;;;269;6;270;15;;;266.0;0.0
-2;500;VEV_5100;172;33;;;;;177;23;;;;;174.5;0.0
-2;500;VEV_5200;101;8;100;19;;;104;18;;;;;102.5;0.0
-2;500;VEV_5300;52;22;;;;;54;9;;;;;53.0;0.0
-2;500;VEV_5400;15;29;;;;;17;24;;;;;16.0;0.0
-2;500;VEV_5500;6;25;;;;;7;24;;;;;6.5;0.0
-2;500;VEV_6000;0;23;;;;;1;23;;;;;0.5;0.0
-2;500;VEV_6500;0;12;;;;;1;12;;;;;0.5;0.0
-2;600;ASH_COATED_OSMIUM;;;;;;;;;;;;;0.0;0.0
-2;600;HYDROGEL_PACK;9978;11;9976;24;;;9994;11;9997;24;;;9986.0;0.0
-2;600;INTARIAN_PEPPER_ROOT;;;;;;;13008;9;13011;25;;;13008.0;0.0
-2;600;VELVETFRUIT_EXTRACT;5257;37;;;;;5262;19;5263;42;;;5259.5;0.0
-2;600;VEV_4000;1248;8;1246;16;;;1270;8;1272;16;;;1259.0;0.0
-2;600;VEV_4500;748;6;746;15;;;764;6;766;15;;;756.0;0.0
-2;600;VEV_5000;263;30;262;24;;;270;24;;;;;266.5;0.0
-2;600;VEV_5100;174;27;173;15;;;178;7;179;20;;;176.0;0.0
-2;600;VEV_5200;100;31;;;;;103;8;104;24;;;101.5;0.0
-2;600;VEV_5300;52;19;;;;;54;17;;;;;53.0;0.0
-2;600;VEV_5400;;;;;;;16;24;17;20;;;16.0;0.0
-2;600;VEV_5500;6;22;;;;;7;20;;;;;6.5;0.0
-2;600;VEV_6000;0;22;;;;;1;22;;;;;0.5;0.0
-2;600;VEV_6500;0;22;;;;;1;22;;;;;0.5;0.0
-2;700;ASH_COATED_OSMIUM;9992;10;9990;20;;;10008;10;10011;20;;;10000.0;0.0
-2;700;HYDROGEL_PACK;9982;14;9979;22;;;9998;14;10000;22;;;9990.0;0.0
-2;700;INTARIAN_PEPPER_ROOT;12994;11;;;;;13011;25;;;;;13002.5;0.0
-2;700;VELVETFRUIT_EXTRACT;5257;16;;;;;5262;17;5263;53;;;5259.5;0.0
-2;700;VEV_4000;1249;15;1247;20;;;1271;15;1273;20;;;1260.0;0.0
-2;700;VEV_4500;749;10;747;20;;;765;10;766;6;767;20;757.0;0.0
-2;700;VEV_5000;262;10;;;;;268;11;269;32;;;265.0;0.0
-2;700;VEV_5100;173;32;;;;;177;30;178;29;;;175.0;0.0
-2;700;VEV_5200;102;12;101;19;;;105;26;;;;;103.5;0.0
-2;700;VEV_5300;53;18;;;;;55;19;55;18;;;54.0;0.0
-2;700;VEV_5400;14;27;;;;;;;;;;;14.0;0.0
-2;700;VEV_5500;6;23;;;;;7;25;;;;;6.5;0.0
-2;700;VEV_6000;0;23;;;;;1;23;;;;;0.5;0.0
-2;700;VEV_6500;0;17;;;;;1;17;;;;;0.5;0.0
-2;800;ASH_COATED_OSMIUM;9993;12;9990;25;;;10009;12;10011;25;;;10001.0;0.0
-2;800;HYDROGEL_PACK;9983;10;9981;23;;;9999;10;10002;23;;;9991.0;0.0
-2;800;INTARIAN_PEPPER_ROOT;12991;25;;;;;13011;25;;;;;13001.0;0.0
-2;800;VELVETFRUIT_EXTRACT;5259;64;;;;;5264;23;5265;66;;;5261.5;0.0
-2;800;VEV_4000;1251;8;1248;27;;;1272;8;1275;27;;;1261.5;0.0
-2;800;VEV_4500;748;12;746;13;;;766;13;;;;;757.0;0.0
-2;800;VEV_5000;261;12;260;15;;;267;8;268;24;;;264.0;0.0
-2;800;VEV_5100;173;29;;;;;177;8;178;23;;;175.0;0.0
-2;800;VEV_5200;100;32;;;;;104;23;;;;;102.0;0.0
-2;800;VEV_5300;53;20;;;;;55;9;;;;;54.0;0.0
-2;800;VEV_5400;;;;;;;15;22;;;;;15.0;0.0
-2;800;VEV_5500;6;26;;;;;7;23;;;;;6.5;0.0
-2;800;VEV_6000;0;26;;;;;1;26;;;;;0.5;0.0
-2;800;VEV_6500;0;19;;;;;1;19;;;;;0.5;0.0
-2;900;ASH_COATED_OSMIUM;9993;12;;;;;10009;12;10012;20;;;10001.0;0.0
-2;900;HYDROGEL_PACK;9983;14;9980;22;;;9999;14;10001;22;;;9991.0;0.0
-2;900;INTARIAN_PEPPER_ROOT;12994;8;;;;;13008;8;13011;24;;;13001.0;0.0
-2;900;VELVETFRUIT_EXTRACT;5261;38;;;;;5267;59;5268;40;;;5264.0;0.0
-2;900;VEV_4000;1250;13;1248;22;;;1272;13;1274;22;;;1261.0;0.0
-2;900;VEV_4500;747;6;745;16;;;765;16;;;;;756.0;0.0
-2;900;VEV_5000;262;11;261;23;;;268;32;269;15;;;265.0;0.0
-2;900;VEV_5100;174;31;173;19;;;178;11;179;17;;;176.0;0.0
-2;900;VEV_5200;101;8;;;;;103;12;;;;;102.0;0.0
-2;900;VEV_5300;53;23;;;;;55;23;56;14;;;54.0;0.0
-2;900;VEV_5400;15;26;;;;;16;19;;;;;15.5;0.0
-2;900;VEV_5500;6;22;;;;;7;26;;;;;6.5;0.0
-2;900;VEV_6000;0;19;;;;;1;19;;;;;0.5;0.0
-2;900;VEV_6500;0;16;;;;;1;16;;;;;0.5;0.0
-2;1000;ASH_COATED_OSMIUM;9993;13;9991;22;;;10009;13;10012;22;;;10001.0;0.0
-2;1000;HYDROGEL_PACK;9984;13;9982;30;;;10000;13;10003;30;;;9992.0;0.0
-2;1000;INTARIAN_PEPPER_ROOT;12991;22;;;;;13008;9;13011;22;;;12999.5;0.0
-2;1000;VELVETFRUIT_EXTRACT;5262;46;;;;;5268;58;;;;;5265.0;0.0
-2;1000;VEV_4000;1250;7;1248;20;;;1271;7;1274;20;;;1260.5;0.0
-2;1000;VEV_4500;748;7;;;;;764;7;765;11;766;14;756.0;0.0
-2;1000;VEV_5000;264;11;263;24;;;270;10;271;21;;;267.0;0.0
-2;1000;VEV_5100;;;;;;;177;24;;;;;177.0;0.0
-2;1000;VEV_5200;101;9;100;33;;;103;27;104;14;;;102.0;0.0
-2;1000;VEV_5300;53;17;;;;;;;;;;;53.0;0.0
-2;1000;VEV_5400;15;17;;;;;17;20;;;;;16.0;0.0
-2;1000;VEV_5500;6;24;;;;;7;24;;;;;6.5;0.0
-2;1000;VEV_6000;0;20;;;;;1;20;;;;;0.5;0.0
-2;1000;VEV_6500;0;12;;;;;1;12;;;;;0.5;0.0
-2;1100;ASH_COATED_OSMIUM;9994;12;9991;26;;;10010;12;10012;26;;;10002.0;0.0
-2;1100;HYDROGEL_PACK;9982;14;9979;21;;;9998;14;10000;21;;;9990.0;0.0
-2;1100;INTARIAN_PEPPER_ROOT;12994;8;12991;22;;;13008;8;13011;22;;;13001.0;0.0
-2;1100;VELVETFRUIT_EXTRACT;5261;32;;;;;5266;19;5267;37;;;5263.5;0.0
-2;1100;VEV_4000;1251;10;1249;18;;;1272;10;1275;18;;;1261.5;0.0
-2;1100;VEV_4500;748;6;747;15;;;765;12;767;15;;;756.5;0.0
-2;1100;VEV_5000;264;7;263;24;;;270;12;;;;;267.0;0.0
-2;1100;VEV_5100;174;27;173;22;;;178;32;179;28;;;176.0;0.0
-2;1100;VEV_5200;102;11;101;21;;;105;22;;;;;103.5;0.0
-2;1100;VEV_5300;54;20;53;13;;;56;18;;;;;55.0;0.0
-2;1100;VEV_5400;14;24;;;;;;;;;;;14.0;0.0
-2;1100;VEV_5500;6;28;;;;;7;22;;;;;6.5;0.0
-2;1100;VEV_6000;0;25;;;;;1;25;;;;;0.5;0.0
-2;1100;VEV_6500;0;19;;;;;1;19;;;;;0.5;0.0
-2;1200;ASH_COATED_OSMIUM;9994;11;9991;23;;;10010;11;10012;23;;;10002.0;0.0
-2;1200;HYDROGEL_PACK;9986;12;9984;27;;;10002;12;10005;27;;;9994.0;0.0
-2;1200;INTARIAN_PEPPER_ROOT;12994;9;12991;16;;;13008;9;13011;16;;;13001.0;0.0
-2;1200;VELVETFRUIT_EXTRACT;5261;52;;;;;5267;52;;;;;5264.0;0.0
-2;1200;VEV_4000;1250;14;1247;15;;;1271;14;1273;15;;;1260.5;0.0
-2;1200;VEV_4500;748;10;746;12;;;764;10;766;12;;;756.0;0.0
-2;1200;VEV_5000;263;12;;;;;270;12;271;19;;;266.5;0.0
-2;1200;VEV_5100;174;8;173;12;;;178;6;179;22;;;176.0;0.0
-2;1200;VEV_5200;103;24;;;;;106;24;;;;;104.5;0.0
-2;1200;VEV_5300;;;;;;;;;;;;;0.0;0.0
-2;1200;VEV_5400;14;17;;;;;;;;;;;14.0;0.0
-2;1200;VEV_5500;6;22;;;;;7;19;;;;;6.5;0.0
-2;1200;VEV_6000;0;20;;;;;1;20;;;;;0.5;0.0
-2;1200;VEV_6500;0;16;;;;;1;16;;;;;0.5;0.0
-2;1300;ASH_COATED_OSMIUM;9992;25;;;;;10010;11;10013;25;;;10001.0;0.0
-2;1300;HYDROGEL_PACK;9987;10;9984;27;;;10003;10;10005;27;;;9995.0;0.0
-2;1300;INTARIAN_PEPPER_ROOT;12991;23;;;;;13008;9;13012;23;;;12999.5;0.0
-2;1300;VELVETFRUIT_EXTRACT;5260;51;5260;24;;;5266;38;;;;;5263.0;0.0
-2;1300;VEV_4000;1250;11;1248;28;;;1271;11;1274;28;;;1260.5;0.0
-2;1300;VEV_4500;748;7;746;20;;;764;7;766;20;;;756.0;0.0
-2;1300;VEV_5000;264;12;263;18;;;270;9;271;21;;;267.0;0.0
-2;1300;VEV_5100;175;31;174;17;;;179;21;180;15;;;177.0;0.0
-2;1300;VEV_5200;;;;;;;104;8;105;14;;;104.0;0.0
-2;1300;VEV_5300;54;28;53;25;;;56;10;56;22;;;55.0;0.0
-2;1300;VEV_5400;14;10;;;;;16;28;;;;;15.0;0.0
-2;1300;VEV_5500;6;20;;;;;7;18;;;;;6.5;0.0
-2;1300;VEV_6000;0;28;;;;;1;28;;;;;0.5;0.0
-2;1300;VEV_6500;0;14;;;;;1;14;;;;;0.5;0.0
-2;1400;ASH_COATED_OSMIUM;9994;10;;;;;10010;10;;;;;10002.0;0.0
-2;1400;HYDROGEL_PACK;9983;11;9981;28;;;9999;11;10002;28;;;9991.0;0.0
-2;1400;INTARIAN_PEPPER_ROOT;12994;11;12991;21;;;13008;11;13012;21;;;13001.0;0.0
-2;1400;VELVETFRUIT_EXTRACT;5261;20;5260;32;;;5266;18;;;;;5263.5;0.0
-2;1400;VEV_4000;1250;12;1248;25;;;1272;12;1274;25;;;1261.0;0.0
-2;1400;VEV_4500;748;11;746;15;;;765;10;766;15;;;756.5;0.0
-2;1400;VEV_5000;263;7;262;14;;;269;6;;;;;266.0;0.0
-2;1400;VEV_5100;174;28;173;17;;;;;;;;;174.0;0.0
-2;1400;VEV_5200;100;22;;;;;103;11;104;28;;;101.5;0.0
-2;1400;VEV_5300;54;20;;;;;56;18;;;;;55.0;0.0
-2;1400;VEV_5400;15;20;14;23;;;15;19;16;18;;;15.0;0.0
-2;1400;VEV_5500;6;22;;;;;7;18;;;;;6.5;0.0
-2;1400;VEV_6000;0;17;;;;;1;17;;;;;0.5;0.0
-2;1400;VEV_6500;0;16;;;;;1;16;;;;;0.5;0.0
-2;1500;ASH_COATED_OSMIUM;9991;28;;;;;10010;13;10012;28;;;10000.5;0.0
-2;1500;HYDROGEL_PACK;9984;12;9982;25;;;10000;12;10003;25;;;9992.0;0.0
-2;1500;INTARIAN_PEPPER_ROOT;12994;8;12991;20;;;13009;8;13012;20;;;13001.5;0.0
-2;1500;VELVETFRUIT_EXTRACT;5261;25;5260;57;;;5266;40;5267;32;;;5263.5;0.0
-2;1500;VEV_4000;1250;12;1248;21;;;1272;12;1274;21;;;1261.0;0.0
-2;1500;VEV_4500;747;7;;;;;763;7;765;21;;;755.0;0.0
-2;1500;VEV_5000;264;10;263;17;;;270;33;271;16;;;267.0;0.0
-2;1500;VEV_5100;;;;;;;178;14;;;;;178.0;0.0
-2;1500;VEV_5200;101;27;100;26;;;104;21;;;;;102.5;0.0
-2;1500;VEV_5300;54;19;;;;;56;21;56;20;;;55.0;0.0
-2;1500;VEV_5400;14;22;;;;;16;21;;;;;15.0;0.0
-2;1500;VEV_5500;6;21;;;;;7;21;;;;;6.5;0.0
-2;1500;VEV_6000;0;29;;;;;1;29;;;;;0.5;0.0
-2;1500;VEV_6500;0;13;;;;;1;13;;;;;0.5;0.0
-2;1600;ASH_COATED_OSMIUM;9994;13;9992;22;;;10010;13;10013;22;;;10002.0;0.0
-2;1600;HYDROGEL_PACK;9983;15;9981;21;;;9999;15;10002;21;;;9991.0;0.0
-2;1600;INTARIAN_PEPPER_ROOT;;;;;;;13012;15;;;;;13012.0;0.0
-2;1600;VELVETFRUIT_EXTRACT;5260;22;5259;39;;;5264;22;5265;53;;;5262.0;0.0
-2;1600;VEV_4000;1249;7;1246;29;;;1270;7;1272;29;;;1259.5;0.0
-2;1600;VEV_4500;747;8;745;23;;;763;8;764;24;765;23;755.0;0.0
-2;1600;VEV_5000;263;12;;;;;270;20;;;;;266.5;0.0
-2;1600;VEV_5100;172;7;171;16;;;176;12;177;20;;;174.0;0.0
-2;1600;VEV_5200;101;9;;;;;104;27;;;;;102.5;0.0
-2;1600;VEV_5300;54;21;;;;;56;22;;;;;55.0;0.0
-2;1600;VEV_5400;;;;;;;15;5;16;20;;;15.0;0.0
-2;1600;VEV_5500;6;22;;;;;7;23;;;;;6.5;0.0
-2;1600;VEV_6000;0;25;;;;;1;25;;;;;0.5;0.0
-2;1600;VEV_6500;0;20;;;;;1;20;;;;;0.5;0.0
-2;1700;ASH_COATED_OSMIUM;9995;11;9992;22;;;10013;22;;;;;10004.0;0.0
-2;1700;HYDROGEL_PACK;9980;13;9978;21;;;9996;13;9999;21;;;9988.0;0.0
-2;1700;INTARIAN_PEPPER_ROOT;12991;17;;;;;13009;10;13012;17;;;13000.0;0.0
-2;1700;VELVETFRUIT_EXTRACT;5260;19;5259;67;;;5264;19;5265;46;;;5262.0;0.0
-2;1700;VEV_4000;1247;14;1245;18;;;1268;14;1271;18;;;1257.5;0.0
-2;1700;VEV_4500;747;6;745;16;;;763;6;765;16;;;755.0;0.0
-2;1700;VEV_5000;263;10;262;26;;;269;9;;;;;266.0;0.0
-2;1700;VEV_5100;174;29;173;21;;;179;25;;;;;176.5;0.0
-2;1700;VEV_5200;100;8;99;16;;;103;27;;;;;101.5;0.0
-2;1700;VEV_5300;54;21;;;;;56;7;;;;;55.0;0.0
-2;1700;VEV_5400;13;19;;;;;15;19;;;;;14.0;0.0
-2;1700;VEV_5500;6;28;;;;;7;25;;;;;6.5;0.0
-2;1700;VEV_6000;0;23;;;;;1;23;;;;;0.5;0.0
-2;1700;VEV_6500;0;12;;;;;1;12;;;;;0.5;0.0
-2;1800;ASH_COATED_OSMIUM;9995;10;9992;21;;;10011;10;10013;21;;;10003.0;0.0
-2;1800;HYDROGEL_PACK;9977;21;;;;;9995;13;9998;21;;;9986.0;0.0
-2;1800;INTARIAN_PEPPER_ROOT;12995;8;12992;23;;;13009;8;;;;;13002.0;0.0
-2;1800;VELVETFRUIT_EXTRACT;5260;22;;;;;5266;41;;;;;5263.0;0.0
-2;1800;VEV_4000;1248;11;1245;21;;;1269;11;1271;21;;;1258.5;0.0
-2;1800;VEV_4500;748;8;746;14;;;764;8;765;14;;;756.0;0.0
-2;1800;VEV_5000;261;12;260;14;;;267;11;268;23;;;264.0;0.0
-2;1800;VEV_5100;175;11;174;26;;;179;12;;;;;177.0;0.0
-2;1800;VEV_5200;99;25;98;12;;;102;19;;;;;100.5;0.0
-2;1800;VEV_5300;53;23;;;;;55;17;56;10;;;54.0;0.0
-2;1800;VEV_5400;14;23;;;;;15;28;16;25;;;14.5;0.0
-2;1800;VEV_5500;6;16;;;;;7;26;;;;;6.5;0.0
-2;1800;VEV_6000;0;20;;;;;1;20;;;;;0.5;0.0
-2;1800;VEV_6500;0;19;;;;;1;19;;;;;0.5;0.0
-2;1900;ASH_COATED_OSMIUM;9995;15;9992;29;;;10011;15;10013;29;;;10003.0;0.0
-2;1900;HYDROGEL_PACK;9981;14;9978;25;;;9997;14;9999;25;;;9989.0;0.0
-2;1900;INTARIAN_PEPPER_ROOT;12995;9;12992;16;;;13009;9;13012;16;;;13002.0;0.0
-2;1900;VELVETFRUIT_EXTRACT;5260;17;5259;54;;;5265;33;;;;;5262.5;0.0
-2;1900;VEV_4000;1246;14;1244;24;;;1267;14;1270;24;;;1256.5;0.0
-2;1900;VEV_4500;746;19;745;14;;;763;12;765;14;;;754.5;0.0
-2;1900;VEV_5000;262;8;261;17;;;268;11;269;15;;;265.0;0.0
-2;1900;VEV_5100;174;23;;;;;179;8;180;21;;;176.5;0.0
-2;1900;VEV_5200;100;8;99;29;;;102;31;103;24;;;101.0;0.0
-2;1900;VEV_5300;52;21;;;;;54;29;;;;;53.0;0.0
-2;1900;VEV_5400;14;15;;;;;16;29;;;;;15.0;0.0
-2;1900;VEV_5500;6;17;;;;;7;27;;;;;6.5;0.0
-2;1900;VEV_6000;0;21;;;;;1;21;;;;;0.5;0.0
-2;1900;VEV_6500;0;14;;;;;1;14;;;;;0.5;0.0
-2;2000;ASH_COATED_OSMIUM;9995;15;9992;28;;;10011;15;;;;;10003.0;0.0
-2;2000;HYDROGEL_PACK;9981;11;9979;28;;;9997;11;10000;28;;;9989.0;0.0
-2;2000;INTARIAN_PEPPER_ROOT;12995;10;12992;18;;;13009;10;13012;18;;;13002.0;0.0
-2;2000;VELVETFRUIT_EXTRACT;5260;30;;;;;5265;23;5266;60;;;5262.5;0.0
-2;2000;VEV_4000;1247;14;1244;30;;;1268;14;1271;30;;;1257.5;0.0
-2;2000;VEV_4500;747;11;745;20;;;763;11;765;20;;;755.0;0.0
-2;2000;VEV_5000;262;11;261;13;;;269;14;;;;;265.5;0.0
-2;2000;VEV_5100;175;20;;;;;180;21;181;27;;;177.5;0.0
-2;2000;VEV_5200;100;20;99;25;;;;;;;;;100.0;0.0
-2;2000;VEV_5300;53;29;52;27;;;55;26;;;;;54.0;0.0
-2;2000;VEV_5400;14;22;14;8;;;15;6;16;21;;;14.5;0.0
-2;2000;VEV_5500;6;26;;;;;7;23;;;;;6.5;0.0
-2;2000;VEV_6000;0;22;;;;;1;22;;;;;0.5;0.0
-2;2000;VEV_6500;0;16;;;;;1;16;;;;;0.5;0.0
-2;2100;ASH_COATED_OSMIUM;9995;15;9993;21;;;10011;15;10014;21;;;10003.0;0.0
-2;2100;HYDROGEL_PACK;9983;15;9981;22;;;9999;15;10002;22;;;9991.0;0.0
-2;2100;INTARIAN_PEPPER_ROOT;12995;12;;;;;13009;12;13012;25;;;13002.0;0.0
-2;2100;VELVETFRUIT_EXTRACT;5263;24;5262;44;;;5267;24;5268;22;;;5265.0;0.0
-2;2100;VEV_4000;1246;13;1244;21;;;1268;13;1270;21;;;1257.0;0.0
-2;2100;VEV_4500;748;11;746;20;;;764;11;766;20;;;756.0;0.0
-2;2100;VEV_5000;263;9;262;32;;;270;16;;;;;266.5;0.0
-2;2100;VEV_5100;178;12;177;22;;;182;11;183;27;;;180.0;0.0
-2;2100;VEV_5200;100;20;;;;;103;26;;;;;101.5;0.0
-2;2100;VEV_5300;52;16;;;;;54;20;;;;;53.0;0.0
-2;2100;VEV_5400;14;22;14;23;;;16;15;;;;;15.0;0.0
-2;2100;VEV_5500;6;25;;;;;7;21;;;;;6.5;0.0
-2;2100;VEV_6000;0;23;;;;;1;23;;;;;0.5;0.0
-2;2100;VEV_6500;0;19;;;;;1;19;;;;;0.5;0.0
-2;2200;ASH_COATED_OSMIUM;9995;10;;;;;10011;10;;;;;10003.0;0.0
-2;2200;HYDROGEL_PACK;9980;15;9977;20;;;9996;15;9998;20;;;9988.0;0.0
-2;2200;INTARIAN_PEPPER_ROOT;12995;10;12992;18;;;13009;10;13012;18;;;13002.0;0.0
-2;2200;VELVETFRUIT_EXTRACT;5264;68;;;;;5270;38;5270;43;;;5267.0;0.0
-2;2200;VEV_4000;1247;14;1244;23;;;1268;14;1270;23;;;1257.5;0.0
-2;2200;VEV_4500;749;8;747;15;;;767;15;;;;;758.0;0.0
-2;2200;VEV_5000;263;12;262;16;;;269;8;270;28;;;266.0;0.0
-2;2200;VEV_5100;;;;;;;182;33;183;17;;;182.0;0.0
-2;2200;VEV_5200;99;30;;;;;102;12;103;17;;;100.5;0.0
-2;2200;VEV_5300;52;25;;;;;54;26;;;;;53.0;0.0
-2;2200;VEV_5400;15;7;14;21;;;16;26;;;;;15.5;0.0
-2;2200;VEV_5500;6;20;;;;;7;26;;;;;6.5;0.0
-2;2200;VEV_6000;0;23;;;;;1;23;;;;;0.5;0.0
-2;2200;VEV_6500;0;19;;;;;1;19;;;;;0.5;0.0
-2;2300;ASH_COATED_OSMIUM;9995;12;9993;27;;;10011;12;10014;27;;;10003.0;0.0
-2;2300;HYDROGEL_PACK;9979;12;9977;21;;;9995;12;9998;21;;;9987.0;0.0
-2;2300;INTARIAN_PEPPER_ROOT;12995;12;12992;16;;;13009;12;13013;16;;;13002.0;0.0
-2;2300;VELVETFRUIT_EXTRACT;5262;72;;;;;5268;52;5269;39;;;5265.0;0.0
-2;2300;VEV_4000;1247;15;1244;23;;;1268;15;1270;23;;;1257.5;0.0
-2;2300;VEV_4500;749;10;747;20;;;765;10;766;9;;;757.0;0.0
-2;2300;VEV_5000;261;12;260;17;;;267;8;268;21;;;264.0;0.0
-2;2300;VEV_5100;179;12;;;;;183;8;184;15;;;181.0;0.0
-2;2300;VEV_5200;100;7;;;;;103;22;;;;;101.5;0.0
-2;2300;VEV_5300;;;;;;;54;22;;;;;54.0;0.0
-2;2300;VEV_5400;14;17;;;;;16;24;;;;;15.0;0.0
-2;2300;VEV_5500;6;12;;;;;7;21;;;;;6.5;0.0
-2;2300;VEV_6000;0;25;;;;;1;25;;;;;0.5;0.0
-2;2300;VEV_6500;0;15;;;;;1;15;;;;;0.5;0.0
-2;2400;ASH_COATED_OSMIUM;9995;13;9992;22;;;10011;13;10013;22;;;10003.0;0.0
-2;2400;HYDROGEL_PACK;9978;10;9976;21;;;9997;21;;;;;9987.5;0.0
-2;2400;INTARIAN_PEPPER_ROOT;12995;11;12992;25;;;13009;11;13013;25;;;13002.0;0.0
-2;2400;VELVETFRUIT_EXTRACT;5265;25;5264;44;;;5270;46;5271;32;;;5267.5;0.0
-2;2400;VEV_4000;1247;13;1244;28;;;1268;13;1271;28;;;1257.5;0.0
-2;2400;VEV_4500;748;12;747;19;;;765;6;766;8;767;19;756.5;0.0
-2;2400;VEV_5000;261;20;260;14;;;267;12;268;20;;;264.0;0.0
-2;2400;VEV_5100;178;31;177;21;;;182;12;;;;;180.0;0.0
-2;2400;VEV_5200;;;;;;;;;;;;;0.0;0.0
-2;2400;VEV_5300;52;21;51;16;;;54;28;;;;;53.0;0.0
-2;2400;VEV_5400;;;;;;;16;25;;;;;16.0;0.0
-2;2400;VEV_5500;6;18;;;;;7;19;;;;;6.5;0.0
-2;2400;VEV_6000;0;18;;;;;1;18;;;;;0.5;0.0
-2;2400;VEV_6500;0;14;;;;;1;14;;;;;0.5;0.0
-2;2500;ASH_COATED_OSMIUM;10003;9;9994;10;9992;25;10013;25;;;;;10008.0;0.0
-2;2500;HYDROGEL_PACK;9978;10;9975;24;;;9994;10;9996;24;;;9986.0;0.0
-2;2500;INTARIAN_PEPPER_ROOT;12995;11;12992;21;;;13010;11;;;;;13002.5;0.0
-2;2500;VELVETFRUIT_EXTRACT;5266;17;5265;32;;;5270;17;5271;69;;;5268.0;0.0
-2;2500;VEV_4000;1248;11;1246;26;;;1269;11;1272;26;;;1258.5;0.0
-2;2500;VEV_4500;748;11;746;13;;;765;9;766;13;;;756.5;0.0
-2;2500;VEV_5000;261;12;260;12;;;;;;;;;261.0;0.0
-2;2500;VEV_5100;179;25;;;;;183;8;184;20;;;181.0;0.0
-2;2500;VEV_5200;102;7;101;25;;;105;21;;;;;103.5;0.0
-2;2500;VEV_5300;52;21;;;;;54;9;;;;;53.0;0.0
-2;2500;VEV_5400;14;21;;;;;15;23;16;16;;;14.5;0.0
-2;2500;VEV_5500;6;16;;;;;7;25;;;;;6.5;0.0
-2;2500;VEV_6000;0;27;;;;;1;27;;;;;0.5;0.0
-2;2500;VEV_6500;0;10;;;;;1;10;;;;;0.5;0.0
-2;2600;ASH_COATED_OSMIUM;9994;10;9991;28;;;10012;28;;;;;10003.0;0.0
-2;2600;HYDROGEL_PACK;9976;14;9973;30;;;9992;14;9994;30;;;9984.0;0.0
-2;2600;INTARIAN_PEPPER_ROOT;12996;10;12992;15;;;13010;10;;;;;13003.0;0.0
-2;2600;VELVETFRUIT_EXTRACT;5266;18;;;;;5271;17;5272;46;;;5268.5;0.0
-2;2600;VEV_4000;1249;8;1247;21;;;1270;8;1273;21;;;1259.5;0.0
-2;2600;VEV_4500;749;7;748;6;747;15;765;7;766;15;;;757.0;0.0
-2;2600;VEV_5000;261;6;260;19;;;268;20;;;;;264.5;0.0
-2;2600;VEV_5100;180;24;;;;;185;10;186;29;;;182.5;0.0
-2;2600;VEV_5200;101;35;;;;;104;10;;;;;102.5;0.0
-2;2600;VEV_5300;;;;;;;54;18;;;;;54.0;0.0
-2;2600;VEV_5400;;;;;;;15;26;;;;;15.0;0.0
-2;2600;VEV_5500;6;30;;;;;7;21;;;;;6.5;0.0
-2;2600;VEV_6000;0;23;;;;;1;23;;;;;0.5;0.0
-2;2600;VEV_6500;0;16;;;;;1;16;;;;;0.5;0.0
-2;2700;ASH_COATED_OSMIUM;9994;12;9991;24;;;10010;12;10012;24;;;10002.0;0.0
-2;2700;HYDROGEL_PACK;9977;10;9974;28;;;9993;10;9995;28;;;9985.0;0.0
-2;2700;INTARIAN_PEPPER_ROOT;12996;10;;;;;13010;10;;;;;13003.0;0.0
-2;2700;VELVETFRUIT_EXTRACT;5267;31;;;;;5273;39;;;;;5270.0;0.0
-2;2700;VEV_4000;1250;7;1248;21;;;1272;7;1274;21;;;1261.0;0.0
-2;2700;VEV_4500;749;7;;;;;765;7;766;15;767;23;757.0;0.0
-2;2700;VEV_5000;261;29;260;15;;;267;8;268;21;;;264.0;0.0
-2;2700;VEV_5100;180;36;179;16;;;184;21;185;24;;;182.0;0.0
-2;2700;VEV_5200;101;23;;;;;104;8;105;33;;;102.5;0.0
-2;2700;VEV_5300;53;26;;;;;55;7;;;;;54.0;0.0
-2;2700;VEV_5400;14;25;14;24;;;16;23;;;;;15.0;0.0
-2;2700;VEV_5500;6;25;;;;;7;27;;;;;6.5;0.0
-2;2700;VEV_6000;0;20;;;;;1;20;;;;;0.5;0.0
-2;2700;VEV_6500;0;14;;;;;1;14;;;;;0.5;0.0
-2;2800;ASH_COATED_OSMIUM;9994;10;9991;27;;;10010;10;10012;27;;;10002.0;0.0
-2;2800;HYDROGEL_PACK;9980;15;9977;27;;;9996;15;9998;27;;;9988.0;0.0
-2;2800;INTARIAN_PEPPER_ROOT;12996;12;12993;21;;;13010;12;13013;21;;;13003.0;0.0
-2;2800;VELVETFRUIT_EXTRACT;5268;16;5267;36;5267;52;5273;47;5274;36;;;5270.5;0.0
-2;2800;VEV_4000;1251;15;1248;26;;;1272;15;1274;26;;;1261.5;0.0
-2;2800;VEV_4500;748;15;;;;;766;9;767;6;768;15;757.0;0.0
-2;2800;VEV_5000;261;7;260;20;;;267;9;268;17;;;264.0;0.0
-2;2800;VEV_5100;;;;;;;184;28;;;;;184.0;0.0
-2;2800;VEV_5200;99;19;;;;;103;14;;;;;101.0;0.0
-2;2800;VEV_5300;53;7;;;;;55;20;;;;;54.0;0.0
-2;2800;VEV_5400;;;;;;;;;;;;;0.0;0.0
-2;2800;VEV_5500;5;21;;;;;7;20;;;;;6.0;0.0
-2;2800;VEV_6000;0;23;;;;;1;23;;;;;0.5;0.0
-2;2800;VEV_6500;0;11;;;;;1;11;;;;;0.5;0.0
-2;2900;ASH_COATED_OSMIUM;9994;13;;;;;10010;13;10012;28;;;10002.0;0.0
-2;2900;HYDROGEL_PACK;9981;12;9978;20;;;9997;12;9999;20;;;9989.0;0.0
-2;2900;INTARIAN_PEPPER_ROOT;12996;9;12993;20;;;13010;9;13013;20;;;13003.0;0.0
-2;2900;VELVETFRUIT_EXTRACT;5266;71;;;;;5271;19;5272;49;;;5268.5;0.0
-2;2900;VEV_4000;1251;10;1249;27;;;1272;10;1275;27;;;1261.5;0.0
-2;2900;VEV_4500;751;8;750;8;;;767;8;769;21;;;759.0;0.0
-2;2900;VEV_5000;261;8;260;13;;;268;21;;;;;264.5;0.0
-2;2900;VEV_5100;180;27;179;18;;;184;23;185;19;;;182.0;0.0
-2;2900;VEV_5200;99;24;;;;;103;21;;;;;101.0;0.0
-2;2900;VEV_5300;52;15;;;;;54;26;;;;;53.0;0.0
-2;2900;VEV_5400;15;7;14;23;;;;;;;;;15.0;0.0
-2;2900;VEV_5500;6;16;;;;;7;26;;;;;6.5;0.0
-2;2900;VEV_6000;0;24;;;;;1;24;;;;;0.5;0.0
-2;2900;VEV_6500;0;14;;;;;1;14;;;;;0.5;0.0
-2;3000;ASH_COATED_OSMIUM;9994;12;9991;20;;;10010;12;10012;20;;;10002.0;0.0
-2;3000;HYDROGEL_PACK;9983;13;9980;27;;;9999;13;10001;27;;;9991.0;0.0
-2;3000;INTARIAN_PEPPER_ROOT;12996;12;;;;;13010;12;13013;23;;;13003.0;0.0
-2;3000;VELVETFRUIT_EXTRACT;5267;18;5266;60;;;5271;18;5272;16;;;5269.0;0.0
-2;3000;VEV_4000;1251;12;1248;24;;;1272;12;1274;24;;;1261.5;0.0
-2;3000;VEV_4500;751;6;749;14;;;767;6;769;14;;;759.0;0.0
-2;3000;VEV_5000;262;25;;;;;268;11;269;25;;;265.0;0.0
-2;3000;VEV_5100;181;20;180;23;;;;;;;;;181.0;0.0
-2;3000;VEV_5200;98;15;;;;;102;19;;;;;100.0;0.0
-2;3000;VEV_5300;52;5;;;;;54;21;;;;;53.0;0.0
-2;3000;VEV_5400;15;29;14;28;;;16;17;;;;;15.5;0.0
-2;3000;VEV_5500;6;27;;;;;7;22;;;;;6.5;0.0
-2;3000;VEV_6000;0;26;;;;;1;26;;;;;0.5;0.0
-2;3000;VEV_6500;0;17;;;;;1;17;;;;;0.5;0.0
-2;3100;ASH_COATED_OSMIUM;9993;14;;;;;;;;;;;9993.0;0.0
-2;3100;HYDROGEL_PACK;9982;14;9980;28;;;9998;14;10001;28;;;9990.0;0.0
-2;3100;INTARIAN_PEPPER_ROOT;12996;9;12993;17;;;13013;17;;;;;13004.5;0.0
-2;3100;VELVETFRUIT_EXTRACT;5267;22;5266;35;;;5272;50;;;;;5269.5;0.0
-2;3100;VEV_4000;1250;14;1247;25;;;1271;14;1274;25;;;1260.5;0.0
-2;3100;VEV_4500;752;12;750;14;;;768;12;770;14;;;760.0;0.0
-2;3100;VEV_5000;263;10;262;16;;;270;13;;;;;266.5;0.0
-2;3100;VEV_5100;179;18;;;;;184;8;185;14;;;181.5;0.0
-2;3100;VEV_5200;;;;;;;102;25;103;30;;;102.0;0.0
-2;3100;VEV_5300;52;21;;;;;;;;;;;52.0;0.0
-2;3100;VEV_5400;14;22;;;;;16;25;;;;;15.0;0.0
-2;3100;VEV_5500;6;20;;;;;7;24;;;;;6.5;0.0
-2;3100;VEV_6000;0;24;;;;;1;24;;;;;0.5;0.0
-2;3100;VEV_6500;0;16;;;;;1;16;;;;;0.5;0.0
-2;3200;ASH_COATED_OSMIUM;9994;10;9991;28;;;10010;10;10012;28;;;10002.0;0.0
-2;3200;HYDROGEL_PACK;9983;11;9981;30;;;9999;11;10002;30;;;9991.0;0.0
-2;3200;INTARIAN_PEPPER_ROOT;12996;11;;;;;13010;11;13013;19;;;13003.0;0.0
-2;3200;VELVETFRUIT_EXTRACT;5265;56;;;;;5271;20;;;;;5268.0;0.0
-2;3200;VEV_4000;1249;14;1246;24;;;1270;14;1273;24;;;1259.5;0.0
-2;3200;VEV_4500;753;7;751;22;;;769;7;770;12;771;22;761.0;0.0
-2;3200;VEV_5000;262;30;261;20;;;268;23;269;12;;;265.0;0.0
-2;3200;VEV_5100;180;12;179;29;;;184;33;185;13;;;182.0;0.0
-2;3200;VEV_5200;100;21;99;19;;;103;34;;;;;101.5;0.0
-2;3200;VEV_5300;53;29;;;;;55;19;;;;;54.0;0.0
-2;3200;VEV_5400;14;26;;;;;;;;;;;14.0;0.0
-2;3200;VEV_5500;6;22;;;;;7;24;;;;;6.5;0.0
-2;3200;VEV_6000;0;19;;;;;1;19;;;;;0.5;0.0
-2;3200;VEV_6500;0;12;;;;;1;12;;;;;0.5;0.0
-2;3300;ASH_COATED_OSMIUM;9991;25;;;;;10009;10;10012;25;;;10000.0;0.0
-2;3300;HYDROGEL_PACK;9983;13;9981;26;;;9999;13;10002;26;;;9991.0;0.0
-2;3300;INTARIAN_PEPPER_ROOT;12993;25;;;;;13010;8;13014;25;;;13001.5;0.0
-2;3300;VELVETFRUIT_EXTRACT;5266;22;5265;25;;;5271;24;;;;;5268.5;0.0
-2;3300;VEV_4000;1249;11;1247;23;;;1271;11;1273;23;;;1260.0;0.0
-2;3300;VEV_4500;752;12;750;12;;;768;12;770;12;;;760.0;0.0
-2;3300;VEV_5000;261;7;260;18;;;267;32;268;20;;;264.0;0.0
-2;3300;VEV_5100;180;7;179;24;;;;;;;;;180.0;0.0
-2;3300;VEV_5200;99;24;;;;;;;;;;;99.0;0.0
-2;3300;VEV_5300;52;26;51;13;;;54;20;;;;;53.0;0.0
-2;3300;VEV_5400;14;18;;;;;15;28;16;22;;;14.5;0.0
-2;3300;VEV_5500;6;19;;;;;7;21;;;;;6.5;0.0
-2;3300;VEV_6000;0;19;;;;;1;19;;;;;0.5;0.0
-2;3300;VEV_6500;0;17;;;;;1;17;;;;;0.5;0.0
-2;3400;ASH_COATED_OSMIUM;9994;12;9991;23;;;10010;12;10012;23;;;10002.0;0.0
-2;3400;HYDROGEL_PACK;9983;12;9981;28;;;9999;12;10002;28;;;9991.0;0.0
-2;3400;INTARIAN_PEPPER_ROOT;12996;11;12993;23;;;13010;11;13014;23;;;13003.0;0.0
-2;3400;VELVETFRUIT_EXTRACT;5264;63;;;;;5270;63;5271;36;;;5267.0;0.0
-2;3400;VEV_4000;1250;15;1247;28;;;1271;15;1273;28;;;1260.5;0.0
-2;3400;VEV_4500;753;9;752;9;751;24;769;9;771;24;;;761.0;0.0
-2;3400;VEV_5000;261;9;260;13;;;267;24;;;;;264.0;0.0
-2;3400;VEV_5100;178;18;;;;;183;10;;;;;180.5;0.0
-2;3400;VEV_5200;99;32;98;14;;;101;7;;;;;100.0;0.0
-2;3400;VEV_5300;52;17;;;;;54;24;;;;;53.0;0.0
-2;3400;VEV_5400;14;23;;;;;16;24;;;;;15.0;0.0
-2;3400;VEV_5500;6;26;;;;;7;21;;;;;6.5;0.0
-2;3400;VEV_6000;0;26;;;;;1;26;;;;;0.5;0.0
-2;3400;VEV_6500;0;10;;;;;1;10;;;;;0.5;0.0
-2;3500;ASH_COATED_OSMIUM;9993;11;;;;;;;;;;;9993.0;0.0
-2;3500;HYDROGEL_PACK;9984;14;9982;23;;;10000;14;10003;23;;;9992.0;0.0
-2;3500;INTARIAN_PEPPER_ROOT;12996;10;12993;17;;;13011;10;13014;17;;;13003.5;0.0
-2;3500;VELVETFRUIT_EXTRACT;5264;58;;;;;5270;49;;;;;5267.0;0.0
-2;3500;VEV_4000;1249;10;1246;21;;;1270;10;1273;21;;;1259.5;0.0
-2;3500;VEV_4500;752;7;751;15;;;769;8;771;15;;;760.5;0.0
-2;3500;VEV_5000;261;29;260;22;;;267;6;268;21;;;264.0;0.0
-2;3500;VEV_5100;180;27;179;17;;;184;12;;;;;182.0;0.0
-2;3500;VEV_5200;99;19;;;;;102;11;;;;;100.5;0.0
-2;3500;VEV_5300;53;22;;;;;55;5;;;;;54.0;0.0
-2;3500;VEV_5400;14;21;;;;;15;27;;;;;14.5;0.0
-2;3500;VEV_5500;6;28;;;;;7;20;;;;;6.5;0.0
-2;3500;VEV_6000;0;15;;;;;1;15;;;;;0.5;0.0
-2;3500;VEV_6500;0;13;;;;;1;13;;;;;0.5;0.0
-2;3600;ASH_COATED_OSMIUM;9993;12;9991;28;;;10009;12;10012;28;;;10001.0;0.0
-2;3600;HYDROGEL_PACK;9983;11;9981;30;;;9999;11;10002;30;;;9991.0;0.0
-2;3600;INTARIAN_PEPPER_ROOT;12997;8;12993;16;;;13011;8;;;;;13004.0;0.0
-2;3600;VELVETFRUIT_EXTRACT;5264;30;5264;23;;;5269;23;5270;30;;;5266.5;0.0
-2;3600;VEV_4000;1248;10;1246;21;;;1270;10;1272;21;;;1259.0;0.0
-2;3600;VEV_4500;753;8;752;22;751;15;769;8;771;15;;;761.0;0.0
-2;3600;VEV_5000;261;6;260;15;;;267;7;268;15;;;264.0;0.0
-2;3600;VEV_5100;181;8;;;;;185;8;186;17;;;183.0;0.0
-2;3600;VEV_5200;98;22;;;;;102;32;;;;;100.0;0.0
-2;3600;VEV_5300;52;21;;;;;;;;;;;52.0;0.0
-2;3600;VEV_5400;;;;;;;15;20;16;27;;;15.0;0.0
-2;3600;VEV_5500;6;23;;;;;7;22;;;;;6.5;0.0
-2;3600;VEV_6000;0;27;;;;;1;27;;;;;0.5;0.0
-2;3600;VEV_6500;0;20;;;;;1;20;;;;;0.5;0.0
-2;3700;ASH_COATED_OSMIUM;9994;14;;;;;;;;;;;9994.0;0.0
-2;3700;HYDROGEL_PACK;9979;15;9977;23;;;9995;15;9998;23;;;9987.0;0.0
-2;3700;INTARIAN_PEPPER_ROOT;12997;10;12993;24;;;13011;10;13014;24;;;13004.0;0.0
-2;3700;VELVETFRUIT_EXTRACT;5265;21;5264;67;;;5270;65;;;;;5267.5;0.0
-2;3700;VEV_4000;1249;7;1246;22;;;1270;7;1273;22;;;1259.5;0.0
-2;3700;VEV_4500;752;8;750;21;;;770;21;;;;;761.0;0.0
-2;3700;VEV_5000;263;9;262;24;;;;;;;;;263.0;0.0
-2;3700;VEV_5100;180;12;179;24;;;184;12;185;31;;;182.0;0.0
-2;3700;VEV_5200;98;12;;;;;;;;;;;98.0;0.0
-2;3700;VEV_5300;53;6;;;;;55;23;;;;;54.0;0.0
-2;3700;VEV_5400;14;24;;;;;16;13;;;;;15.0;0.0
-2;3700;VEV_5500;6;19;;;;;7;25;;;;;6.5;0.0
-2;3700;VEV_6000;0;25;;;;;1;25;;;;;0.5;0.0
-2;3700;VEV_6500;0;14;;;;;1;14;;;;;0.5;0.0
-2;3800;ASH_COATED_OSMIUM;9994;14;9991;28;;;10010;14;;;;;10002.0;0.0
-2;3800;HYDROGEL_PACK;9978;12;9975;20;;;9994;12;9996;20;;;9986.0;0.0
-2;3800;INTARIAN_PEPPER_ROOT;12997;8;;;;;13011;8;13014;24;;;13004.0;0.0
-2;3800;VELVETFRUIT_EXTRACT;5262;42;;;;;5268;30;;;;;5265.0;0.0
-2;3800;VEV_4000;1247;14;1245;30;;;1268;14;1271;30;;;1257.5;0.0
-2;3800;VEV_4500;752;8;751;6;750;19;768;8;770;19;;;760.0;0.0
-2;3800;VEV_5000;262;18;;;;;270;27;;;;;266.0;0.0
-2;3800;VEV_5100;181;6;180;13;;;185;32;186;15;;;183.0;0.0
-2;3800;VEV_5200;98;33;;;;;101;33;102;20;;;99.5;0.0
-2;3800;VEV_5300;52;24;;;;;54;18;;;;;53.0;0.0
-2;3800;VEV_5400;;;;;;;16;22;;;;;16.0;0.0
-2;3800;VEV_5500;6;18;;;;;7;30;;;;;6.5;0.0
-2;3800;VEV_6000;0;23;;;;;1;23;;;;;0.5;0.0
-2;3800;VEV_6500;0;17;;;;;1;17;;;;;0.5;0.0
-2;3900;ASH_COATED_OSMIUM;;;;;;;10010;12;;;;;10010.0;0.0
-2;3900;HYDROGEL_PACK;9975;14;9972;26;;;9991;14;9993;26;;;9983.0;0.0
-2;3900;INTARIAN_PEPPER_ROOT;12994;15;;;;;;;;;;;12994.0;0.0
-2;3900;VELVETFRUIT_EXTRACT;5262;71;;;;;5268;46;5269;43;;;5265.0;0.0
-2;3900;VEV_4000;1247;8;1245;19;;;1268;8;1271;19;;;1257.5;0.0
-2;3900;VEV_4500;753;7;751;19;;;769;7;771;19;;;761.0;0.0
-2;3900;VEV_5000;262;10;261;30;;;268;10;269;13;;;265.0;0.0
-2;3900;VEV_5100;180;33;179;24;;;184;9;185;23;;;182.0;0.0
-2;3900;VEV_5200;99;27;;;;;102;22;;;;;100.5;0.0
-2;3900;VEV_5300;52;10;;;;;54;10;;;;;53.0;0.0
-2;3900;VEV_5400;14;21;;;;;15;24;;;;;14.5;0.0
-2;3900;VEV_5500;6;16;;;;;7;21;;;;;6.5;0.0
-2;3900;VEV_6000;0;20;;;;;1;20;;;;;0.5;0.0
-2;3900;VEV_6500;0;11;;;;;1;11;;;;;0.5;0.0
-2;4000;ASH_COATED_OSMIUM;9994;15;9991;27;;;10010;15;10012;27;;;10002.0;0.0
-2;4000;HYDROGEL_PACK;9977;13;9974;22;;;9993;13;9995;22;;;9985.0;0.0
-2;4000;INTARIAN_PEPPER_ROOT;12997;9;12994;24;;;13011;9;13014;24;;;13004.0;0.0
-2;4000;VELVETFRUIT_EXTRACT;5262;61;5262;25;;;5267;25;5268;40;;;5264.5;0.0
-2;4000;VEV_4000;1247;10;1245;24;;;1268;10;1271;24;;;1257.5;0.0
-2;4000;VEV_4500;753;7;751;13;;;769;7;771;13;;;761.0;0.0
-2;4000;VEV_5000;263;12;262;18;;;;;;;;;263.0;0.0
-2;4000;VEV_5100;180;22;179;21;;;184;24;185;20;;;182.0;0.0
-2;4000;VEV_5200;99;10;98;27;;;101;8;102;32;;;100.0;0.0
-2;4000;VEV_5300;52;20;;;;;54;8;;;;;53.0;0.0
-2;4000;VEV_5400;14;23;;;;;15;6;16;21;;;14.5;0.0
-2;4000;VEV_5500;6;28;;;;;7;23;;;;;6.5;0.0
-2;4000;VEV_6000;0;20;;;;;1;20;;;;;0.5;0.0
-2;4000;VEV_6500;0;14;;;;;1;14;;;;;0.5;0.0
-2;4100;ASH_COATED_OSMIUM;;;;;;;10012;21;;;;;10012.0;0.0
-2;4100;HYDROGEL_PACK;9975;14;9973;28;;;9991;14;9994;28;;;9983.0;0.0
-2;4100;INTARIAN_PEPPER_ROOT;12997;9;12994;21;;;13014;21;;;;;13005.5;0.0
-2;4100;VELVETFRUIT_EXTRACT;5261;41;;;;;5267;48;;;;;5264.0;0.0
-2;4100;VEV_4000;1244;8;1241;16;;;1265;8;1267;16;;;1254.5;0.0
-2;4100;VEV_4500;752;12;751;10;750;19;768;12;770;19;;;760.0;0.0
-2;4100;VEV_5000;263;9;262;21;;;269;26;;;;;266.0;0.0
-2;4100;VEV_5100;179;7;178;12;;;183;21;;;;;181.0;0.0
-2;4100;VEV_5200;99;6;98;21;;;102;24;;;;;100.5;0.0
-2;4100;VEV_5300;53;6;52;30;;;55;15;55;21;;;54.0;0.0
-2;4100;VEV_5400;14;23;;;;;16;25;;;;;15.0;0.0
-2;4100;VEV_5500;6;23;;;;;7;23;;;;;6.5;0.0
-2;4100;VEV_6000;0;19;;;;;1;19;;;;;0.5;0.0
-2;4100;VEV_6500;0;14;;;;;1;14;;;;;0.5;0.0
-2;4200;ASH_COATED_OSMIUM;9994;15;9991;28;;;10012;28;;;;;10003.0;0.0
-2;4200;HYDROGEL_PACK;9975;15;9973;22;;;9991;15;9994;22;;;9983.0;0.0
-2;4200;INTARIAN_PEPPER_ROOT;;;;;;;13014;19;;;;;13014.0;0.0
-2;4200;VELVETFRUIT_EXTRACT;5260;38;5260;19;;;5266;59;;;;;5263.0;0.0
-2;4200;VEV_4000;1246;8;1244;28;;;1268;8;1270;28;;;1257.0;0.0
-2;4200;VEV_4500;753;12;751;17;;;769;12;771;17;;;761.0;0.0
-2;4200;VEV_5000;264;12;263;18;;;270;12;271;19;;;267.0;0.0
-2;4200;VEV_5100;180;7;179;23;;;184;33;185;22;;;182.0;0.0
-2;4200;VEV_5200;99;26;98;28;;;101;21;102;15;;;100.0;0.0
-2;4200;VEV_5300;52;9;;;;;54;25;;;;;53.0;0.0
-2;4200;VEV_5400;15;19;;;;;16;24;;;;;15.5;0.0
-2;4200;VEV_5500;6;24;;;;;7;23;;;;;6.5;0.0
-2;4200;VEV_6000;0;24;;;;;1;24;;;;;0.5;0.0
-2;4200;VEV_6500;0;21;;;;;1;21;;;;;0.5;0.0
-2;4300;ASH_COATED_OSMIUM;9994;12;;;;;10010;12;10012;28;;;10002.0;0.0
-2;4300;HYDROGEL_PACK;9974;12;9972;23;;;9990;12;9993;23;;;9982.0;0.0
-2;4300;INTARIAN_PEPPER_ROOT;12997;8;12994;16;;;13011;8;;;;;13004.0;0.0
-2;4300;VELVETFRUIT_EXTRACT;5260;25;5259;66;;;5265;48;;;;;5262.5;0.0
-2;4300;VEV_4000;1246;7;1244;23;;;1268;7;1270;23;;;1257.0;0.0
-2;4300;VEV_4500;754;10;752;14;;;770;10;772;14;;;762.0;0.0
-2;4300;VEV_5000;264;23;;;;;272;24;;;;;268.0;0.0
-2;4300;VEV_5100;180;9;179;17;;;184;30;;;;;182.0;0.0
-2;4300;VEV_5200;98;11;97;18;;;101;12;;;;;99.5;0.0
-2;4300;VEV_5300;52;17;;;;;54;5;;;;;53.0;0.0
-2;4300;VEV_5400;;;;;;;16;21;;;;;16.0;0.0
-2;4300;VEV_5500;6;26;;;;;7;20;;;;;6.5;0.0
-2;4300;VEV_6000;0;25;;;;;1;25;;;;;0.5;0.0
-2;4300;VEV_6500;0;13;;;;;1;13;;;;;0.5;0.0
-2;4400;ASH_COATED_OSMIUM;9994;15;9991;28;;;10010;15;10012;28;;;10002.0;0.0
-2;4400;HYDROGEL_PACK;9973;10;9971;26;;;9989;10;9992;26;;;9981.0;0.0
-2;4400;INTARIAN_PEPPER_ROOT;12994;23;;;;;13011;11;;;;;13002.5;0.0
-2;4400;VELVETFRUIT_EXTRACT;5261;25;5260;37;5260;33;5265;25;5266;16;5267;37;5263.0;0.0
-2;4400;VEV_4000;1245;15;1243;25;;;1266;15;1269;25;;;1255.5;0.0
-2;4400;VEV_4500;754;6;752;15;;;770;6;772;15;;;762.0;0.0
-2;4400;VEV_5000;264;18;263;15;;;270;8;271;21;;;267.0;0.0
-2;4400;VEV_5100;181;19;;;;;186;6;187;19;;;183.5;0.0
-2;4400;VEV_5200;98;34;97;34;;;100;26;101;19;;;99.0;0.0
-2;4400;VEV_5300;53;25;;;;;55;25;;;;;54.0;0.0
-2;4400;VEV_5400;15;26;;;;;16;5;17;24;;;15.5;0.0
-2;4400;VEV_5500;6;24;;;;;7;24;;;;;6.5;0.0
-2;4400;VEV_6000;0;22;;;;;1;22;;;;;0.5;0.0
-2;4400;VEV_6500;0;16;;;;;1;16;;;;;0.5;0.0
-2;4500;ASH_COATED_OSMIUM;9993;15;9991;28;;;10009;15;10012;28;;;10001.0;0.0
-2;4500;HYDROGEL_PACK;9974;10;9971;22;;;9990;10;9992;22;;;9982.0;0.0
-2;4500;INTARIAN_PEPPER_ROOT;12997;8;12994;20;;;13012;8;13015;20;;;13004.5;0.0
-2;4500;VELVETFRUIT_EXTRACT;5262;30;5261;31;;;5267;15;5268;60;;;5264.5;0.0
-2;4500;VEV_4000;1244;10;1242;27;;;1265;10;1268;27;;;1254.5;0.0
-2;4500;VEV_4500;755;7;;;;;771;7;773;16;;;763.0;0.0
-2;4500;VEV_5000;265;8;264;27;;;271;10;272;18;;;268.0;0.0
-2;4500;VEV_5100;181;9;180;29;;;185;30;;;;;183.0;0.0
-2;4500;VEV_5200;99;20;98;32;;;101;11;102;19;;;100.0;0.0
-2;4500;VEV_5300;52;24;;;;;54;22;;;;;53.0;0.0
-2;4500;VEV_5400;15;17;15;23;;;16;18;17;25;;;15.5;0.0
-2;4500;VEV_5500;6;21;;;;;7;21;;;;;6.5;0.0
-2;4500;VEV_6000;0;29;;;;;1;29;;;;;0.5;0.0
-2;4500;VEV_6500;0;19;;;;;1;19;;;;;0.5;0.0
-2;4600;ASH_COATED_OSMIUM;9993;12;;;;;10009;12;10012;21;;;10001.0;0.0
-2;4600;HYDROGEL_PACK;9973;13;9970;23;;;9989;13;9991;23;;;9981.0;0.0
-2;4600;INTARIAN_PEPPER_ROOT;12994;17;;;;;13012;11;13015;17;;;13003.0;0.0
-2;4600;VELVETFRUIT_EXTRACT;5264;49;5264;23;;;5269;23;5270;64;;;5266.5;0.0
-2;4600;VEV_4000;1244;9;1241;25;;;1265;9;1267;25;;;1254.5;0.0
-2;4600;VEV_4500;754;12;752;13;;;770;12;773;13;;;762.0;0.0
-2;4600;VEV_5000;266;21;;;;;273;8;;;;;269.5;0.0
-2;4600;VEV_5100;179;24;;;;;184;29;;;;;181.5;0.0
-2;4600;VEV_5200;99;31;;;;;103;15;;;;;101.0;0.0
-2;4600;VEV_5300;51;27;;;;;53;8;;;;;52.0;0.0
-2;4600;VEV_5400;15;15;;;;;17;19;;;;;16.0;0.0
-2;4600;VEV_5500;6;24;;;;;7;22;;;;;6.5;0.0
-2;4600;VEV_6000;0;17;;;;;1;17;;;;;0.5;0.0
-2;4600;VEV_6500;0;20;;;;;1;20;;;;;0.5;0.0
-2;4700;ASH_COATED_OSMIUM;9994;14;;;;;10010;14;;;;;10002.0;0.0
-2;4700;HYDROGEL_PACK;9974;10;9972;30;;;9990;10;9993;30;;;9982.0;0.0
-2;4700;INTARIAN_PEPPER_ROOT;12998;11;;;;;13012;11;13015;19;;;13005.0;0.0
-2;4700;VELVETFRUIT_EXTRACT;5267;66;;;;;5273;50;;;;;5270.0;0.0
-2;4700;VEV_4000;1244;14;1242;21;;;1265;14;1268;21;;;1254.5;0.0
-2;4700;VEV_4500;754;15;;;;;774;15;;;;;764.0;0.0
-2;4700;VEV_5000;268;11;267;18;;;274;8;275;27;;;271.0;0.0
-2;4700;VEV_5100;181;33;180;14;;;185;7;;;;;183.0;0.0
-2;4700;VEV_5200;99;18;;;;;103;33;;;;;101.0;0.0
-2;4700;VEV_5300;51;7;50;10;;;53;25;;;;;52.0;0.0
-2;4700;VEV_5400;;;;;;;16;17;;;;;16.0;0.0
-2;4700;VEV_5500;6;25;;;;;7;20;;;;;6.5;0.0
-2;4700;VEV_6000;0;18;;;;;1;18;;;;;0.5;0.0
-2;4700;VEV_6500;0;17;;;;;1;17;;;;;0.5;0.0
-2;4800;ASH_COATED_OSMIUM;9994;13;9991;28;;;10010;13;10012;28;;;10002.0;0.0
-2;4800;HYDROGEL_PACK;9979;13;9976;28;;;9995;13;9997;28;;;9987.0;0.0
-2;4800;INTARIAN_PEPPER_ROOT;12995;25;;;;;13015;25;;;;;13005.0;0.0
-2;4800;VELVETFRUIT_EXTRACT;5265;41;;;;;5270;20;5271;41;;;5267.5;0.0
-2;4800;VEV_4000;1244;15;1241;23;;;1265;15;1267;23;;;1254.5;0.0
-2;4800;VEV_4500;758;7;756;13;;;774;7;776;13;;;766.0;0.0
-2;4800;VEV_5000;267;10;266;12;;;273;8;274;17;;;270.0;0.0
-2;4800;VEV_5100;180;24;;;;;185;9;186;13;;;182.5;0.0
-2;4800;VEV_5200;99;28;;;;;102;27;103;36;;;100.5;0.0
-2;4800;VEV_5300;51;5;;;;;53;25;;;;;52.0;0.0
-2;4800;VEV_5400;15;24;;;;;17;28;;;;;16.0;0.0
-2;4800;VEV_5500;6;22;;;;;7;27;;;;;6.5;0.0
-2;4800;VEV_6000;0;16;;;;;1;16;;;;;0.5;0.0
-2;4800;VEV_6500;0;14;;;;;1;14;;;;;0.5;0.0
-2;4900;ASH_COATED_OSMIUM;9994;12;;;;;10010;12;10012;22;;;10002.0;0.0
-2;4900;HYDROGEL_PACK;9978;12;9975;20;;;9994;12;9996;20;;;9986.0;0.0
-2;4900;INTARIAN_PEPPER_ROOT;12998;9;12995;19;;;13012;9;13015;19;;;13005.0;0.0
-2;4900;VELVETFRUIT_EXTRACT;5264;37;;;;;5269;22;5270;69;;;5266.5;0.0
-2;4900;VEV_4000;1244;7;1242;18;;;1265;7;1268;18;;;1254.5;0.0
-2;4900;VEV_4500;757;8;756;6;755;21;773;8;775;21;;;765.0;0.0
-2;4900;VEV_5000;265;10;264;20;;;271;9;;;;;268.0;0.0
-2;4900;VEV_5100;180;11;179;14;;;184;29;185;29;;;182.0;0.0
-2;4900;VEV_5200;99;27;;;;;103;15;;;;;101.0;0.0
-2;4900;VEV_5300;51;20;;;;;53;24;;;;;52.0;0.0
-2;4900;VEV_5400;15;29;;;;;17;13;;;;;16.0;0.0
-2;4900;VEV_5500;6;18;;;;;7;13;;;;;6.5;0.0
-2;4900;VEV_6000;0;23;;;;;1;23;;;;;0.5;0.0
-2;4900;VEV_6500;0;14;;;;;1;14;;;;;0.5;0.0
-2;5000;ASH_COATED_OSMIUM;9994;11;9991;29;;;10012;29;;;;;10003.0;0.0
-2;5000;HYDROGEL_PACK;9980;10;9978;23;;;9996;10;9999;23;;;9988.0;0.0
-2;5000;INTARIAN_PEPPER_ROOT;12998;12;12995;22;;;13012;12;13015;22;;;13005.0;0.0
-2;5000;VELVETFRUIT_EXTRACT;5265;19;;;;;5270;17;5271;55;;;5267.5;0.0
-2;5000;VEV_4000;1246;10;1243;26;;;1267;10;1269;26;;;1256.5;0.0
-2;5000;VEV_4500;757;8;755;16;;;773;8;775;16;;;765.0;0.0
-2;5000;VEV_5000;265;10;264;18;;;271;27;272;25;;;268.0;0.0
-2;5000;VEV_5100;180;7;179;29;;;184;33;185;34;;;182.0;0.0
-2;5000;VEV_5200;100;10;99;22;;;102;10;103;19;;;101.0;0.0
-2;5000;VEV_5300;52;30;51;19;;;;;;;;;52.0;0.0
-2;5000;VEV_5400;16;26;15;15;;;16;24;17;20;;;16.0;0.0
-2;5000;VEV_5500;6;25;;;;;7;27;;;;;6.5;0.0
-2;5000;VEV_6000;0;24;;;;;1;24;;;;;0.5;0.0
-2;5000;VEV_6500;0;12;;;;;1;12;;;;;0.5;0.0
-2;5100;ASH_COATED_OSMIUM;9992;25;;;;;10013;25;;;;;10002.5;0.0
-2;5100;HYDROGEL_PACK;9981;12;9978;26;;;9997;12;9999;26;;;9989.0;0.0
-2;5100;INTARIAN_PEPPER_ROOT;12998;11;12995;23;;;13012;11;13015;23;;;13005.0;0.0
-2;5100;VELVETFRUIT_EXTRACT;5267;17;5266;44;5266;43;5272;43;5273;44;;;5269.5;0.0
-2;5100;VEV_4000;1243;13;1241;29;;;1264;13;1267;29;;;1253.5;0.0
-2;5100;VEV_4500;758;9;756;24;;;774;9;776;24;;;766.0;0.0
-2;5100;VEV_5000;263;20;;;;;270;7;;;;;266.5;0.0
-2;5100;VEV_5100;180;12;179;24;;;184;26;185;24;;;182.0;0.0
-2;5100;VEV_5200;100;25;;;;;103;26;;;;;101.5;0.0
-2;5100;VEV_5300;51;20;;;;;53;18;54;20;;;52.0;0.0
-2;5100;VEV_5400;15;16;15;6;;;17;22;;;;;16.0;0.0
-2;5100;VEV_5500;6;20;;;;;7;15;;;;;6.5;0.0
-2;5100;VEV_6000;0;26;;;;;1;26;;;;;0.5;0.0
-2;5100;VEV_6500;0;16;;;;;1;16;;;;;0.5;0.0
-2;5200;ASH_COATED_OSMIUM;9991;29;;;;;10010;15;10012;29;;;10000.5;0.0
-2;5200;HYDROGEL_PACK;9983;12;9980;23;;;9999;12;10001;23;;;9991.0;0.0
-2;5200;INTARIAN_PEPPER_ROOT;12998;10;;;;;13012;10;;;;;13005.0;0.0
-2;5200;VELVETFRUIT_EXTRACT;5267;56;;;;;5273;40;;;;;5270.0;0.0
-2;5200;VEV_4000;1244;12;1241;18;;;1265;12;1267;18;;;1254.5;0.0
-2;5200;VEV_4500;758;11;757;9;756;19;774;11;776;19;;;766.0;0.0
-2;5200;VEV_5000;263;6;262;15;;;269;12;270;18;;;266.0;0.0
-2;5200;VEV_5100;181;20;180;17;;;185;25;;;;;183.0;0.0
-2;5200;VEV_5200;;;;;;;102;35;;;;;102.0;0.0
-2;5200;VEV_5300;50;19;;;;;53;22;54;25;;;51.5;0.0
-2;5200;VEV_5400;15;20;;;;;17;30;;;;;16.0;0.0
-2;5200;VEV_5500;6;28;;;;;7;18;;;;;6.5;0.0
-2;5200;VEV_6000;0;23;;;;;1;23;;;;;0.5;0.0
-2;5200;VEV_6500;0;16;;;;;1;16;;;;;0.5;0.0
-2;5300;ASH_COATED_OSMIUM;9994;13;9991;29;;;10010;13;10012;29;;;10002.0;0.0
-2;5300;HYDROGEL_PACK;9986;10;9983;30;;;10002;10;10004;30;;;9994.0;0.0
-2;5300;INTARIAN_PEPPER_ROOT;12998;8;12995;15;;;13016;15;;;;;13007.0;0.0
-2;5300;VELVETFRUIT_EXTRACT;5269;24;5268;32;5268;65;5274;54;5275;32;;;5271.5;0.0
-2;5300;VEV_4000;1243;12;1240;21;;;1264;12;1266;21;;;1253.5;0.0
-2;5300;VEV_4500;758;8;756;15;;;774;8;776;15;;;766.0;0.0
-2;5300;VEV_5000;264;9;263;24;;;270;12;;;;;267.0;0.0
-2;5300;VEV_5100;180;28;;;;;185;17;;;;;182.5;0.0
-2;5300;VEV_5200;99;12;98;12;;;102;31;;;;;100.5;0.0
-2;5300;VEV_5300;52;6;51;11;;;54;23;;;;;53.0;0.0
-2;5300;VEV_5400;15;21;;;;;;;;;;;15.0;0.0
-2;5300;VEV_5500;5;23;;;;;7;18;;;;;6.0;0.0
-2;5300;VEV_6000;0;28;;;;;1;28;;;;;0.5;0.0
-2;5300;VEV_6500;0;14;;;;;1;14;;;;;0.5;0.0
-2;5400;ASH_COATED_OSMIUM;9993;13;;;;;10012;22;;;;;10002.5;0.0
-2;5400;HYDROGEL_PACK;9986;10;9984;25;;;10002;10;10005;25;;;9994.0;0.0
-2;5400;INTARIAN_PEPPER_ROOT;12995;19;;;;;13012;9;13016;19;;;13003.5;0.0
-2;5400;VELVETFRUIT_EXTRACT;5268;21;5267;47;;;5272;21;5273;24;;;5270.0;0.0
-2;5400;VEV_4000;1242;10;1239;17;;;1263;10;1265;17;;;1252.5;0.0
-2;5400;VEV_4500;757;9;755;13;;;773;9;775;13;;;765.0;0.0
-2;5400;VEV_5000;264;27;;;;;272;16;;;;;268.0;0.0
-2;5400;VEV_5100;181;9;;;;;186;20;;;;;183.5;0.0
-2;5400;VEV_5200;;;;;;;101;12;;;;;101.0;0.0
-2;5400;VEV_5300;51;23;50;20;;;;;;;;;51.0;0.0
-2;5400;VEV_5400;15;2;;;;;17;27;;;;;16.0;0.0
-2;5400;VEV_5500;6;16;;;;;7;28;;;;;6.5;0.0
-2;5400;VEV_6000;0;27;;;;;1;27;;;;;0.5;0.0
-2;5400;VEV_6500;0;14;;;;;1;14;;;;;0.5;0.0
-2;5500;ASH_COATED_OSMIUM;9993;15;9991;22;;;10009;15;10012;22;;;10001.0;0.0
-2;5500;HYDROGEL_PACK;9987;10;9985;27;;;10003;10;10006;27;;;9995.0;0.0
-2;5500;INTARIAN_PEPPER_ROOT;12998;12;12995;17;;;13013;12;13016;17;;;13005.5;0.0
-2;5500;VELVETFRUIT_EXTRACT;5266;56;;;;;5272;17;;;;;5269.0;0.0
-2;5500;VEV_4000;1243;10;1241;23;;;1264;10;1267;23;;;1253.5;0.0
-2;5500;VEV_4500;759;10;757;14;;;775;10;777;14;;;767.0;0.0
-2;5500;VEV_5000;265;12;264;12;;;271;9;272;22;;;268.0;0.0
-2;5500;VEV_5100;180;31;;;;;185;17;;;;;182.5;0.0
-2;5500;VEV_5200;97;26;;;;;101;31;;;;;99.0;0.0
-2;5500;VEV_5300;51;17;;;;;53;24;;;;;52.0;0.0
-2;5500;VEV_5400;15;19;;;;;16;29;17;17;;;15.5;0.0
-2;5500;VEV_5500;5;25;;;;;7;25;;;;;6.0;0.0
-2;5500;VEV_6000;0;27;;;;;1;27;;;;;0.5;0.0
-2;5500;VEV_6500;0;20;;;;;1;20;;;;;0.5;0.0
-2;5600;ASH_COATED_OSMIUM;9993;11;9990;27;;;10009;11;10011;27;;;10001.0;0.0
-2;5600;HYDROGEL_PACK;9984;12;9982;29;;;10000;12;10003;29;;;9992.0;0.0
-2;5600;INTARIAN_PEPPER_ROOT;12999;11;;;;;13013;11;13016;17;;;13006.0;0.0
-2;5600;VELVETFRUIT_EXTRACT;5266;17;5265;16;;;5271;44;;;;;5268.5;0.0
-2;5600;VEV_4000;1243;11;1241;25;;;1264;11;1267;25;;;1253.5;0.0
-2;5600;VEV_4500;759;11;757;12;;;775;11;777;12;;;767.0;0.0
-2;5600;VEV_5000;265;8;264;12;;;271;8;272;17;;;268.0;0.0
-2;5600;VEV_5100;;;;;;;185;22;;;;;185.0;0.0
-2;5600;VEV_5200;98;6;97;23;;;101;21;;;;;99.5;0.0
-2;5600;VEV_5300;51;6;;;;;53;26;;;;;52.0;0.0
-2;5600;VEV_5400;15;27;;;;;17;29;;;;;16.0;0.0
-2;5600;VEV_5500;6;19;;;;;7;24;;;;;6.5;0.0
-2;5600;VEV_6000;0;16;;;;;1;16;;;;;0.5;0.0
-2;5600;VEV_6500;0;20;;;;;1;20;;;;;0.5;0.0
-2;5700;ASH_COATED_OSMIUM;9993;10;9991;30;;;10009;10;10012;30;;;10001.0;0.0
-2;5700;HYDROGEL_PACK;9983;15;9981;21;;;9999;15;10002;21;;;9991.0;0.0
-2;5700;INTARIAN_PEPPER_ROOT;12995;16;;;;;13013;8;13016;16;;;13004.0;0.0
-2;5700;VELVETFRUIT_EXTRACT;5266;53;;;;;5272;49;;;;;5269.0;0.0
-2;5700;VEV_4000;1243;12;1240;18;;;1264;12;1266;18;;;1253.5;0.0
-2;5700;VEV_4500;759;12;757;12;;;775;12;777;12;;;767.0;0.0
-2;5700;VEV_5000;264;34;;;;;271;11;272;13;;;267.5;0.0
-2;5700;VEV_5100;182;12;181;20;;;186;6;187;16;;;184.0;0.0
-2;5700;VEV_5200;97;27;;;;;101;14;;;;;99.0;0.0
-2;5700;VEV_5300;;;;;;;53;21;;;;;53.0;0.0
-2;5700;VEV_5400;15;22;;;;;17;19;;;;;16.0;0.0
-2;5700;VEV_5500;6;20;;;;;7;19;;;;;6.5;0.0
-2;5700;VEV_6000;0;22;;;;;1;22;;;;;0.5;0.0
-2;5700;VEV_6500;0;18;;;;;1;18;;;;;0.5;0.0
-2;5800;ASH_COATED_OSMIUM;9993;12;9990;21;;;10003;4;10011;21;;;9998.0;0.0
-2;5800;HYDROGEL_PACK;9983;14;9980;22;;;9999;14;10001;22;;;9991.0;0.0
-2;5800;INTARIAN_PEPPER_ROOT;12999;11;;;;;13013;11;13016;25;;;13006.0;0.0
-2;5800;VELVETFRUIT_EXTRACT;5265;24;;;;;5271;17;;;;;5268.0;0.0
-2;5800;VEV_4000;1243;12;1241;28;;;1265;12;1267;28;;;1254.0;0.0
-2;5800;VEV_4500;760;11;758;20;;;776;11;778;20;;;768.0;0.0
-2;5800;VEV_5000;265;10;264;23;;;271;8;272;16;;;268.0;0.0
-2;5800;VEV_5100;181;11;180;24;;;185;8;186;17;;;183.0;0.0
-2;5800;VEV_5200;98;21;97;31;;;100;34;101;25;;;99.0;0.0
-2;5800;VEV_5300;51;23;50;24;;;53;20;;;;;52.0;0.0
-2;5800;VEV_5400;15;25;;;;;17;26;;;;;16.0;0.0
-2;5800;VEV_5500;6;24;;;;;7;25;;;;;6.5;0.0
-2;5800;VEV_6000;0;19;;;;;1;19;;;;;0.5;0.0
-2;5800;VEV_6500;0;15;;;;;1;15;;;;;0.5;0.0
-2;5900;ASH_COATED_OSMIUM;9993;12;;;;;10009;12;10011;24;;;10001.0;0.0
-2;5900;HYDROGEL_PACK;9984;12;9981;29;;;10000;12;10002;29;;;9992.0;0.0
-2;5900;INTARIAN_PEPPER_ROOT;12999;9;12996;23;;;13016;23;;;;;13007.5;0.0
-2;5900;VELVETFRUIT_EXTRACT;5265;31;;;;;5271;24;;;;;5268.0;0.0
-2;5900;VEV_4000;1243;13;1241;20;;;1264;13;1267;20;;;1253.5;0.0
-2;5900;VEV_4500;760;8;759;9;;;776;8;778;19;;;768.0;0.0
-2;5900;VEV_5000;;;;;;;270;27;271;15;;;270.0;0.0
-2;5900;VEV_5100;181;12;180;21;;;;;;;;;181.0;0.0
-2;5900;VEV_5200;98;24;;;;;;;;;;;98.0;0.0
-2;5900;VEV_5300;51;19;50;12;;;53;21;;;;;52.0;0.0
-2;5900;VEV_5400;15;19;;;;;16;24;17;25;;;15.5;0.0
-2;5900;VEV_5500;6;26;;;;;7;21;;;;;6.5;0.0
-2;5900;VEV_6000;0;20;;;;;1;20;;;;;0.5;0.0
-2;5900;VEV_6500;0;12;;;;;1;12;;;;;0.5;0.0
-2;6000;ASH_COATED_OSMIUM;9989;29;;;;;10008;10;10010;29;;;9998.5;0.0
-2;6000;HYDROGEL_PACK;9985;12;9983;29;;;10001;12;10004;29;;;9993.0;0.0
-2;6000;INTARIAN_PEPPER_ROOT;12999;8;12996;20;;;13013;8;13016;20;;;13006.0;0.0
-2;6000;VELVETFRUIT_EXTRACT;5264;44;5264;43;;;5270;39;;;;;5267.0;0.0
-2;6000;VEV_4000;1244;8;1241;29;;;1265;8;1267;29;;;1254.5;0.0
-2;6000;VEV_4500;759;10;;;;;777;14;;;;;768.0;0.0
-2;6000;VEV_5000;264;11;263;22;;;270;23;271;15;;;267.0;0.0
-2;6000;VEV_5100;182;32;181;12;;;186;11;187;20;;;184.0;0.0
-2;6000;VEV_5200;97;12;;;;;100;12;101;27;;;98.5;0.0
-2;6000;VEV_5300;51;29;;;;;53;20;54;18;;;52.0;0.0
-2;6000;VEV_5400;;;;;;;17;23;;;;;17.0;0.0
-2;6000;VEV_5500;6;25;;;;;7;12;;;;;6.5;0.0
-2;6000;VEV_6000;0;25;;;;;1;25;;;;;0.5;0.0
-2;6000;VEV_6500;0;19;;;;;1;19;;;;;0.5;0.0
-2;6100;ASH_COATED_OSMIUM;9992;12;9990;24;;;10008;12;10011;24;;;10000.0;0.0
-2;6100;HYDROGEL_PACK;9985;11;9983;20;;;10001;11;10004;20;;;9993.0;0.0
-2;6100;INTARIAN_PEPPER_ROOT;12999;8;12996;17;;;13016;17;;;;;13007.5;0.0
-2;6100;VELVETFRUIT_EXTRACT;5264;15;5263;32;;;5269;60;5270;32;;;5266.5;0.0
-2;6100;VEV_4000;1243;9;1241;24;;;1264;9;1267;24;;;1253.5;0.0
-2;6100;VEV_4500;758;8;756;19;;;774;8;776;19;;;766.0;0.0
-2;6100;VEV_5000;263;8;262;15;;;269;27;270;23;;;266.0;0.0
-2;6100;VEV_5100;183;10;182;30;;;187;27;188;15;;;185.0;0.0
-2;6100;VEV_5200;98;7;97;22;;;100;18;101;24;;;99.0;0.0
-2;6100;VEV_5300;51;5;;;;;53;23;;;;;52.0;0.0
-2;6100;VEV_5400;16;17;;;;;;;;;;;16.0;0.0
-2;6100;VEV_5500;6;25;;;;;7;19;;;;;6.5;0.0
-2;6100;VEV_6000;0;16;;;;;1;16;;;;;0.5;0.0
-2;6100;VEV_6500;0;15;;;;;1;15;;;;;0.5;0.0
-2;6200;ASH_COATED_OSMIUM;9990;29;;;;;10008;11;;;;;9999.0;0.0
-2;6200;HYDROGEL_PACK;9986;12;9983;29;;;10002;12;10004;29;;;9994.0;0.0
-2;6200;INTARIAN_PEPPER_ROOT;12999;11;12996;20;;;13013;11;13016;20;;;13006.0;0.0
-2;6200;VELVETFRUIT_EXTRACT;5262;33;5262;31;;;5268;58;;;;;5265.0;0.0
-2;6200;VEV_4000;1243;7;1240;20;;;1264;7;1266;20;;;1253.5;0.0
-2;6200;VEV_4500;759;7;;;;;775;7;776;6;777;21;767.0;0.0
-2;6200;VEV_5000;265;6;264;17;;;271;9;272;13;;;268.0;0.0
-2;6200;VEV_5100;183;23;182;20;;;187;31;188;24;;;185.0;0.0
-2;6200;VEV_5200;97;9;;;;;;;;;;;97.0;0.0
-2;6200;VEV_5300;51;8;;;;;53;23;;;;;52.0;0.0
-2;6200;VEV_5400;15;20;;;;;17;25;;;;;16.0;0.0
-2;6200;VEV_5500;6;28;;;;;7;21;;;;;6.5;0.0
-2;6200;VEV_6000;0;29;;;;;1;29;;;;;0.5;0.0
-2;6200;VEV_6500;0;16;;;;;1;16;;;;;0.5;0.0
-2;6300;ASH_COATED_OSMIUM;9992;10;9990;29;;;10008;10;10011;29;;;10000.0;0.0
-2;6300;HYDROGEL_PACK;9987;11;9985;30;;;10003;11;10006;30;;;9995.0;0.0
-2;6300;INTARIAN_PEPPER_ROOT;12996;21;;;;;13013;11;13017;21;;;13004.5;0.0
-2;6300;VELVETFRUIT_EXTRACT;5263;25;5262;36;;;5267;25;5268;60;5269;32;5265.0;0.0
-2;6300;VEV_4000;1242;10;1239;22;;;1263;10;1265;22;;;1252.5;0.0
-2;6300;VEV_4500;757;11;755;17;;;773;11;774;7;776;17;765.0;0.0
-2;6300;VEV_5000;266;33;;;;;272;12;273;17;;;269.0;0.0
-2;6300;VEV_5100;183;10;;;;;187;28;;;;;185.0;0.0
-2;6300;VEV_5200;97;27;;;;;100;11;101;23;;;98.5;0.0
-2;6300;VEV_5300;51;27;;;;;53;18;;;;;52.0;0.0
-2;6300;VEV_5400;;;;;;;17;20;;;;;17.0;0.0
-2;6300;VEV_5500;6;22;;;;;7;21;;;;;6.5;0.0
-2;6300;VEV_6000;0;21;;;;;1;21;;;;;0.5;0.0
-2;6300;VEV_6500;0;16;;;;;1;16;;;;;0.5;0.0
-2;6400;ASH_COATED_OSMIUM;9992;11;9990;21;;;10011;21;;;;;10001.5;0.0
-2;6400;HYDROGEL_PACK;9987;12;9985;29;;;10003;12;10006;29;;;9995.0;0.0
-2;6400;INTARIAN_PEPPER_ROOT;12996;23;;;;;13013;9;13017;23;;;13004.5;0.0
-2;6400;VELVETFRUIT_EXTRACT;5263;15;5262;49;;;5268;50;;;;;5265.5;0.0
-2;6400;VEV_4000;1243;10;1240;28;;;1264;10;1266;28;;;1253.5;0.0
-2;6400;VEV_4500;757;6;755;22;;;773;6;775;22;;;765.0;0.0
-2;6400;VEV_5000;267;6;266;25;;;273;11;274;12;;;270.0;0.0
-2;6400;VEV_5100;183;6;;;;;187;9;188;20;;;185.0;0.0
-2;6400;VEV_5200;98;12;97;23;;;101;18;;;;;99.5;0.0
-2;6400;VEV_5300;51;23;;;;;53;7;54;25;;;52.0;0.0
-2;6400;VEV_5400;15;19;;;;;16;27;17;22;;;15.5;0.0
-2;6400;VEV_5500;5;18;;;;;7;19;;;;;6.0;0.0
-2;6400;VEV_6000;0;22;;;;;1;22;;;;;0.5;0.0
-2;6400;VEV_6500;0;13;;;;;1;13;;;;;0.5;0.0
-2;6500;ASH_COATED_OSMIUM;9990;21;;;;;10008;14;10011;21;;;9999.0;0.0
-2;6500;HYDROGEL_PACK;9989;13;9987;30;;;10005;13;10008;30;;;9997.0;0.0
-2;6500;INTARIAN_PEPPER_ROOT;12999;12;12996;15;;;13014;12;13017;15;;;13006.5;0.0
-2;6500;VELVETFRUIT_EXTRACT;5261;38;;;;;5266;24;5267;19;5268;33;5263.5;0.0
-2;6500;VEV_4000;1241;14;1239;28;;;1262;14;1265;28;;;1251.5;0.0
-2;6500;VEV_4500;756;8;754;13;;;772;8;773;6;774;13;764.0;0.0
-2;6500;VEV_5000;269;26;268;15;;;276;18;;;;;272.5;0.0
-2;6500;VEV_5100;183;32;182;19;;;187;31;;;;;185.0;0.0
-2;6500;VEV_5200;98;26;;;;;102;30;;;;;100.0;0.0
-2;6500;VEV_5300;51;25;;;;;53;27;54;22;;;52.0;0.0
-2;6500;VEV_5400;15;17;;;;;;;;;;;15.0;0.0
-2;6500;VEV_5500;5;23;;;;;7;23;;;;;6.0;0.0
-2;6500;VEV_6000;0;20;;;;;1;20;;;;;0.5;0.0
-2;6500;VEV_6500;0;17;;;;;1;17;;;;;0.5;0.0
-2;6600;ASH_COATED_OSMIUM;9992;11;9990;29;;;10011;29;;;;;10001.5;0.0
-2;6600;HYDROGEL_PACK;9989;13;9987;28;;;10005;13;10008;28;;;9997.0;0.0
-2;6600;INTARIAN_PEPPER_ROOT;13000;10;12996;21;;;;;;;;;13000.0;0.0
-2;6600;VELVETFRUIT_EXTRACT;5262;30;5262;56;;;5267;16;5268;51;;;5264.5;0.0
-2;6600;VEV_4000;1239;9;1237;20;;;1260;9;1263;20;;;1249.5;0.0
-2;6600;VEV_4500;755;12;753;22;;;771;12;772;6;773;22;763.0;0.0
-2;6600;VEV_5000;268;20;;;;;275;7;276;23;;;271.5;0.0
-2;6600;VEV_5100;184;9;183;15;;;188;10;189;26;;;186.0;0.0
-2;6600;VEV_5200;99;12;;;;;101;29;102;15;;;100.0;0.0
-2;6600;VEV_5300;51;22;;;;;53;15;;;;;52.0;0.0
-2;6600;VEV_5400;15;26;15;18;;;17;25;;;;;16.0;0.0
-2;6600;VEV_5500;5;23;;;;;6;18;;;;;5.5;0.0
-2;6600;VEV_6000;0;19;;;;;1;19;;;;;0.5;0.0
-2;6600;VEV_6500;0;18;;;;;1;18;;;;;0.5;0.0
-2;6700;ASH_COATED_OSMIUM;9990;29;;;;;10008;10;10011;29;;;9999.0;0.0
-2;6700;HYDROGEL_PACK;9988;10;9985;30;;;10004;10;10006;30;;;9996.0;0.0
-2;6700;INTARIAN_PEPPER_ROOT;13000;11;12996;15;;;13014;11;13017;15;;;13007.0;0.0
-2;6700;VELVETFRUIT_EXTRACT;5262;58;;;;;5267;25;5268;31;;;5264.5;0.0
-2;6700;VEV_4000;1239;15;1236;25;;;1260;15;1262;25;;;1249.5;0.0
-2;6700;VEV_4500;750;14;;;;;768;6;770;14;;;759.0;0.0
-2;6700;VEV_5000;;;;;;;277;24;;;;;277.0;0.0
-2;6700;VEV_5100;184;10;;;;;188;29;189;19;;;186.0;0.0
-2;6700;VEV_5200;;;;;;;101;19;;;;;101.0;0.0
-2;6700;VEV_5300;51;9;50;17;;;53;28;;;;;52.0;0.0
-2;6700;VEV_5400;15;20;;;;;17;24;;;;;16.0;0.0
-2;6700;VEV_5500;5;19;;;;;7;19;;;;;6.0;0.0
-2;6700;VEV_6000;0;15;;;;;1;15;;;;;0.5;0.0
-2;6700;VEV_6500;0;16;;;;;1;16;;;;;0.5;0.0
-2;6800;ASH_COATED_OSMIUM;9992;13;9990;25;;;10008;13;10011;25;;;10000.0;0.0
-2;6800;HYDROGEL_PACK;9988;10;9985;26;;;10004;10;10006;26;;;9996.0;0.0
-2;6800;INTARIAN_PEPPER_ROOT;13000;12;12997;16;;;13017;16;;;;;13008.5;0.0
-2;6800;VELVETFRUIT_EXTRACT;5261;61;;;;;5267;71;5268;42;;;5264.0;0.0
-2;6800;VEV_4000;1238;13;1236;30;;;1259;13;1262;30;;;1248.5;0.0
-2;6800;VEV_4500;752;8;;;;;768;8;770;17;;;760.0;0.0
-2;6800;VEV_5000;271;26;;;;;278;28;279;14;;;274.5;0.0
-2;6800;VEV_5100;185;30;184;20;;;190;30;;;;;187.5;0.0
-2;6800;VEV_5200;97;23;96;13;;;100;29;;;;;98.5;0.0
-2;6800;VEV_5300;51;22;50;19;;;;;;;;;51.0;0.0
-2;6800;VEV_5400;14;21;;;;;15;23;;;;;14.5;0.0
-2;6800;VEV_5500;5;25;;;;;7;22;;;;;6.0;0.0
-2;6800;VEV_6000;0;24;;;;;1;24;;;;;0.5;0.0
-2;6800;VEV_6500;0;11;;;;;1;11;;;;;0.5;0.0
-2;6900;ASH_COATED_OSMIUM;9992;15;;;;;10011;23;;;;;10001.5;0.0
-2;6900;HYDROGEL_PACK;9984;12;9982;20;;;10000;12;10003;20;;;9992.0;0.0
-2;6900;INTARIAN_PEPPER_ROOT;13010;8;13000;11;12997;18;13014;11;;;;;13012.0;0.0
-2;6900;VELVETFRUIT_EXTRACT;5260;61;;;;;5265;22;5266;38;5266;34;5262.5;0.0
-2;6900;VEV_4000;1239;13;1236;26;;;1260;13;1262;26;;;1249.5;0.0
-2;6900;VEV_4500;754;7;752;17;;;770;7;772;17;;;762.0;0.0
-2;6900;VEV_5000;270;22;;;;;277;30;278;24;;;273.5;0.0
-2;6900;VEV_5100;184;7;183;12;;;189;23;;;;;186.5;0.0
-2;6900;VEV_5200;97;24;;;;;100;13;;;;;98.5;0.0
-2;6900;VEV_5300;52;28;;;;;54;6;55;13;;;53.0;0.0
-2;6900;VEV_5400;14;20;;;;;;;;;;;14.0;0.0
-2;6900;VEV_5500;5;22;;;;;7;28;;;;;6.0;0.0
-2;6900;VEV_6000;0;16;;;;;1;16;;;;;0.5;0.0
-2;6900;VEV_6500;0;11;;;;;1;11;;;;;0.5;0.0
-2;7000;ASH_COATED_OSMIUM;9993;15;;;;;;;;;;;9993.0;0.0
-2;7000;HYDROGEL_PACK;9982;10;9980;29;;;10001;29;;;;;9991.5;0.0
-2;7000;INTARIAN_PEPPER_ROOT;;;;;;;13017;24;;;;;13017.0;0.0
-2;7000;VELVETFRUIT_EXTRACT;5260;31;;;;;5266;63;5267;35;;;5263.0;0.0
-2;7000;VEV_4000;1240;13;1238;22;;;1261;13;1264;22;;;1250.5;0.0
-2;7000;VEV_4500;755;9;753;15;;;771;9;773;15;;;763.0;0.0
-2;7000;VEV_5000;271;9;270;15;;;278;26;;;;;274.5;0.0
-2;7000;VEV_5100;184;11;183;24;;;188;31;189;29;;;186.0;0.0
-2;7000;VEV_5200;97;30;;;;;100;30;;;;;98.5;0.0
-2;7000;VEV_5300;52;25;;;;;54;5;;;;;53.0;0.0
-2;7000;VEV_5400;14;17;;;;;16;26;;;;;15.0;0.0
-2;7000;VEV_5500;5;19;;;;;7;18;;;;;6.0;0.0
-2;7000;VEV_6000;0;23;;;;;1;23;;;;;0.5;0.0
-2;7000;VEV_6500;0;15;;;;;1;15;;;;;0.5;0.0
-2;7100;ASH_COATED_OSMIUM;9993;11;;;;;10009;11;10011;29;;;10001.0;0.0
-2;7100;HYDROGEL_PACK;9985;13;9983;25;;;10001;13;10003;25;;;9993.0;0.0
-2;7100;INTARIAN_PEPPER_ROOT;13000;10;12997;22;;;13017;22;;;;;13008.5;0.0
-2;7100;VELVETFRUIT_EXTRACT;5259;19;5258;67;;;5263;19;5264;37;;;5261.0;0.0
-2;7100;VEV_4000;1242;14;1240;20;;;1263;14;1266;20;;;1252.5;0.0
-2;7100;VEV_4500;754;7;752;20;;;770;7;772;20;;;762.0;0.0
-2;7100;VEV_5000;271;12;270;23;;;277;10;278;19;;;274.0;0.0
-2;7100;VEV_5100;183;10;;;;;187;31;;;;;185.0;0.0
-2;7100;VEV_5200;96;26;;;;;;;;;;;96.0;0.0
-2;7100;VEV_5300;52;21;;;;;54;22;;;;;53.0;0.0
-2;7100;VEV_5400;14;23;;;;;15;22;16;17;;;14.5;0.0
-2;7100;VEV_5500;5;23;;;;;7;29;;;;;6.0;0.0
-2;7100;VEV_6000;0;21;;;;;1;21;;;;;0.5;0.0
-2;7100;VEV_6500;0;11;;;;;1;11;;;;;0.5;0.0
-2;7200;ASH_COATED_OSMIUM;9993;10;9990;30;;;10009;10;10011;30;;;10001.0;0.0
-2;7200;HYDROGEL_PACK;9986;12;9984;25;;;10002;12;10005;25;;;9994.0;0.0
-2;7200;INTARIAN_PEPPER_ROOT;13000;11;12997;19;;;13017;19;;;;;13008.5;0.0
-2;7200;VELVETFRUIT_EXTRACT;5259;55;;;;;5265;45;;;;;5262.0;0.0
-2;7200;VEV_4000;1243;11;1240;27;;;1264;11;1267;27;;;1253.5;0.0
-2;7200;VEV_4500;754;11;753;12;752;16;770;11;772;16;;;762.0;0.0
-2;7200;VEV_5000;272;6;271;18;;;278;12;;;;;275.0;0.0
-2;7200;VEV_5100;182;29;;;;;187;9;;;;;184.5;0.0
-2;7200;VEV_5200;97;8;96;24;;;;;;;;;97.0;0.0
-2;7200;VEV_5300;52;21;;;;;;;;;;;52.0;0.0
-2;7200;VEV_5400;14;19;;;;;16;18;;;;;15.0;0.0
-2;7200;VEV_5500;5;21;;;;;7;25;;;;;6.0;0.0
-2;7200;VEV_6000;0;24;;;;;1;24;;;;;0.5;0.0
-2;7200;VEV_6500;0;13;;;;;1;13;;;;;0.5;0.0
-2;7300;ASH_COATED_OSMIUM;9990;25;;;;;10008;11;10011;25;;;9999.0;0.0
-2;7300;HYDROGEL_PACK;9985;21;;;;;10004;10;10006;21;;;9994.5;0.0
-2;7300;INTARIAN_PEPPER_ROOT;13000;11;12997;17;;;;;;;;;13000.0;0.0
-2;7300;VELVETFRUIT_EXTRACT;5259;52;;;;;5265;35;5266;44;;;5262.0;0.0
-2;7300;VEV_4000;1241;15;1239;25;;;1262;15;1265;25;;;1251.5;0.0
-2;7300;VEV_4500;755;12;753;17;;;771;12;773;17;;;763.0;0.0
-2;7300;VEV_5000;271;21;;;;;278;11;279;13;;;274.5;0.0
-2;7300;VEV_5100;182;6;181;18;;;186;26;;;;;184.0;0.0
-2;7300;VEV_5200;96;6;95;16;;;99;32;;;;;97.5;0.0
-2;7300;VEV_5300;;;;;;;54;9;55;16;;;54.0;0.0
-2;7300;VEV_5400;14;24;;;;;15;28;;;;;14.5;0.0
-2;7300;VEV_5500;5;28;;;;;7;19;;;;;6.0;0.0
-2;7300;VEV_6000;0;21;;;;;1;21;;;;;0.5;0.0
-2;7300;VEV_6500;0;11;;;;;1;11;;;;;0.5;0.0
-2;7400;ASH_COATED_OSMIUM;;;;;;;10009;11;10012;24;;;10009.0;0.0
-2;7400;HYDROGEL_PACK;9989;10;9987;22;;;10005;10;10008;22;;;9997.0;0.0
-2;7400;INTARIAN_PEPPER_ROOT;13000;10;12997;18;;;13014;10;;;;;13007.0;0.0
-2;7400;VELVETFRUIT_EXTRACT;5259;56;;;;;5265;49;;;;;5262.0;0.0
-2;7400;VEV_4000;1243;12;1240;23;;;1264;12;1266;23;;;1253.5;0.0
-2;7400;VEV_4500;754;10;752;15;;;770;10;772;15;;;762.0;0.0
-2;7400;VEV_5000;272;27;271;20;;;278;8;279;22;;;275.0;0.0
-2;7400;VEV_5100;181;10;;;;;185;11;;;;;183.0;0.0
-2;7400;VEV_5200;94;29;;;;;97;27;;;;;95.5;0.0
-2;7400;VEV_5300;52;24;51;25;;;54;28;;;;;53.0;0.0
-2;7400;VEV_5400;;;;;;;16;20;;;;;16.0;0.0
-2;7400;VEV_5500;5;20;;;;;7;17;;;;;6.0;0.0
-2;7400;VEV_6000;0;21;;;;;1;21;;;;;0.5;0.0
-2;7400;VEV_6500;0;17;;;;;1;17;;;;;0.5;0.0
-2;7500;ASH_COATED_OSMIUM;9993;15;;;;;10011;30;;;;;10002.0;0.0
-2;7500;HYDROGEL_PACK;9991;11;9989;22;;;10007;11;10010;22;;;9999.0;0.0
-2;7500;INTARIAN_PEPPER_ROOT;13000;8;12997;21;;;13015;8;;;;;13007.5;0.0
-2;7500;VELVETFRUIT_EXTRACT;5259;49;5259;49;;;5264;22;5265;63;5266;49;5261.5;0.0
-2;7500;VEV_4000;1243;7;1241;19;;;1264;7;1267;19;;;1253.5;0.0
-2;7500;VEV_4500;754;11;753;10;752;13;770;11;772;13;;;762.0;0.0
-2;7500;VEV_5000;272;21;;;;;279;26;280;13;;;275.5;0.0
-2;7500;VEV_5100;181;32;180;12;;;186;29;;;;;183.5;0.0
-2;7500;VEV_5200;94;32;;;;;98;23;;;;;96.0;0.0
-2;7500;VEV_5300;;;;;;;53;20;;;;;53.0;0.0
-2;7500;VEV_5400;;;;;;;16;25;;;;;16.0;0.0
-2;7500;VEV_5500;5;20;;;;;6;21;;;;;5.5;0.0
-2;7500;VEV_6000;0;24;;;;;1;24;;;;;0.5;0.0
-2;7500;VEV_6500;0;14;;;;;1;14;;;;;0.5;0.0
-2;7600;ASH_COATED_OSMIUM;9990;20;;;;;10009;14;10011;20;;;9999.5;0.0
-2;7600;HYDROGEL_PACK;9990;10;9988;28;;;10006;10;10009;28;;;9998.0;0.0
-2;7600;INTARIAN_PEPPER_ROOT;13001;8;12997;22;;;13015;8;13018;22;;;13008.0;0.0
-2;7600;VELVETFRUIT_EXTRACT;5259;37;;;;;5265;19;;;;;5262.0;0.0
-2;7600;VEV_4000;1241;10;1239;15;;;1263;10;1265;15;;;1252.0;0.0
-2;7600;VEV_4500;755;12;753;12;;;771;12;773;12;;;763.0;0.0
-2;7600;VEV_5000;273;11;272;26;;;279;6;280;21;;;276.0;0.0
-2;7600;VEV_5100;181;20;;;;;185;11;186;23;;;183.0;0.0
-2;7600;VEV_5200;96;27;95;15;;;98;9;99;27;;;97.0;0.0
-2;7600;VEV_5300;52;23;;;;;54;7;;;;;53.0;0.0
-2;7600;VEV_5400;14;26;;;;;16;19;;;;;15.0;0.0
-2;7600;VEV_5500;5;18;;;;;6;25;;;;;5.5;0.0
-2;7600;VEV_6000;0;22;;;;;1;22;;;;;0.5;0.0
-2;7600;VEV_6500;0;16;;;;;1;16;;;;;0.5;0.0
-2;7700;ASH_COATED_OSMIUM;9993;11;9991;28;;;10012;28;;;;;10002.5;0.0
-2;7700;HYDROGEL_PACK;9991;10;9989;21;;;10007;10;10010;21;;;9999.0;0.0
-2;7700;INTARIAN_PEPPER_ROOT;13001;11;12997;17;;;13018;17;;;;;13009.5;0.0
-2;7700;VELVETFRUIT_EXTRACT;5259;31;;;;;5264;16;5265;17;;;5261.5;0.0
-2;7700;VEV_4000;1240;8;1237;18;;;1261;8;1263;18;;;1250.5;0.0
-2;7700;VEV_4500;756;6;754;22;;;772;6;774;22;;;764.0;0.0
-2;7700;VEV_5000;;;;;;;;;;;;;0.0;0.0
-2;7700;VEV_5100;182;7;181;24;;;186;10;187;16;;;184.0;0.0
-2;7700;VEV_5200;;;;;;;;;;;;;0.0;0.0
-2;7700;VEV_5300;52;7;51;10;;;54;18;;;;;53.0;0.0
-2;7700;VEV_5400;14;20;;;;;16;23;;;;;15.0;0.0
-2;7700;VEV_5500;5;26;;;;;7;23;;;;;6.0;0.0
-2;7700;VEV_6000;0;25;;;;;1;25;;;;;0.5;0.0
-2;7700;VEV_6500;0;18;;;;;1;18;;;;;0.5;0.0
-2;7800;ASH_COATED_OSMIUM;9993;11;;;;;10011;22;;;;;10002.0;0.0
-2;7800;HYDROGEL_PACK;9994;10;9991;27;;;10010;10;10012;27;;;10002.0;0.0
-2;7800;INTARIAN_PEPPER_ROOT;13001;10;12998;16;;;13015;10;;;;;13008.0;0.0
-2;7800;VELVETFRUIT_EXTRACT;5260;21;5259;49;;;5265;65;;;;;5262.5;0.0
-2;7800;VEV_4000;1240;7;1237;25;;;1261;7;1263;25;;;1250.5;0.0
-2;7800;VEV_4500;757;8;755;15;;;773;8;775;15;;;765.0;0.0
-2;7800;VEV_5000;271;7;270;17;;;277;10;;;;;274.0;0.0
-2;7800;VEV_5100;182;32;181;21;;;186;6;187;19;;;184.0;0.0
-2;7800;VEV_5200;95;27;;;;;98;25;;;;;96.5;0.0
-2;7800;VEV_5300;51;24;;;;;53;24;;;;;52.0;0.0
-2;7800;VEV_5400;;;;;;;15;10;16;24;;;15.0;0.0
-2;7800;VEV_5500;5;29;;;;;7;23;;;;;6.0;0.0
-2;7800;VEV_6000;0;28;;;;;1;28;;;;;0.5;0.0
-2;7800;VEV_6500;0;17;;;;;1;17;;;;;0.5;0.0
-2;7900;ASH_COATED_OSMIUM;9993;10;9991;29;;;10009;10;10012;29;;;10001.0;0.0
-2;7900;HYDROGEL_PACK;9991;10;9989;28;;;10007;10;10010;28;;;9999.0;0.0
-2;7900;INTARIAN_PEPPER_ROOT;13001;9;12998;22;;;13015;9;13018;22;;;13008.0;0.0
-2;7900;VELVETFRUIT_EXTRACT;5259;17;5258;34;;;5264;58;;;;;5261.5;0.0
-2;7900;VEV_4000;1238;15;1236;23;;;1259;15;1262;23;;;1248.5;0.0
-2;7900;VEV_4500;753;13;;;;;771;6;773;13;;;762.0;0.0
-2;7900;VEV_5000;272;11;271;15;;;278;9;279;17;;;275.0;0.0
-2;7900;VEV_5100;;;;;;;188;9;189;18;;;188.0;0.0
-2;7900;VEV_5200;95;17;;;;;98;10;99;21;;;96.5;0.0
-2;7900;VEV_5300;51;21;50;20;;;53;23;;;;;52.0;0.0
-2;7900;VEV_5400;14;22;;;;;15;23;16;17;;;14.5;0.0
-2;7900;VEV_5500;5;20;;;;;7;26;;;;;6.0;0.0
-2;7900;VEV_6000;0;25;;;;;1;25;;;;;0.5;0.0
-2;7900;VEV_6500;0;17;;;;;1;17;;;;;0.5;0.0
-2;8000;ASH_COATED_OSMIUM;9993;13;9991;27;;;10009;13;10012;27;;;10001.0;0.0
-2;8000;HYDROGEL_PACK;9992;13;9989;21;;;10008;13;10010;21;;;10000.0;0.0
-2;8000;INTARIAN_PEPPER_ROOT;13001;8;12998;24;;;13004;6;13015;8;13018;24;13002.5;0.0
-2;8000;VELVETFRUIT_EXTRACT;5258;25;5257;31;5257;55;5262;25;5263;35;;;5260.0;0.0
-2;8000;VEV_4000;1239;7;1237;23;;;1260;7;1263;23;;;1249.5;0.0
-2;8000;VEV_4500;755;10;;;;;773;15;;;;;764.0;0.0
-2;8000;VEV_5000;271;31;270;22;;;277;12;278;27;;;274.0;0.0
-2;8000;VEV_5100;185;23;184;13;;;189;19;190;16;;;187.0;0.0
-2;8000;VEV_5200;96;24;95;22;;;99;15;;;;;97.5;0.0
-2;8000;VEV_5300;50;19;;;;;52;24;53;15;;;51.0;0.0
-2;8000;VEV_5400;14;23;;;;;16;30;;;;;15.0;0.0
-2;8000;VEV_5500;6;26;;;;;7;26;;;;;6.5;0.0
-2;8000;VEV_6000;0;22;;;;;1;22;;;;;0.5;0.0
-2;8000;VEV_6500;0;13;;;;;1;13;;;;;0.5;0.0
-2;8100;ASH_COATED_OSMIUM;9994;15;9991;22;;;10010;15;;;;;10002.0;0.0
-2;8100;HYDROGEL_PACK;9992;10;9989;23;;;10008;10;;;;;10000.0;0.0
-2;8100;INTARIAN_PEPPER_ROOT;13001;11;12998;21;;;13015;11;13018;21;;;13008.0;0.0
-2;8100;VELVETFRUIT_EXTRACT;5259;18;5258;56;;;5264;63;5265;44;;;5261.5;0.0
-2;8100;VEV_4000;1238;14;1235;15;;;1259;14;1261;15;;;1248.5;0.0
-2;8100;VEV_4500;752;8;750;22;;;768;8;770;22;;;760.0;0.0
-2;8100;VEV_5000;271;27;270;23;;;277;10;278;27;;;274.0;0.0
-2;8100;VEV_5100;184;29;183;16;;;188;9;189;21;;;186.0;0.0
-2;8100;VEV_5200;95;18;;;;;98;20;99;27;;;96.5;0.0
-2;8100;VEV_5300;50;25;;;;;52;18;53;18;;;51.0;0.0
-2;8100;VEV_5400;;;;;;;16;24;;;;;16.0;0.0
-2;8100;VEV_5500;6;27;;;;;7;19;;;;;6.5;0.0
-2;8100;VEV_6000;0;21;;;;;1;21;;;;;0.5;0.0
-2;8100;VEV_6500;0;16;;;;;1;16;;;;;0.5;0.0
-2;8200;ASH_COATED_OSMIUM;9994;10;;;;;;;;;;;9994.0;0.0
-2;8200;HYDROGEL_PACK;9994;15;9992;23;;;10010;15;10013;23;;;10002.0;0.0
-2;8200;INTARIAN_PEPPER_ROOT;13001;8;12998;15;;;13018;15;;;;;13009.5;0.0
-2;8200;VELVETFRUIT_EXTRACT;5260;54;5260;21;;;5265;21;5266;30;;;5262.5;0.0
-2;8200;VEV_4000;1238;12;1235;29;;;1259;12;1261;29;;;1248.5;0.0
-2;8200;VEV_4500;752;9;750;18;;;768;9;;;;;760.0;0.0
-2;8200;VEV_5000;270;23;;;;;277;9;278;26;;;273.5;0.0
-2;8200;VEV_5100;183;13;;;;;188;12;189;12;;;185.5;0.0
-2;8200;VEV_5200;97;21;96;21;;;100;12;;;;;98.5;0.0
-2;8200;VEV_5300;50;10;;;;;52;26;;;;;51.0;0.0
-2;8200;VEV_5400;14;24;;;;;16;25;;;;;15.0;0.0
-2;8200;VEV_5500;6;23;;;;;7;25;;;;;6.5;0.0
-2;8200;VEV_6000;0;21;;;;;1;21;;;;;0.5;0.0
-2;8200;VEV_6500;0;15;;;;;1;15;;;;;0.5;0.0
-2;8300;ASH_COATED_OSMIUM;9991;20;;;;;10010;15;10012;20;;;10000.5;0.0
-2;8300;HYDROGEL_PACK;9993;12;9991;24;;;10009;12;10012;24;;;10001.0;0.0
-2;8300;INTARIAN_PEPPER_ROOT;13001;10;12998;18;;;13015;10;13019;18;;;13008.0;0.0
-2;8300;VELVETFRUIT_EXTRACT;5262;15;5261;56;;;5266;15;5267;42;5268;32;5264.0;0.0
-2;8300;VEV_4000;1238;9;1235;26;;;1259;9;1261;26;;;1248.5;0.0
-2;8300;VEV_4500;752;11;750;15;;;768;11;769;22;770;15;760.0;0.0
-2;8300;VEV_5000;270;27;269;18;;;276;10;277;12;;;273.0;0.0
-2;8300;VEV_5100;184;6;183;27;;;188;8;189;23;;;186.0;0.0
-2;8300;VEV_5200;96;23;;;;;99;22;100;16;;;97.5;0.0
-2;8300;VEV_5300;51;5;50;11;;;53;22;;;;;52.0;0.0
-2;8300;VEV_5400;;;;;;;16;24;;;;;16.0;0.0
-2;8300;VEV_5500;6;28;;;;;7;21;;;;;6.5;0.0
-2;8300;VEV_6000;0;19;;;;;1;19;;;;;0.5;0.0
-2;8300;VEV_6500;0;11;;;;;1;11;;;;;0.5;0.0
-2;8400;ASH_COATED_OSMIUM;9994;12;9991;29;;;10010;12;10012;29;;;10002.0;0.0
-2;8400;HYDROGEL_PACK;9995;10;9992;30;;;10011;10;10013;30;;;10003.0;0.0
-2;8400;INTARIAN_PEPPER_ROOT;13001;11;12998;17;;;13015;11;13019;17;;;13008.0;0.0
-2;8400;VELVETFRUIT_EXTRACT;5261;33;;;;;5266;21;5267;56;;;5263.5;0.0
-2;8400;VEV_4000;1239;10;1236;26;;;1260;10;1262;26;;;1249.5;0.0
-2;8400;VEV_4500;751;6;750;13;749;17;767;6;769;17;;;759.0;0.0
-2;8400;VEV_5000;270;27;269;14;;;276;6;277;19;;;273.0;0.0
-2;8400;VEV_5100;;;;;;;188;9;189;25;;;188.0;0.0
-2;8400;VEV_5200;98;25;97;19;;;101;26;;;;;99.5;0.0
-2;8400;VEV_5300;50;23;;;;;52;21;;;;;51.0;0.0
-2;8400;VEV_5400;15;21;15;17;;;17;18;;;;;16.0;0.0
-2;8400;VEV_5500;6;29;;;;;7;18;;;;;6.5;0.0
-2;8400;VEV_6000;0;26;;;;;1;26;;;;;0.5;0.0
-2;8400;VEV_6500;0;16;;;;;1;16;;;;;0.5;0.0
-2;8500;ASH_COATED_OSMIUM;9993;15;9991;22;;;10009;15;10012;22;;;10001.0;0.0
-2;8500;HYDROGEL_PACK;9995;12;9993;28;;;10011;12;10014;28;;;10003.0;0.0
-2;8500;INTARIAN_PEPPER_ROOT;13001;11;12998;20;;;;;;;;;13001.0;0.0
-2;8500;VELVETFRUIT_EXTRACT;5261;24;5260;40;;;5266;48;;;;;5263.5;0.0
-2;8500;VEV_4000;1238;9;1235;25;;;1259;9;1261;25;;;1248.5;0.0
-2;8500;VEV_4500;750;11;748;16;;;768;16;;;;;759.0;0.0
-2;8500;VEV_5000;268;12;267;19;;;274;12;275;22;;;271.0;0.0
-2;8500;VEV_5100;185;23;184;18;;;189;8;190;20;;;187.0;0.0
-2;8500;VEV_5200;;;;;;;100;7;101;12;;;100.0;0.0
-2;8500;VEV_5300;50;21;;;;;52;8;;;;;51.0;0.0
-2;8500;VEV_5400;15;17;15;24;;;17;24;;;;;16.0;0.0
-2;8500;VEV_5500;6;18;;;;;7;20;;;;;6.5;0.0
-2;8500;VEV_6000;0;20;;;;;1;20;;;;;0.5;0.0
-2;8500;VEV_6500;;;;;;;1;14;;;;;1.0;0.0
-2;8600;ASH_COATED_OSMIUM;9994;12;9991;24;;;10000;7;10010;12;10012;24;9997.0;0.0
-2;8600;HYDROGEL_PACK;9996;12;9993;30;;;10012;12;10014;30;;;10004.0;0.0
-2;8600;INTARIAN_PEPPER_ROOT;13002;9;12998;15;;;13016;9;13019;15;;;13009.0;0.0
-2;8600;VELVETFRUIT_EXTRACT;5260;18;5259;38;;;5264;18;5265;33;;;5262.0;0.0
-2;8600;VEV_4000;1237;9;1234;28;;;1258;9;1260;28;;;1247.5;0.0
-2;8600;VEV_4500;749;7;747;23;;;765;7;767;23;;;757.0;0.0
-2;8600;VEV_5000;266;27;265;21;;;272;10;273;22;;;269.0;0.0
-2;8600;VEV_5100;184;33;183;18;;;;;;;;;184.0;0.0
-2;8600;VEV_5200;99;33;98;27;;;101;12;102;29;;;100.0;0.0
-2;8600;VEV_5300;50;25;;;;;52;9;;;;;51.0;0.0
-2;8600;VEV_5400;15;18;;;;;17;24;;;;;16.0;0.0
-2;8600;VEV_5500;5;23;;;;;6;17;;;;;5.5;0.0
-2;8600;VEV_6000;0;21;;;;;1;21;;;;;0.5;0.0
-2;8600;VEV_6500;0;16;;;;;1;16;;;;;0.5;0.0
-2;8700;ASH_COATED_OSMIUM;9994;12;9991;24;;;10012;24;;;;;10003.0;0.0
-2;8700;HYDROGEL_PACK;9995;11;9993;24;;;10011;11;10014;24;;;10003.0;0.0
-2;8700;INTARIAN_PEPPER_ROOT;12998;16;;;;;13019;16;;;;;13008.5;0.0
-2;8700;VELVETFRUIT_EXTRACT;5260;30;;;;;5266;15;;;;;5263.0;0.0
-2;8700;VEV_4000;1237;7;1234;21;;;1258;7;1260;21;;;1247.5;0.0
-2;8700;VEV_4500;751;12;749;19;;;767;12;769;19;;;759.0;0.0
-2;8700;VEV_5000;267;20;;;;;274;8;;;;;270.5;0.0
-2;8700;VEV_5100;;;;;;;188;12;189;23;;;188.0;0.0
-2;8700;VEV_5200;;;;;;;100;6;101;14;;;100.0;0.0
-2;8700;VEV_5300;;;;;;;53;12;53;22;;;53.0;0.0
-2;8700;VEV_5400;15;24;;;;;16;19;17;21;;;15.5;0.0
-2;8700;VEV_5500;5;22;;;;;6;26;;;;;5.5;0.0
-2;8700;VEV_6000;0;18;;;;;1;18;;;;;0.5;0.0
-2;8700;VEV_6500;0;14;;;;;1;14;;;;;0.5;0.0
-2;8800;ASH_COATED_OSMIUM;9991;22;;;;;10003;3;10010;11;10012;22;9997.0;0.0
-2;8800;HYDROGEL_PACK;9996;11;9994;27;;;10012;11;10015;27;;;10004.0;0.0
-2;8800;INTARIAN_PEPPER_ROOT;13002;11;12999;20;;;13016;11;13019;20;;;13009.0;0.0
-2;8800;VELVETFRUIT_EXTRACT;5259;50;;;;;5264;18;5265;55;;;5261.5;0.0
-2;8800;VEV_4000;1237;15;1235;27;;;1258;15;1261;27;;;1247.5;0.0
-2;8800;VEV_4500;750;8;748;14;;;766;8;768;14;;;758.0;0.0
-2;8800;VEV_5000;269;7;268;23;;;275;27;;;;;272.0;0.0
-2;8800;VEV_5100;183;25;;;;;188;33;;;;;185.5;0.0
-2;8800;VEV_5200;97;22;;;;;100;24;;;;;98.5;0.0
-2;8800;VEV_5300;51;19;;;;;53;20;54;19;;;52.0;0.0
-2;8800;VEV_5400;15;26;;;;;17;25;;;;;16.0;0.0
-2;8800;VEV_5500;5;23;;;;;6;18;;;;;5.5;0.0
-2;8800;VEV_6000;0;22;;;;;1;22;;;;;0.5;0.0
-2;8800;VEV_6500;0;13;;;;;1;13;;;;;0.5;0.0
-2;8900;ASH_COATED_OSMIUM;9991;25;;;;;10010;13;10012;25;;;10000.5;0.0
-2;8900;HYDROGEL_PACK;9997;13;9994;27;;;10013;13;10015;27;;;10005.0;0.0
-2;8900;INTARIAN_PEPPER_ROOT;13002;12;12999;18;;;13016;12;13019;18;;;13009.0;0.0
-2;8900;VELVETFRUIT_EXTRACT;5261;18;5260;67;;;5265;18;5266;21;5267;43;5263.0;0.0
-2;8900;VEV_4000;1239;11;1236;24;;;1260;11;1262;24;;;1249.5;0.0
-2;8900;VEV_4500;750;9;748;17;;;766;9;768;17;;;758.0;0.0
-2;8900;VEV_5000;270;32;269;20;;;276;9;277;23;;;273.0;0.0
-2;8900;VEV_5100;182;13;;;;;187;9;;;;;184.5;0.0
-2;8900;VEV_5200;98;22;97;24;;;;;;;;;98.0;0.0
-2;8900;VEV_5300;51;18;;;;;;;;;;;51.0;0.0
-2;8900;VEV_5400;15;18;;;;;16;22;17;18;;;15.5;0.0
-2;8900;VEV_5500;5;21;;;;;6;24;;;;;5.5;0.0
-2;8900;VEV_6000;0;23;;;;;1;23;;;;;0.5;0.0
-2;8900;VEV_6500;0;17;;;;;1;17;;;;;0.5;0.0
-2;9000;ASH_COATED_OSMIUM;9994;15;9992;21;;;9999;8;10013;21;;;9996.5;0.0
-2;9000;HYDROGEL_PACK;9994;13;9991;29;;;10010;13;10012;29;;;10002.0;0.0
-2;9000;INTARIAN_PEPPER_ROOT;13002;12;12999;16;;;13016;12;13019;16;;;13009.0;0.0
-2;9000;VELVETFRUIT_EXTRACT;5259;57;;;;;5265;46;;;;;5262.0;0.0
-2;9000;VEV_4000;1237;11;1235;25;;;1258;11;1261;25;;;1247.5;0.0
-2;9000;VEV_4500;751;10;749;23;;;767;10;769;23;;;759.0;0.0
-2;9000;VEV_5000;268;26;;;;;275;6;276;21;;;271.5;0.0
-2;9000;VEV_5100;184;26;183;20;;;188;8;;;;;186.0;0.0
-2;9000;VEV_5200;98;10;;;;;;;;;;;98.0;0.0
-2;9000;VEV_5300;51;26;;;;;53;19;54;16;;;52.0;0.0
-2;9000;VEV_5400;;;;;;;17;20;;;;;17.0;0.0
-2;9000;VEV_5500;5;21;;;;;6;17;;;;;5.5;0.0
-2;9000;VEV_6000;0;25;;;;;1;25;;;;;0.5;0.0
-2;9000;VEV_6500;0;16;;;;;1;16;;;;;0.5;0.0
-2;9100;ASH_COATED_OSMIUM;9994;11;9991;29;;;10010;11;10012;29;;;10002.0;0.0
-2;9100;HYDROGEL_PACK;9992;26;;;;;10011;10;10013;26;;;10001.5;0.0
-2;9100;INTARIAN_PEPPER_ROOT;13002;12;;;;;13016;12;13019;20;;;13009.0;0.0
-2;9100;VELVETFRUIT_EXTRACT;5259;39;;;;;5265;34;;;;;5262.0;0.0
-2;9100;VEV_4000;1236;9;1234;23;;;1257;9;1259;23;;;1246.5;0.0
-2;9100;VEV_4500;752;12;750;20;;;768;12;770;20;;;760.0;0.0
-2;9100;VEV_5000;270;7;269;23;;;;;;;;;270.0;0.0
-2;9100;VEV_5100;183;9;182;23;;;187;7;;;;;185.0;0.0
-2;9100;VEV_5200;97;14;;;;;101;30;;;;;99.0;0.0
-2;9100;VEV_5300;51;25;;;;;53;7;;;;;52.0;0.0
-2;9100;VEV_5400;16;21;;;;;18;15;;;;;17.0;0.0
-2;9100;VEV_5500;5;17;;;;;6;19;;;;;5.5;0.0
-2;9100;VEV_6000;0;20;;;;;1;20;;;;;0.5;0.0
-2;9100;VEV_6500;0;18;;;;;1;18;;;;;0.5;0.0
-2;9200;ASH_COATED_OSMIUM;9994;11;9991;26;;;10012;26;;;;;10003.0;0.0
-2;9200;HYDROGEL_PACK;9995;10;9993;22;;;10011;10;10014;22;;;10003.0;0.0
-2;9200;INTARIAN_PEPPER_ROOT;12999;25;;;;;13016;8;13019;25;;;13007.5;0.0
-2;9200;VELVETFRUIT_EXTRACT;5260;16;5259;39;;;5264;16;5265;57;;;5262.0;0.0
-2;9200;VEV_4000;1237;13;1235;18;;;1258;13;1261;18;;;1247.5;0.0
-2;9200;VEV_4500;753;12;751;20;;;771;20;;;;;762.0;0.0
-2;9200;VEV_5000;269;11;268;14;;;;;;;;;269.0;0.0
-2;9200;VEV_5100;;;;;;;187;11;188;16;;;187.0;0.0
-2;9200;VEV_5200;97;29;;;;;;;;;;;97.0;0.0
-2;9200;VEV_5300;50;8;;;;;;;;;;;50.0;0.0
-2;9200;VEV_5400;;;;;;;18;28;;;;;18.0;0.0
-2;9200;VEV_5500;5;21;;;;;6;21;;;;;5.5;0.0
-2;9200;VEV_6000;0;23;;;;;1;23;;;;;0.5;0.0
-2;9200;VEV_6500;0;16;;;;;1;16;;;;;0.5;0.0
-2;9300;ASH_COATED_OSMIUM;9991;30;;;;;10009;14;10012;30;;;10000.0;0.0
-2;9300;HYDROGEL_PACK;10001;10;9998;28;;;10017;10;10019;28;;;10009.0;0.0
-2;9300;INTARIAN_PEPPER_ROOT;13002;11;12999;25;;;13016;11;13020;25;;;13009.0;0.0
-2;9300;VELVETFRUIT_EXTRACT;5259;47;;;;;5265;63;5266;45;;;5262.0;0.0
-2;9300;VEV_4000;1236;7;1234;26;;;1257;7;1260;26;;;1246.5;0.0
-2;9300;VEV_4500;752;8;750;20;;;768;8;770;20;;;760.0;0.0
-2;9300;VEV_5000;268;17;;;;;275;10;276;12;;;271.5;0.0
-2;9300;VEV_5100;185;11;;;;;190;24;;;;;187.5;0.0
-2;9300;VEV_5200;98;21;97;32;;;101;21;;;;;99.5;0.0
-2;9300;VEV_5300;49;18;48;26;;;51;22;52;11;;;50.0;0.0
-2;9300;VEV_5400;16;27;;;;;18;27;;;;;17.0;0.0
-2;9300;VEV_5500;5;18;;;;;7;20;;;;;6.0;0.0
-2;9300;VEV_6000;0;23;;;;;1;23;;;;;0.5;0.0
-2;9300;VEV_6500;0;16;;;;;1;16;;;;;0.5;0.0
-2;9400;ASH_COATED_OSMIUM;9994;13;9991;27;;;10012;27;;;;;10003.0;0.0
-2;9400;HYDROGEL_PACK;10000;14;9997;30;;;10016;14;10018;30;;;10008.0;0.0
-2;9400;INTARIAN_PEPPER_ROOT;13002;9;;;;;13016;9;;;;;13009.0;0.0
-2;9400;VELVETFRUIT_EXTRACT;5260;71;;;;;5265;23;5266;39;;;5262.5;0.0
-2;9400;VEV_4000;1235;10;1233;24;;;1256;10;1259;24;;;1245.5;0.0
-2;9400;VEV_4500;750;20;;;;;770;20;;;;;760.0;0.0
-2;9400;VEV_5000;268;11;267;17;;;274;6;275;18;;;271.0;0.0
-2;9400;VEV_5100;185;7;184;14;;;189;8;190;14;;;187.0;0.0
-2;9400;VEV_5200;98;19;97;18;;;100;9;101;13;;;99.0;0.0
-2;9400;VEV_5300;50;22;;;;;52;7;;;;;51.0;0.0
-2;9400;VEV_5400;;;;;;;18;26;;;;;18.0;0.0
-2;9400;VEV_5500;5;19;;;;;6;26;;;;;5.5;0.0
-2;9400;VEV_6000;0;18;;;;;1;18;;;;;0.5;0.0
-2;9400;VEV_6500;0;21;;;;;1;21;;;;;0.5;0.0
-2;9500;ASH_COATED_OSMIUM;9994;12;9992;26;;;10010;12;;;;;10002.0;0.0
-2;9500;HYDROGEL_PACK;9998;12;9995;27;;;10014;12;10016;27;;;10006.0;0.0
-2;9500;INTARIAN_PEPPER_ROOT;12999;16;;;;;13017;10;13020;16;;;13008.0;0.0
-2;9500;VELVETFRUIT_EXTRACT;5262;30;;;;;5268;25;;;;;5265.0;0.0
-2;9500;VEV_4000;1236;14;1234;27;;;1257;14;1259;27;;;1246.5;0.0
-2;9500;VEV_4500;753;9;751;14;;;769;9;771;14;;;761.0;0.0
-2;9500;VEV_5000;268;8;267;14;;;274;24;275;15;;;271.0;0.0
-2;9500;VEV_5100;186;23;;;;;190;9;191;22;;;188.0;0.0
-2;9500;VEV_5200;98;22;97;19;;;100;24;101;27;;;99.0;0.0
-2;9500;VEV_5300;49;27;;;;;51;9;52;12;;;50.0;0.0
-2;9500;VEV_5400;16;23;;;;;18;20;;;;;17.0;0.0
-2;9500;VEV_5500;5;22;;;;;6;15;;;;;5.5;0.0
-2;9500;VEV_6000;0;24;;;;;1;24;;;;;0.5;0.0
-2;9500;VEV_6500;0;15;;;;;1;15;;;;;0.5;0.0
-2;9600;ASH_COATED_OSMIUM;9994;11;9991;25;;;10010;11;;;;;10002.0;0.0
-2;9600;HYDROGEL_PACK;9995;14;9992;22;;;10011;14;10013;22;;;10003.0;0.0
-2;9600;INTARIAN_PEPPER_ROOT;13003;9;12999;18;;;13017;9;;;;;13010.0;0.0
-2;9600;VELVETFRUIT_EXTRACT;5263;37;;;;;5268;21;5269;40;;;5265.5;0.0
-2;9600;VEV_4000;1237;11;1234;22;;;1258;11;1260;22;;;1247.5;0.0
-2;9600;VEV_4500;756;12;754;18;;;772;12;774;18;;;764.0;0.0
-2;9600;VEV_5000;269;25;268;20;;;276;26;;;;;272.5;0.0
-2;9600;VEV_5100;185;32;;;;;190;8;191;15;;;187.5;0.0
-2;9600;VEV_5200;98;31;;;;;100;25;;;;;99.0;0.0
-2;9600;VEV_5300;50;19;49;21;;;52;19;;;;;51.0;0.0
-2;9600;VEV_5400;16;25;;;;;17;27;18;21;;;16.5;0.0
-2;9600;VEV_5500;5;26;;;;;6;28;;;;;5.5;0.0
-2;9600;VEV_6000;0;18;;;;;1;18;;;;;0.5;0.0
-2;9600;VEV_6500;0;12;;;;;1;12;;;;;0.5;0.0
-2;9700;ASH_COATED_OSMIUM;;;;;;;10010;12;10013;23;;;10010.0;0.0
-2;9700;HYDROGEL_PACK;9995;10;9992;23;;;10011;10;10013;23;;;10003.0;0.0
-2;9700;INTARIAN_PEPPER_ROOT;;;;;;;13017;9;13020;21;;;13017.0;0.0
-2;9700;VELVETFRUIT_EXTRACT;5264;53;;;;;5269;17;5270;56;;;5266.5;0.0
-2;9700;VEV_4000;1237;10;1235;24;;;1258;10;1260;24;;;1247.5;0.0
-2;9700;VEV_4500;756;6;754;23;;;772;6;773;10;774;23;764.0;0.0
-2;9700;VEV_5000;267;16;;;;;274;10;275;23;;;270.5;0.0
-2;9700;VEV_5100;186;31;185;19;;;190;10;191;14;;;188.0;0.0
-2;9700;VEV_5200;97;12;96;16;;;100;22;;;;;98.5;0.0
-2;9700;VEV_5300;49;18;;;;;51;30;;;;;50.0;0.0
-2;9700;VEV_5400;16;26;16;22;;;;;;;;;16.0;0.0
-2;9700;VEV_5500;5;25;;;;;6;30;;;;;5.5;0.0
-2;9700;VEV_6000;0;24;;;;;1;24;;;;;0.5;0.0
-2;9700;VEV_6500;0;12;;;;;1;12;;;;;0.5;0.0
-2;9800;ASH_COATED_OSMIUM;9992;28;;;;;10011;13;10013;28;;;10001.5;0.0
-2;9800;HYDROGEL_PACK;9993;15;9990;25;;;10009;15;10011;25;;;10001.0;0.0
-2;9800;INTARIAN_PEPPER_ROOT;13003;9;13000;17;;;13012;8;13017;9;13020;17;13007.5;0.0
-2;9800;VELVETFRUIT_EXTRACT;5264;19;5263;56;;;5268;19;5269;23;5270;32;5266.0;0.0
-2;9800;VEV_4000;1236;11;1233;15;;;1257;11;1259;15;;;1246.5;0.0
-2;9800;VEV_4500;757;12;;;;;773;12;775;15;;;765.0;0.0
-2;9800;VEV_5000;268;10;267;20;;;274;7;275;19;;;271.0;0.0
-2;9800;VEV_5100;187;7;186;14;;;191;19;192;23;;;189.0;0.0
-2;9800;VEV_5200;98;7;97;23;;;100;11;101;23;;;99.0;0.0
-2;9800;VEV_5300;;;;;;;51;6;52;28;;;51.0;0.0
-2;9800;VEV_5400;16;16;16;20;;;;;;;;;16.0;0.0
-2;9800;VEV_5500;5;21;;;;;6;20;;;;;5.5;0.0
-2;9800;VEV_6000;0;19;;;;;1;19;;;;;0.5;0.0
-2;9800;VEV_6500;0;15;;;;;1;15;;;;;0.5;0.0
-2;9900;ASH_COATED_OSMIUM;9994;12;9992;25;;;10010;12;10013;25;;;10002.0;0.0
-2;9900;HYDROGEL_PACK;9994;11;9991;27;;;10010;11;10012;27;;;10002.0;0.0
-2;9900;INTARIAN_PEPPER_ROOT;13003;9;13000;21;;;13017;9;;;;;13010.0;0.0
-2;9900;VELVETFRUIT_EXTRACT;5263;40;;;;;5268;24;5269;67;;;5265.5;0.0
-2;9900;VEV_4000;1236;8;1234;29;;;1257;8;1260;29;;;1246.5;0.0
-2;9900;VEV_4500;758;9;756;23;;;774;9;776;23;;;766.0;0.0
-2;9900;VEV_5000;268;6;267;16;;;274;12;275;36;;;271.0;0.0
-2;9900;VEV_5100;187;16;;;;;192;8;193;20;;;189.5;0.0
-2;9900;VEV_5200;96;24;;;;;;;;;;;96.0;0.0
-2;9900;VEV_5300;49;28;48;17;;;51;26;;;;;50.0;0.0
-2;9900;VEV_5400;16;24;;;;;17;23;;;;;16.5;0.0
-2;9900;VEV_5500;5;24;;;;;6;22;;;;;5.5;0.0
-2;9900;VEV_6000;0;20;;;;;1;20;;;;;0.5;0.0
-2;9900;VEV_6500;0;12;;;;;1;12;;;;;0.5;0.0
-2;10000;ASH_COATED_OSMIUM;9994;10;9992;25;;;10010;10;10013;25;;;10002.0;0.0
-2;10000;HYDROGEL_PACK;9996;10;9994;25;;;10012;10;10015;25;;;10004.0;0.0
-2;10000;INTARIAN_PEPPER_ROOT;13003;12;13000;19;;;13017;12;13020;19;;;13010.0;0.0
-2;10000;VELVETFRUIT_EXTRACT;5263;56;;;;;5269;47;;;;;5266.0;0.0
-2;10000;VEV_4000;1235;7;1233;19;;;1256;7;1259;19;;;1245.5;0.0
-2;10000;VEV_4500;759;16;;;;;777;8;779;16;;;768.0;0.0
-2;10000;VEV_5000;268;19;;;;;275;8;276;12;;;271.5;0.0
-2;10000;VEV_5100;189;8;188;30;;;193;31;;;;;191.0;0.0
-2;10000;VEV_5200;97;7;96;31;;;99;33;100;21;;;98.0;0.0
-2;10000;VEV_5300;49;23;;;;;51;23;;;;;50.0;0.0
-2;10000;VEV_5400;16;17;16;20;;;17;17;;;;;16.5;0.0
-2;10000;VEV_5500;5;26;;;;;6;26;;;;;5.5;0.0
-2;10000;VEV_6000;0;16;;;;;1;16;;;;;0.5;0.0
-2;10000;VEV_6500;0;17;;;;;1;17;;;;;0.5;0.0
-2;10100;ASH_COATED_OSMIUM;9995;14;9992;28;;;10011;14;10013;28;;;10003.0;0.0
-2;10100;HYDROGEL_PACK;9996;13;9993;25;;;10012;13;10014;25;;;10004.0;0.0
-2;10100;INTARIAN_PEPPER_ROOT;;;;;;;13020;18;;;;;13020.0;0.0
-2;10100;VELVETFRUIT_EXTRACT;5262;19;;;;;5267;24;5268;40;;;5264.5;0.0
-2;10100;VEV_4000;1236;8;1234;26;;;1257;8;1260;26;;;1246.5;0.0
-2;10100;VEV_4500;762;9;760;22;;;778;9;780;22;;;770.0;0.0
-2;10100;VEV_5000;270;10;269;22;;;;;;;;;270.0;0.0
-2;10100;VEV_5100;189;31;;;;;193;7;194;17;;;191.0;0.0
-2;10100;VEV_5200;98;25;;;;;;;;;;;98.0;0.0
-2;10100;VEV_5300;48;20;;;;;50;24;;;;;49.0;0.0
-2;10100;VEV_5400;;;;;;;18;28;;;;;18.0;0.0
-2;10100;VEV_5500;5;19;;;;;6;19;;;;;5.5;0.0
-2;10100;VEV_6000;0;28;;;;;1;28;;;;;0.5;0.0
-2;10100;VEV_6500;0;15;;;;;1;15;;;;;0.5;0.0
-2;10200;ASH_COATED_OSMIUM;9991;20;;;;;10012;20;;;;;10001.5;0.0
-2;10200;HYDROGEL_PACK;9998;11;9995;23;;;10014;11;10017;23;;;10006.0;0.0
-2;10200;INTARIAN_PEPPER_ROOT;13003;11;13000;20;;;13017;11;;;;;13010.0;0.0
-2;10200;VELVETFRUIT_EXTRACT;5263;46;;;;;5268;24;5269;33;5270;38;5265.5;0.0
-2;10200;VEV_4000;1235;13;1232;26;;;1255;13;1258;26;;;1245.0;0.0
-2;10200;VEV_4500;762;10;760;12;;;778;10;780;12;;;770.0;0.0
-2;10200;VEV_5000;268;33;267;31;;;274;6;275;16;;;271.0;0.0
-2;10200;VEV_5100;191;8;190;24;;;195;7;196;16;;;193.0;0.0
-2;10200;VEV_5200;98;31;;;;;102;16;;;;;100.0;0.0
-2;10200;VEV_5300;49;21;;;;;51;20;52;13;;;50.0;0.0
-2;10200;VEV_5400;16;21;;;;;18;24;;;;;17.0;0.0
-2;10200;VEV_5500;5;25;;;;;6;20;;;;;5.5;0.0
-2;10200;VEV_6000;0;16;;;;;1;16;;;;;0.5;0.0
-2;10200;VEV_6500;0;17;;;;;1;17;;;;;0.5;0.0
-2;10300;ASH_COATED_OSMIUM;9994;13;9991;29;;;10010;13;;;;;10002.0;0.0
-2;10300;HYDROGEL_PACK;10001;13;9998;21;;;10017;13;10019;21;;;10009.0;0.0
-2;10300;INTARIAN_PEPPER_ROOT;13003;12;13000;23;;;13021;23;;;;;13012.0;0.0
-2;10300;VELVETFRUIT_EXTRACT;5262;43;;;;;5267;16;5268;60;;;5264.5;0.0
-2;10300;VEV_4000;1235;14;1232;22;;;1256;14;1258;22;;;1245.5;0.0
-2;10300;VEV_4500;763;7;761;22;;;781;22;;;;;772.0;0.0
-2;10300;VEV_5000;268;9;;;;;274;30;275;31;;;271.0;0.0
-2;10300;VEV_5100;191;9;;;;;195;6;196;29;;;193.0;0.0
-2;10300;VEV_5200;98;30;97;20;;;100;20;101;12;;;99.0;0.0
-2;10300;VEV_5300;49;29;48;20;;;51;24;;;;;50.0;0.0
-2;10300;VEV_5400;16;26;16;15;;;;;;;;;16.0;0.0
-2;10300;VEV_5500;5;24;;;;;6;30;;;;;5.5;0.0
-2;10300;VEV_6000;0;17;;;;;1;17;;;;;0.5;0.0
-2;10300;VEV_6500;0;15;;;;;1;15;;;;;0.5;0.0
-2;10400;ASH_COATED_OSMIUM;9991;27;;;;;10010;12;;;;;10000.5;0.0
-2;10400;HYDROGEL_PACK;10000;11;9997;24;;;10016;11;10018;24;;;10008.0;0.0
-2;10400;INTARIAN_PEPPER_ROOT;;;;;;;13021;16;;;;;13021.0;0.0
-2;10400;VELVETFRUIT_EXTRACT;5264;57;;;;;5270;40;5270;55;;;5267.0;0.0
-2;10400;VEV_4000;1234;9;1231;22;;;1254;9;1257;22;;;1244.0;0.0
-2;10400;VEV_4500;764;8;762;23;;;780;8;782;23;;;772.0;0.0
-2;10400;VEV_5000;269;9;268;14;;;275;6;;;;;272.0;0.0
-2;10400;VEV_5100;;;;;;;194;7;;;;;194.0;0.0
-2;10400;VEV_5200;97;24;;;;;100;31;101;13;;;98.5;0.0
-2;10400;VEV_5300;49;23;;;;;51;26;;;;;50.0;0.0
-2;10400;VEV_5400;16;24;;;;;18;17;;;;;17.0;0.0
-2;10400;VEV_5500;5;28;;;;;6;23;;;;;5.5;0.0
-2;10400;VEV_6000;0;16;;;;;1;16;;;;;0.5;0.0
-2;10400;VEV_6500;0;15;;;;;1;15;;;;;0.5;0.0
-2;10500;ASH_COATED_OSMIUM;9993;14;;;;;10009;14;10011;25;;;10001.0;0.0
-2;10500;HYDROGEL_PACK;10003;14;10000;30;;;10019;14;10021;30;;;10011.0;0.0
-2;10500;INTARIAN_PEPPER_ROOT;13003;9;13000;25;;;13018;9;13021;25;;;13010.5;0.0
-2;10500;VELVETFRUIT_EXTRACT;5266;24;5265;30;;;5271;65;;;;;5268.5;0.0
-2;10500;VEV_4000;1233;13;1230;16;;;1254;13;1256;16;;;1243.5;0.0
-2;10500;VEV_4500;764;11;;;;;782;16;;;;;773.0;0.0
-2;10500;VEV_5000;;;;;;;275;12;276;29;;;275.0;0.0
-2;10500;VEV_5100;190;33;189;23;;;;;;;;;190.0;0.0
-2;10500;VEV_5200;98;10;;;;;;;;;;;98.0;0.0
-2;10500;VEV_5300;49;28;;;;;51;21;;;;;50.0;0.0
-2;10500;VEV_5400;16;12;;;;;;;;;;;16.0;0.0
-2;10500;VEV_5500;5;24;;;;;6;24;;;;;5.5;0.0
-2;10500;VEV_6000;0;27;;;;;1;27;;;;;0.5;0.0
-2;10500;VEV_6500;0;16;;;;;1;16;;;;;0.5;0.0
-2;10600;ASH_COATED_OSMIUM;9990;27;;;;;10009;13;10011;27;;;9999.5;0.0
-2;10600;HYDROGEL_PACK;10001;14;9999;24;;;10017;14;10020;24;;;10009.0;0.0
-2;10600;INTARIAN_PEPPER_ROOT;13004;10;13000;17;;;13018;10;;;;;13011.0;0.0
-2;10600;VELVETFRUIT_EXTRACT;5266;38;;;;;5272;19;5273;34;;;5269.0;0.0
-2;10600;VEV_4000;1234;8;1231;21;;;1254;8;1257;21;;;1244.0;0.0
-2;10600;VEV_4500;765;11;763;20;;;781;11;783;20;;;773.0;0.0
-2;10600;VEV_5000;267;29;266;22;;;273;9;274;18;;;270.0;0.0
-2;10600;VEV_5100;;;;;;;193;25;;;;;193.0;0.0
-2;10600;VEV_5200;98;27;97;32;;;101;27;;;;;99.5;0.0
-2;10600;VEV_5300;48;23;;;;;50;21;;;;;49.0;0.0
-2;10600;VEV_5400;16;22;;;;;18;25;;;;;17.0;0.0
-2;10600;VEV_5500;5;17;;;;;7;23;;;;;6.0;0.0
-2;10600;VEV_6000;0;20;;;;;1;20;;;;;0.5;0.0
-2;10600;VEV_6500;0;14;;;;;1;14;;;;;0.5;0.0
-2;10700;ASH_COATED_OSMIUM;9993;12;9991;22;;;10009;12;10012;22;;;10001.0;0.0
-2;10700;HYDROGEL_PACK;10003;11;10001;22;;;10019;11;10022;22;;;10011.0;0.0
-2;10700;INTARIAN_PEPPER_ROOT;13004;8;13000;21;;;13018;8;13021;21;;;13011.0;0.0
-2;10700;VELVETFRUIT_EXTRACT;5265;58;;;;;5270;18;5271;63;;;5267.5;0.0
-2;10700;VEV_4000;1234;13;1232;24;;;1255;13;1258;24;;;1244.5;0.0
-2;10700;VEV_4500;764;6;762;13;;;780;6;782;13;;;772.0;0.0
-2;10700;VEV_5000;267;8;266;12;;;274;16;;;;;270.5;0.0
-2;10700;VEV_5100;189;12;;;;;193;9;194;22;;;191.0;0.0
-2;10700;VEV_5200;97;22;96;34;;;100;24;;;;;98.5;0.0
-2;10700;VEV_5300;48;26;;;;;50;27;;;;;49.0;0.0
-2;10700;VEV_5400;;;;;;;18;22;;;;;18.0;0.0
-2;10700;VEV_5500;6;29;;;;;7;5;;;;;6.5;0.0
-2;10700;VEV_6000;0;21;;;;;1;21;;;;;0.5;0.0
-2;10700;VEV_6500;0;17;;;;;1;17;;;;;0.5;0.0
-2;10800;ASH_COATED_OSMIUM;9990;21;;;;;10009;15;;;;;9999.5;0.0
-2;10800;HYDROGEL_PACK;10003;13;10000;23;;;10019;13;10021;23;;;10011.0;0.0
-2;10800;INTARIAN_PEPPER_ROOT;13004;8;;;;;13018;8;13021;25;;;13011.0;0.0
-2;10800;VELVETFRUIT_EXTRACT;5264;62;;;;;5270;65;;;;;5267.0;0.0
-2;10800;VEV_4000;1235;9;1232;24;;;1256;9;1258;24;;;1245.5;0.0
-2;10800;VEV_4500;763;11;761;20;;;779;11;781;20;;;771.0;0.0
-2;10800;VEV_5000;267;10;266;19;;;273;12;274;21;;;270.0;0.0
-2;10800;VEV_5100;191;10;190;19;;;195;11;;;;;193.0;0.0
-2;10800;VEV_5200;96;17;;;;;99;24;;;;;97.5;0.0
-2;10800;VEV_5300;;;;;;;50;19;;;;;50.0;0.0
-2;10800;VEV_5400;15;20;;;;;17;23;;;;;16.0;0.0
-2;10800;VEV_5500;6;22;;;;;7;20;;;;;6.5;0.0
-2;10800;VEV_6000;0;19;;;;;1;19;;;;;0.5;0.0
-2;10800;VEV_6500;0;14;;;;;1;14;;;;;0.5;0.0
-2;10900;ASH_COATED_OSMIUM;;;;;;;10009;10;10012;26;;;10009.0;0.0
-2;10900;HYDROGEL_PACK;10008;13;10006;23;;;10024;13;10027;23;;;10016.0;0.0
-2;10900;INTARIAN_PEPPER_ROOT;13004;9;13001;16;;;13018;9;;;;;13011.0;0.0
-2;10900;VELVETFRUIT_EXTRACT;5263;23;5263;24;;;5269;56;;;;;5266.0;0.0
-2;10900;VEV_4000;1233;8;1230;15;;;1254;8;1256;15;;;1243.5;0.0
-2;10900;VEV_4500;764;11;762;23;;;782;23;;;;;773.0;0.0
-2;10900;VEV_5000;266;23;265;17;;;272;22;273;23;;;269.0;0.0
-2;10900;VEV_5100;191;10;190;23;;;196;21;;;;;193.5;0.0
-2;10900;VEV_5200;96;32;;;;;99;22;100;29;;;97.5;0.0
-2;10900;VEV_5300;48;22;;;;;50;27;51;13;;;49.0;0.0
-2;10900;VEV_5400;15;23;;;;;16;23;17;20;;;15.5;0.0
-2;10900;VEV_5500;6;22;;;;;7;25;;;;;6.5;0.0
-2;10900;VEV_6000;0;19;;;;;1;19;;;;;0.5;0.0
-2;10900;VEV_6500;0;14;;;;;1;14;;;;;0.5;0.0
-2;11000;ASH_COATED_OSMIUM;9993;12;;;;;10009;12;10012;27;;;10001.0;0.0
-2;11000;HYDROGEL_PACK;10010;11;10008;29;;;10026;11;10029;29;;;10018.0;0.0
-2;11000;INTARIAN_PEPPER_ROOT;13004;8;;;;;13021;25;;;;;13012.5;0.0
-2;11000;VELVETFRUIT_EXTRACT;5263;24;5262;41;;;5268;33;;;;;5265.5;0.0
-2;11000;VEV_4000;1233;7;1231;25;;;1254;7;;;;;1243.5;0.0
-2;11000;VEV_4500;765;12;763;19;;;781;12;783;19;;;773.0;0.0
-2;11000;VEV_5000;267;6;266;27;;;;;;;;;267.0;0.0
-2;11000;VEV_5100;191;6;190;22;;;195;12;;;;;193.0;0.0
-2;11000;VEV_5200;97;33;96;14;;;99;8;;;;;98.0;0.0
-2;11000;VEV_5300;48;21;;;;;50;5;;;;;49.0;0.0
-2;11000;VEV_5400;15;21;15;16;;;16;22;17;29;;;15.5;0.0
-2;11000;VEV_5500;5;16;;;;;7;26;;;;;6.0;0.0
-2;11000;VEV_6000;0;19;;;;;1;19;;;;;0.5;0.0
-2;11000;VEV_6500;0;17;;;;;1;17;;;;;0.5;0.0
-2;11100;ASH_COATED_OSMIUM;9994;10;9991;28;;;10010;10;10012;28;;;10002.0;0.0
-2;11100;HYDROGEL_PACK;10009;14;10007;28;;;10025;14;10028;28;;;10017.0;0.0
-2;11100;INTARIAN_PEPPER_ROOT;;;;;;;13018;8;13021;23;;;13018.0;0.0
-2;11100;VELVETFRUIT_EXTRACT;5262;30;5262;20;;;5268;39;;;;;5265.0;0.0
-2;11100;VEV_4000;1232;15;1229;21;;;1253;15;1255;21;;;1242.5;0.0
-2;11100;VEV_4500;766;12;764;18;;;782;12;784;18;;;774.0;0.0
-2;11100;VEV_5000;268;28;;;;;274;36;275;23;;;271.0;0.0
-2;11100;VEV_5100;190;12;189;23;;;194;31;195;19;;;192.0;0.0
-2;11100;VEV_5200;96;32;;;;;;;;;;;96.0;0.0
-2;11100;VEV_5300;48;5;;;;;50;21;;;;;49.0;0.0
-2;11100;VEV_5400;15;25;;;;;17;24;;;;;16.0;0.0
-2;11100;VEV_5500;5;25;;;;;7;21;;;;;6.0;0.0
-2;11100;VEV_6000;0;29;;;;;1;29;;;;;0.5;0.0
-2;11100;VEV_6500;0;19;;;;;1;19;;;;;0.5;0.0
-2;11200;ASH_COATED_OSMIUM;9994;14;;;;;10010;14;10012;30;;;10002.0;0.0
-2;11200;HYDROGEL_PACK;10011;12;10009;29;;;10027;12;10030;29;;;10019.0;0.0
-2;11200;INTARIAN_PEPPER_ROOT;13008;8;13001;21;;;13018;8;;;;;13013.0;0.0
-2;11200;VELVETFRUIT_EXTRACT;5260;15;;;;;5265;18;5266;33;;;5262.5;0.0
-2;11200;VEV_4000;1232;13;1229;20;;;1253;13;1255;20;;;1242.5;0.0
-2;11200;VEV_4500;766;9;764;14;;;782;9;784;14;;;774.0;0.0
-2;11200;VEV_5000;267;12;266;23;;;273;8;274;21;;;270.0;0.0
-2;11200;VEV_5100;189;19;;;;;194;23;195;22;;;191.5;0.0
-2;11200;VEV_5200;98;29;97;22;;;100;8;;;;;99.0;0.0
-2;11200;VEV_5300;48;16;47;18;;;50;18;;;;;49.0;0.0
-2;11200;VEV_5400;16;19;15;22;;;;;;;;;16.0;0.0
-2;11200;VEV_5500;5;19;;;;;7;24;;;;;6.0;0.0
-2;11200;VEV_6000;0;30;;;;;1;30;;;;;0.5;0.0
-2;11200;VEV_6500;0;13;;;;;1;13;;;;;0.5;0.0
-2;11300;ASH_COATED_OSMIUM;9994;15;9991;29;;;10010;15;10012;29;;;10002.0;0.0
-2;11300;HYDROGEL_PACK;10012;10;10010;29;;;10028;10;10031;29;;;10020.0;0.0
-2;11300;INTARIAN_PEPPER_ROOT;13001;21;;;;;13018;9;;;;;13009.5;0.0
-2;11300;VELVETFRUIT_EXTRACT;5260;37;;;;;5266;43;;;;;5263.0;0.0
-2;11300;VEV_4000;1229;9;1226;21;;;1250;9;1252;21;;;1239.5;0.0
-2;11300;VEV_4500;765;6;763;22;;;781;6;783;22;;;773.0;0.0
-2;11300;VEV_5000;;;;;;;273;6;274;32;;;273.0;0.0
-2;11300;VEV_5100;188;30;;;;;192;29;193;16;;;190.0;0.0
-2;11300;VEV_5200;98;31;97;22;;;;;;;;;98.0;0.0
-2;11300;VEV_5300;48;21;;;;;50;7;;;;;49.0;0.0
-2;11300;VEV_5400;16;16;;;;;17;23;;;;;16.5;0.0
-2;11300;VEV_5500;5;19;;;;;7;19;;;;;6.0;0.0
-2;11300;VEV_6000;0;27;;;;;1;27;;;;;0.5;0.0
-2;11300;VEV_6500;0;18;;;;;1;18;;;;;0.5;0.0
-2;11400;ASH_COATED_OSMIUM;9994;10;9992;23;;;10010;10;10013;23;;;10002.0;0.0
-2;11400;HYDROGEL_PACK;10011;12;10008;22;;;10027;12;10029;22;;;10019.0;0.0
-2;11400;INTARIAN_PEPPER_ROOT;13004;11;13001;15;;;13013;12;13018;11;;;13008.5;0.0
-2;11400;VELVETFRUIT_EXTRACT;5260;47;;;;;5265;20;5266;50;;;5262.5;0.0
-2;11400;VEV_4000;1230;10;1227;21;;;1251;10;1253;21;;;1240.5;0.0
-2;11400;VEV_4500;767;6;765;16;;;783;6;785;16;;;775.0;0.0
-2;11400;VEV_5000;266;6;265;21;;;273;13;;;;;269.5;0.0
-2;11400;VEV_5100;188;31;;;;;192;9;193;17;;;190.0;0.0
-2;11400;VEV_5200;97;23;;;;;100;7;101;15;;;98.5;0.0
-2;11400;VEV_5300;48;29;;;;;50;26;;;;;49.0;0.0
-2;11400;VEV_5400;;;;;;;17;23;;;;;17.0;0.0
-2;11400;VEV_5500;5;25;;;;;7;5;;;;;6.0;0.0
-2;11400;VEV_6000;0;30;;;;;1;30;;;;;0.5;0.0
-2;11400;VEV_6500;0;12;;;;;1;12;;;;;0.5;0.0
-2;11500;ASH_COATED_OSMIUM;10003;6;9993;12;;;10009;12;10012;24;;;10006.0;0.0
-2;11500;HYDROGEL_PACK;10010;11;10008;30;;;10026;11;10029;30;;;10018.0;0.0
-2;11500;INTARIAN_PEPPER_ROOT;13001;17;;;;;13019;11;;;;;13010.0;0.0
-2;11500;VELVETFRUIT_EXTRACT;5261;56;5261;16;5260;40;5266;16;5267;40;;;5263.5;0.0
-2;11500;VEV_4000;1231;7;1229;25;;;1252;7;1255;25;;;1241.5;0.0
-2;11500;VEV_4500;767;6;;;;;783;6;786;12;;;775.0;0.0
-2;11500;VEV_5000;266;11;265;29;;;272;12;;;;;269.0;0.0
-2;11500;VEV_5100;187;11;186;31;;;191;22;192;13;;;189.0;0.0
-2;11500;VEV_5200;96;22;;;;;100;12;;;;;98.0;0.0
-2;11500;VEV_5300;48;23;47;16;;;50;19;51;15;;;49.0;0.0
-2;11500;VEV_5400;16;25;15;24;;;17;25;;;;;16.5;0.0
-2;11500;VEV_5500;5;21;;;;;7;22;;;;;6.0;0.0
-2;11500;VEV_6000;0;25;;;;;1;25;;;;;0.5;0.0
-2;11500;VEV_6500;0;14;;;;;1;14;;;;;0.5;0.0
-2;11600;ASH_COATED_OSMIUM;9994;13;9992;28;;;10010;13;10013;28;;;10002.0;0.0
-2;11600;HYDROGEL_PACK;10009;12;10007;27;;;10025;12;10028;27;;;10017.0;0.0
-2;11600;INTARIAN_PEPPER_ROOT;13005;11;;;;;13019;11;13022;25;;;13012.0;0.0
-2;11600;VELVETFRUIT_EXTRACT;5262;56;;;;;5268;60;;;;;5265.0;0.0
-2;11600;VEV_4000;1231;10;1228;15;;;1251;10;1254;15;;;1241.0;0.0
-2;11600;VEV_4500;769;9;;;;;785;9;786;11;787;15;777.0;0.0
-2;11600;VEV_5000;266;8;265;12;;;272;6;273;24;;;269.0;0.0
-2;11600;VEV_5100;187;9;186;24;;;191;12;;;;;189.0;0.0
-2;11600;VEV_5200;96;21;;;;;100;17;;;;;98.0;0.0
-2;11600;VEV_5300;48;26;;;;;50;16;51;21;;;49.0;0.0
-2;11600;VEV_5400;16;24;15;28;;;16;18;;;;;16.0;0.0
-2;11600;VEV_5500;6;19;;;;;7;23;;;;;6.5;0.0
-2;11600;VEV_6000;0;26;;;;;1;26;;;;;0.5;0.0
-2;11600;VEV_6500;0;15;;;;;1;15;;;;;0.5;0.0
-2;11700;ASH_COATED_OSMIUM;9992;29;;;;;10010;11;10013;29;;;10001.0;0.0
-2;11700;HYDROGEL_PACK;10010;12;10007;27;;;10026;12;10028;27;;;10018.0;0.0
-2;11700;INTARIAN_PEPPER_ROOT;13001;17;;;;;13019;9;;;;;13010.0;0.0
-2;11700;VELVETFRUIT_EXTRACT;5261;50;;;;;5267;50;5267;43;;;5264.0;0.0
-2;11700;VEV_4000;1232;9;1230;21;;;1253;9;1256;21;;;1242.5;0.0
-2;11700;VEV_4500;767;8;766;10;765;15;783;8;786;15;;;775.0;0.0
-2;11700;VEV_5000;266;12;265;19;;;273;23;;;;;269.5;0.0
-2;11700;VEV_5100;187;24;;;;;191;10;192;24;;;189.0;0.0
-2;11700;VEV_5200;;;;;;;100;7;101;36;;;100.0;0.0
-2;11700;VEV_5300;49;6;;;;;51;26;;;;;50.0;0.0
-2;11700;VEV_5400;15;27;;;;;;;;;;;15.0;0.0
-2;11700;VEV_5500;6;22;;;;;7;28;;;;;6.5;0.0
-2;11700;VEV_6000;0;15;;;;;1;15;;;;;0.5;0.0
-2;11700;VEV_6500;0;10;;;;;1;10;;;;;0.5;0.0
-2;11800;ASH_COATED_OSMIUM;9994;11;9991;22;;;10010;11;10012;22;;;10002.0;0.0
-2;11800;HYDROGEL_PACK;10007;20;;;;;10025;11;10028;20;;;10016.0;0.0
-2;11800;INTARIAN_PEPPER_ROOT;13005;11;13002;20;;;13019;11;13022;20;;;13012.0;0.0
-2;11800;VELVETFRUIT_EXTRACT;5262;21;5261;48;5261;22;5266;21;5267;45;5268;48;5264.0;0.0
-2;11800;VEV_4000;1232;7;1229;23;;;1253;7;1255;23;;;1242.5;0.0
-2;11800;VEV_4500;768;10;;;;;784;10;785;11;786;17;776.0;0.0
-2;11800;VEV_5000;267;6;266;23;;;273;12;274;21;;;270.0;0.0
-2;11800;VEV_5100;187;11;186;14;;;191;6;192;26;;;189.0;0.0
-2;11800;VEV_5200;98;24;;;;;102;20;;;;;100.0;0.0
-2;11800;VEV_5300;48;17;;;;;50;24;;;;;49.0;0.0
-2;11800;VEV_5400;15;21;;;;;17;25;;;;;16.0;0.0
-2;11800;VEV_5500;5;24;;;;;7;16;;;;;6.0;0.0
-2;11800;VEV_6000;0;13;;;;;1;13;;;;;0.5;0.0
-2;11800;VEV_6500;0;18;;;;;1;18;;;;;0.5;0.0
-2;11900;ASH_COATED_OSMIUM;9992;25;;;;;10011;15;;;;;10001.5;0.0
-2;11900;HYDROGEL_PACK;10007;15;10005;27;;;10023;15;10026;27;;;10015.0;0.0
-2;11900;INTARIAN_PEPPER_ROOT;13005;10;13002;20;;;13019;10;13022;20;;;13012.0;0.0
-2;11900;VELVETFRUIT_EXTRACT;5261;37;;;;;5267;38;;;;;5264.0;0.0
-2;11900;VEV_4000;1232;9;1230;23;;;1253;9;1256;23;;;1242.5;0.0
-2;11900;VEV_4500;767;12;766;7;765;20;785;20;;;;;776.0;0.0
-2;11900;VEV_5000;266;11;265;15;;;272;11;273;32;;;269.0;0.0
-2;11900;VEV_5100;187;7;;;;;191;10;192;19;;;189.0;0.0
-2;11900;VEV_5200;99;12;;;;;103;24;;;;;101.0;0.0
-2;11900;VEV_5300;49;25;;;;;51;23;;;;;50.0;0.0
-2;11900;VEV_5400;15;20;;;;;17;27;;;;;16.0;0.0
-2;11900;VEV_5500;5;22;;;;;6;19;;;;;5.5;0.0
-2;11900;VEV_6000;0;29;;;;;1;29;;;;;0.5;0.0
-2;11900;VEV_6500;0;13;;;;;1;13;;;;;0.5;0.0
-2;12000;ASH_COATED_OSMIUM;9994;10;;;;;10010;10;10012;21;;;10002.0;0.0
-2;12000;HYDROGEL_PACK;10012;11;10010;23;;;10028;11;10031;23;;;10020.0;0.0
-2;12000;INTARIAN_PEPPER_ROOT;13005;8;13002;24;;;13022;24;;;;;13013.5;0.0
-2;12000;VELVETFRUIT_EXTRACT;5261;30;5261;23;;;5267;48;;;;;5264.0;0.0
-2;12000;VEV_4000;1233;11;1230;20;;;1254;11;1256;20;;;1243.5;0.0
-2;12000;VEV_4500;769;10;767;12;;;785;10;786;10;787;12;777.0;0.0
-2;12000;VEV_5000;267;8;266;12;;;273;20;274;21;;;270.0;0.0
-2;12000;VEV_5100;187;23;186;25;;;191;11;192;22;;;189.0;0.0
-2;12000;VEV_5200;99;30;98;25;;;101;7;102;20;;;100.0;0.0
-2;12000;VEV_5300;49;18;48;13;;;51;19;;;;;50.0;0.0
-2;12000;VEV_5400;15;25;;;;;16;16;17;27;;;15.5;0.0
-2;12000;VEV_5500;5;25;;;;;6;21;;;;;5.5;0.0
-2;12000;VEV_6000;0;22;;;;;1;22;;;;;0.5;0.0
-2;12000;VEV_6500;0;10;;;;;1;10;;;;;0.5;0.0
-2;12100;ASH_COATED_OSMIUM;9994;14;9991;24;;;10010;14;10012;24;;;10002.0;0.0
-2;12100;HYDROGEL_PACK;10012;14;10009;20;;;10028;14;10030;20;;;10020.0;0.0
-2;12100;INTARIAN_PEPPER_ROOT;13005;9;13002;25;;;13019;9;13022;25;;;13012.0;0.0
-2;12100;VELVETFRUIT_EXTRACT;5260;74;5260;22;5259;43;5266;43;5266;62;;;5263.0;0.0
-2;12100;VEV_4000;1233;8;1230;23;;;1254;8;1256;23;;;1243.5;0.0
-2;12100;VEV_4500;768;9;766;17;;;784;9;786;17;;;776.0;0.0
-2;12100;VEV_5000;266;32;265;15;;;272;6;273;19;;;269.0;0.0
-2;12100;VEV_5100;188;7;;;;;193;23;;;;;190.5;0.0
-2;12100;VEV_5200;99;24;98;20;;;102;25;;;;;100.5;0.0
-2;12100;VEV_5300;49;25;;;;;51;6;52;15;;;50.0;0.0
-2;12100;VEV_5400;15;21;15;19;;;17;25;;;;;16.0;0.0
-2;12100;VEV_5500;5;20;;;;;6;23;;;;;5.5;0.0
-2;12100;VEV_6000;0;22;;;;;1;22;;;;;0.5;0.0
-2;12100;VEV_6500;0;15;;;;;1;15;;;;;0.5;0.0
-2;12200;ASH_COATED_OSMIUM;9993;11;9991;25;;;10009;11;;;;;10001.0;0.0
-2;12200;HYDROGEL_PACK;10012;14;10010;27;;;10028;14;10031;27;;;10020.0;0.0
-2;12200;INTARIAN_PEPPER_ROOT;13005;10;13002;23;;;13019;10;;;;;13012.0;0.0
-2;12200;VELVETFRUIT_EXTRACT;5260;22;5259;52;;;5265;43;;;;;5262.5;0.0
-2;12200;VEV_4000;1232;9;1230;15;;;1253;9;1255;15;;;1242.5;0.0
-2;12200;VEV_4500;768;9;766;20;;;784;9;787;20;;;776.0;0.0
-2;12200;VEV_5000;265;7;264;22;;;272;19;;;;;268.5;0.0
-2;12200;VEV_5100;188;22;187;14;;;192;9;193;18;;;190.0;0.0
-2;12200;VEV_5200;99;26;;;;;103;26;;;;;101.0;0.0
-2;12200;VEV_5300;49;24;;;;;51;19;;;;;50.0;0.0
-2;12200;VEV_5400;15;21;;;;;17;16;;;;;16.0;0.0
-2;12200;VEV_5500;5;25;;;;;6;5;;;;;5.5;0.0
-2;12200;VEV_6000;0;19;;;;;1;19;;;;;0.5;0.0
-2;12200;VEV_6500;0;15;;;;;1;15;;;;;0.5;0.0
-2;12300;ASH_COATED_OSMIUM;9994;15;9991;27;;;10010;15;10012;27;;;10002.0;0.0
-2;12300;HYDROGEL_PACK;10012;10;10009;20;;;10028;10;10030;20;;;10020.0;0.0
-2;12300;INTARIAN_PEPPER_ROOT;13005;12;13002;21;;;13023;21;;;;;13014.0;0.0
-2;12300;VELVETFRUIT_EXTRACT;5257;34;5257;48;;;5262;18;5263;23;;;5259.5;0.0
-2;12300;VEV_4000;1231;14;1229;19;;;1252;14;1254;19;;;1241.5;0.0
-2;12300;VEV_4500;768;7;766;21;;;784;7;786;21;;;776.0;0.0
-2;12300;VEV_5000;265;8;;;;;271;9;;;;;268.0;0.0
-2;12300;VEV_5100;188;24;187;24;;;193;25;;;;;190.5;0.0
-2;12300;VEV_5200;99;9;98;30;;;101;12;;;;;100.0;0.0
-2;12300;VEV_5300;49;23;;;;;;;;;;;49.0;0.0
-2;12300;VEV_5400;;;;;;;17;21;;;;;17.0;0.0
-2;12300;VEV_5500;5;23;;;;;6;23;;;;;5.5;0.0
-2;12300;VEV_6000;0;26;;;;;1;26;;;;;0.5;0.0
-2;12300;VEV_6500;0;18;;;;;1;18;;;;;0.5;0.0
-2;12400;ASH_COATED_OSMIUM;9994;12;9991;27;;;10010;12;10012;27;;;10002.0;0.0
-2;12400;HYDROGEL_PACK;10010;12;10007;28;;;10026;12;10028;28;;;10018.0;0.0
-2;12400;INTARIAN_PEPPER_ROOT;13005;8;13002;23;;;13019;8;13023;23;;;13012.0;0.0
-2;12400;VELVETFRUIT_EXTRACT;5260;55;;;;;5265;25;5266;32;;;5262.5;0.0
-2;12400;VEV_4000;1230;10;1228;17;;;1251;10;1254;17;;;1240.5;0.0
-2;12400;VEV_4500;769;11;767;17;;;785;11;788;17;;;777.0;0.0
-2;12400;VEV_5000;264;6;263;13;;;271;21;;;;;267.5;0.0
-2;12400;VEV_5100;186;13;;;;;191;11;;;;;188.5;0.0
-2;12400;VEV_5200;98;19;;;;;101;9;102;20;;;99.5;0.0
-2;12400;VEV_5300;50;21;;;;;52;6;;;;;51.0;0.0
-2;12400;VEV_5400;;;;;;;17;18;;;;;17.0;0.0
-2;12400;VEV_5500;5;22;;;;;6;20;;;;;5.5;0.0
-2;12400;VEV_6000;0;19;;;;;1;19;;;;;0.5;0.0
-2;12400;VEV_6500;0;19;;;;;1;19;;;;;0.5;0.0
-2;12500;ASH_COATED_OSMIUM;9993;11;9990;22;;;10009;11;10011;22;;;10001.0;0.0
-2;12500;HYDROGEL_PACK;10007;14;10004;27;;;10023;14;10025;27;;;10015.0;0.0
-2;12500;INTARIAN_PEPPER_ROOT;13005;10;;;;;13020;10;;;;;13012.5;0.0
-2;12500;VELVETFRUIT_EXTRACT;5259;69;;;;;5265;53;;;;;5262.0;0.0
-2;12500;VEV_4000;1230;15;1228;20;;;1251;15;1253;20;;;1240.5;0.0
-2;12500;VEV_4500;767;19;;;;;785;9;788;19;;;776.0;0.0
-2;12500;VEV_5000;264;24;263;24;;;270;7;;;;;267.0;0.0
-2;12500;VEV_5100;187;24;186;17;;;191;22;;;;;189.0;0.0
-2;12500;VEV_5200;;;;;;;;;;;;;0.0;0.0
-2;12500;VEV_5300;49;17;;;;;51;20;;;;;50.0;0.0
-2;12500;VEV_5400;14;21;;;;;16;20;;;;;15.0;0.0
-2;12500;VEV_5500;5;23;;;;;6;19;;;;;5.5;0.0
-2;12500;VEV_6000;0;16;;;;;1;16;;;;;0.5;0.0
-2;12500;VEV_6500;0;16;;;;;1;16;;;;;0.5;0.0
-2;12600;ASH_COATED_OSMIUM;9993;11;9990;25;;;10009;11;;;;;10001.0;0.0
-2;12600;HYDROGEL_PACK;10004;10;10001;21;;;10020;10;10022;21;;;10012.0;0.0
-2;12600;INTARIAN_PEPPER_ROOT;13006;12;13002;15;;;13020;12;13023;15;;;13013.0;0.0
-2;12600;VELVETFRUIT_EXTRACT;5259;25;;;;;5264;24;5265;45;;;5261.5;0.0
-2;12600;VEV_4000;1231;14;1228;27;;;1252;14;1254;27;;;1241.5;0.0
-2;12600;VEV_4500;768;10;766;15;;;786;15;;;;;777.0;0.0
-2;12600;VEV_5000;265;10;264;12;;;271;6;;;;;268.0;0.0
-2;12600;VEV_5100;;;;;;;191;33;192;12;;;191.0;0.0
-2;12600;VEV_5200;100;10;;;;;102;9;103;21;;;101.0;0.0
