timestamp;buyer;seller;symbol;currency;price;quantity
0;BOT_TAKER;BOT_MAKER;HYDROGEL_PACK;XIRECS;9987.0;5
0;SUBMISSION;BOT;INTARIAN_PEPPER_ROOT;XIRECS;13007.0;11
100;BOT_MAKER;BOT_TAKER;HYDROGEL_PACK;XIRECS;9973.0;4
100;BOT_MAKER;BOT_TAKER;VELVETFRUIT_EXTRACT;XIRECS;5259.0;6
200;BOT_TAKER;BOT_MAKER;HYDROGEL_PACK;XIRECS;9991.0;3
200;BOT_TAKER;BOT_MAKER;VEV_5500;XIRECS;7.0;2
200;BOT_TAKER;BOT_MAKER;VEV_6500;XIRECS;1.0;3
200;SUBMISSION;BOT;INTARIAN_PEPPER_ROOT;XIRECS;13007.0;9
200;BOT_TAKER;SUBMISSION;HYDROGEL_PACK;XIRECS;9990.0;5
200;BOT_TAKER;BOT_MAKER;HYDROGEL_PACK;XIRECS;9991.0;1
300;BOT_MAKER;BOT_TAKER;HYDROGEL_PACK;XIRECS;9976.0;3
300;BOT_TAKER;BOT_MAKER;VELVETFRUIT_EXTRACT;XIRECS;5263.0;9
300;SUBMISSION;BOT;INTARIAN_PEPPER_ROOT;XIRECS;13007.0;12
400;BOT_TAKER;BOT_MAKER;VEV_6500;XIRECS;1.0;4
400;SUBMISSION;BOT;INTARIAN_PEPPER_ROOT;XIRECS;12996.0;6
400;SUBMISSION;BOT;INTARIAN_PEPPER_ROOT;XIRECS;13007.0;11
500;BOT_MAKER;BOT_TAKER;VELVETFRUIT_EXTRACT;XIRECS;5257.0;7
500;BOT_MAKER;BOT_TAKER;VEV_6000;XIRECS;0.0;3
600;BOT_MAKER;BOT_TAKER;VEV_5500;XIRECS;6.0;5
600;BOT_TAKER;BOT_MAKER;VEV_5500;XIRECS;7.0;4
600;SUBMISSION;BOT;INTARIAN_PEPPER_ROOT;XIRECS;13008.0;9
800;BOT_MAKER;BOT_TAKER;VELVETFRUIT_EXTRACT;XIRECS;5259.0;6
800;BOT_TAKER;BOT_MAKER;VEV_5300;XIRECS;55.0;5
800;BOT_TAKER;BOT_MAKER;VEV_6500;XIRECS;1.0;5
900;BOT_TAKER;BOT_MAKER;HYDROGEL_PACK;XIRECS;9999.0;3
900;SUBMISSION;BOT;INTARIAN_PEPPER_ROOT;XIRECS;13008.0;8
1000;BOT_TAKER;BOT_MAKER;VELVETFRUIT_EXTRACT;XIRECS;5268.0;4
1000;SUBMISSION;BOT;INTARIAN_PEPPER_ROOT;XIRECS;13008.0;9
1100;BOT_MAKER;BOT_TAKER;HYDROGEL_PACK;XIRECS;9982.0;6
1100;BOT_TAKER;BOT_MAKER;VELVETFRUIT_EXTRACT;XIRECS;5266.0;6
1100;BOT_MAKER;BOT_TAKER;VELVETFRUIT_EXTRACT;XIRECS;5261.0;7
1100;SUBMISSION;BOT;INTARIAN_PEPPER_ROOT;XIRECS;13008.0;5
1100;SUBMISSION;BOT_TAKER;VELVETFRUIT_EXTRACT;XIRECS;5262.0;5
1200;BOT_TAKER;SUBMISSION;VELVETFRUIT_EXTRACT;XIRECS;5266.0;5
1300;BOT_MAKER;BOT_TAKER;HYDROGEL_PACK;XIRECS;9987.0;2
1300;BOT_TAKER;BOT_MAKER;VEV_4000;XIRECS;1271.0;3
1300;BOT_TAKER;BOT_MAKER;VEV_5300;XIRECS;56.0;3
1300;BOT_TAKER;SUBMISSION;VELVETFRUIT_EXTRACT;XIRECS;5265.0;5
1300;BOT_TAKER;BOT_MAKER;VELVETFRUIT_EXTRACT;XIRECS;5266.0;2
1400;BOT_MAKER;BOT_TAKER;VELVETFRUIT_EXTRACT;XIRECS;5261.0;3
1400;BOT_TAKER;BOT_MAKER;VEV_5500;XIRECS;7.0;5
1500;BOT_MAKER;BOT_TAKER;VEV_5300;XIRECS;54.0;3
1700;BOT_TAKER;BOT_MAKER;VEV_4000;XIRECS;1268.0;3
1700;BOT_TAKER;BOT_MAKER;VEV_5300;XIRECS;56.0;4
1800;BOT_MAKER;BOT_TAKER;VELVETFRUIT_EXTRACT;XIRECS;5260.0;6
1900;BOT_MAKER;BOT_TAKER;HYDROGEL_PACK;XIRECS;9981.0;6
1900;BOT_TAKER;BOT_MAKER;VELVETFRUIT_EXTRACT;XIRECS;5265.0;6
1900;BOT_MAKER;BOT_TAKER;VEV_6000;XIRECS;0.0;5
2000;BOT_MAKER;BOT_TAKER;HYDROGEL_PACK;XIRECS;9981.0;5
2000;BOT_TAKER;BOT_MAKER;VEV_5500;XIRECS;7.0;4
2000;BOT_TAKER;BOT_MAKER;VEV_6500;XIRECS;1.0;2
2000;BOT_TAKER;SUBMISSION;VELVETFRUIT_EXTRACT;XIRECS;5264.0;3
2100;BOT_TAKER;BOT_MAKER;HYDROGEL_PACK;XIRECS;9999.0;2
2100;BOT_TAKER;BOT_MAKER;VELVETFRUIT_EXTRACT;XIRECS;5267.0;8
2200;BOT_TAKER;BOT_MAKER;HYDROGEL_PACK;XIRECS;9996.0;3
2200;BOT_MAKER;BOT_TAKER;VELVETFRUIT_EXTRACT;XIRECS;5264.0;9
2200;BOT_MAKER;BOT_TAKER;VEV_6500;XIRECS;0.0;5
2300;BOT_TAKER;BOT_MAKER;HYDROGEL_PACK;XIRECS;9995.0;5
2300;BOT_TAKER;BOT_MAKER;VELVETFRUIT_EXTRACT;XIRECS;5268.0;6
2300;BOT_MAKER;BOT_TAKER;VEV_4000;XIRECS;1247.0;2
2500;BOT_TAKER;BOT_MAKER;HYDROGEL_PACK;XIRECS;9994.0;3
2500;BOT_TAKER;BOT_MAKER;VEV_4000;XIRECS;1269.0;1
2500;SUBMISSION;BOT_TAKER;HYDROGEL_PACK;XIRECS;9979.0;4
2500;BOT_TAKER;SUBMISSION;VELVETFRUIT_EXTRACT;XIRECS;5269.0;5
2500;BOT_TAKER;BOT_MAKER;VELVETFRUIT_EXTRACT;XIRECS;5270.0;1
2600;BOT_TAKER;BOT_MAKER;VELVETFRUIT_EXTRACT;XIRECS;5271.0;5
2600;BOT_TAKER;SUBMISSION;VELVETFRUIT_EXTRACT;XIRECS;5270.0;4
2700;BOT_MAKER;BOT_TAKER;VELVETFRUIT_EXTRACT;XIRECS;5267.0;8
2800;BOT_MAKER;BOT_TAKER;VEV_6000;XIRECS;0.0;3
2800;SUBMISSION;BOT_TAKER;VELVETFRUIT_EXTRACT;XIRECS;5269.0;5
2800;BOT_MAKER;BOT_TAKER;VELVETFRUIT_EXTRACT;XIRECS;5268.0;2
2900;BOT_TAKER;SUBMISSION;VEV_4000;XIRECS;1271.0;2
3000;BOT_TAKER;BOT_MAKER;VELVETFRUIT_EXTRACT;XIRECS;5271.0;6
3200;BOT_MAKER;BOT_TAKER;VELVETFRUIT_EXTRACT;XIRECS;5265.0;6
3200;BOT_MAKER;BOT_TAKER;VEV_4000;XIRECS;1249.0;1
3200;BOT_TAKER;BOT_MAKER;VEV_5500;XIRECS;7.0;5
3300;BOT_MAKER;BOT_TAKER;HYDROGEL_PACK;XIRECS;9983.0;3
3300;BOT_TAKER;BOT_MAKER;VELVETFRUIT_EXTRACT;XIRECS;5271.0;6
3400;BOT_TAKER;BOT_MAKER;HYDROGEL_PACK;XIRECS;9999.0;5
3500;BOT_TAKER;BOT_MAKER;HYDROGEL_PACK;XIRECS;10000.0;2
3500;BOT_TAKER;BOT_MAKER;VELVETFRUIT_EXTRACT;XIRECS;5270.0;5
3500;BOT_TAKER;BOT_MAKER;VEV_6000;XIRECS;1.0;5
3600;BOT_MAKER;BOT_TAKER;HYDROGEL_PACK;XIRECS;9983.0;3
3600;BOT_MAKER;BOT_TAKER;INTARIAN_PEPPER_ROOT;XIRECS;12997.0;5
3600;BOT_MAKER;BOT_TAKER;VELVETFRUIT_EXTRACT;XIRECS;5264.0;4
3700;BOT_MAKER;BOT_TAKER;VELVETFRUIT_EXTRACT;XIRECS;5265.0;6
3800;BOT_TAKER;BOT_MAKER;VEV_5400;XIRECS;16.0;4
3900;BOT_MAKER;BOT_TAKER;HYDROGEL_PACK;XIRECS;9975.0;6
3900;BOT_TAKER;BOT_MAKER;VELVETFRUIT_EXTRACT;XIRECS;5268.0;5
4000;BOT_TAKER;BOT_MAKER;VEV_4000;XIRECS;1268.0;3
4100;BOT_TAKER;BOT_MAKER;HYDROGEL_PACK;XIRECS;9991.0;4
4200;BOT_MAKER;BOT_TAKER;VELVETFRUIT_EXTRACT;XIRECS;5260.0;8
4200;BOT_TAKER;BOT_MAKER;VEV_5300;XIRECS;54.0;4
4300;BOT_TAKER;BOT_MAKER;VELVETFRUIT_EXTRACT;XIRECS;5265.0;3
4300;BOT_TAKER;BOT_MAKER;VEV_4000;XIRECS;1268.0;2
4300;BOT_TAKER;SUBMISSION;VELVETFRUIT_EXTRACT;XIRECS;5264.0;5
4300;BOT_TAKER;BOT_MAKER;VELVETFRUIT_EXTRACT;XIRECS;5265.0;1
4400;BOT_MAKER;BOT_TAKER;VELVETFRUIT_EXTRACT;XIRECS;5261.0;8
4400;BOT_MAKER;BOT_TAKER;VEV_4000;XIRECS;1245.0;1
4500;BOT_TAKER;BOT_MAKER;VEV_6000;XIRECS;1.0;5
4500;BOT_TAKER;BOT_MAKER;INTARIAN_PEPPER_ROOT;XIRECS;13012.0;6
4600;BOT_MAKER;BOT_TAKER;INTARIAN_PEPPER_ROOT;XIRECS;12994.0;7
4700;BOT_TAKER;BOT_MAKER;VELVETFRUIT_EXTRACT;XIRECS;5273.0;7
4800;BOT_MAKER;BOT_TAKER;ASH_COATED_OSMIUM;XIRECS;9994.0;4
4800;BOT_MAKER;BOT_TAKER;VELVETFRUIT_EXTRACT;XIRECS;5265.0;4
4800;BOT_MAKER;BOT_TAKER;VEV_6000;XIRECS;0.0;5
4900;BOT_TAKER;BOT_MAKER;VEV_6000;XIRECS;1.0;3
4900;BOT_TAKER;BOT_MAKER;VEV_6500;XIRECS;1.0;4
5000;BOT_TAKER;BOT_MAKER;VELVETFRUIT_EXTRACT;XIRECS;5270.0;4
5000;BOT_TAKER;BOT_MAKER;VELVETFRUIT_EXTRACT;XIRECS;5270.0;8
5100;BOT_MAKER;BOT_TAKER;INTARIAN_PEPPER_ROOT;XIRECS;12998.0;6
5200;BOT_MAKER;BOT_TAKER;VEV_5300;XIRECS;50.0;2
5200;BOT_TAKER;BOT_MAKER;VEV_6500;XIRECS;1.0;2
5300;BOT_TAKER;BOT_MAKER;VEV_5500;XIRECS;7.0;3
5300;BOT_MAKER;BOT_TAKER;VEV_6500;XIRECS;0.0;2
5400;BOT_TAKER;BOT_MAKER;VELVETFRUIT_EXTRACT;XIRECS;5272.0;3
5400;SUBMISSION;BOT_TAKER;ASH_COATED_OSMIUM;XIRECS;9994.0;3
5500;BOT_TAKER;BOT_MAKER;HYDROGEL_PACK;XIRECS;10003.0;3
5500;BOT_TAKER;BOT_MAKER;VELVETFRUIT_EXTRACT;XIRECS;5272.0;10
5500;BOT_MAKER;BOT_TAKER;VEV_6500;XIRECS;0.0;5
5600;BOT_MAKER;BOT_TAKER;ASH_COATED_OSMIUM;XIRECS;9993.0;3
5600;BOT_TAKER;BOT_MAKER;VEV_6000;XIRECS;1.0;4
5800;BOT_MAKER;BOT_TAKER;VEV_6500;XIRECS;0.0;4
5900;BOT_TAKER;BOT_MAKER;HYDROGEL_PACK;XIRECS;10000.0;5
5900;BOT_TAKER;BOT_MAKER;VEV_4000;XIRECS;1264.0;3
6000;SUBMISSION;BOT_TAKER;HYDROGEL_PACK;XIRECS;9986.0;5
6000;BOT_MAKER;BOT_TAKER;HYDROGEL_PACK;XIRECS;9985.0;1
6100;BOT_MAKER;BOT_TAKER;VELVETFRUIT_EXTRACT;XIRECS;5264.0;6
6100;BOT_TAKER;BOT_MAKER;VEV_5300;XIRECS;53.0;3
6100;BOT_MAKER;BOT_TAKER;VEV_5500;XIRECS;6.0;4
6200;BOT_TAKER;BOT_MAKER;HYDROGEL_PACK;XIRECS;10002.0;2
6200;BOT_MAKER;BOT_TAKER;VELVETFRUIT_EXTRACT;XIRECS;5262.0;7
6200;BOT_MAKER;BOT_TAKER;VEV_5500;XIRECS;6.0;5
6400;BOT_MAKER;BOT_TAKER;VEV_4000;XIRECS;1243.0;1
6500;BOT_TAKER;BOT_MAKER;HYDROGEL_PACK;XIRECS;10005.0;3
6600;BOT_MAKER;BOT_TAKER;HYDROGEL_PACK;XIRECS;9989.0;2
6600;BOT_TAKER;BOT_MAKER;VEV_6500;XIRECS;1.0;4
6700;BOT_TAKER;BOT_MAKER;VELVETFRUIT_EXTRACT;XIRECS;5267.0;6
6800;BOT_MAKER;BOT_TAKER;VELVETFRUIT_EXTRACT;XIRECS;5261.0;13
7000;BOT_MAKER;BOT_TAKER;VELVETFRUIT_EXTRACT;XIRECS;5260.0;6
7000;BOT_MAKER;BOT_TAKER;VEV_4000;XIRECS;1240.0;1
7100;BOT_TAKER;BOT_MAKER;ASH_COATED_OSMIUM;XIRECS;10009.0;2
7100;BOT_TAKER;BOT_MAKER;HYDROGEL_PACK;XIRECS;10001.0;4
7100;BOT_TAKER;BOT_MAKER;VELVETFRUIT_EXTRACT;XIRECS;5263.0;8
7200;BOT_TAKER;BOT_MAKER;VEV_6000;XIRECS;1.0;5
7300;BOT_MAKER;BOT_TAKER;VEV_4000;XIRECS;1241.0;3
7300;BOT_TAKER;BOT_MAKER;VEV_6500;XIRECS;1.0;4
7300;BOT_TAKER;SUBMISSION;HYDROGEL_PACK;XIRECS;10003.0;2
7400;BOT_MAKER;BOT_TAKER;VEV_4000;XIRECS;1243.0;3
7400;BOT_TAKER;SUBMISSION;VELVETFRUIT_EXTRACT;XIRECS;5264.0;5
7400;BOT_TAKER;BOT_MAKER;VELVETFRUIT_EXTRACT;XIRECS;5265.0;4
7500;BOT_TAKER;BOT_MAKER;HYDROGEL_PACK;XIRECS;10007.0;5
7500;BOT_MAKER;BOT_TAKER;VELVETFRUIT_EXTRACT;XIRECS;5259.0;7
7500;BOT_TAKER;BOT_MAKER;VEV_5500;XIRECS;6.0;2
7600;BOT_MAKER;BOT_TAKER;VEV_4000;XIRECS;1241.0;3
7700;BOT_TAKER;BOT_MAKER;HYDROGEL_PACK;XIRECS;10007.0;6
7700;BOT_MAKER;BOT_TAKER;VELVETFRUIT_EXTRACT;XIRECS;5259.0;4
7800;BOT_TAKER;BOT_MAKER;ASH_COATED_OSMIUM;XIRECS;10011.0;5
7800;BOT_MAKER;BOT_TAKER;HYDROGEL_PACK;XIRECS;9994.0;6
7900;BOT_TAKER;BOT_MAKER;VEV_5400;XIRECS;15.0;4
8000;BOT_TAKER;BOT_MAKER;VELVETFRUIT_EXTRACT;XIRECS;5262.0;6
8000;BOT_MAKER;BOT_TAKER;VEV_4000;XIRECS;1239.0;1
8000;BOT_MAKER;BOT_TAKER;VEV_5500;XIRECS;6.0;2
8000;BOT_MAKER;BOT_TAKER;VEV_6000;XIRECS;0.0;4
8100;BOT_TAKER;BOT_MAKER;VELVETFRUIT_EXTRACT;XIRECS;5264.0;7
8100;BOT_TAKER;BOT_MAKER;VEV_5400;XIRECS;16.0;5
8100;BOT_TAKER;BOT_MAKER;VEV_6000;XIRECS;1.0;2
8400;BOT_TAKER;BOT_MAKER;VEV_4000;XIRECS;1260.0;2
8500;BOT_TAKER;BOT_MAKER;VEV_5400;XIRECS;17.0;5
8600;BOT_TAKER;BOT_MAKER;VEV_6000;XIRECS;1.0;2
8600;SUBMISSION;BOT;ASH_COATED_OSMIUM;XIRECS;10000.0;7
8800;BOT_MAKER;BOT_TAKER;VEV_5500;XIRECS;5.0;5
8900;BOT_TAKER;BOT_MAKER;VEV_4000;XIRECS;1260.0;3
9000;BOT_TAKER;BOT_MAKER;HYDROGEL_PACK;XIRECS;10010.0;6
9000;SUBMISSION;BOT;ASH_COATED_OSMIUM;XIRECS;9999.0;8
9100;BOT_MAKER;BOT_TAKER;HYDROGEL_PACK;XIRECS;9992.0;4
9100;BOT_TAKER;BOT_MAKER;VELVETFRUIT_EXTRACT;XIRECS;5265.0;6
9100;BOT_TAKER;BOT_MAKER;VEV_6000;XIRECS;1.0;3
9200;BOT_TAKER;BOT_MAKER;ASH_COATED_OSMIUM;XIRECS;10012.0;7
9200;BOT_TAKER;SUBMISSION;ASH_COATED_OSMIUM;XIRECS;10011.0;9
9300;BOT_TAKER;BOT_MAKER;VELVETFRUIT_EXTRACT;XIRECS;5265.0;6
9400;BOT_TAKER;BOT_MAKER;VELVETFRUIT_EXTRACT;XIRECS;5265.0;7
9400;BOT_TAKER;BOT_MAKER;VEV_6500;XIRECS;1.0;2
9500;BOT_TAKER;BOT_MAKER;HYDROGEL_PACK;XIRECS;10014.0;3
9500;BOT_MAKER;BOT_TAKER;VEV_4000;XIRECS;1236.0;1
9500;BOT_MAKER;BOT_TAKER;VEV_5400;XIRECS;16.0;3
9600;BOT_TAKER;BOT_MAKER;VEV_6000;XIRECS;1.0;5
9700;BOT_MAKER;BOT_TAKER;VEV_5500;XIRECS;5.0;2
9800;BOT_MAKER;BOT_TAKER;VEV_6000;XIRECS;0.0;2
9800;BOT_MAKER;BOT_TAKER;VEV_6500;XIRECS;0.0;5
9900;BOT_TAKER;BOT_MAKER;VELVETFRUIT_EXTRACT;XIRECS;5268.0;4
9900;BOT_MAKER;BOT_TAKER;VELVETFRUIT_EXTRACT;XIRECS;5263.0;8
10000;BOT_TAKER;BOT_MAKER;HYDROGEL_PACK;XIRECS;10012.0;4
10100;BOT_MAKER;BOT_TAKER;VELVETFRUIT_EXTRACT;XIRECS;5262.0;7
10300;BOT_MAKER;BOT_TAKER;VEV_5200;XIRECS;98.0;2
10300;BOT_MAKER;BOT_TAKER;VEV_5400;XIRECS;16.0;2
10300;BOT_TAKER;SUBMISSION;HYDROGEL_PACK;XIRECS;10016.0;4
10400;BOT_MAKER;BOT_TAKER;VEV_5500;XIRECS;5.0;5
10600;BOT_MAKER;BOT_TAKER;HYDROGEL_PACK;XIRECS;10001.0;2
10600;BOT_TAKER;BOT_MAKER;VEV_4000;XIRECS;1254.0;3
10600;BOT_TAKER;BOT_MAKER;VEV_6000;XIRECS;1.0;4
10700;BOT_TAKER;BOT_MAKER;INTARIAN_PEPPER_ROOT;XIRECS;13018.0;6
10700;BOT_TAKER;BOT_MAKER;VELVETFRUIT_EXTRACT;XIRECS;5270.0;6
10800;BOT_MAKER;BOT_TAKER;VEV_4000;XIRECS;1235.0;2
10900;BOT_TAKER;BOT_MAKER;VEV_6500;XIRECS;1.0;5
11000;BOT_TAKER;BOT_MAKER;VELVETFRUIT_EXTRACT;XIRECS;5268.0;11
11000;BOT_MAKER;BOT_TAKER;VEV_6000;XIRECS;0.0;5
11000;SUBMISSION;BOT_TAKER;ASH_COATED_OSMIUM;XIRECS;9994.0;8
11200;BOT_MAKER;BOT_TAKER;HYDROGEL_PACK;XIRECS;10011.0;4
11300;BOT_TAKER;BOT_MAKER;HYDROGEL_PACK;XIRECS;10028.0;3
11300;BOT_TAKER;BOT_MAKER;VELVETFRUIT_EXTRACT;XIRECS;5266.0;8
11400;BOT_MAKER;BOT_TAKER;VEV_6500;XIRECS;0.0;2
11500;BOT_TAKER;BOT_MAKER;HYDROGEL_PACK;XIRECS;10026.0;3
11500;BOT;SUBMISSION;ASH_COATED_OSMIUM;XIRECS;10003.0;6
11600;BOT_TAKER;BOT_MAKER;VELVETFRUIT_EXTRACT;XIRECS;5268.0;3
11700;BOT_TAKER;BOT_MAKER;HYDROGEL_PACK;XIRECS;10026.0;5
11900;BOT_MAKER;BOT_TAKER;HYDROGEL_PACK;XIRECS;10007.0;3
11900;BOT_MAKER;BOT_TAKER;VELVETFRUIT_EXTRACT;XIRECS;5261.0;8
12000;BOT_TAKER;BOT_MAKER;VEV_5300;XIRECS;51.0;3
12000;BOT_TAKER;BOT_MAKER;VEV_6500;XIRECS;1.0;4
12100;BOT_MAKER;BOT_TAKER;VEV_5500;XIRECS;5.0;2
12200;BOT_TAKER;BOT_MAKER;HYDROGEL_PACK;XIRECS;10028.0;6
12200;SUBMISSION;BOT_TAKER;VELVETFRUIT_EXTRACT;XIRECS;5261.0;5
12200;BOT_MAKER;BOT_TAKER;VELVETFRUIT_EXTRACT;XIRECS;5260.0;2
12300;BOT_TAKER;BOT_MAKER;VELVETFRUIT_EXTRACT;XIRECS;5262.0;4
12300;BOT_MAKER;BOT_TAKER;VELVETFRUIT_EXTRACT;XIRECS;5257.0;6
12400;BOT_MAKER;BOT_TAKER;VELVETFRUIT_EXTRACT;XIRECS;5260.0;4
12400;BOT_TAKER;SUBMISSION;HYDROGEL_PACK;XIRECS;10025.0;2
12700;BOT_TAKER;BOT_MAKER;HYDROGEL_PACK;XIRECS;10022.0;6
12700;SUBMISSION;BOT;ASH_COATED_OSMIUM;XIRECS;9999.0;5
12800;BOT_TAKER;BOT_MAKER;HYDROGEL_PACK;XIRECS;10022.0;5
12900;BOT_TAKER;BOT_MAKER;HYDROGEL_PACK;XIRECS;10019.0;6
12900;BOT_MAKER;BOT_TAKER;HYDROGEL_PACK;XIRECS;10003.0;5
12900;BOT_MAKER;BOT_TAKER;VELVETFRUIT_EXTRACT;XIRECS;5262.0;5
12900;BOT_TAKER;SUBMISSION;VELVETFRUIT_EXTRACT;XIRECS;5265.0;5
12900;BOT_TAKER;BOT_MAKER;VELVETFRUIT_EXTRACT;XIRECS;5266.0;2
13100;BOT_TAKER;BOT_MAKER;HYDROGEL_PACK;XIRECS;10021.0;4
13100;BOT_MAKER;BOT_TAKER;VEV_5500;XIRECS;5.0;2
13200;BOT_MAKER;BOT_TAKER;VEV_6500;XIRECS;0.0;2
13300;BOT_MAKER;BOT_TAKER;HYDROGEL_PACK;XIRECS;10006.0;6
13300;BOT_MAKER;BOT_TAKER;VELVETFRUIT_EXTRACT;XIRECS;5263.0;7
13300;BOT_TAKER;BOT_MAKER;VEV_5400;XIRECS;16.0;3
13300;BOT_TAKER;BOT_MAKER;VEV_5500;XIRECS;7.0;2
13400;BOT_TAKER;BOT_MAKER;VEV_6000;XIRECS;1.0;2
13500;BOT_MAKER;BOT_TAKER;VELVETFRUIT_EXTRACT;XIRECS;5265.0;7
13500;BOT_TAKER;SUBMISSION;HYDROGEL_PACK;XIRECS;10023.0;2
13600;BOT_MAKER;BOT_TAKER;VELVETFRUIT_EXTRACT;XIRECS;5267.0;5
13600;BOT_MAKER;BOT_TAKER;VEV_4000;XIRECS;1232.0;3
13700;BOT_TAKER;BOT_MAKER;VELVETFRUIT_EXTRACT;XIRECS;5272.0;6
13700;SUBMISSION;BOT;ASH_COATED_OSMIUM;XIRECS;9995.0;7
13900;BOT_TAKER;BOT_MAKER;HYDROGEL_PACK;XIRECS;10019.0;5
13900;BOT_TAKER;SUBMISSION;HYDROGEL_PACK;XIRECS;10018.0;2
13900;BOT_TAKER;SUBMISSION;VELVETFRUIT_EXTRACT;XIRECS;5271.0;4
14000;BOT_MAKER;BOT_TAKER;VEV_4000;XIRECS;1234.0;2
14000;BOT_TAKER;BOT_MAKER;VEV_6500;XIRECS;1.0;5
14100;BOT_MAKER;BOT_TAKER;VELVETFRUIT_EXTRACT;XIRECS;5265.0;5
14100;BOT_MAKER;BOT_TAKER;VELVETFRUIT_EXTRACT;XIRECS;5265.0;6
14100;SUBMISSION;BOT_TAKER;VELVETFRUIT_EXTRACT;XIRECS;5266.0;5
14100;BOT_MAKER;BOT_TAKER;VELVETFRUIT_EXTRACT;XIRECS;5265.0;2
14300;BOT_TAKER;BOT_MAKER;HYDROGEL_PACK;XIRECS;10024.0;6
14400;BOT_TAKER;BOT_MAKER;HYDROGEL_PACK;XIRECS;10024.0;2
14400;BOT_MAKER;BOT_TAKER;VELVETFRUIT_EXTRACT;XIRECS;5266.0;4
14400;BOT_TAKER;BOT_MAKER;VEV_4000;XIRECS;1258.0;3
14400;BOT_MAKER;BOT_TAKER;VEV_5400;XIRECS;14.0;5
14500;BOT_MAKER;BOT_TAKER;HYDROGEL_PACK;XIRECS;10008.0;5
14500;BOT_MAKER;BOT_TAKER;VELVETFRUIT_EXTRACT;XIRECS;5267.0;6
14500;BOT_TAKER;SUBMISSION;VELVETFRUIT_EXTRACT;XIRECS;5272.0;5
14500;BOT_TAKER;BOT_MAKER;VELVETFRUIT_EXTRACT;XIRECS;5273.0;2
14600;BOT_MAKER;BOT_TAKER;VEV_5200;XIRECS;98.0;5
14700;BOT_MAKER;BOT_TAKER;VELVETFRUIT_EXTRACT;XIRECS;5264.0;7
14700;BOT_MAKER;BOT_TAKER;VEV_4000;XIRECS;1239.0;2
14800;BOT_TAKER;BOT_MAKER;VELVETFRUIT_EXTRACT;XIRECS;5271.0;5
14900;BOT_MAKER;BOT_TAKER;VEV_6000;XIRECS;0.0;2
14900;BOT_MAKER;BOT_TAKER;VEV_6000;XIRECS;0.0;4
15000;BOT_MAKER;BOT_TAKER;VELVETFRUIT_EXTRACT;XIRECS;5266.0;4
15000;BOT_TAKER;SUBMISSION;ASH_COATED_OSMIUM;XIRECS;10004.0;6
15100;SUBMISSION;BOT;ASH_COATED_OSMIUM;XIRECS;9996.0;6
15400;BOT_TAKER;BOT_MAKER;HYDROGEL_PACK;XIRECS;10026.0;5
15400;BOT_MAKER;BOT_TAKER;VELVETFRUIT_EXTRACT;XIRECS;5265.0;6
15400;BOT_TAKER;BOT_MAKER;VEV_5500;XIRECS;7.0;4
15600;BOT_TAKER;BOT_MAKER;VEV_5400;XIRECS;15.0;2
15600;BOT_MAKER;BOT_TAKER;VEV_6000;XIRECS;0.0;5
15700;BOT_MAKER;BOT_TAKER;VEV_4000;XIRECS;1241.0;3
15700;SUBMISSION;BOT_TAKER;VELVETFRUIT_EXTRACT;XIRECS;5267.0;4
15800;BOT_TAKER;BOT_MAKER;VEV_6500;XIRECS;1.0;4
15900;BOT_TAKER;BOT_MAKER;HYDROGEL_PACK;XIRECS;10024.0;3
15900;BOT_MAKER;BOT_TAKER;VELVETFRUIT_EXTRACT;XIRECS;5265.0;4
16000;SUBMISSION;BOT_TAKER;HYDROGEL_PACK;XIRECS;10008.0;3
16100;BOT_MAKER;BOT_TAKER;HYDROGEL_PACK;XIRECS;10007.0;5
16200;BOT_TAKER;BOT_MAKER;VEV_5200;XIRECS;101.0;5
16300;BOT_TAKER;BOT_MAKER;VEV_5400;XIRECS;15.0;2
16300;BOT_TAKER;SUBMISSION;VEV_4000;XIRECS;1265.0;1
16500;BOT_TAKER;BOT_MAKER;VEV_5500;XIRECS;7.0;5
16600;BOT_MAKER;BOT_TAKER;VELVETFRUIT_EXTRACT;XIRECS;5264.0;7
16600;SUBMISSION;BOT_TAKER;HYDROGEL_PACK;XIRECS;10009.0;2
17000;BOT_MAKER;BOT_TAKER;HYDROGEL_PACK;XIRECS;10013.0;2
17000;BOT_MAKER;BOT_TAKER;VEV_4000;XIRECS;1246.0;2
17000;BOT_TAKER;BOT_MAKER;VEV_6000;XIRECS;1.0;4
17100;BOT_TAKER;BOT_MAKER;VELVETFRUIT_EXTRACT;XIRECS;5271.0;5
17100;SUBMISSION;BOT_TAKER;VELVETFRUIT_EXTRACT;XIRECS;5266.0;4
17200;BOT_TAKER;BOT_MAKER;HYDROGEL_PACK;XIRECS;10028.0;6
17300;BOT_MAKER;BOT_TAKER;HYDROGEL_PACK;XIRECS;10015.0;5
17400;BOT_MAKER;BOT_TAKER;HYDROGEL_PACK;XIRECS;10015.0;2
17400;BOT_TAKER;BOT_MAKER;VELVETFRUIT_EXTRACT;XIRECS;5269.0;6
17400;BOT_TAKER;SUBMISSION;VELVETFRUIT_EXTRACT;XIRECS;5268.0;5
17400;BOT_TAKER;BOT_MAKER;VELVETFRUIT_EXTRACT;XIRECS;5269.0;2
17500;BOT_TAKER;BOT_MAKER;HYDROGEL_PACK;XIRECS;10029.0;5
17500;BOT_MAKER;BOT_TAKER;VELVETFRUIT_EXTRACT;XIRECS;5265.0;3
17500;SUBMISSION;BOT_TAKER;VELVETFRUIT_EXTRACT;XIRECS;5266.0;4
17700;BOT_MAKER;BOT_TAKER;HYDROGEL_PACK;XIRECS;10014.0;2
17700;BOT_MAKER;BOT_TAKER;VELVETFRUIT_EXTRACT;XIRECS;5263.0;3
17700;SUBMISSION;BOT_TAKER;ASH_COATED_OSMIUM;XIRECS;9988.0;6
17800;BOT_TAKER;BOT_MAKER;VEV_5500;XIRECS;7.0;2
17900;BOT_TAKER;BOT_MAKER;VELVETFRUIT_EXTRACT;XIRECS;5270.0;7
17900;BOT_MAKER;BOT_TAKER;VEV_5500;XIRECS;6.0;2
18000;BOT_MAKER;BOT_TAKER;VELVETFRUIT_EXTRACT;XIRECS;5265.0;10
18100;BOT_MAKER;BOT_TAKER;HYDROGEL_PACK;XIRECS;10011.0;3
18100;BOT_TAKER;BOT_MAKER;VELVETFRUIT_EXTRACT;XIRECS;5270.0;4
18100;BOT_MAKER;BOT_TAKER;VEV_4000;XIRECS;1244.0;3
18100;BOT_MAKER;BOT_TAKER;VEV_5400;XIRECS;14.0;3
18200;BOT_MAKER;BOT_TAKER;HYDROGEL_PACK;XIRECS;10010.0;5
18200;BOT_TAKER;BOT_MAKER;VEV_5500;XIRECS;7.0;5
18200;SUBMISSION;BOT;ASH_COATED_OSMIUM;XIRECS;9995.0;5
18300;BOT_TAKER;BOT_MAKER;HYDROGEL_PACK;XIRECS;10025.0;3
18400;BOT_TAKER;BOT_MAKER;VELVETFRUIT_EXTRACT;XIRECS;5270.0;6
18400;SUBMISSION;BOT_TAKER;HYDROGEL_PACK;XIRECS;10009.0;3
18500;BOT_MAKER;BOT_TAKER;VELVETFRUIT_EXTRACT;XIRECS;5263.0;6
18600;BOT_TAKER;BOT_MAKER;VELVETFRUIT_EXTRACT;XIRECS;5268.0;8
18600;BOT_MAKER;BOT_TAKER;VEV_5400;XIRECS;15.0;3
18700;BOT_TAKER;BOT_MAKER;VELVETFRUIT_EXTRACT;XIRECS;5266.0;4
18700;BOT_TAKER;BOT_MAKER;VEV_4000;XIRECS;1265.0;1
18700;BOT_MAKER;BOT_TAKER;VEV_5500;XIRECS;6.0;3
18700;BOT_MAKER;BOT_TAKER;VEV_5500;XIRECS;6.0;5
18700;BOT_MAKER;BOT_TAKER;VEV_6000;XIRECS;0.0;4
18800;BOT_MAKER;BOT_TAKER;VELVETFRUIT_EXTRACT;XIRECS;5261.0;8
18800;BOT_TAKER;BOT_MAKER;VEV_6500;XIRECS;1.0;3
19000;SUBMISSION;BOT;ASH_COATED_OSMIUM;XIRECS;9995.0;6
19100;BOT_TAKER;BOT_MAKER;VEV_6500;XIRECS;1.0;5
19400;BOT_TAKER;BOT_MAKER;VELVETFRUIT_EXTRACT;XIRECS;5266.0;3
19400;BOT_MAKER;BOT_TAKER;VEV_6500;XIRECS;0.0;5
19500;BOT_TAKER;BOT_MAKER;VELVETFRUIT_EXTRACT;XIRECS;5267.0;4
19600;BOT_MAKER;BOT_TAKER;HYDROGEL_PACK;XIRECS;10005.0;6
19600;BOT_TAKER;BOT_MAKER;VEV_4000;XIRECS;1267.0;2
19800;BOT_TAKER;BOT_MAKER;VELVETFRUIT_EXTRACT;XIRECS;5265.0;7
19900;BOT_MAKER;BOT_TAKER;HYDROGEL_PACK;XIRECS;10006.0;6
20000;BOT_TAKER;BOT_MAKER;HYDROGEL_PACK;XIRECS;10022.0;6
20000;BOT_MAKER;BOT_TAKER;VELVETFRUIT_EXTRACT;XIRECS;5258.0;4
20000;SUBMISSION;BOT;ASH_COATED_OSMIUM;XIRECS;9997.0;7
20100;BOT_MAKER;BOT_TAKER;VELVETFRUIT_EXTRACT;XIRECS;5255.0;6
20100;BOT_TAKER;BOT_MAKER;VEV_6500;XIRECS;1.0;5
20100;SUBMISSION;BOT_TAKER;VELVETFRUIT_EXTRACT;XIRECS;5256.0;5
20100;BOT_MAKER;BOT_TAKER;VELVETFRUIT_EXTRACT;XIRECS;5255.0;6
20200;BOT_TAKER;BOT_MAKER;VEV_5300;XIRECS;54.0;4
20200;BOT_TAKER;SUBMISSION;HYDROGEL_PACK;XIRECS;10020.0;5
20300;BOT_TAKER;BOT_MAKER;HYDROGEL_PACK;XIRECS;10022.0;5
20400;BOT_MAKER;BOT_TAKER;ASH_COATED_OSMIUM;XIRECS;9990.0;2
20400;BOT_MAKER;BOT_TAKER;HYDROGEL_PACK;XIRECS;10008.0;6
20400;SUBMISSION;BOT;ASH_COATED_OSMIUM;XIRECS;9996.0;9
20500;BOT_TAKER;BOT_MAKER;HYDROGEL_PACK;XIRECS;10025.0;5
20500;BOT_TAKER;BOT_MAKER;VELVETFRUIT_EXTRACT;XIRECS;5264.0;8
20600;BOT_MAKER;BOT_TAKER;VELVETFRUIT_EXTRACT;XIRECS;5259.0;3
20600;SUBMISSION;BOT_TAKER;HYDROGEL_PACK;XIRECS;10011.0;2
20800;BOT_TAKER;BOT_MAKER;VELVETFRUIT_EXTRACT;XIRECS;5265.0;4
21000;BOT_TAKER;BOT_MAKER;VELVETFRUIT_EXTRACT;XIRECS;5266.0;7
21000;BOT_MAKER;BOT_TAKER;VEV_5400;XIRECS;15.0;4
21200;BOT_MAKER;BOT_TAKER;VEV_4000;XIRECS;1248.0;2
21300;BOT_MAKER;BOT_TAKER;VELVETFRUIT_EXTRACT;XIRECS;5262.0;15
21300;BOT_MAKER;BOT_TAKER;VEV_6000;XIRECS;0.0;4
21400;BOT_MAKER;BOT_TAKER;VEV_6000;XIRECS;0.0;5
21500;BOT_TAKER;BOT_MAKER;HYDROGEL_PACK;XIRECS;10017.0;2
21500;BOT_MAKER;BOT_TAKER;HYDROGEL_PACK;XIRECS;10001.0;4
21500;BOT_MAKER;BOT_TAKER;VEV_5500;XIRECS;6.0;2
21500;BOT_MAKER;BOT_TAKER;VEV_6500;XIRECS;0.0;4
21600;BOT_MAKER;BOT_TAKER;VELVETFRUIT_EXTRACT;XIRECS;5264.0;4
21600;BOT_TAKER;SUBMISSION;VELVETFRUIT_EXTRACT;XIRECS;5268.0;5
21600;BOT_TAKER;BOT_MAKER;VELVETFRUIT_EXTRACT;XIRECS;5269.0;8
21700;BOT_TAKER;BOT_MAKER;VELVETFRUIT_EXTRACT;XIRECS;5271.0;6
21700;BOT_TAKER;BOT_MAKER;VEV_4000;XIRECS;1267.0;3
21800;BOT_MAKER;BOT_TAKER;VELVETFRUIT_EXTRACT;XIRECS;5266.0;4
21800;BOT_TAKER;BOT_MAKER;VEV_6000;XIRECS;1.0;4
21900;BOT_TAKER;BOT_MAKER;HYDROGEL_PACK;XIRECS;10023.0;3
22000;BOT_MAKER;BOT_TAKER;VELVETFRUIT_EXTRACT;XIRECS;5265.0;4
22000;BOT_TAKER;BOT_MAKER;VEV_4000;XIRECS;1272.0;2
22100;BOT_TAKER;BOT_MAKER;HYDROGEL_PACK;XIRECS;10028.0;4
22100;BOT_TAKER;BOT_MAKER;VEV_5500;XIRECS;7.0;4
22200;BOT_MAKER;BOT_TAKER;VELVETFRUIT_EXTRACT;XIRECS;5266.0;5
22200;SUBMISSION;BOT_TAKER;HYDROGEL_PACK;XIRECS;10011.0;5
22200;BOT_MAKER;BOT_TAKER;HYDROGEL_PACK;XIRECS;10010.0;1
22200;BOT_TAKER;SUBMISSION;VELVETFRUIT_EXTRACT;XIRECS;5270.0;5
22200;BOT_TAKER;BOT_MAKER;VELVETFRUIT_EXTRACT;XIRECS;5271.0;1
22700;BOT_MAKER;BOT_TAKER;HYDROGEL_PACK;XIRECS;10006.0;3
22800;BOT_MAKER;BOT_TAKER;VELVETFRUIT_EXTRACT;XIRECS;5259.0;7
22900;BOT_TAKER;BOT_MAKER;VELVETFRUIT_EXTRACT;XIRECS;5266.0;7
23000;BOT_TAKER;BOT_MAKER;VELVETFRUIT_EXTRACT;XIRECS;5267.0;8
23000;BOT_MAKER;BOT_TAKER;VEV_4000;XIRECS;1249.0;2
23100;BOT_TAKER;BOT_MAKER;VEV_4000;XIRECS;1269.0;3
23100;BOT_TAKER;BOT_MAKER;VEV_5500;XIRECS;7.0;5
23100;BOT_MAKER;BOT_TAKER;VEV_6000;XIRECS;0.0;5
23200;BOT_MAKER;BOT_TAKER;HYDROGEL_PACK;XIRECS;10009.0;3
23300;BOT_TAKER;BOT_MAKER;VELVETFRUIT_EXTRACT;XIRECS;5266.0;14
23300;BOT_TAKER;BOT_MAKER;VEV_6500;XIRECS;1.0;4
23300;BOT_TAKER;SUBMISSION;VELVETFRUIT_EXTRACT;XIRECS;5265.0;3
23500;BOT_TAKER;BOT_MAKER;VELVETFRUIT_EXTRACT;XIRECS;5267.0;4
23500;BOT_TAKER;BOT_MAKER;VEV_5300;XIRECS;56.0;4
23600;BOT_TAKER;BOT_MAKER;VELVETFRUIT_EXTRACT;XIRECS;5269.0;3
23600;BOT_TAKER;BOT_MAKER;VEV_5500;XIRECS;7.0;2
23600;BOT_TAKER;BOT_MAKER;VEV_6500;XIRECS;1.0;2
23700;BOT_TAKER;BOT_MAKER;VEV_6500;XIRECS;1.0;2
23800;BOT_TAKER;BOT_MAKER;VEV_4000;XIRECS;1267.0;2
24000;BOT_MAKER;BOT_TAKER;VEV_6500;XIRECS;0.0;5
24100;BOT_MAKER;BOT_TAKER;VEV_5400;XIRECS;14.0;5
24100;BOT_TAKER;SUBMISSION;HYDROGEL_PACK;XIRECS;10016.0;4
24200;BOT_MAKER;BOT_TAKER;VELVETFRUIT_EXTRACT;XIRECS;5264.0;8
24200;BOT_TAKER;SUBMISSION;VELVETFRUIT_EXTRACT;XIRECS;5268.0;5
24200;BOT_TAKER;BOT_MAKER;VELVETFRUIT_EXTRACT;XIRECS;5269.0;8
24300;BOT_MAKER;BOT_TAKER;HYDROGEL_PACK;XIRECS;9998.0;4
24300;BOT_MAKER;BOT_TAKER;VEV_4000;XIRECS;1249.0;1
24300;BOT_MAKER;BOT_TAKER;VEV_5400;XIRECS;14.0;2
24400;BOT_MAKER;BOT_TAKER;VELVETFRUIT_EXTRACT;XIRECS;5267.0;7
24500;BOT_MAKER;BOT_TAKER;VEV_6000;XIRECS;0.0;3
24600;BOT_MAKER;BOT_TAKER;VELVETFRUIT_EXTRACT;XIRECS;5263.0;4
24600;BOT_MAKER;BOT_TAKER;VEV_5500;XIRECS;6.0;5
24600;SUBMISSION;BOT;ASH_COATED_OSMIUM;XIRECS;9998.0;5
24700;BOT_TAKER;BOT_MAKER;HYDROGEL_PACK;XIRECS;10011.0;2
24700;BOT_MAKER;BOT_TAKER;VELVETFRUIT_EXTRACT;XIRECS;5264.0;3
24700;BOT_MAKER;BOT_TAKER;VEV_5300;XIRECS;55.0;5
24700;BOT_TAKER;SUBMISSION;ASH_COATED_OSMIUM;XIRECS;10007.0;4
24800;BOT_TAKER;BOT_MAKER;INTARIAN_PEPPER_ROOT;XIRECS;13032.0;6
24900;BOT_MAKER;BOT_TAKER;VEV_4000;XIRECS;1249.0;2
24900;BOT_TAKER;BOT_MAKER;VEV_6000;XIRECS;1.0;2
25200;BOT_MAKER;BOT_TAKER;VEV_6000;XIRECS;0.0;3
25200;SUBMISSION;BOT;ASH_COATED_OSMIUM;XIRECS;9996.0;8
25300;BOT_TAKER;BOT_MAKER;VELVETFRUIT_EXTRACT;XIRECS;5267.0;8
25300;BOT_TAKER;BOT_MAKER;VEV_4000;XIRECS;1272.0;1
25300;BOT_MAKER;BOT_TAKER;VEV_6000;XIRECS;0.0;5
25400;SUBMISSION;BOT_TAKER;VELVETFRUIT_EXTRACT;XIRECS;5263.0;4
25500;BOT_TAKER;BOT_MAKER;VELVETFRUIT_EXTRACT;XIRECS;5268.0;3
25600;BOT_TAKER;BOT_MAKER;VELVETFRUIT_EXTRACT;XIRECS;5270.0;4
25600;BOT_TAKER;BOT_MAKER;VEV_6500;XIRECS;1.0;4
25700;BOT_MAKER;BOT_TAKER;VELVETFRUIT_EXTRACT;XIRECS;5266.0;8
25800;BOT_MAKER;BOT_TAKER;HYDROGEL_PACK;XIRECS;9999.0;3
25800;BOT_MAKER;BOT_TAKER;VELVETFRUIT_EXTRACT;XIRECS;5265.0;8
25800;SUBMISSION;BOT_TAKER;HYDROGEL_PACK;XIRECS;10000.0;4
25900;BOT_TAKER;BOT_MAKER;HYDROGEL_PACK;XIRECS;10013.0;5
25900;BOT_TAKER;BOT_MAKER;VEV_6000;XIRECS;1.0;5
26000;BOT_TAKER;BOT_MAKER;VEV_6000;XIRECS;1.0;3
26000;BOT_MAKER;BOT_TAKER;VEV_6000;XIRECS;0.0;4
26100;SUBMISSION;BOT_TAKER;VELVETFRUIT_EXTRACT;XIRECS;5267.0;3
26200;BOT_TAKER;BOT_MAKER;ASH_COATED_OSMIUM;XIRECS;10007.0;4
26200;BOT_TAKER;BOT_MAKER;VELVETFRUIT_EXTRACT;XIRECS;5270.0;6
26400;BOT_TAKER;BOT_MAKER;VEV_6000;XIRECS;1.0;3
26500;BOT_MAKER;BOT_TAKER;VELVETFRUIT_EXTRACT;XIRECS;5264.0;7
26700;BOT_TAKER;BOT_MAKER;HYDROGEL_PACK;XIRECS;10018.0;4
26700;SUBMISSION;BOT_TAKER;VELVETFRUIT_EXTRACT;XIRECS;5264.0;4
26800;BOT_TAKER;BOT_MAKER;VELVETFRUIT_EXTRACT;XIRECS;5268.0;4
26800;BOT_MAKER;BOT_TAKER;VELVETFRUIT_EXTRACT;XIRECS;5262.0;5
26800;BOT_TAKER;BOT_MAKER;VEV_4000;XIRECS;1273.0;3
26800;BOT_TAKER;BOT_MAKER;VEV_5300;XIRECS;60.0;3
26900;BOT_TAKER;BOT_MAKER;VELVETFRUIT_EXTRACT;XIRECS;5269.0;4
27000;BOT_MAKER;BOT_TAKER;HYDROGEL_PACK;XIRECS;10000.0;4
27000;BOT_TAKER;SUBMISSION;VELVETFRUIT_EXTRACT;XIRECS;5268.0;5
27000;BOT_TAKER;BOT_MAKER;VELVETFRUIT_EXTRACT;XIRECS;5269.0;1
27100;BOT_TAKER;BOT_MAKER;VELVETFRUIT_EXTRACT;XIRECS;5270.0;6
27100;BOT_MAKER;BOT_TAKER;VEV_4000;XIRECS;1252.0;2
27100;SUBMISSION;BOT_TAKER;ASH_COATED_OSMIUM;XIRECS;9993.0;5
27200;BOT_MAKER;BOT_TAKER;VELVETFRUIT_EXTRACT;XIRECS;5265.0;4
27300;BOT_TAKER;BOT_MAKER;VELVETFRUIT_EXTRACT;XIRECS;5271.0;14
27400;BOT_TAKER;BOT_MAKER;HYDROGEL_PACK;XIRECS;10010.0;5
27500;BOT_MAKER;BOT_TAKER;HYDROGEL_PACK;XIRECS;9994.0;4
27500;BOT_MAKER;BOT_TAKER;VELVETFRUIT_EXTRACT;XIRECS;5269.0;3
27500;BOT_MAKER;BOT_TAKER;VEV_6000;XIRECS;0.0;4
27600;BOT_MAKER;BOT_TAKER;VELVETFRUIT_EXTRACT;XIRECS;5269.0;4
27900;BOT_TAKER;BOT_MAKER;VELVETFRUIT_EXTRACT;XIRECS;5275.0;4
27900;SUBMISSION;BOT_TAKER;HYDROGEL_PACK;XIRECS;10002.0;5
28000;BOT_TAKER;BOT_MAKER;HYDROGEL_PACK;XIRECS;10018.0;2
28000;BOT_MAKER;BOT_TAKER;VEV_5300;XIRECS;58.0;4
28000;BOT_TAKER;SUBMISSION;VEV_4000;XIRECS;1273.0;3
28100;BOT_TAKER;SUBMISSION;VELVETFRUIT_EXTRACT;XIRECS;5274.0;4
28200;BOT_MAKER;BOT_TAKER;HYDROGEL_PACK;XIRECS;9999.0;2
28200;BOT_MAKER;BOT_TAKER;INTARIAN_PEPPER_ROOT;XIRECS;13021.0;6
28200;BOT_MAKER;BOT_TAKER;VELVETFRUIT_EXTRACT;XIRECS;5269.0;3
28200;BOT_MAKER;BOT_TAKER;VEV_4000;XIRECS;1251.0;1
28200;BOT_MAKER;BOT_TAKER;VEV_5500;XIRECS;7.0;3
28200;SUBMISSION;BOT_TAKER;VELVETFRUIT_EXTRACT;XIRECS;5270.0;5
28200;BOT_MAKER;BOT_TAKER;VELVETFRUIT_EXTRACT;XIRECS;5269.0;1
28300;BOT_MAKER;BOT_TAKER;HYDROGEL_PACK;XIRECS;9999.0;6
28300;BOT_TAKER;BOT_MAKER;VELVETFRUIT_EXTRACT;XIRECS;5276.0;5
28300;SUBMISSION;BOT_TAKER;HYDROGEL_PACK;XIRECS;10000.0;4
28400;BOT_TAKER;BOT_MAKER;ASH_COATED_OSMIUM;XIRECS;10009.0;5
28400;BOT_MAKER;BOT_TAKER;HYDROGEL_PACK;XIRECS;10001.0;5
28400;BOT_TAKER;BOT_MAKER;VEV_4000;XIRECS;1272.0;3
28500;BOT_MAKER;BOT_TAKER;HYDROGEL_PACK;XIRECS;9998.0;3
28500;BOT_TAKER;BOT_MAKER;VELVETFRUIT_EXTRACT;XIRECS;5275.0;5
28600;BOT_MAKER;BOT_TAKER;HYDROGEL_PACK;XIRECS;9997.0;6
28700;SUBMISSION;BOT_TAKER;HYDROGEL_PACK;XIRECS;10001.0;2
28700;BOT_TAKER;SUBMISSION;INTARIAN_PEPPER_ROOT;XIRECS;13036.0;8
28800;BOT_MAKER;BOT_TAKER;HYDROGEL_PACK;XIRECS;9998.0;4
28800;BOT_MAKER;BOT_TAKER;VEV_4000;XIRECS;1253.0;2
28800;SUBMISSION;BOT;ASH_COATED_OSMIUM;XIRECS;9999.0;7
28800;SUBMISSION;BOT;INTARIAN_PEPPER_ROOT;XIRECS;13036.0;8
28900;BOT_MAKER;BOT_TAKER;VELVETFRUIT_EXTRACT;XIRECS;5269.0;4
28900;BOT_MAKER;BOT_TAKER;VEV_5300;XIRECS;58.0;5
28900;SUBMISSION;BOT_TAKER;VELVETFRUIT_EXTRACT;XIRECS;5270.0;5
29000;SUBMISSION;BOT_TAKER;ASH_COATED_OSMIUM;XIRECS;9994.0;3
29000;BOT_MAKER;BOT_TAKER;ASH_COATED_OSMIUM;XIRECS;9993.0;1
29100;BOT_MAKER;BOT_TAKER;ASH_COATED_OSMIUM;XIRECS;9993.0;5
29100;BOT_TAKER;BOT_MAKER;VELVETFRUIT_EXTRACT;XIRECS;5277.0;7
29100;SUBMISSION;BOT_TAKER;VEV_4000;XIRECS;1254.0;1
29200;BOT_MAKER;BOT_TAKER;HYDROGEL_PACK;XIRECS;9999.0;5
29200;BOT_TAKER;BOT_MAKER;VELVETFRUIT_EXTRACT;XIRECS;5276.0;8
29200;BOT_TAKER;BOT_MAKER;VEV_4000;XIRECS;1274.0;3
29200;BOT_TAKER;BOT_MAKER;VEV_5300;XIRECS;60.0;5
29300;BOT_TAKER;BOT_MAKER;VELVETFRUIT_EXTRACT;XIRECS;5276.0;4
29300;BOT_MAKER;BOT_TAKER;VEV_4000;XIRECS;1252.0;1
29400;BOT_MAKER;BOT_TAKER;HYDROGEL_PACK;XIRECS;9995.0;4
29400;BOT_MAKER;BOT_TAKER;VELVETFRUIT_EXTRACT;XIRECS;5272.0;6
29400;BOT_TAKER;SUBMISSION;VELVETFRUIT_EXTRACT;XIRECS;5277.0;5
29500;BOT_MAKER;BOT_TAKER;HYDROGEL_PACK;XIRECS;9999.0;6
29600;SUBMISSION;BOT_TAKER;VELVETFRUIT_EXTRACT;XIRECS;5274.0;5
29600;BOT_MAKER;BOT_TAKER;VELVETFRUIT_EXTRACT;XIRECS;5273.0;3
29900;BOT_TAKER;BOT_MAKER;HYDROGEL_PACK;XIRECS;10021.0;4
29900;BOT_TAKER;SUBMISSION;VEV_4000;XIRECS;1275.0;2
30000;BOT_MAKER;BOT_TAKER;HYDROGEL_PACK;XIRECS;10008.0;3
30000;BOT_MAKER;BOT_TAKER;VEV_5500;XIRECS;7.0;2
30200;BOT_TAKER;BOT_MAKER;VEV_6000;XIRECS;1.0;2
30300;BOT_TAKER;BOT_MAKER;HYDROGEL_PACK;XIRECS;10023.0;6
30400;BOT_TAKER;BOT_MAKER;HYDROGEL_PACK;XIRECS;10021.0;5
30400;BOT_TAKER;BOT_MAKER;VELVETFRUIT_EXTRACT;XIRECS;5281.0;7
30400;BOT_MAKER;BOT_TAKER;VEV_4000;XIRECS;1257.0;2
30400;BOT_TAKER;BOT_MAKER;VEV_4000;XIRECS;1278.0;3
30600;BOT_TAKER;BOT_MAKER;HYDROGEL_PACK;XIRECS;10021.0;3
30600;BOT_MAKER;BOT_TAKER;VEV_6000;XIRECS;0.0;3
30700;BOT_MAKER;BOT_TAKER;VEV_4000;XIRECS;1256.0;2
30700;BOT_TAKER;BOT_MAKER;VEV_6500;XIRECS;1.0;3
30700;BOT_MAKER;BOT_TAKER;ASH_COATED_OSMIUM;XIRECS;9992.0;2
30800;BOT_TAKER;BOT_MAKER;VELVETFRUIT_EXTRACT;XIRECS;5284.0;6
30800;BOT_MAKER;BOT_TAKER;VEV_6500;XIRECS;0.0;2
30800;BOT_TAKER;SUBMISSION;ASH_COATED_OSMIUM;XIRECS;10007.0;2
30900;BOT_TAKER;BOT_MAKER;HYDROGEL_PACK;XIRECS;10019.0;6
30900;SUBMISSION;BOT_TAKER;VELVETFRUIT_EXTRACT;XIRECS;5279.0;5
30900;BOT_MAKER;BOT_TAKER;VELVETFRUIT_EXTRACT;XIRECS;5278.0;2
31000;BOT_TAKER;BOT_MAKER;VEV_4000;XIRECS;1278.0;1
31100;BOT_TAKER;BOT_MAKER;HYDROGEL_PACK;XIRECS;10022.0;2
31200;BOT_MAKER;BOT_TAKER;VEV_6500;XIRECS;0.0;3
31500;BOT_TAKER;BOT_MAKER;ASH_COATED_OSMIUM;XIRECS;10009.0;6
31600;BOT_TAKER;SUBMISSION;VELVETFRUIT_EXTRACT;XIRECS;5284.0;5
31700;BOT_MAKER;BOT_TAKER;HYDROGEL_PACK;XIRECS;10010.0;3
31700;BOT_TAKER;BOT_MAKER;VELVETFRUIT_EXTRACT;XIRECS;5287.0;4
31700;BOT_TAKER;BOT_MAKER;VEV_5300;XIRECS;59.0;5
31800;BOT_TAKER;BOT_MAKER;ASH_COATED_OSMIUM;XIRECS;10009.0;4
31800;BOT_TAKER;BOT_MAKER;VEV_4000;XIRECS;1278.0;2
31800;BOT_TAKER;BOT_MAKER;VEV_6000;XIRECS;1.0;5
31900;BOT_MAKER;BOT_TAKER;VELVETFRUIT_EXTRACT;XIRECS;5282.0;3
31900;BOT_TAKER;SUBMISSION;VELVETFRUIT_EXTRACT;XIRECS;5287.0;4
32000;BOT_TAKER;BOT_MAKER;VELVETFRUIT_EXTRACT;XIRECS;5289.0;8
32100;BOT_MAKER;BOT_TAKER;VELVETFRUIT_EXTRACT;XIRECS;5282.0;3
32100;BOT_TAKER;BOT_MAKER;VEV_6500;XIRECS;1.0;2
32200;BOT_MAKER;BOT_TAKER;VEV_6000;XIRECS;0.0;5
32200;SUBMISSION;BOT_TAKER;VELVETFRUIT_EXTRACT;XIRECS;5284.0;3
32400;BOT_MAKER;BOT_TAKER;VELVETFRUIT_EXTRACT;XIRECS;5283.0;8
32400;BOT_MAKER;BOT_TAKER;VEV_5400;XIRECS;15.0;5
32400;BOT;SUBMISSION;ASH_COATED_OSMIUM;XIRECS;10001.0;4
32500;BOT_TAKER;BOT_MAKER;ASH_COATED_OSMIUM;XIRECS;10009.0;6
32500;BOT_MAKER;BOT_TAKER;VELVETFRUIT_EXTRACT;XIRECS;5282.0;8
32500;SUBMISSION;BOT_TAKER;VEV_4000;XIRECS;1255.0;3
32600;BOT_MAKER;BOT_TAKER;VELVETFRUIT_EXTRACT;XIRECS;5281.0;6
32600;SUBMISSION;BOT_TAKER;VEV_4000;XIRECS;1255.0;2
32700;BOT_MAKER;BOT_TAKER;VELVETFRUIT_EXTRACT;XIRECS;5281.0;4
32700;BOT_MAKER;BOT_TAKER;VEV_4000;XIRECS;1253.0;2
32700;BOT_TAKER;BOT_MAKER;VEV_5500;XIRECS;8.0;5
32800;BOT_TAKER;BOT_MAKER;HYDROGEL_PACK;XIRECS;10023.0;3
32900;BOT_TAKER;BOT_MAKER;VELVETFRUIT_EXTRACT;XIRECS;5284.0;8
32900;BOT_MAKER;BOT_TAKER;VEV_4000;XIRECS;1254.0;1
32900;BOT_TAKER;BOT_MAKER;VEV_6000;XIRECS;1.0;4
33000;BOT_MAKER;BOT_TAKER;INTARIAN_PEPPER_ROOT;XIRECS;13026.0;5
33000;BOT_MAKER;BOT_TAKER;VELVETFRUIT_EXTRACT;XIRECS;5281.0;5
33000;BOT_MAKER;BOT_TAKER;VEV_5200;XIRECS;109.0;3
33000;BOT_TAKER;BOT_MAKER;VEV_5400;XIRECS;17.0;4
33000;BOT_MAKER;BOT_TAKER;VEV_6500;XIRECS;0.0;5
33100;BOT_MAKER;BOT_TAKER;HYDROGEL_PACK;XIRECS;10004.0;5
33200;BOT_MAKER;BOT_TAKER;VELVETFRUIT_EXTRACT;XIRECS;5280.0;9
33200;BOT_TAKER;BOT_MAKER;VEV_4000;XIRECS;1278.0;1
33300;BOT_MAKER;BOT_TAKER;HYDROGEL_PACK;XIRECS;10004.0;3
33300;BOT_MAKER;BOT_TAKER;VEV_5500;XIRECS;7.0;5
33500;BOT_MAKER;BOT_TAKER;VELVETFRUIT_EXTRACT;XIRECS;5280.0;7
33500;BOT;SUBMISSION;ASH_COATED_OSMIUM;XIRECS;10003.0;8
33600;BOT_TAKER;BOT_MAKER;INTARIAN_PEPPER_ROOT;XIRECS;13044.0;5
33600;BOT_TAKER;BOT_MAKER;VELVETFRUIT_EXTRACT;XIRECS;5285.0;7
33600;BOT_TAKER;BOT_MAKER;VEV_6500;XIRECS;1.0;5
33600;BOT;SUBMISSION;ASH_COATED_OSMIUM;XIRECS;10003.0;7
33600;BOT_TAKER;SUBMISSION;HYDROGEL_PACK;XIRECS;10016.0;4
33700;BOT_TAKER;BOT_MAKER;ASH_COATED_OSMIUM;XIRECS;10009.0;2
33700;BOT_TAKER;BOT_MAKER;HYDROGEL_PACK;XIRECS;10018.0;2
33700;BOT_MAKER;BOT_TAKER;VELVETFRUIT_EXTRACT;XIRECS;5278.0;5
33700;BOT_MAKER;BOT_TAKER;VELVETFRUIT_EXTRACT;XIRECS;5278.0;8
33800;BOT_TAKER;BOT_MAKER;VELVETFRUIT_EXTRACT;XIRECS;5281.0;7
34000;BOT_MAKER;BOT_TAKER;HYDROGEL_PACK;XIRECS;10005.0;6
34100;BOT_TAKER;BOT_MAKER;VELVETFRUIT_EXTRACT;XIRECS;5282.0;3
34100;BOT_TAKER;BOT_MAKER;VEV_6000;XIRECS;1.0;5
34100;SUBMISSION;BOT_TAKER;VEV_4000;XIRECS;1257.0;1
34200;BOT_TAKER;BOT_MAKER;HYDROGEL_PACK;XIRECS;10025.0;2
34300;BOT_TAKER;BOT_MAKER;HYDROGEL_PACK;XIRECS;10027.0;6
34300;SUBMISSION;BOT_TAKER;VELVETFRUIT_EXTRACT;XIRECS;5278.0;5
34300;BOT_MAKER;BOT_TAKER;VELVETFRUIT_EXTRACT;XIRECS;5277.0;3
34400;BOT_MAKER;BOT_TAKER;VELVETFRUIT_EXTRACT;XIRECS;5277.0;7
34400;BOT_TAKER;BOT_MAKER;VELVETFRUIT_EXTRACT;XIRECS;5282.0;7
34400;BOT_TAKER;SUBMISSION;ASH_COATED_OSMIUM;XIRECS;10009.0;10
34500;BOT_TAKER;BOT_MAKER;VELVETFRUIT_EXTRACT;XIRECS;5283.0;8
34600;BOT_MAKER;BOT_TAKER;HYDROGEL_PACK;XIRECS;10010.0;6
34600;BOT_TAKER;BOT_MAKER;ASH_COATED_OSMIUM;XIRECS;10004.0;3
34600;BOT_TAKER;SUBMISSION;ASH_COATED_OSMIUM;XIRECS;10010.0;6
34700;BOT_MAKER;BOT_TAKER;HYDROGEL_PACK;XIRECS;10009.0;6
34700;BOT_MAKER;BOT_TAKER;VELVETFRUIT_EXTRACT;XIRECS;5279.0;3
34800;BOT_MAKER;BOT_TAKER;HYDROGEL_PACK;XIRECS;10008.0;5
34900;BOT_TAKER;SUBMISSION;ASH_COATED_OSMIUM;XIRECS;10010.0;6
35000;BOT_MAKER;BOT_TAKER;VELVETFRUIT_EXTRACT;XIRECS;5281.0;4
35000;SUBMISSION;BOT;ASH_COATED_OSMIUM;XIRECS;10000.0;7
35000;SUBMISSION;BOT_TAKER;HYDROGEL_PACK;XIRECS;10006.0;4
35100;BOT_TAKER;BOT_MAKER;VELVETFRUIT_EXTRACT;XIRECS;5286.0;8
35100;BOT_TAKER;BOT_MAKER;VEV_4000;XIRECS;1278.0;1
35100;BOT;SUBMISSION;ASH_COATED_OSMIUM;XIRECS;10006.0;8
35200;BOT_MAKER;BOT_TAKER;HYDROGEL_PACK;XIRECS;10002.0;5
35200;BOT_TAKER;BOT_MAKER;VEV_4000;XIRECS;1278.0;3
35300;BOT_TAKER;BOT_MAKER;VELVETFRUIT_EXTRACT;XIRECS;5285.0;4
35400;BOT_TAKER;BOT_MAKER;VEV_5500;XIRECS;8.0;4
35500;BOT_MAKER;BOT_TAKER;HYDROGEL_PACK;XIRECS;10003.0;5
35500;BOT_TAKER;BOT_MAKER;VELVETFRUIT_EXTRACT;XIRECS;5287.0;8
35500;BOT_MAKER;BOT_TAKER;VEV_4000;XIRECS;1255.0;1
35500;BOT_TAKER;BOT_MAKER;VEV_6000;XIRECS;1.0;4
35600;BOT_MAKER;BOT_TAKER;VELVETFRUIT_EXTRACT;XIRECS;5283.0;7
35600;BOT_TAKER;SUBMISSION;HYDROGEL_PACK;XIRECS;10018.0;5
35700;BOT_MAKER;BOT_TAKER;HYDROGEL_PACK;XIRECS;10008.0;2
35800;BOT_MAKER;BOT_TAKER;ASH_COATED_OSMIUM;XIRECS;9995.0;10
35800;BOT_TAKER;BOT_MAKER;VELVETFRUIT_EXTRACT;XIRECS;5286.0;8
35800;BOT_TAKER;BOT_MAKER;VELVETFRUIT_EXTRACT;XIRECS;5286.0;10
35800;BOT_MAKER;BOT_TAKER;VEV_5400;XIRECS;15.0;2
35900;BOT_MAKER;BOT_TAKER;ASH_COATED_OSMIUM;XIRECS;9994.0;7
36000;BOT_MAKER;BOT_TAKER;VELVETFRUIT_EXTRACT;XIRECS;5280.0;4
36000;BOT_MAKER;BOT_TAKER;VEV_5500;XIRECS;7.0;5
36100;BOT_TAKER;BOT_MAKER;HYDROGEL_PACK;XIRECS;10023.0;2
36300;BOT_MAKER;BOT_TAKER;HYDROGEL_PACK;XIRECS;10007.0;4
36300;BOT_TAKER;BOT_MAKER;VELVETFRUIT_EXTRACT;XIRECS;5287.0;7
36300;BOT_TAKER;BOT_MAKER;VEV_5300;XIRECS;66.0;3
36300;BOT_TAKER;SUBMISSION;HYDROGEL_PACK;XIRECS;10022.0;5
36300;BOT_TAKER;BOT_MAKER;HYDROGEL_PACK;XIRECS;10023.0;1
36400;BOT_MAKER;BOT_TAKER;HYDROGEL_PACK;XIRECS;10004.0;6
36400;BOT_TAKER;BOT_MAKER;VELVETFRUIT_EXTRACT;XIRECS;5286.0;11
36400;SUBMISSION;BOT_TAKER;HYDROGEL_PACK;XIRECS;10005.0;3
36500;BOT_MAKER;BOT_TAKER;HYDROGEL_PACK;XIRECS;10002.0;4
36500;BOT_TAKER;BOT_MAKER;VELVETFRUIT_EXTRACT;XIRECS;5286.0;4
36600;BOT_TAKER;BOT_MAKER;VELVETFRUIT_EXTRACT;XIRECS;5285.0;7
36600;BOT_TAKER;BOT_MAKER;VEV_4000;XIRECS;1270.0;1
36600;SUBMISSION;BOT;ASH_COATED_OSMIUM;XIRECS;10000.0;5
36700;BOT_TAKER;BOT_MAKER;VEV_5500;XIRECS;8.0;4
36700;BOT_MAKER;BOT_TAKER;VEV_6500;XIRECS;0.0;3
36700;BOT_TAKER;SUBMISSION;VELVETFRUIT_EXTRACT;XIRECS;5282.0;5
36700;BOT_TAKER;BOT_MAKER;VELVETFRUIT_EXTRACT;XIRECS;5283.0;3
36800;BOT_TAKER;BOT_MAKER;ASH_COATED_OSMIUM;XIRECS;10014.0;2
36800;BOT_MAKER;BOT_TAKER;VEV_5500;XIRECS;7.0;5
36900;BOT_TAKER;SUBMISSION;ASH_COATED_OSMIUM;XIRECS;10010.0;3
37000;BOT_TAKER;BOT_MAKER;HYDROGEL_PACK;XIRECS;10022.0;4
37000;BOT_TAKER;BOT_MAKER;VELVETFRUIT_EXTRACT;XIRECS;5282.0;8
37000;BOT_MAKER;BOT_TAKER;VELVETFRUIT_EXTRACT;XIRECS;5278.0;5
37100;BOT_MAKER;BOT_TAKER;VEV_5500;XIRECS;6.0;3
37200;SUBMISSION;BOT_TAKER;VELVETFRUIT_EXTRACT;XIRECS;5280.0;5
37200;BOT_MAKER;BOT_TAKER;VELVETFRUIT_EXTRACT;XIRECS;5279.0;7
37400;BOT_TAKER;BOT_MAKER;HYDROGEL_PACK;XIRECS;10022.0;3
37500;BOT_TAKER;BOT_MAKER;ASH_COATED_OSMIUM;XIRECS;10013.0;7
37500;BOT_TAKER;BOT_MAKER;INTARIAN_PEPPER_ROOT;XIRECS;13045.0;3
37500;BOT_MAKER;BOT_TAKER;VELVETFRUIT_EXTRACT;XIRECS;5279.0;7
37600;SUBMISSION;BOT_TAKER;VEV_4000;XIRECS;1249.0;3
37700;BOT_TAKER;BOT_MAKER;HYDROGEL_PACK;XIRECS;10032.0;3
37800;BOT_MAKER;BOT_TAKER;VEV_6500;XIRECS;0.0;2
37800;BOT;SUBMISSION;ASH_COATED_OSMIUM;XIRECS;10004.0;6
38000;BOT_MAKER;BOT_TAKER;HYDROGEL_PACK;XIRECS;10012.0;5
38000;BOT_TAKER;BOT_MAKER;VELVETFRUIT_EXTRACT;XIRECS;5285.0;4
38000;BOT_MAKER;BOT_TAKER;VEV_4000;XIRECS;1247.0;3
38100;BOT_MAKER;BOT_TAKER;VELVETFRUIT_EXTRACT;XIRECS;5279.0;8
38100;SUBMISSION;BOT_TAKER;VELVETFRUIT_EXTRACT;XIRECS;5280.0;3
38200;BOT_TAKER;BOT_MAKER;HYDROGEL_PACK;XIRECS;10026.0;6
38200;BOT_TAKER;BOT_MAKER;VELVETFRUIT_EXTRACT;XIRECS;5283.0;5
38300;BOT_MAKER;BOT_TAKER;VEV_5400;XIRECS;14.0;3
38400;BOT_TAKER;BOT_MAKER;HYDROGEL_PACK;XIRECS;10024.0;5
38400;BOT_TAKER;BOT_MAKER;VELVETFRUIT_EXTRACT;XIRECS;5285.0;7
38400;BOT_MAKER;BOT_TAKER;VEV_5300;XIRECS;65.0;2
38400;BOT_TAKER;BOT_MAKER;VEV_6500;XIRECS;1.0;5
38500;BOT_MAKER;BOT_TAKER;HYDROGEL_PACK;XIRECS;10006.0;6
38500;SUBMISSION;BOT_TAKER;VELVETFRUIT_EXTRACT;XIRECS;5281.0;5
38500;BOT_MAKER;BOT_TAKER;VELVETFRUIT_EXTRACT;XIRECS;5280.0;2
38600;BOT_TAKER;BOT_MAKER;HYDROGEL_PACK;XIRECS;10018.0;5
38600;BOT_MAKER;BOT_TAKER;VELVETFRUIT_EXTRACT;XIRECS;5281.0;4
38600;BOT_MAKER;BOT_TAKER;VEV_6500;XIRECS;0.0;3
38700;BOT_TAKER;BOT_MAKER;VEV_4000;XIRECS;1268.0;2
38700;BOT_TAKER;BOT_MAKER;VEV_5300;XIRECS;66.0;4
38800;BOT_TAKER;BOT_MAKER;VELVETFRUIT_EXTRACT;XIRECS;5286.0;8
38800;BOT_TAKER;BOT_MAKER;VELVETFRUIT_EXTRACT;XIRECS;5286.0;5
38900;BOT_MAKER;BOT_TAKER;VEV_4000;XIRECS;1248.0;2
39000;BOT_TAKER;BOT_MAKER;HYDROGEL_PACK;XIRECS;10012.0;2
39000;BOT_TAKER;SUBMISSION;VELVETFRUIT_EXTRACT;XIRECS;5284.0;5
39000;BOT_TAKER;BOT_MAKER;VELVETFRUIT_EXTRACT;XIRECS;5285.0;2
39100;BOT_MAKER;BOT_TAKER;HYDROGEL_PACK;XIRECS;9995.0;2
39100;BOT_TAKER;BOT_MAKER;HYDROGEL_PACK;XIRECS;10011.0;5
39100;BOT_MAKER;BOT_TAKER;VELVETFRUIT_EXTRACT;XIRECS;5281.0;5
39100;BOT_TAKER;SUBMISSION;VELVETFRUIT_EXTRACT;XIRECS;5284.0;5
39100;BOT_TAKER;BOT_MAKER;VELVETFRUIT_EXTRACT;XIRECS;5285.0;3
39200;BOT_TAKER;BOT_MAKER;HYDROGEL_PACK;XIRECS;10014.0;4
39200;BOT_TAKER;SUBMISSION;HYDROGEL_PACK;XIRECS;10013.0;5
39400;BOT_TAKER;BOT_MAKER;VELVETFRUIT_EXTRACT;XIRECS;5285.0;5
39600;BOT_MAKER;BOT_TAKER;HYDROGEL_PACK;XIRECS;10000.0;3
39600;BOT_MAKER;BOT_TAKER;VELVETFRUIT_EXTRACT;XIRECS;5280.0;7
39600;BOT_TAKER;BOT_MAKER;VEV_4000;XIRECS;1267.0;3
39700;BOT_TAKER;BOT_MAKER;VELVETFRUIT_EXTRACT;XIRECS;5286.0;6
39700;BOT_TAKER;BOT_MAKER;VEV_5400;XIRECS;16.0;2
39800;BOT_MAKER;BOT_TAKER;VELVETFRUIT_EXTRACT;XIRECS;5282.0;11
39800;BOT_TAKER;BOT_MAKER;VEV_6500;XIRECS;1.0;5
39900;BOT_TAKER;BOT_MAKER;VELVETFRUIT_EXTRACT;XIRECS;5288.0;7
40000;BOT_TAKER;BOT_MAKER;VELVETFRUIT_EXTRACT;XIRECS;5290.0;7
40100;BOT_MAKER;BOT_TAKER;VELVETFRUIT_EXTRACT;XIRECS;5284.0;8
40200;BOT_TAKER;BOT_MAKER;ASH_COATED_OSMIUM;XIRECS;10009.0;7
40200;SUBMISSION;BOT_TAKER;HYDROGEL_PACK;XIRECS;9999.0;5
40200;BOT_MAKER;BOT_TAKER;HYDROGEL_PACK;XIRECS;9998.0;1
40400;BOT_TAKER;BOT_MAKER;HYDROGEL_PACK;XIRECS;10011.0;6
40500;BOT_MAKER;BOT_TAKER;VELVETFRUIT_EXTRACT;XIRECS;5284.0;5
40500;BOT_TAKER;BOT_MAKER;VEV_4000;XIRECS;1265.0;3
40500;SUBMISSION;BOT_TAKER;VELVETFRUIT_EXTRACT;XIRECS;5285.0;5
40500;BOT_MAKER;BOT_TAKER;VELVETFRUIT_EXTRACT;XIRECS;5284.0;3
40700;BOT_TAKER;BOT_MAKER;VEV_6000;XIRECS;1.0;3
40800;BOT_TAKER;SUBMISSION;ASH_COATED_OSMIUM;XIRECS;10007.0;2
40900;BOT_TAKER;BOT_MAKER;HYDROGEL_PACK;XIRECS;10007.0;4
40900;BOT_MAKER;BOT_TAKER;VELVETFRUIT_EXTRACT;XIRECS;5285.0;8
40900;BOT_TAKER;BOT_MAKER;VEV_4000;XIRECS;1262.0;2
41100;BOT_MAKER;BOT_TAKER;HYDROGEL_PACK;XIRECS;9989.0;2
41100;BOT_MAKER;BOT_TAKER;VELVETFRUIT_EXTRACT;XIRECS;5286.0;5
41100;SUBMISSION;BOT_TAKER;ASH_COATED_OSMIUM;XIRECS;9993.0;7
41100;SUBMISSION;BOT_TAKER;VELVETFRUIT_EXTRACT;XIRECS;5287.0;5
41100;BOT_MAKER;BOT_TAKER;VELVETFRUIT_EXTRACT;XIRECS;5286.0;5
41200;BOT_TAKER;BOT_MAKER;HYDROGEL_PACK;XIRECS;10005.0;6
41200;BOT_TAKER;BOT_MAKER;VELVETFRUIT_EXTRACT;XIRECS;5292.0;3
41300;BOT_TAKER;BOT_MAKER;VELVETFRUIT_EXTRACT;XIRECS;5292.0;7
41500;BOT_TAKER;BOT_MAKER;VEV_4000;XIRECS;1261.0;3
41800;BOT_MAKER;BOT_TAKER;VEV_5300;XIRECS;60.0;4
42000;BOT_TAKER;BOT_MAKER;HYDROGEL_PACK;XIRECS;10017.0;5
42000;BOT_TAKER;SUBMISSION;VEV_4000;XIRECS;1262.0;2
42100;BOT_TAKER;BOT_MAKER;HYDROGEL_PACK;XIRECS;10018.0;4
42100;BOT_TAKER;BOT_MAKER;VELVETFRUIT_EXTRACT;XIRECS;5288.0;4
42100;BOT_MAKER;BOT_TAKER;VEV_4000;XIRECS;1242.0;3
42100;BOT_TAKER;BOT_MAKER;VEV_5500;XIRECS;7.0;4
42200;BOT_MAKER;BOT_TAKER;VELVETFRUIT_EXTRACT;XIRECS;5285.0;9
42200;BOT_TAKER;BOT_MAKER;VEV_5300;XIRECS;62.0;3
42200;BOT_TAKER;SUBMISSION;VELVETFRUIT_EXTRACT;XIRECS;5288.0;5
42200;BOT_TAKER;BOT_MAKER;VELVETFRUIT_EXTRACT;XIRECS;5289.0;2
42300;BOT_MAKER;BOT_TAKER;HYDROGEL_PACK;XIRECS;10000.0;6
42300;BOT_MAKER;BOT_TAKER;VELVETFRUIT_EXTRACT;XIRECS;5286.0;3
42400;BOT_MAKER;BOT_TAKER;VELVETFRUIT_EXTRACT;XIRECS;5285.0;6
42400;BOT_TAKER;BOT_MAKER;VEV_4000;XIRECS;1261.0;1
42500;BOT_MAKER;BOT_TAKER;VELVETFRUIT_EXTRACT;XIRECS;5283.0;4
42500;BOT_MAKER;BOT_TAKER;VEV_6500;XIRECS;0.0;2
42600;BOT_MAKER;BOT_TAKER;HYDROGEL_PACK;XIRECS;9996.0;4
42600;BOT_TAKER;BOT_MAKER;INTARIAN_PEPPER_ROOT;XIRECS;13050.0;6
42800;BOT_MAKER;BOT_TAKER;VELVETFRUIT_EXTRACT;XIRECS;5281.0;7
42900;BOT_TAKER;BOT_MAKER;HYDROGEL_PACK;XIRECS;10009.0;6
42900;BOT_TAKER;BOT_MAKER;VELVETFRUIT_EXTRACT;XIRECS;5288.0;5
42900;BOT_MAKER;BOT_TAKER;VEV_4000;XIRECS;1242.0;1
43000;BOT_TAKER;BOT_MAKER;VEV_6000;XIRECS;1.0;5
43000;SUBMISSION;BOT_TAKER;VELVETFRUIT_EXTRACT;XIRECS;5282.0;5
43000;BOT_MAKER;BOT_TAKER;VELVETFRUIT_EXTRACT;XIRECS;5281.0;5
43100;SUBMISSION;BOT_TAKER;VEV_4000;XIRECS;1246.0;2
43200;BOT_MAKER;BOT_TAKER;VELVETFRUIT_EXTRACT;XIRECS;5282.0;5
43500;BOT_TAKER;SUBMISSION;VELVETFRUIT_EXTRACT;XIRECS;5287.0;5
43600;BOT_MAKER;BOT_TAKER;VELVETFRUIT_EXTRACT;XIRECS;5282.0;4
43600;BOT_TAKER;BOT_MAKER;VEV_4000;XIRECS;1265.0;3
43600;BOT_MAKER;BOT_TAKER;VEV_6000;XIRECS;0.0;4
43700;BOT_TAKER;BOT_MAKER;VELVETFRUIT_EXTRACT;XIRECS;5288.0;3
43900;BOT_TAKER;BOT_MAKER;VELVETFRUIT_EXTRACT;XIRECS;5291.0;7
43900;BOT_TAKER;SUBMISSION;VEV_4000;XIRECS;1264.0;3
44000;BOT_TAKER;BOT_MAKER;VELVETFRUIT_EXTRACT;XIRECS;5293.0;8
44100;BOT_TAKER;BOT_MAKER;VELVETFRUIT_EXTRACT;XIRECS;5291.0;5
44200;BOT_TAKER;BOT_MAKER;VEV_4000;XIRECS;1266.0;3
44200;BOT_TAKER;BOT_MAKER;VEV_6000;XIRECS;1.0;2
44200;SUBMISSION;BOT_TAKER;VELVETFRUIT_EXTRACT;XIRECS;5288.0;5
44200;BOT_MAKER;BOT_TAKER;VELVETFRUIT_EXTRACT;XIRECS;5287.0;5
44300;BOT_TAKER;BOT_MAKER;HYDROGEL_PACK;XIRECS;10013.0;5
44400;BOT_MAKER;BOT_TAKER;VELVETFRUIT_EXTRACT;XIRECS;5286.0;5
44600;BOT_MAKER;BOT_TAKER;VEV_5400;XIRECS;13.0;4
44700;BOT_MAKER;BOT_TAKER;VELVETFRUIT_EXTRACT;XIRECS;5285.0;8
44800;BOT_MAKER;BOT_TAKER;VELVETFRUIT_EXTRACT;XIRECS;5284.0;8
44800;BOT_TAKER;BOT_MAKER;VEV_5400;XIRECS;15.0;5
44800;BOT_TAKER;BOT_MAKER;VEV_6000;XIRECS;1.0;4
44800;BOT_MAKER;BOT_TAKER;VEV_6000;XIRECS;0.0;5
45000;BOT_MAKER;BOT_TAKER;VEV_4000;XIRECS;1245.0;1
45100;BOT_MAKER;BOT_TAKER;VELVETFRUIT_EXTRACT;XIRECS;5288.0;5
45100;SUBMISSION;BOT_TAKER;ASH_COATED_OSMIUM;XIRECS;9993.0;6
45300;BOT_TAKER;BOT_MAKER;HYDROGEL_PACK;XIRECS;10030.0;6
45300;BOT_MAKER;BOT_TAKER;VELVETFRUIT_EXTRACT;XIRECS;5287.0;8
45400;BOT_MAKER;BOT_TAKER;HYDROGEL_PACK;XIRECS;10013.0;5
45400;BOT_MAKER;BOT_TAKER;VELVETFRUIT_EXTRACT;XIRECS;5286.0;4
45500;BOT_TAKER;BOT_MAKER;VELVETFRUIT_EXTRACT;XIRECS;5291.0;10
45500;SUBMISSION;BOT;ASH_COATED_OSMIUM;XIRECS;9997.0;5
45800;BOT_MAKER;BOT_TAKER;HYDROGEL_PACK;XIRECS;10016.0;2
45900;BOT_MAKER;BOT_TAKER;VELVETFRUIT_EXTRACT;XIRECS;5287.0;8
45900;BOT_MAKER;BOT_TAKER;VEV_6000;XIRECS;0.0;4
46200;BOT_MAKER;BOT_TAKER;INTARIAN_PEPPER_ROOT;XIRECS;13039.0;7
46300;BOT_TAKER;BOT_MAKER;VELVETFRUIT_EXTRACT;XIRECS;5291.0;8
46300;BOT_TAKER;BOT_MAKER;VEV_4000;XIRECS;1259.0;2
46500;BOT_TAKER;BOT_MAKER;VELVETFRUIT_EXTRACT;XIRECS;5290.0;3
46600;BOT_TAKER;BOT_MAKER;ASH_COATED_OSMIUM;XIRECS;10008.0;5
46600;BOT_TAKER;BOT_MAKER;HYDROGEL_PACK;XIRECS;10038.0;4
46600;BOT_TAKER;BOT_MAKER;VELVETFRUIT_EXTRACT;XIRECS;5290.0;7
46800;BOT_MAKER;BOT_TAKER;VELVETFRUIT_EXTRACT;XIRECS;5284.0;10
46800;SUBMISSION;BOT_TAKER;VELVETFRUIT_EXTRACT;XIRECS;5285.0;5
46800;SUBMISSION;BOT_TAKER;VEV_4000;XIRECS;1243.0;2
47000;BOT_TAKER;BOT_MAKER;VELVETFRUIT_EXTRACT;XIRECS;5290.0;4
47000;SUBMISSION;BOT_TAKER;VELVETFRUIT_EXTRACT;XIRECS;5286.0;5
47100;BOT_TAKER;BOT_MAKER;HYDROGEL_PACK;XIRECS;10036.0;4
47100;BOT;SUBMISSION;ASH_COATED_OSMIUM;XIRECS;10001.0;4
47200;BOT_MAKER;BOT_TAKER;VELVETFRUIT_EXTRACT;XIRECS;5286.0;3
47200;BOT_MAKER;BOT_TAKER;VEV_4000;XIRECS;1241.0;1
47300;BOT_MAKER;BOT_TAKER;VELVETFRUIT_EXTRACT;XIRECS;5285.0;7
47300;BOT_MAKER;BOT_TAKER;VEV_5400;XIRECS;14.0;4
47300;BOT_TAKER;SUBMISSION;VELVETFRUIT_EXTRACT;XIRECS;5290.0;5
47300;BOT_TAKER;BOT_MAKER;VELVETFRUIT_EXTRACT;XIRECS;5291.0;1
47400;BOT_MAKER;BOT_TAKER;HYDROGEL_PACK;XIRECS;10014.0;3
47400;BOT_TAKER;BOT_MAKER;VELVETFRUIT_EXTRACT;XIRECS;5290.0;6
47400;BOT_MAKER;BOT_TAKER;VELVETFRUIT_EXTRACT;XIRECS;5286.0;6
47500;BOT_MAKER;BOT_TAKER;VELVETFRUIT_EXTRACT;XIRECS;5286.0;13
47600;BOT_MAKER;BOT_TAKER;VELVETFRUIT_EXTRACT;XIRECS;5285.0;6
47600;BOT_TAKER;BOT_MAKER;VEV_5500;XIRECS;7.0;3
47800;BOT_MAKER;BOT_TAKER;VELVETFRUIT_EXTRACT;XIRECS;5283.0;3
47800;BOT_TAKER;BOT_MAKER;VEV_5400;XIRECS;16.0;4
47800;SUBMISSION;BOT;ASH_COATED_OSMIUM;XIRECS;9996.0;9
47900;BOT_MAKER;BOT_TAKER;VELVETFRUIT_EXTRACT;XIRECS;5283.0;3
47900;BOT_MAKER;BOT_TAKER;VEV_4000;XIRECS;1239.0;2
47900;BOT;SUBMISSION;ASH_COATED_OSMIUM;XIRECS;10000.0;6
48000;BOT_TAKER;BOT_MAKER;HYDROGEL_PACK;XIRECS;10032.0;2
48000;BOT_TAKER;BOT_MAKER;HYDROGEL_PACK;XIRECS;10032.0;6
48000;BOT_TAKER;BOT_MAKER;VEV_6500;XIRECS;1.0;4
48100;BOT_TAKER;BOT_MAKER;HYDROGEL_PACK;XIRECS;10036.0;2
48100;SUBMISSION;BOT_TAKER;VEV_4000;XIRECS;1239.0;3
48200;BOT_MAKER;BOT_TAKER;VELVETFRUIT_EXTRACT;XIRECS;5281.0;13
48300;BOT_TAKER;BOT_MAKER;HYDROGEL_PACK;XIRECS;10033.0;6
48300;BOT_MAKER;BOT_TAKER;VELVETFRUIT_EXTRACT;XIRECS;5282.0;9
48300;BOT_TAKER;BOT_MAKER;VEV_6500;XIRECS;1.0;5
48400;BOT_TAKER;BOT_MAKER;HYDROGEL_PACK;XIRECS;10037.0;5
48400;BOT_MAKER;BOT_TAKER;VELVETFRUIT_EXTRACT;XIRECS;5282.0;6
48400;BOT_MAKER;BOT_TAKER;VEV_4000;XIRECS;1238.0;2
48500;BOT_TAKER;BOT_MAKER;INTARIAN_PEPPER_ROOT;XIRECS;13056.0;4
48500;BOT_TAKER;BOT_MAKER;VELVETFRUIT_EXTRACT;XIRECS;5286.0;8
48500;BOT_TAKER;BOT_MAKER;VELVETFRUIT_EXTRACT;XIRECS;5286.0;7
48600;BOT_MAKER;BOT_TAKER;VEV_5500;XIRECS;6.0;3
48600;BOT_TAKER;SUBMISSION;VELVETFRUIT_EXTRACT;XIRECS;5285.0;3
48700;BOT_TAKER;BOT_MAKER;VEV_5300;XIRECS;59.0;3
48700;BOT_MAKER;BOT_TAKER;VEV_6500;XIRECS;0.0;2
48800;BOT_TAKER;BOT_MAKER;HYDROGEL_PACK;XIRECS;10029.0;5
48800;BOT_TAKER;BOT_MAKER;INTARIAN_PEPPER_ROOT;XIRECS;13056.0;7
48900;BOT_MAKER;BOT_TAKER;HYDROGEL_PACK;XIRECS;10010.0;3
48900;BOT_TAKER;BOT_MAKER;VELVETFRUIT_EXTRACT;XIRECS;5284.0;8
48900;SUBMISSION;BOT_TAKER;VELVETFRUIT_EXTRACT;XIRECS;5281.0;4
49000;BOT_MAKER;BOT_TAKER;VEV_5400;XIRECS;14.0;3
49100;BOT_TAKER;BOT_MAKER;HYDROGEL_PACK;XIRECS;10022.0;2
49100;BOT_TAKER;BOT_MAKER;VELVETFRUIT_EXTRACT;XIRECS;5287.0;3
49100;BOT_TAKER;BOT_MAKER;VEV_4000;XIRECS;1258.0;3
49300;BOT_TAKER;BOT_MAKER;INTARIAN_PEPPER_ROOT;XIRECS;13056.0;7
49300;BOT_MAKER;BOT_TAKER;VELVETFRUIT_EXTRACT;XIRECS;5280.0;5
49300;SUBMISSION;BOT_TAKER;HYDROGEL_PACK;XIRECS;10009.0;5
49300;BOT_MAKER;BOT_TAKER;HYDROGEL_PACK;XIRECS;10008.0;1
49400;BOT_TAKER;BOT_MAKER;ASH_COATED_OSMIUM;XIRECS;10011.0;5
49400;BOT_TAKER;BOT_MAKER;HYDROGEL_PACK;XIRECS;10028.0;5
49500;BOT_TAKER;BOT_MAKER;VEV_5200;XIRECS;116.0;5
49500;BOT_TAKER;BOT_MAKER;VEV_5400;XIRECS;16.0;5
49500;SUBMISSION;BOT_TAKER;VELVETFRUIT_EXTRACT;XIRECS;5281.0;4
49600;BOT_MAKER;BOT_TAKER;HYDROGEL_PACK;XIRECS;10012.0;4
49700;BOT_MAKER;BOT_TAKER;HYDROGEL_PACK;XIRECS;10016.0;6
49700;SUBMISSION;BOT_TAKER;VELVETFRUIT_EXTRACT;XIRECS;5281.0;5
49800;BOT_TAKER;BOT_MAKER;HYDROGEL_PACK;XIRECS;10034.0;4
49900;BOT_TAKER;BOT_MAKER;VELVETFRUIT_EXTRACT;XIRECS;5285.0;5
49900;BOT_MAKER;BOT_TAKER;VELVETFRUIT_EXTRACT;XIRECS;5280.0;3
50000;BOT_MAKER;BOT_TAKER;VELVETFRUIT_EXTRACT;XIRECS;5282.0;12
50000;BOT_TAKER;SUBMISSION;VELVETFRUIT_EXTRACT;XIRECS;5287.0;5
50100;BOT_MAKER;BOT_TAKER;VELVETFRUIT_EXTRACT;XIRECS;5282.0;4
50200;BOT_MAKER;BOT_TAKER;HYDROGEL_PACK;XIRECS;10013.0;5
50200;BOT_MAKER;BOT_TAKER;VELVETFRUIT_EXTRACT;XIRECS;5282.0;6
50200;SUBMISSION;BOT;ASH_COATED_OSMIUM;XIRECS;9997.0;7
50200;BOT_TAKER;SUBMISSION;VEV_4000;XIRECS;1260.0;2
50300;BOT_TAKER;BOT_MAKER;VELVETFRUIT_EXTRACT;XIRECS;5289.0;5
50300;BOT_TAKER;SUBMISSION;VELVETFRUIT_EXTRACT;XIRECS;5288.0;5
50300;BOT_TAKER;BOT_MAKER;VELVETFRUIT_EXTRACT;XIRECS;5289.0;3
50400;BOT_MAKER;BOT_TAKER;VELVETFRUIT_EXTRACT;XIRECS;5282.0;8
50400;BOT_MAKER;BOT_TAKER;VEV_4000;XIRECS;1240.0;2
50500;BOT_TAKER;BOT_MAKER;VEV_4000;XIRECS;1263.0;2
50600;BOT_TAKER;BOT_MAKER;HYDROGEL_PACK;XIRECS;10026.0;6
50600;BOT_MAKER;BOT_TAKER;VEV_6000;XIRECS;0.0;5
50700;BOT_MAKER;BOT_TAKER;HYDROGEL_PACK;XIRECS;10010.0;4
50700;BOT_MAKER;BOT_TAKER;VEV_6000;XIRECS;0.0;2
50700;SUBMISSION;BOT_TAKER;HYDROGEL_PACK;XIRECS;10011.0;3
50700;BOT_TAKER;SUBMISSION;VELVETFRUIT_EXTRACT;XIRECS;5289.0;3
50800;BOT_MAKER;BOT_TAKER;HYDROGEL_PACK;XIRECS;10013.0;3
50800;BOT_TAKER;BOT_MAKER;VEV_4000;XIRECS;1263.0;1
50800;SUBMISSION;BOT;ASH_COATED_OSMIUM;XIRECS;9997.0;6
50900;BOT_TAKER;BOT_MAKER;VELVETFRUIT_EXTRACT;XIRECS;5291.0;3
50900;BOT_MAKER;BOT_TAKER;VEV_5500;XIRECS;7.0;5
51000;BOT_MAKER;BOT_TAKER;HYDROGEL_PACK;XIRECS;10017.0;4
51000;BOT_TAKER;BOT_MAKER;VELVETFRUIT_EXTRACT;XIRECS;5290.0;7
51000;BOT_MAKER;BOT_TAKER;VEV_4000;XIRECS;1243.0;3
51100;BOT_MAKER;BOT_TAKER;HYDROGEL_PACK;XIRECS;10016.0;5
51200;BOT_MAKER;BOT_TAKER;VEV_5500;XIRECS;7.0;4
51300;BOT_MAKER;BOT_TAKER;VEV_6000;XIRECS;0.0;3
51300;BOT_TAKER;BOT_MAKER;VEV_6500;XIRECS;1.0;5
51400;BOT_MAKER;BOT_TAKER;VELVETFRUIT_EXTRACT;XIRECS;5285.0;7
51500;BOT_MAKER;BOT_TAKER;VELVETFRUIT_EXTRACT;XIRECS;5287.0;6
51500;BOT_MAKER;BOT_TAKER;VEV_4000;XIRECS;1242.0;2
51500;BOT_MAKER;BOT_TAKER;VEV_6500;XIRECS;0.0;2
51700;BOT_TAKER;BOT_MAKER;VELVETFRUIT_EXTRACT;XIRECS;5293.0;5
51700;BOT_TAKER;BOT_MAKER;VEV_5400;XIRECS;14.0;2
51700;BOT_TAKER;SUBMISSION;HYDROGEL_PACK;XIRECS;10023.0;4
51800;BOT_MAKER;BOT_TAKER;HYDROGEL_PACK;XIRECS;10011.0;3
51800;BOT_TAKER;BOT_MAKER;INTARIAN_PEPPER_ROOT;XIRECS;13059.0;5
51800;BOT_MAKER;BOT_TAKER;VELVETFRUIT_EXTRACT;XIRECS;5288.0;6
51800;BOT_TAKER;BOT_MAKER;VEV_5200;XIRECS;119.0;2
51900;BOT_TAKER;BOT_MAKER;HYDROGEL_PACK;XIRECS;10025.0;5
51900;BOT_MAKER;BOT_TAKER;VEV_6000;XIRECS;0.0;5
52000;BOT_TAKER;BOT_MAKER;HYDROGEL_PACK;XIRECS;10025.0;6
52000;BOT_MAKER;BOT_TAKER;VEV_4000;XIRECS;1243.0;2
52000;BOT;SUBMISSION;ASH_COATED_OSMIUM;XIRECS;10001.0;10
52100;BOT_MAKER;BOT_TAKER;HYDROGEL_PACK;XIRECS;10013.0;2
52200;BOT;SUBMISSION;ASH_COATED_OSMIUM;XIRECS;10003.0;9
52300;BOT_TAKER;BOT_MAKER;HYDROGEL_PACK;XIRECS;10031.0;2
52400;BOT_MAKER;BOT_TAKER;VELVETFRUIT_EXTRACT;XIRECS;5285.0;9
52400;BOT_TAKER;BOT_MAKER;VEV_6000;XIRECS;1.0;2
52500;BOT_MAKER;BOT_TAKER;HYDROGEL_PACK;XIRECS;10015.0;3
52500;BOT_MAKER;BOT_TAKER;VELVETFRUIT_EXTRACT;XIRECS;5283.0;7
52600;BOT_TAKER;BOT_MAKER;HYDROGEL_PACK;XIRECS;10029.0;6
52600;BOT_TAKER;BOT_MAKER;VELVETFRUIT_EXTRACT;XIRECS;5289.0;6
52700;BOT_MAKER;BOT_TAKER;VELVETFRUIT_EXTRACT;XIRECS;5286.0;4
52700;BOT_MAKER;BOT_TAKER;VEV_5100;XIRECS;202.0;1
52800;BOT_MAKER;BOT_TAKER;ASH_COATED_OSMIUM;XIRECS;9993.0;5
52800;BOT_TAKER;BOT_MAKER;HYDROGEL_PACK;XIRECS;10029.0;4
52800;BOT_MAKER;BOT_TAKER;VEV_5500;XIRECS;7.0;4
52800;SUBMISSION;BOT_TAKER;VELVETFRUIT_EXTRACT;XIRECS;5285.0;3
52900;BOT_TAKER;BOT_MAKER;HYDROGEL_PACK;XIRECS;10030.0;2
52900;BOT_TAKER;BOT_MAKER;VEV_4000;XIRECS;1261.0;2
53000;BOT_MAKER;BOT_TAKER;HYDROGEL_PACK;XIRECS;10015.0;6
53100;BOT_MAKER;BOT_TAKER;HYDROGEL_PACK;XIRECS;10016.0;5
53100;BOT_TAKER;BOT_MAKER;VELVETFRUIT_EXTRACT;XIRECS;5289.0;5
53100;BOT;SUBMISSION;ASH_COATED_OSMIUM;XIRECS;10004.0;9
53200;BOT_MAKER;BOT_TAKER;HYDROGEL_PACK;XIRECS;10016.0;2
53200;BOT_TAKER;BOT_MAKER;VEV_4000;XIRECS;1261.0;1
53300;BOT_MAKER;BOT_TAKER;HYDROGEL_PACK;XIRECS;10017.0;4
53300;BOT_TAKER;BOT_MAKER;VEV_5300;XIRECS;60.0;4
53400;BOT_TAKER;BOT_MAKER;VEV_5400;XIRECS;14.0;5
53500;BOT_TAKER;BOT_MAKER;HYDROGEL_PACK;XIRECS;10026.0;5
53600;BOT_MAKER;BOT_TAKER;ASH_COATED_OSMIUM;XIRECS;9993.0;2
53600;BOT_MAKER;BOT_TAKER;VEV_5400;XIRECS;13.0;2
53600;BOT_TAKER;BOT_MAKER;VEV_5500;XIRECS;8.0;5
53600;BOT_MAKER;BOT_TAKER;VEV_6500;XIRECS;0.0;2
53700;BOT_MAKER;BOT_TAKER;VELVETFRUIT_EXTRACT;XIRECS;5287.0;5
53700;BOT_MAKER;BOT_TAKER;VEV_6000;XIRECS;0.0;2
53700;BOT_TAKER;SUBMISSION;ASH_COATED_OSMIUM;XIRECS;10010.0;7
53700;SUBMISSION;BOT_TAKER;VEV_4000;XIRECS;1240.0;1
53800;BOT_MAKER;BOT_TAKER;HYDROGEL_PACK;XIRECS;10015.0;3
53800;BOT_MAKER;BOT_TAKER;VEV_4000;XIRECS;1238.0;3
53900;BOT_MAKER;BOT_TAKER;VELVETFRUIT_EXTRACT;XIRECS;5286.0;3
53900;SUBMISSION;BOT;ASH_COATED_OSMIUM;XIRECS;9998.0;7
54000;BOT_TAKER;BOT_MAKER;HYDROGEL_PACK;XIRECS;10031.0;4
54000;BOT_TAKER;BOT_MAKER;VEV_4000;XIRECS;1259.0;2
54000;BOT_MAKER;BOT_TAKER;VEV_6500;XIRECS;0.0;4
54200;BOT_MAKER;BOT_TAKER;VELVETFRUIT_EXTRACT;XIRECS;5286.0;6
54400;BOT_TAKER;BOT_MAKER;HYDROGEL_PACK;XIRECS;10033.0;6
54400;BOT_MAKER;BOT_TAKER;VELVETFRUIT_EXTRACT;XIRECS;5286.0;8
54400;BOT_MAKER;BOT_TAKER;VEV_5400;XIRECS;14.0;2
54400;BOT_MAKER;BOT_TAKER;VEV_5500;XIRECS;6.0;4
54600;BOT_MAKER;BOT_TAKER;VELVETFRUIT_EXTRACT;XIRECS;5287.0;11
54800;BOT_MAKER;BOT_TAKER;HYDROGEL_PACK;XIRECS;10019.0;2
54800;BOT_MAKER;BOT_TAKER;VELVETFRUIT_EXTRACT;XIRECS;5288.0;8
54800;BOT_TAKER;SUBMISSION;HYDROGEL_PACK;XIRECS;10034.0;3
55000;BOT_TAKER;BOT_MAKER;VELVETFRUIT_EXTRACT;XIRECS;5296.0;5
55000;BOT_MAKER;BOT_TAKER;VEV_5500;XIRECS;7.0;5
55100;BOT_MAKER;BOT_TAKER;VEV_4000;XIRECS;1236.0;3
55200;BOT_TAKER;BOT_MAKER;HYDROGEL_PACK;XIRECS;10035.0;4
55300;BOT_MAKER;BOT_TAKER;VELVETFRUIT_EXTRACT;XIRECS;5290.0;7
55300;BOT_MAKER;BOT_TAKER;VEV_4000;XIRECS;1237.0;3
55300;BOT_TAKER;SUBMISSION;VELVETFRUIT_EXTRACT;XIRECS;5294.0;5
55400;BOT_MAKER;BOT_TAKER;VELVETFRUIT_EXTRACT;XIRECS;5290.0;5
55400;BOT_MAKER;BOT_TAKER;VELVETFRUIT_EXTRACT;XIRECS;5290.0;10
55600;BOT_MAKER;BOT_TAKER;VEV_4000;XIRECS;1240.0;1
55700;BOT_TAKER;BOT_MAKER;VELVETFRUIT_EXTRACT;XIRECS;5294.0;6
55700;BOT_MAKER;BOT_TAKER;VEV_5400;XIRECS;15.0;2
55700;BOT_MAKER;BOT_TAKER;VEV_5500;XIRECS;6.0;4
55800;BOT_TAKER;BOT_MAKER;HYDROGEL_PACK;XIRECS;10038.0;4
55900;BOT_TAKER;BOT_MAKER;HYDROGEL_PACK;XIRECS;10041.0;6
55900;BOT_TAKER;BOT_MAKER;VELVETFRUIT_EXTRACT;XIRECS;5296.0;3
55900;BOT_TAKER;BOT_MAKER;VEV_4000;XIRECS;1263.0;1
55900;BOT_TAKER;BOT_MAKER;VEV_5400;XIRECS;17.0;5
55900;BOT_TAKER;BOT_MAKER;VEV_6500;XIRECS;1.0;2
55900;SUBMISSION;BOT;ASH_COATED_OSMIUM;XIRECS;9999.0;7
56000;SUBMISSION;BOT_TAKER;VEV_4000;XIRECS;1243.0;1
56100;BOT_TAKER;BOT_MAKER;VELVETFRUIT_EXTRACT;XIRECS;5295.0;5
56200;BOT_MAKER;BOT_TAKER;VELVETFRUIT_EXTRACT;XIRECS;5291.0;8
56200;BOT_TAKER;BOT_MAKER;VEV_5500;XIRECS;8.0;5
56300;BOT_MAKER;BOT_TAKER;HYDROGEL_PACK;XIRECS;10022.0;5
56300;BOT_TAKER;BOT_MAKER;VELVETFRUIT_EXTRACT;XIRECS;5299.0;8
56300;BOT_TAKER;BOT_MAKER;VEV_6500;XIRECS;1.0;5
56300;BOT_TAKER;SUBMISSION;ASH_COATED_OSMIUM;XIRECS;10006.0;10
56400;BOT_MAKER;BOT_TAKER;VELVETFRUIT_EXTRACT;XIRECS;5292.0;6
56500;BOT_MAKER;BOT_TAKER;VELVETFRUIT_EXTRACT;XIRECS;5293.0;5
56600;BOT_TAKER;BOT_MAKER;VELVETFRUIT_EXTRACT;XIRECS;5295.0;13
56600;BOT_TAKER;BOT_MAKER;VEV_6500;XIRECS;1.0;5
56700;BOT_TAKER;BOT_MAKER;HYDROGEL_PACK;XIRECS;10033.0;2
56700;BOT_TAKER;BOT_MAKER;VELVETFRUIT_EXTRACT;XIRECS;5296.0;7
56800;BOT_MAKER;BOT_TAKER;HYDROGEL_PACK;XIRECS;10018.0;6
56800;BOT_TAKER;BOT_MAKER;VELVETFRUIT_EXTRACT;XIRECS;5297.0;8
56800;BOT_MAKER;BOT_TAKER;VEV_6500;XIRECS;0.0;3
56800;SUBMISSION;BOT_TAKER;VELVETFRUIT_EXTRACT;XIRECS;5292.0;5
56800;BOT_MAKER;BOT_TAKER;VELVETFRUIT_EXTRACT;XIRECS;5291.0;9
56900;BOT_TAKER;BOT_MAKER;HYDROGEL_PACK;XIRECS;10035.0;2
56900;BOT_MAKER;BOT_TAKER;VELVETFRUIT_EXTRACT;XIRECS;5292.0;6
57000;BOT_MAKER;BOT_TAKER;HYDROGEL_PACK;XIRECS;10019.0;6
57000;BOT_MAKER;BOT_TAKER;VEV_5500;XIRECS;6.0;5
57100;BOT_TAKER;BOT_MAKER;HYDROGEL_PACK;XIRECS;10037.0;2
57200;SUBMISSION;BOT_TAKER;ASH_COATED_OSMIUM;XIRECS;9992.0;10
57300;BOT_MAKER;BOT_TAKER;VELVETFRUIT_EXTRACT;XIRECS;5291.0;9
57300;BOT_MAKER;BOT_TAKER;VEV_4000;XIRECS;1241.0;3
57400;BOT_TAKER;BOT_MAKER;ASH_COATED_OSMIUM;XIRECS;10008.0;9
57400;BOT_TAKER;BOT_MAKER;INTARIAN_PEPPER_ROOT;XIRECS;13064.0;7
57400;BOT_MAKER;BOT_TAKER;VEV_5500;XIRECS;6.0;2
57600;SUBMISSION;BOT_TAKER;HYDROGEL_PACK;XIRECS;10019.0;4
57700;BOT_TAKER;BOT_MAKER;VELVETFRUIT_EXTRACT;XIRECS;5296.0;14
57700;BOT_MAKER;BOT_TAKER;VEV_4000;XIRECS;1243.0;1
57900;BOT_TAKER;BOT_MAKER;HYDROGEL_PACK;XIRECS;10033.0;6
58000;BOT_MAKER;BOT_TAKER;HYDROGEL_PACK;XIRECS;10017.0;5
58000;BOT_TAKER;BOT_MAKER;VEV_4000;XIRECS;1266.0;2
58000;BOT_MAKER;BOT_TAKER;VEV_6500;XIRECS;0.0;2
58000;BOT;SUBMISSION;ASH_COATED_OSMIUM;XIRECS;10001.0;4
58100;BOT_TAKER;BOT_MAKER;HYDROGEL_PACK;XIRECS;10033.0;3
58100;SUBMISSION;BOT_TAKER;VELVETFRUIT_EXTRACT;XIRECS;5293.0;3
58200;BOT_MAKER;BOT_TAKER;HYDROGEL_PACK;XIRECS;10015.0;3
58200;BOT_MAKER;BOT_TAKER;VELVETFRUIT_EXTRACT;XIRECS;5290.0;5
58300;BOT_TAKER;BOT_MAKER;VEV_5200;XIRECS;121.0;5
58400;BOT_TAKER;BOT_MAKER;VELVETFRUIT_EXTRACT;XIRECS;5297.0;7
58500;BOT_TAKER;BOT_MAKER;HYDROGEL_PACK;XIRECS;10030.0;4
58500;BOT_TAKER;BOT_MAKER;VELVETFRUIT_EXTRACT;XIRECS;5297.0;6
58500;BOT_TAKER;BOT_MAKER;VEV_4000;XIRECS;1266.0;3
58500;BOT_MAKER;BOT_TAKER;VEV_6000;XIRECS;0.0;3
58600;BOT_TAKER;BOT_MAKER;HYDROGEL_PACK;XIRECS;10029.0;2
58700;BOT_MAKER;BOT_TAKER;VEV_4000;XIRECS;1245.0;1
58800;BOT_MAKER;BOT_TAKER;VELVETFRUIT_EXTRACT;XIRECS;5297.0;8
58800;BOT_MAKER;BOT_TAKER;VEV_6500;XIRECS;0.0;4
58800;BOT_TAKER;SUBMISSION;VELVETFRUIT_EXTRACT;XIRECS;5300.0;3
58900;BOT_TAKER;BOT_MAKER;VELVETFRUIT_EXTRACT;XIRECS;5302.0;8
59100;BOT_TAKER;BOT_MAKER;HYDROGEL_PACK;XIRECS;10026.0;2
59200;BOT_MAKER;BOT_TAKER;VEV_4000;XIRECS;1245.0;2
59300;BOT_TAKER;BOT_MAKER;VELVETFRUIT_EXTRACT;XIRECS;5302.0;5
59400;BOT_TAKER;BOT_MAKER;HYDROGEL_PACK;XIRECS;10028.0;4
59400;BOT_MAKER;BOT_TAKER;VELVETFRUIT_EXTRACT;XIRECS;5295.0;5
59400;BOT_MAKER;BOT_TAKER;VEV_6000;XIRECS;0.0;4
59400;SUBMISSION;BOT_TAKER;VELVETFRUIT_EXTRACT;XIRECS;5296.0;5
59400;BOT_MAKER;BOT_TAKER;VELVETFRUIT_EXTRACT;XIRECS;5295.0;8
59500;BOT_MAKER;BOT_TAKER;ASH_COATED_OSMIUM;XIRECS;9995.0;1
59500;BOT_MAKER;BOT_TAKER;ASH_COATED_OSMIUM;XIRECS;9989.0;6
59500;BOT_TAKER;BOT_MAKER;HYDROGEL_PACK;XIRECS;10026.0;6
59600;BOT_TAKER;BOT_MAKER;HYDROGEL_PACK;XIRECS;10027.0;5
59700;SUBMISSION;BOT_TAKER;VELVETFRUIT_EXTRACT;XIRECS;5300.0;3
59800;BOT_TAKER;BOT_MAKER;VELVETFRUIT_EXTRACT;XIRECS;5303.0;6
59800;BOT_MAKER;BOT_TAKER;VEV_6500;XIRECS;0.0;4
59900;BOT_TAKER;BOT_MAKER;HYDROGEL_PACK;XIRECS;10028.0;4
59900;BOT_TAKER;BOT_MAKER;VEV_6000;XIRECS;1.0;5
60000;BOT_TAKER;BOT_MAKER;VELVETFRUIT_EXTRACT;XIRECS;5302.0;7
60100;BOT_MAKER;BOT_TAKER;ASH_COATED_OSMIUM;XIRECS;9989.0;5
60100;BOT_TAKER;BOT_MAKER;HYDROGEL_PACK;XIRECS;10024.0;5
60100;BOT_MAKER;BOT_TAKER;VEV_5300;XIRECS;63.0;3
60300;BOT_MAKER;BOT_TAKER;HYDROGEL_PACK;XIRECS;10009.0;4
60300;BOT_MAKER;BOT_TAKER;INTARIAN_PEPPER_ROOT;XIRECS;13053.0;4
60500;BOT_TAKER;BOT_MAKER;HYDROGEL_PACK;XIRECS;10026.0;6
60500;BOT_MAKER;BOT_TAKER;VELVETFRUIT_EXTRACT;XIRECS;5297.0;4
60600;BOT_TAKER;BOT_MAKER;VELVETFRUIT_EXTRACT;XIRECS;5302.0;3
60700;BOT_MAKER;BOT_TAKER;VEV_5500;XIRECS;6.0;5
60800;BOT_MAKER;BOT_TAKER;HYDROGEL_PACK;XIRECS;10014.0;6
60800;BOT_MAKER;BOT_TAKER;VELVETFRUIT_EXTRACT;XIRECS;5297.0;3
60800;BOT_TAKER;BOT_MAKER;VEV_5400;XIRECS;14.0;2
60800;BOT_MAKER;BOT_TAKER;VEV_5500;XIRECS;6.0;2
60900;BOT_MAKER;BOT_TAKER;ASH_COATED_OSMIUM;XIRECS;9988.0;4
60900;BOT_MAKER;BOT_TAKER;HYDROGEL_PACK;XIRECS;10014.0;4
60900;BOT_MAKER;BOT_TAKER;VELVETFRUIT_EXTRACT;XIRECS;5298.0;5
61100;BOT_TAKER;BOT_MAKER;VELVETFRUIT_EXTRACT;XIRECS;5302.0;3
61200;BOT_TAKER;BOT_MAKER;VELVETFRUIT_EXTRACT;XIRECS;5302.0;6
61200;BOT_TAKER;BOT_MAKER;VEV_4000;XIRECS;1270.0;3
61300;BOT_TAKER;BOT_MAKER;HYDROGEL_PACK;XIRECS;10030.0;5
61400;BOT_TAKER;BOT_MAKER;VEV_4000;XIRECS;1271.0;1
61500;BOT_MAKER;BOT_TAKER;VEV_5400;XIRECS;13.0;4
61600;BOT_TAKER;BOT_MAKER;ASH_COATED_OSMIUM;XIRECS;10005.0;6
61600;BOT_TAKER;BOT_MAKER;VELVETFRUIT_EXTRACT;XIRECS;5305.0;4
61600;BOT_TAKER;BOT_MAKER;VEV_6500;XIRECS;1.0;4
61600;BOT_TAKER;SUBMISSION;VELVETFRUIT_EXTRACT;XIRECS;5304.0;5
61600;BOT_TAKER;BOT_MAKER;VELVETFRUIT_EXTRACT;XIRECS;5305.0;1
61700;BOT_MAKER;BOT_TAKER;HYDROGEL_PACK;XIRECS;10013.0;6
61800;BOT_TAKER;BOT_MAKER;ASH_COATED_OSMIUM;XIRECS;10008.0;4
61800;BOT_TAKER;BOT_MAKER;VEV_4000;XIRECS;1270.0;1
61900;BOT_MAKER;BOT_TAKER;VELVETFRUIT_EXTRACT;XIRECS;5302.0;8
62000;BOT_TAKER;BOT_MAKER;INTARIAN_PEPPER_ROOT;XIRECS;13069.0;3
62000;BOT_TAKER;BOT_MAKER;VEV_5400;XIRECS;13.0;2
62000;BOT_MAKER;BOT_TAKER;VEV_6500;XIRECS;0.0;4
62100;BOT_TAKER;BOT_MAKER;ASH_COATED_OSMIUM;XIRECS;10005.0;6
62100;BOT_MAKER;BOT_TAKER;HYDROGEL_PACK;XIRECS;10013.0;4
62100;BOT_TAKER;BOT_MAKER;VEV_5400;XIRECS;13.0;3
62200;BOT_MAKER;BOT_TAKER;VEV_6500;XIRECS;0.0;2
62400;BOT_TAKER;BOT_MAKER;VEV_6500;XIRECS;1.0;2
62500;BOT_MAKER;BOT_TAKER;VEV_4000;XIRECS;1253.0;2
62500;BOT_TAKER;BOT_MAKER;VEV_6000;XIRECS;1.0;4
62500;BOT_TAKER;SUBMISSION;VELVETFRUIT_EXTRACT;XIRECS;5305.0;5
62500;BOT_TAKER;BOT_MAKER;VELVETFRUIT_EXTRACT;XIRECS;5306.0;3
62600;BOT_TAKER;BOT_MAKER;HYDROGEL_PACK;XIRECS;10037.0;6
62900;BOT_MAKER;BOT_TAKER;VELVETFRUIT_EXTRACT;XIRECS;5301.0;5
63000;BOT_MAKER;BOT_TAKER;VEV_5500;XIRECS;6.0;4
63100;BOT_MAKER;BOT_TAKER;HYDROGEL_PACK;XIRECS;10017.0;4
63100;BOT_MAKER;BOT_TAKER;VELVETFRUIT_EXTRACT;XIRECS;5301.0;4
63100;BOT_MAKER;BOT_TAKER;VEV_6500;XIRECS;0.0;4
63200;BOT_TAKER;BOT_MAKER;VEV_5200;XIRECS;120.0;4
63200;BOT_TAKER;BOT_MAKER;VEV_5500;XIRECS;7.0;4
63200;BOT_MAKER;BOT_TAKER;VEV_6500;XIRECS;0.0;4
63300;BOT_TAKER;BOT_MAKER;HYDROGEL_PACK;XIRECS;10034.0;2
63400;BOT_TAKER;BOT_MAKER;VEV_4000;XIRECS;1271.0;3
63500;BOT_TAKER;BOT_MAKER;HYDROGEL_PACK;XIRECS;10031.0;4
63600;BOT_TAKER;BOT_MAKER;VELVETFRUIT_EXTRACT;XIRECS;5311.0;4
63600;BOT_MAKER;BOT_TAKER;VEV_6000;XIRECS;0.0;4
63700;BOT_MAKER;BOT_TAKER;ASH_COATED_OSMIUM;XIRECS;9989.0;5
63800;BOT_MAKER;BOT_TAKER;VELVETFRUIT_EXTRACT;XIRECS;5305.0;7
63800;BOT_MAKER;BOT_TAKER;VEV_5500;XIRECS;6.0;2
63800;BOT_TAKER;BOT_MAKER;VEV_6000;XIRECS;1.0;4
64000;BOT_TAKER;BOT_MAKER;VELVETFRUIT_EXTRACT;XIRECS;5310.0;9
64200;BOT_TAKER;BOT_MAKER;HYDROGEL_PACK;XIRECS;10024.0;6
64300;BOT_TAKER;BOT_MAKER;HYDROGEL_PACK;XIRECS;10025.0;5
64300;BOT_MAKER;BOT_TAKER;VELVETFRUIT_EXTRACT;XIRECS;5305.0;5
64300;BOT_TAKER;BOT_MAKER;VEV_4000;XIRECS;1270.0;1
64400;BOT_MAKER;BOT_TAKER;VELVETFRUIT_EXTRACT;XIRECS;5305.0;4
64500;BOT_MAKER;BOT_TAKER;VELVETFRUIT_EXTRACT;XIRECS;5305.0;3
64500;BOT_MAKER;BOT_TAKER;VEV_4000;XIRECS;1251.0;1
64600;BOT_TAKER;BOT_MAKER;VELVETFRUIT_EXTRACT;XIRECS;5312.0;9
64700;BOT_TAKER;BOT_MAKER;HYDROGEL_PACK;XIRECS;10030.0;5
64700;BOT_TAKER;BOT_MAKER;INTARIAN_PEPPER_ROOT;XIRECS;13072.0;3
64900;BOT_TAKER;BOT_MAKER;HYDROGEL_PACK;XIRECS;10033.0;2
65000;BOT_MAKER;BOT_TAKER;VELVETFRUIT_EXTRACT;XIRECS;5304.0;5
65100;BOT_TAKER;BOT_MAKER;VELVETFRUIT_EXTRACT;XIRECS;5309.0;3
65100;BOT_TAKER;BOT_MAKER;VEV_5500;XIRECS;7.0;4
65200;BOT_TAKER;BOT_MAKER;VEV_6500;XIRECS;1.0;2
65400;BOT_TAKER;BOT_MAKER;HYDROGEL_PACK;XIRECS;10029.0;5
65400;BOT_MAKER;BOT_TAKER;HYDROGEL_PACK;XIRECS;10013.0;4
65400;SUBMISSION;BOT_TAKER;VELVETFRUIT_EXTRACT;XIRECS;5304.0;5
65400;BOT_MAKER;BOT_TAKER;VELVETFRUIT_EXTRACT;XIRECS;5303.0;3
65500;BOT_MAKER;BOT_TAKER;HYDROGEL_PACK;XIRECS;10012.0;3
65500;BOT_TAKER;BOT_MAKER;VELVETFRUIT_EXTRACT;XIRECS;5307.0;8
65500;BOT_TAKER;BOT_MAKER;VEV_4000;XIRECS;1273.0;3
65600;BOT_MAKER;BOT_TAKER;HYDROGEL_PACK;XIRECS;10010.0;3
65600;BOT_MAKER;BOT_TAKER;VELVETFRUIT_EXTRACT;XIRECS;5303.0;5
65600;BOT_MAKER;BOT_TAKER;VEV_4000;XIRECS;1252.0;2
65700;BOT_TAKER;BOT_MAKER;HYDROGEL_PACK;XIRECS;10026.0;3
65700;BOT_TAKER;BOT_MAKER;VELVETFRUIT_EXTRACT;XIRECS;5310.0;7
65700;BOT_MAKER;BOT_TAKER;VELVETFRUIT_EXTRACT;XIRECS;5305.0;6
65700;BOT_TAKER;BOT_MAKER;VEV_6500;XIRECS;1.0;5
65800;BOT_TAKER;BOT_MAKER;ASH_COATED_OSMIUM;XIRECS;10006.0;5
65900;BOT_TAKER;BOT_MAKER;VELVETFRUIT_EXTRACT;XIRECS;5309.0;4
66000;BOT_MAKER;BOT_TAKER;VELVETFRUIT_EXTRACT;XIRECS;5304.0;6
66000;SUBMISSION;BOT_TAKER;VELVETFRUIT_EXTRACT;XIRECS;5305.0;5
66000;BOT_MAKER;BOT_TAKER;VELVETFRUIT_EXTRACT;XIRECS;5304.0;1
66100;BOT_TAKER;BOT_MAKER;HYDROGEL_PACK;XIRECS;10021.0;3
66100;BOT_MAKER;BOT_TAKER;VEV_4000;XIRECS;1251.0;2
66100;BOT_TAKER;BOT_MAKER;VEV_5500;XIRECS;7.0;5
66200;BOT_TAKER;BOT_MAKER;VEV_5500;XIRECS;7.0;3
66300;BOT_MAKER;BOT_TAKER;VELVETFRUIT_EXTRACT;XIRECS;5304.0;7
66300;BOT;SUBMISSION;ASH_COATED_OSMIUM;XIRECS;10000.0;10
66400;BOT_MAKER;BOT_TAKER;VELVETFRUIT_EXTRACT;XIRECS;5304.0;6
66400;SUBMISSION;BOT_TAKER;VEV_4000;XIRECS;1252.0;1
66500;BOT_MAKER;BOT_TAKER;VELVETFRUIT_EXTRACT;XIRECS;5304.0;4
66500;BOT_MAKER;BOT_TAKER;VEV_6500;XIRECS;0.0;2
66600;BOT_TAKER;BOT_MAKER;VEV_6000;XIRECS;1.0;2
66700;BOT_MAKER;BOT_TAKER;VELVETFRUIT_EXTRACT;XIRECS;5304.0;5
66800;BOT_TAKER;BOT_MAKER;VELVETFRUIT_EXTRACT;XIRECS;5309.0;3
66800;BOT_MAKER;BOT_TAKER;VELVETFRUIT_EXTRACT;XIRECS;5305.0;4
66900;BOT_MAKER;BOT_TAKER;VELVETFRUIT_EXTRACT;XIRECS;5303.0;8
67100;BOT_TAKER;BOT_MAKER;HYDROGEL_PACK;XIRECS;10020.0;4
67100;BOT_TAKER;BOT_MAKER;VELVETFRUIT_EXTRACT;XIRECS;5307.0;4
67200;BOT_TAKER;BOT_MAKER;VEV_5500;XIRECS;6.0;3
67300;BOT_MAKER;BOT_TAKER;ASH_COATED_OSMIUM;XIRECS;9989.0;2
67300;BOT_MAKER;BOT_TAKER;HYDROGEL_PACK;XIRECS;10001.0;6
67300;BOT_MAKER;BOT_TAKER;VELVETFRUIT_EXTRACT;XIRECS;5302.0;7
67400;BOT_MAKER;BOT_TAKER;VEV_6500;XIRECS;0.0;2
67700;BOT_TAKER;BOT_MAKER;HYDROGEL_PACK;XIRECS;10021.0;3
67700;BOT_MAKER;BOT_TAKER;VEV_4000;XIRECS;1251.0;3
67700;BOT_MAKER;BOT_TAKER;VEV_6000;XIRECS;0.0;5
67700;BOT_MAKER;BOT_TAKER;VEV_6500;XIRECS;0.0;3
67800;BOT_TAKER;BOT_MAKER;HYDROGEL_PACK;XIRECS;10022.0;5
67800;BOT_MAKER;BOT_TAKER;INTARIAN_PEPPER_ROOT;XIRECS;13061.0;6
67900;BOT_MAKER;BOT_TAKER;HYDROGEL_PACK;XIRECS;10008.0;2
67900;BOT_MAKER;BOT_TAKER;VELVETFRUIT_EXTRACT;XIRECS;5308.0;7
67900;BOT_TAKER;BOT_MAKER;VEV_4000;XIRECS;1271.0;2
68000;BOT_MAKER;BOT_TAKER;VELVETFRUIT_EXTRACT;XIRECS;5306.0;6
68000;BOT_TAKER;BOT_MAKER;VEV_5500;XIRECS;6.0;5
68100;SUBMISSION;BOT_TAKER;ASH_COATED_OSMIUM;XIRECS;9991.0;6
68200;BOT_TAKER;BOT_MAKER;VELVETFRUIT_EXTRACT;XIRECS;5311.0;7
68300;BOT_MAKER;BOT_TAKER;VEV_5300;XIRECS;64.0;3
68300;SUBMISSION;BOT_TAKER;VELVETFRUIT_EXTRACT;XIRECS;5309.0;5
68400;BOT_MAKER;BOT_TAKER;VEV_5400;XIRECS;15.0;4
68400;BOT_TAKER;BOT_MAKER;VEV_6000;XIRECS;1.0;5
68500;BOT_TAKER;BOT_MAKER;HYDROGEL_PACK;XIRECS;10019.0;3
68500;BOT_TAKER;BOT_MAKER;VELVETFRUIT_EXTRACT;XIRECS;5311.0;5
68600;BOT_MAKER;BOT_TAKER;INTARIAN_PEPPER_ROOT;XIRECS;13062.0;8
68600;BOT_MAKER;BOT_TAKER;VELVETFRUIT_EXTRACT;XIRECS;5307.0;3
68900;BOT_MAKER;BOT_TAKER;VEV_6500;XIRECS;0.0;3
69000;BOT_TAKER;BOT_MAKER;VELVETFRUIT_EXTRACT;XIRECS;5316.0;7
69200;BOT_MAKER;BOT_TAKER;HYDROGEL_PACK;XIRECS;10003.0;3
69200;BOT_MAKER;BOT_TAKER;VELVETFRUIT_EXTRACT;XIRECS;5310.0;8
69200;BOT_MAKER;BOT_TAKER;VELVETFRUIT_EXTRACT;XIRECS;5310.0;7
69300;BOT_TAKER;BOT_MAKER;VELVETFRUIT_EXTRACT;XIRECS;5317.0;6
69500;BOT_MAKER;BOT_TAKER;HYDROGEL_PACK;XIRECS;10009.0;4
69500;BOT_TAKER;BOT_MAKER;VELVETFRUIT_EXTRACT;XIRECS;5316.0;6
69500;BOT_MAKER;BOT_TAKER;VELVETFRUIT_EXTRACT;XIRECS;5312.0;8
69600;BOT_MAKER;BOT_TAKER;VELVETFRUIT_EXTRACT;XIRECS;5313.0;3
69600;BOT_MAKER;BOT_TAKER;VEV_6000;XIRECS;0.0;5
69700;BOT_MAKER;BOT_TAKER;VELVETFRUIT_EXTRACT;XIRECS;5313.0;8
69900;BOT_TAKER;BOT_MAKER;HYDROGEL_PACK;XIRECS;10028.0;2
69900;BOT_MAKER;BOT_TAKER;VELVETFRUIT_EXTRACT;XIRECS;5311.0;4
69900;BOT_MAKER;BOT_TAKER;VEV_4000;XIRECS;1252.0;1
69900;BOT_MAKER;BOT_TAKER;VEV_6000;XIRECS;0.0;5
70000;BOT_TAKER;BOT_MAKER;HYDROGEL_PACK;XIRECS;10026.0;6
70000;BOT_TAKER;BOT_MAKER;VELVETFRUIT_EXTRACT;XIRECS;5315.0;6
70100;BOT_MAKER;BOT_TAKER;HYDROGEL_PACK;XIRECS;10013.0;5
70100;BOT_MAKER;BOT_TAKER;VEV_4000;XIRECS;1251.0;3
70200;BOT_TAKER;BOT_MAKER;HYDROGEL_PACK;XIRECS;10027.0;5
70200;BOT_TAKER;BOT_MAKER;VEV_6000;XIRECS;1.0;4
70200;BOT_MAKER;BOT_TAKER;VEV_6500;XIRECS;0.0;4
70200;BOT_TAKER;SUBMISSION;VEV_4000;XIRECS;1271.0;1
70300;BOT_TAKER;BOT_MAKER;HYDROGEL_PACK;XIRECS;10027.0;2
70300;BOT_MAKER;BOT_TAKER;VELVETFRUIT_EXTRACT;XIRECS;5309.0;7
70500;BOT_TAKER;BOT_MAKER;HYDROGEL_PACK;XIRECS;10028.0;2
70500;SUBMISSION;BOT_TAKER;VELVETFRUIT_EXTRACT;XIRECS;5310.0;5
70500;BOT_MAKER;BOT_TAKER;VELVETFRUIT_EXTRACT;XIRECS;5309.0;1
70600;BOT_TAKER;BOT_MAKER;VELVETFRUIT_EXTRACT;XIRECS;5312.0;8
70600;BOT_MAKER;BOT_TAKER;VELVETFRUIT_EXTRACT;XIRECS;5307.0;11
70600;BOT_MAKER;BOT_TAKER;VEV_4000;XIRECS;1254.0;2
70700;BOT_MAKER;BOT_TAKER;VEV_5500;XIRECS;6.0;2
70900;BOT_MAKER;BOT_TAKER;VELVETFRUIT_EXTRACT;XIRECS;5308.0;3
70900;BOT_TAKER;BOT_MAKER;VEV_5400;XIRECS;16.0;3
71000;BOT_MAKER;BOT_TAKER;VELVETFRUIT_EXTRACT;XIRECS;5309.0;7
71000;BOT_MAKER;BOT_TAKER;VELVETFRUIT_EXTRACT;XIRECS;5309.0;3
71200;BOT_TAKER;SUBMISSION;HYDROGEL_PACK;XIRECS;10033.0;5
71200;BOT_TAKER;BOT_MAKER;HYDROGEL_PACK;XIRECS;10034.0;1
71500;BOT_TAKER;BOT_MAKER;INTARIAN_PEPPER_ROOT;XIRECS;13079.0;5
71500;BOT_MAKER;BOT_TAKER;VEV_4000;XIRECS;1255.0;2
71500;BOT_TAKER;BOT_MAKER;VEV_5500;XIRECS;7.0;5
71600;BOT_MAKER;BOT_TAKER;VELVETFRUIT_EXTRACT;XIRECS;5308.0;4
71600;BOT_MAKER;BOT_TAKER;VEV_5300;XIRECS;65.0;5
71700;BOT_TAKER;BOT_MAKER;VEV_5400;XIRECS;17.0;3
71800;BOT_MAKER;BOT_TAKER;VEV_4000;XIRECS;1257.0;2
71900;BOT_TAKER;BOT_MAKER;VELVETFRUIT_EXTRACT;XIRECS;5314.0;8
72100;BOT_TAKER;BOT_MAKER;HYDROGEL_PACK;XIRECS;10034.0;6
72100;BOT_TAKER;BOT_MAKER;HYDROGEL_PACK;XIRECS;10034.0;3
72100;BOT_MAKER;BOT_TAKER;VELVETFRUIT_EXTRACT;XIRECS;5308.0;4
72100;BOT_MAKER;BOT_TAKER;VEV_4000;XIRECS;1257.0;2
72100;BOT_MAKER;BOT_TAKER;VEV_6000;XIRECS;0.0;5
72200;BOT_MAKER;BOT_TAKER;VEV_6500;XIRECS;0.0;2
72400;BOT_MAKER;BOT_TAKER;VELVETFRUIT_EXTRACT;XIRECS;5307.0;5
72500;BOT_MAKER;BOT_TAKER;VEV_4000;XIRECS;1258.0;2
72600;BOT_TAKER;BOT_MAKER;VEV_5500;XIRECS;6.0;5
72600;BOT_MAKER;BOT_TAKER;VEV_6500;XIRECS;0.0;5
72700;BOT_MAKER;BOT_TAKER;HYDROGEL_PACK;XIRECS;10014.0;2
72900;BOT_TAKER;BOT_MAKER;HYDROGEL_PACK;XIRECS;10029.0;2
72900;BOT_TAKER;BOT_MAKER;VELVETFRUIT_EXTRACT;XIRECS;5313.0;11
72900;SUBMISSION;BOT_TAKER;VEV_4000;XIRECS;1260.0;3
73000;BOT_MAKER;BOT_TAKER;VELVETFRUIT_EXTRACT;XIRECS;5309.0;11
73100;BOT_MAKER;BOT_TAKER;VELVETFRUIT_EXTRACT;XIRECS;5310.0;4
73200;BOT_TAKER;BOT_MAKER;VELVETFRUIT_EXTRACT;XIRECS;5316.0;8
73200;BOT_MAKER;BOT_TAKER;VEV_4000;XIRECS;1261.0;2
73200;BOT_MAKER;BOT_TAKER;VEV_4000;XIRECS;1261.0;2
73200;BOT_TAKER;BOT_MAKER;VEV_6500;XIRECS;1.0;3
73400;BOT_TAKER;SUBMISSION;HYDROGEL_PACK;XIRECS;10023.0;4
73400;BOT_TAKER;SUBMISSION;VELVETFRUIT_EXTRACT;XIRECS;5314.0;3
73500;BOT_TAKER;BOT_MAKER;HYDROGEL_PACK;XIRECS;10024.0;2
73500;BOT_TAKER;BOT_MAKER;VELVETFRUIT_EXTRACT;XIRECS;5315.0;3
73500;BOT_TAKER;BOT_MAKER;VEV_6000;XIRECS;1.0;3
73700;BOT_MAKER;BOT_TAKER;HYDROGEL_PACK;XIRECS;10009.0;6
73800;BOT_MAKER;BOT_TAKER;VEV_6000;XIRECS;0.0;2
73900;BOT_MAKER;BOT_TAKER;HYDROGEL_PACK;XIRECS;10007.0;6
74000;BOT_TAKER;BOT_MAKER;VEV_4000;XIRECS;1281.0;3
74100;BOT_MAKER;BOT_TAKER;VEV_5300;XIRECS;67.0;4
74200;BOT_MAKER;BOT_TAKER;VELVETFRUIT_EXTRACT;XIRECS;5312.0;5
74300;BOT_TAKER;BOT_MAKER;VELVETFRUIT_EXTRACT;XIRECS;5317.0;4
74300;BOT_MAKER;BOT_TAKER;VELVETFRUIT_EXTRACT;XIRECS;5312.0;6
74300;BOT_TAKER;SUBMISSION;ASH_COATED_OSMIUM;XIRECS;10011.0;3
74400;BOT_MAKER;BOT_TAKER;VELVETFRUIT_EXTRACT;XIRECS;5310.0;3
74400;BOT_TAKER;BOT_MAKER;VEV_5300;XIRECS;69.0;3
74400;BOT_TAKER;SUBMISSION;ASH_COATED_OSMIUM;XIRECS;10008.0;7
74600;BOT_MAKER;BOT_TAKER;VELVETFRUIT_EXTRACT;XIRECS;5310.0;6
74600;BOT_TAKER;BOT_MAKER;VEV_5500;XIRECS;6.0;5
74700;BOT_TAKER;BOT_MAKER;VELVETFRUIT_EXTRACT;XIRECS;5315.0;8
74800;BOT_MAKER;BOT_TAKER;HYDROGEL_PACK;XIRECS;10009.0;2
74800;BOT_TAKER;BOT_MAKER;VEV_6500;XIRECS;1.0;2
74800;SUBMISSION;BOT_TAKER;ASH_COATED_OSMIUM;XIRECS;9991.0;3
74900;BOT_MAKER;BOT_TAKER;VELVETFRUIT_EXTRACT;XIRECS;5310.0;4
74900;BOT_MAKER;BOT_TAKER;VEV_4000;XIRECS;1260.0;1
75000;BOT_MAKER;BOT_TAKER;HYDROGEL_PACK;XIRECS;10014.0;2
75100;BOT_TAKER;BOT_MAKER;HYDROGEL_PACK;XIRECS;10031.0;6
75100;BOT_MAKER;BOT_TAKER;VEV_5300;XIRECS;66.0;4
75200;BOT_TAKER;BOT_MAKER;VEV_5500;XIRECS;6.0;3
75300;BOT_MAKER;BOT_TAKER;HYDROGEL_PACK;XIRECS;10021.0;4
75300;BOT_MAKER;BOT_TAKER;VELVETFRUIT_EXTRACT;XIRECS;5309.0;5
75300;BOT_TAKER;BOT_MAKER;VEV_4000;XIRECS;1279.0;2
75300;BOT_TAKER;BOT_MAKER;VEV_5300;XIRECS;67.0;2
75400;BOT_TAKER;BOT_MAKER;HYDROGEL_PACK;XIRECS;10034.0;4
75400;BOT_MAKER;BOT_TAKER;VELVETFRUIT_EXTRACT;XIRECS;5310.0;7
75400;BOT_TAKER;BOT_MAKER;VEV_5400;XIRECS;16.0;3
75500;BOT_TAKER;BOT_MAKER;HYDROGEL_PACK;XIRECS;10033.0;3
75500;BOT_TAKER;BOT_MAKER;VEV_6000;XIRECS;1.0;2
75600;BOT_MAKER;BOT_TAKER;VELVETFRUIT_EXTRACT;XIRECS;5311.0;11
75700;BOT_MAKER;BOT_TAKER;VELVETFRUIT_EXTRACT;XIRECS;5310.0;7
75700;BOT_TAKER;SUBMISSION;ASH_COATED_OSMIUM;XIRECS;10007.0;5
75700;SUBMISSION;BOT_TAKER;VEV_4500;XIRECS;745.0;1
75800;BOT_TAKER;BOT_MAKER;HYDROGEL_PACK;XIRECS;10031.0;5
75800;BOT_TAKER;BOT_MAKER;VELVETFRUIT_EXTRACT;XIRECS;5317.0;7
75900;BOT_MAKER;BOT_TAKER;VEV_5400;XIRECS;14.0;2
75900;BOT_TAKER;SUBMISSION;VELVETFRUIT_EXTRACT;XIRECS;5314.0;5
75900;BOT_TAKER;BOT_MAKER;VELVETFRUIT_EXTRACT;XIRECS;5315.0;3
76000;BOT_MAKER;BOT_TAKER;VELVETFRUIT_EXTRACT;XIRECS;5311.0;4
76000;BOT_TAKER;BOT_MAKER;VEV_5500;XIRECS;6.0;5
76100;BOT_TAKER;BOT_MAKER;HYDROGEL_PACK;XIRECS;10031.0;4
76100;BOT_TAKER;SUBMISSION;HYDROGEL_PACK;XIRECS;10030.0;5
76200;BOT_MAKER;BOT_TAKER;HYDROGEL_PACK;XIRECS;10014.0;6
76200;BOT_TAKER;BOT_MAKER;VEV_5300;XIRECS;69.0;3
76200;BOT_MAKER;BOT_TAKER;VEV_5500;XIRECS;5.0;4
76400;BOT_MAKER;BOT_TAKER;VEV_6000;XIRECS;0.0;5
76400;BOT_MAKER;BOT_TAKER;INTARIAN_PEPPER_ROOT;XIRECS;13066.0;3
76500;BOT_TAKER;BOT_MAKER;ASH_COATED_OSMIUM;XIRECS;10011.0;5
76600;BOT_MAKER;BOT_TAKER;INTARIAN_PEPPER_ROOT;XIRECS;13070.0;5
76600;BOT_TAKER;SUBMISSION;VEV_4000;XIRECS;1279.0;1
76700;BOT_MAKER;BOT_TAKER;VELVETFRUIT_EXTRACT;XIRECS;5306.0;6
76700;SUBMISSION;BOT_TAKER;HYDROGEL_PACK;XIRECS;10005.0;5
76800;BOT_TAKER;BOT_MAKER;HYDROGEL_PACK;XIRECS;10019.0;2
76800;BOT_TAKER;SUBMISSION;VELVETFRUIT_EXTRACT;XIRECS;5312.0;5
76800;BOT_TAKER;BOT_MAKER;VELVETFRUIT_EXTRACT;XIRECS;5313.0;1
76800;BOT_TAKER;SUBMISSION;VEV_4000;XIRECS;1280.0;3
76900;BOT_MAKER;BOT_TAKER;HYDROGEL_PACK;XIRECS;10004.0;3
76900;BOT_MAKER;BOT_TAKER;VELVETFRUIT_EXTRACT;XIRECS;5308.0;4
76900;BOT_TAKER;BOT_MAKER;VEV_6000;XIRECS;1.0;5
76900;BOT_TAKER;SUBMISSION;VEV_4000;XIRECS;1281.0;2
77000;BOT_TAKER;BOT_MAKER;VEV_4000;XIRECS;1283.0;2
77000;SUBMISSION;BOT_TAKER;HYDROGEL_PACK;XIRECS;10005.0;4
77100;BOT_MAKER;BOT_TAKER;HYDROGEL_PACK;XIRECS;10004.0;2
77100;BOT_MAKER;BOT_TAKER;VEV_5400;XIRECS;13.0;2
77100;SUBMISSION;BOT_TAKER;HYDROGEL_PACK;XIRECS;10005.0;4
77200;BOT_TAKER;BOT_MAKER;VEV_6000;XIRECS;1.0;4
77300;BOT_TAKER;BOT_MAKER;VEV_5300;XIRECS;67.0;4
77300;BOT_TAKER;BOT_MAKER;VEV_6500;XIRECS;1.0;3
77500;BOT_TAKER;BOT_MAKER;VELVETFRUIT_EXTRACT;XIRECS;5310.0;5
77500;BOT_TAKER;BOT_MAKER;VEV_5500;XIRECS;6.0;5
77700;BOT_MAKER;BOT_TAKER;VELVETFRUIT_EXTRACT;XIRECS;5303.0;6
77700;BOT_TAKER;BOT_MAKER;VEV_5500;XIRECS;6.0;5
77800;BOT_MAKER;BOT_TAKER;HYDROGEL_PACK;XIRECS;10003.0;5
77800;BOT_TAKER;BOT_MAKER;VELVETFRUIT_EXTRACT;XIRECS;5309.0;6
77900;BOT_TAKER;SUBMISSION;VELVETFRUIT_EXTRACT;XIRECS;5309.0;5
77900;BOT_TAKER;BOT_MAKER;VELVETFRUIT_EXTRACT;XIRECS;5310.0;3
78000;BOT_MAKER;BOT_TAKER;VELVETFRUIT_EXTRACT;XIRECS;5304.0;4
78100;BOT_TAKER;BOT_MAKER;VELVETFRUIT_EXTRACT;XIRECS;5309.0;8
78100;BOT_MAKER;BOT_TAKER;VEV_5300;XIRECS;64.0;3
78100;BOT_MAKER;BOT_TAKER;VEV_5500;XIRECS;5.0;4
78100;SUBMISSION;BOT_TAKER;HYDROGEL_PACK;XIRECS;10009.0;5
78100;BOT_MAKER;BOT_TAKER;HYDROGEL_PACK;XIRECS;10008.0;1
78200;BOT_TAKER;BOT_MAKER;VEV_6500;XIRECS;1.0;4
78200;SUBMISSION;BOT_TAKER;ASH_COATED_OSMIUM;XIRECS;9994.0;5
78300;BOT_TAKER;BOT_MAKER;VELVETFRUIT_EXTRACT;XIRECS;5310.0;9
78400;BOT_MAKER;BOT_TAKER;VEV_5400;XIRECS;14.0;2
78500;BOT_TAKER;BOT_MAKER;VELVETFRUIT_EXTRACT;XIRECS;5312.0;4
78500;BOT_MAKER;BOT_TAKER;VEV_4000;XIRECS;1262.0;3
78600;SUBMISSION;BOT_TAKER;ASH_COATED_OSMIUM;XIRECS;9992.0;9
78700;BOT_TAKER;BOT_MAKER;VELVETFRUIT_EXTRACT;XIRECS;5310.0;4
78800;BOT_TAKER;BOT_MAKER;VELVETFRUIT_EXTRACT;XIRECS;5311.0;9
78800;BOT_TAKER;BOT_MAKER;VEV_5500;XIRECS;6.0;3
78800;BOT_TAKER;BOT_MAKER;VEV_6000;XIRECS;1.0;3
78800;BOT_TAKER;SUBMISSION;VELVETFRUIT_EXTRACT;XIRECS;5310.0;5
78800;BOT_TAKER;BOT_MAKER;VELVETFRUIT_EXTRACT;XIRECS;5311.0;3
78900;BOT_TAKER;BOT_MAKER;VELVETFRUIT_EXTRACT;XIRECS;5311.0;5
78900;BOT_MAKER;BOT_TAKER;VEV_5300;XIRECS;63.0;4
79000;BOT_TAKER;BOT_MAKER;VELVETFRUIT_EXTRACT;XIRECS;5310.0;5
79100;BOT_MAKER;BOT_TAKER;VELVETFRUIT_EXTRACT;XIRECS;5306.0;7
79100;BOT_TAKER;BOT_MAKER;VEV_4000;XIRECS;1280.0;2
79100;BOT_TAKER;BOT_MAKER;VEV_6000;XIRECS;1.0;2
79200;BOT_MAKER;BOT_TAKER;VELVETFRUIT_EXTRACT;XIRECS;5304.0;5
79200;BOT_TAKER;BOT_MAKER;VEV_4000;XIRECS;1280.0;1
79200;BOT_TAKER;BOT_MAKER;VEV_6000;XIRECS;1.0;2
79300;BOT_TAKER;BOT_MAKER;HYDROGEL_PACK;XIRECS;10013.0;2
79400;BOT_TAKER;BOT_MAKER;VELVETFRUIT_EXTRACT;XIRECS;5311.0;6
79500;BOT_TAKER;BOT_MAKER;VELVETFRUIT_EXTRACT;XIRECS;5310.0;4
79600;BOT_TAKER;BOT_MAKER;HYDROGEL_PACK;XIRECS;10012.0;6
79700;BOT_MAKER;BOT_TAKER;HYDROGEL_PACK;XIRECS;9998.0;2
79700;BOT_MAKER;BOT_TAKER;VEV_5500;XIRECS;4.0;5
79800;BOT_MAKER;BOT_TAKER;VEV_5400;XIRECS;13.0;3
79800;BOT_TAKER;BOT_MAKER;VEV_6000;XIRECS;1.0;3
79900;BOT_TAKER;BOT_MAKER;VEV_5300;XIRECS;67.0;3
79900;BOT_TAKER;BOT_MAKER;VEV_5300;XIRECS;67.0;2
79900;BOT_TAKER;BOT_MAKER;VEV_6000;XIRECS;1.0;2
79900;SUBMISSION;BOT_TAKER;ASH_COATED_OSMIUM;XIRECS;9994.0;5
80000;BOT_TAKER;BOT_MAKER;ASH_COATED_OSMIUM;XIRECS;10009.0;6
80100;BOT_TAKER;BOT_MAKER;VELVETFRUIT_EXTRACT;XIRECS;5305.0;3
80100;BOT_TAKER;BOT_MAKER;VEV_6500;XIRECS;1.0;3
80200;BOT_TAKER;BOT_MAKER;VELVETFRUIT_EXTRACT;XIRECS;5304.0;7
80200;SUBMISSION;BOT_TAKER;VELVETFRUIT_EXTRACT;XIRECS;5300.0;4
80400;BOT_MAKER;BOT_TAKER;VELVETFRUIT_EXTRACT;XIRECS;5300.0;4
80500;BOT_TAKER;BOT_MAKER;INTARIAN_PEPPER_ROOT;XIRECS;13088.0;6
80600;BOT_MAKER;BOT_TAKER;VEV_4000;XIRECS;1257.0;3
80600;BOT_TAKER;BOT_MAKER;VEV_5400;XIRECS;14.0;5
80700;BOT_MAKER;BOT_TAKER;HYDROGEL_PACK;XIRECS;10000.0;5
80700;BOT_TAKER;BOT_MAKER;VELVETFRUIT_EXTRACT;XIRECS;5304.0;7
80800;BOT_TAKER;BOT_MAKER;ASH_COATED_OSMIUM;XIRECS;10009.0;6
80800;BOT_TAKER;BOT_MAKER;VELVETFRUIT_EXTRACT;XIRECS;5305.0;8
80800;BOT_TAKER;SUBMISSION;HYDROGEL_PACK;XIRECS;10016.0;4
80800;BOT_TAKER;SUBMISSION;VEV_4000;XIRECS;1275.0;2
80900;BOT_TAKER;BOT_MAKER;HYDROGEL_PACK;XIRECS;10016.0;5
80900;BOT_TAKER;BOT_MAKER;VEV_6000;XIRECS;1.0;5
80900;BOT_TAKER;SUBMISSION;INTARIAN_PEPPER_ROOT;XIRECS;13089.0;5
81000;SUBMISSION;BOT;ASH_COATED_OSMIUM;XIRECS;9999.0;4
81000;SUBMISSION;BOT;INTARIAN_PEPPER_ROOT;XIRECS;13088.0;5
81100;BOT_MAKER;BOT_TAKER;VELVETFRUIT_EXTRACT;XIRECS;5301.0;3
81200;BOT_TAKER;BOT_MAKER;HYDROGEL_PACK;XIRECS;10014.0;4
81200;BOT_TAKER;BOT_MAKER;VELVETFRUIT_EXTRACT;XIRECS;5306.0;4
81200;BOT_MAKER;BOT_TAKER;VELVETFRUIT_EXTRACT;XIRECS;5301.0;6
81300;BOT_TAKER;BOT_MAKER;INTARIAN_PEPPER_ROOT;XIRECS;13088.0;3
81300;BOT_MAKER;BOT_TAKER;VELVETFRUIT_EXTRACT;XIRECS;5301.0;14
81300;BOT_TAKER;BOT_MAKER;VEV_5400;XIRECS;16.0;4
81400;BOT_TAKER;BOT_MAKER;VELVETFRUIT_EXTRACT;XIRECS;5309.0;6
81400;BOT_MAKER;BOT_TAKER;VEV_6000;XIRECS;0.0;2
81500;BOT_MAKER;BOT_TAKER;VEV_5500;XIRECS;4.0;2
81500;BOT_TAKER;BOT_MAKER;VEV_6500;XIRECS;1.0;3
81600;BOT_TAKER;BOT_MAKER;VELVETFRUIT_EXTRACT;XIRECS;5307.0;5
81700;BOT;SUBMISSION;ASH_COATED_OSMIUM;XIRECS;10003.0;7
81700;BOT_TAKER;SUBMISSION;VELVETFRUIT_EXTRACT;XIRECS;5305.0;5
81700;BOT_TAKER;BOT_MAKER;VELVETFRUIT_EXTRACT;XIRECS;5306.0;2
81800;BOT_TAKER;BOT_MAKER;HYDROGEL_PACK;XIRECS;10003.0;5
81900;BOT_MAKER;BOT_TAKER;HYDROGEL_PACK;XIRECS;9989.0;4
81900;BOT_TAKER;BOT_MAKER;VEV_5300;XIRECS;66.0;4
82000;BOT_TAKER;BOT_MAKER;HYDROGEL_PACK;XIRECS;10005.0;3
82000;BOT_MAKER;BOT_TAKER;VELVETFRUIT_EXTRACT;XIRECS;5303.0;6
82000;BOT_TAKER;BOT_MAKER;VEV_5500;XIRECS;5.0;4
82100;BOT_MAKER;BOT_TAKER;VEV_5500;XIRECS;4.0;4
82300;BOT_TAKER;BOT_MAKER;VELVETFRUIT_EXTRACT;XIRECS;5308.0;5
82300;BOT_MAKER;BOT_TAKER;VEV_4000;XIRECS;1250.0;1
82500;BOT_MAKER;BOT_TAKER;HYDROGEL_PACK;XIRECS;9987.0;4
82500;BOT_MAKER;BOT_TAKER;VEV_6000;XIRECS;0.0;5
82600;BOT_MAKER;BOT_TAKER;VELVETFRUIT_EXTRACT;XIRECS;5303.0;5
82600;BOT_TAKER;BOT_MAKER;VELVETFRUIT_EXTRACT;XIRECS;5309.0;3
82600;BOT_MAKER;BOT_TAKER;VEV_4000;XIRECS;1250.0;2
82800;BOT_TAKER;BOT_MAKER;VELVETFRUIT_EXTRACT;XIRECS;5309.0;5
82900;BOT_MAKER;BOT_TAKER;HYDROGEL_PACK;XIRECS;9984.0;3
82900;BOT_MAKER;BOT_TAKER;VELVETFRUIT_EXTRACT;XIRECS;5304.0;7
82900;BOT_MAKER;BOT_TAKER;VEV_6500;XIRECS;0.0;2
83000;BOT_TAKER;BOT_MAKER;HYDROGEL_PACK;XIRECS;9996.0;6
83000;BOT_TAKER;BOT_MAKER;VELVETFRUIT_EXTRACT;XIRECS;5308.0;3
83000;BOT_TAKER;BOT_MAKER;VEV_5300;XIRECS;65.0;2
83000;BOT_TAKER;BOT_MAKER;VEV_5500;XIRECS;5.0;4
83000;BOT_TAKER;SUBMISSION;ASH_COATED_OSMIUM;XIRECS;10011.0;6
83100;BOT_MAKER;BOT_TAKER;HYDROGEL_PACK;XIRECS;9982.0;3
83100;SUBMISSION;BOT_TAKER;ASH_COATED_OSMIUM;XIRECS;9995.0;9
83200;BOT_MAKER;BOT_TAKER;VEV_4000;XIRECS;1247.0;2
83200;BOT_TAKER;SUBMISSION;VELVETFRUIT_EXTRACT;XIRECS;5309.0;5
83300;BOT_TAKER;BOT_MAKER;VELVETFRUIT_EXTRACT;XIRECS;5311.0;5
83300;BOT_MAKER;BOT_TAKER;VELVETFRUIT_EXTRACT;XIRECS;5306.0;6
83300;BOT_TAKER;BOT_MAKER;VEV_5300;XIRECS;63.0;2
83300;BOT_TAKER;BOT_MAKER;VEV_5400;XIRECS;15.0;5
83300;BOT_TAKER;SUBMISSION;HYDROGEL_PACK;XIRECS;9999.0;5
83400;BOT_MAKER;BOT_TAKER;VEV_4000;XIRECS;1249.0;2
83500;BOT_MAKER;BOT_TAKER;INTARIAN_PEPPER_ROOT;XIRECS;13076.0;3
83500;BOT_MAKER;BOT_TAKER;VELVETFRUIT_EXTRACT;XIRECS;5305.0;4
83500;BOT_MAKER;BOT_TAKER;VEV_6000;XIRECS;0.0;5
83600;BOT_MAKER;BOT_TAKER;VELVETFRUIT_EXTRACT;XIRECS;5304.0;6
83600;SUBMISSION;BOT;ASH_COATED_OSMIUM;XIRECS;9999.0;6
83700;BOT_TAKER;BOT_MAKER;HYDROGEL_PACK;XIRECS;9996.0;5
83800;BOT_MAKER;BOT_TAKER;VEV_4000;XIRECS;1251.0;2
83800;SUBMISSION;BOT_TAKER;VELVETFRUIT_EXTRACT;XIRECS;5304.0;5
83800;BOT_MAKER;BOT_TAKER;VELVETFRUIT_EXTRACT;XIRECS;5303.0;10
83900;BOT_MAKER;BOT_TAKER;VELVETFRUIT_EXTRACT;XIRECS;5303.0;7
84000;BOT_MAKER;BOT_TAKER;VELVETFRUIT_EXTRACT;XIRECS;5304.0;6
84000;BOT_MAKER;BOT_TAKER;VEV_4000;XIRECS;1251.0;2
84100;BOT_TAKER;BOT_MAKER;HYDROGEL_PACK;XIRECS;9992.0;6
84100;BOT_MAKER;BOT_TAKER;HYDROGEL_PACK;XIRECS;9976.0;4
84200;BOT_TAKER;SUBMISSION;VELVETFRUIT_EXTRACT;XIRECS;5310.0;4
84300;BOT_TAKER;BOT_MAKER;ASH_COATED_OSMIUM;XIRECS;10011.0;6
84300;BOT_TAKER;BOT_MAKER;INTARIAN_PEPPER_ROOT;XIRECS;13091.0;6
84400;BOT_TAKER;SUBMISSION;VELVETFRUIT_EXTRACT;XIRECS;5309.0;5
84600;BOT_TAKER;BOT_MAKER;HYDROGEL_PACK;XIRECS;9991.0;3
84600;SUBMISSION;BOT_TAKER;VELVETFRUIT_EXTRACT;XIRECS;5307.0;5
84700;BOT_MAKER;BOT_TAKER;ASH_COATED_OSMIUM;XIRECS;9995.0;5
84700;BOT_MAKER;BOT_TAKER;VEV_6000;XIRECS;0.0;4
84800;SUBMISSION;BOT_TAKER;HYDROGEL_PACK;XIRECS;9981.0;5
84800;BOT_MAKER;BOT_TAKER;HYDROGEL_PACK;XIRECS;9980.0;1
84900;BOT_MAKER;BOT_TAKER;HYDROGEL_PACK;XIRECS;9979.0;3
84900;BOT_MAKER;BOT_TAKER;VELVETFRUIT_EXTRACT;XIRECS;5305.0;5
84900;BOT_TAKER;BOT_MAKER;VEV_5300;XIRECS;64.0;3
85000;BOT_MAKER;BOT_TAKER;VELVETFRUIT_EXTRACT;XIRECS;5305.0;7
85100;BOT_MAKER;BOT_TAKER;HYDROGEL_PACK;XIRECS;9979.0;3
85100;BOT_TAKER;BOT_MAKER;INTARIAN_PEPPER_ROOT;XIRECS;13095.0;6
85100;BOT_TAKER;BOT_MAKER;VEV_5500;XIRECS;5.0;2
85100;BOT_TAKER;SUBMISSION;VELVETFRUIT_EXTRACT;XIRECS;5308.0;5
85100;BOT_TAKER;BOT_MAKER;VELVETFRUIT_EXTRACT;XIRECS;5309.0;3
85200;BOT_TAKER;BOT_MAKER;VELVETFRUIT_EXTRACT;XIRECS;5308.0;6
85200;BOT_MAKER;BOT_TAKER;VELVETFRUIT_EXTRACT;XIRECS;5303.0;6
85300;BOT_TAKER;BOT_MAKER;VELVETFRUIT_EXTRACT;XIRECS;5307.0;4
85500;SUBMISSION;BOT;ASH_COATED_OSMIUM;XIRECS;10000.0;5
85600;BOT_TAKER;BOT_MAKER;HYDROGEL_PACK;XIRECS;10001.0;2
85700;BOT_MAKER;BOT_TAKER;HYDROGEL_PACK;XIRECS;9985.0;5
85700;BOT_TAKER;BOT_MAKER;VELVETFRUIT_EXTRACT;XIRECS;5305.0;8
85700;BOT_TAKER;BOT_MAKER;VELVETFRUIT_EXTRACT;XIRECS;5305.0;6
85700;SUBMISSION;BOT_TAKER;VELVETFRUIT_EXTRACT;XIRECS;5300.0;5
85700;BOT_MAKER;BOT_TAKER;VELVETFRUIT_EXTRACT;XIRECS;5299.0;2
85800;BOT_TAKER;BOT_MAKER;VEV_4000;XIRECS;1265.0;1
85800;BOT_TAKER;BOT_MAKER;VEV_6500;XIRECS;1.0;5
86000;BOT_MAKER;BOT_TAKER;VEV_5300;XIRECS;62.0;4
86000;SUBMISSION;BOT_TAKER;HYDROGEL_PACK;XIRECS;9989.0;2
86100;BOT_MAKER;BOT_TAKER;HYDROGEL_PACK;XIRECS;9987.0;2
86100;SUBMISSION;BOT_TAKER;HYDROGEL_PACK;XIRECS;9988.0;5
86100;BOT_MAKER;BOT_TAKER;HYDROGEL_PACK;XIRECS;9987.0;1
86200;BOT_TAKER;BOT_MAKER;VELVETFRUIT_EXTRACT;XIRECS;5303.0;3
86300;BOT_TAKER;BOT_MAKER;HYDROGEL_PACK;XIRECS;10006.0;4
86300;BOT_MAKER;BOT_TAKER;VEV_5500;XIRECS;3.0;2
86400;BOT_MAKER;BOT_TAKER;HYDROGEL_PACK;XIRECS;9989.0;2
86400;BOT_MAKER;BOT_TAKER;VELVETFRUIT_EXTRACT;XIRECS;5298.0;5
86400;BOT_TAKER;BOT_MAKER;VEV_6500;XIRECS;1.0;5
86500;BOT_TAKER;BOT_MAKER;ASH_COATED_OSMIUM;XIRECS;10015.0;6
86500;BOT_TAKER;BOT_MAKER;VELVETFRUIT_EXTRACT;XIRECS;5303.0;4
86600;BOT_MAKER;BOT_TAKER;VEV_5400;XIRECS;14.0;2
86700;BOT_TAKER;BOT_MAKER;HYDROGEL_PACK;XIRECS;10009.0;4
86800;BOT_MAKER;BOT_TAKER;VEV_6000;XIRECS;0.0;4
86800;BOT_TAKER;SUBMISSION;HYDROGEL_PACK;XIRECS;10008.0;2
86900;BOT_MAKER;BOT_TAKER;VELVETFRUIT_EXTRACT;XIRECS;5298.0;4
86900;BOT_MAKER;BOT_TAKER;VEV_6500;XIRECS;0.0;2
86900;BOT_TAKER;SUBMISSION;VELVETFRUIT_EXTRACT;XIRECS;5303.0;5
86900;BOT_TAKER;BOT_MAKER;VELVETFRUIT_EXTRACT;XIRECS;5304.0;3
87000;BOT_TAKER;BOT_MAKER;HYDROGEL_PACK;XIRECS;10010.0;2
87000;BOT_TAKER;BOT_MAKER;VEV_5500;XIRECS;4.0;5
87100;BOT_TAKER;BOT_MAKER;HYDROGEL_PACK;XIRECS;10010.0;3
87100;BOT_MAKER;BOT_TAKER;VELVETFRUIT_EXTRACT;XIRECS;5297.0;5
87200;BOT_MAKER;BOT_TAKER;HYDROGEL_PACK;XIRECS;9995.0;4
87300;BOT_TAKER;BOT_MAKER;VEV_6500;XIRECS;1.0;2
87400;BOT_TAKER;BOT_MAKER;HYDROGEL_PACK;XIRECS;10014.0;2
87400;BOT_TAKER;BOT_MAKER;VEV_5500;XIRECS;4.0;2
87400;BOT_MAKER;BOT_TAKER;VEV_6500;XIRECS;0.0;5
87500;BOT_MAKER;BOT_TAKER;HYDROGEL_PACK;XIRECS;9997.0;5
87500;BOT_MAKER;BOT_TAKER;VELVETFRUIT_EXTRACT;XIRECS;5297.0;4
87600;BOT_MAKER;BOT_TAKER;VEV_4000;XIRECS;1242.0;3
87600;BOT_MAKER;BOT_TAKER;VEV_5500;XIRECS;3.0;5
87600;BOT_TAKER;BOT_MAKER;VEV_5500;XIRECS;4.0;4
87700;BOT_TAKER;BOT_MAKER;VELVETFRUIT_EXTRACT;XIRECS;5302.0;8
87800;BOT_TAKER;BOT_MAKER;VELVETFRUIT_EXTRACT;XIRECS;5304.0;4
87900;BOT_TAKER;BOT_MAKER;HYDROGEL_PACK;XIRECS;10019.0;6
87900;BOT_TAKER;BOT_MAKER;HYDROGEL_PACK;XIRECS;10019.0;6
87900;BOT_MAKER;BOT_TAKER;VEV_5500;XIRECS;3.0;5
87900;BOT_TAKER;SUBMISSION;VELVETFRUIT_EXTRACT;XIRECS;5302.0;5
87900;BOT_TAKER;BOT_MAKER;VELVETFRUIT_EXTRACT;XIRECS;5303.0;2
88000;BOT_MAKER;BOT_TAKER;VEV_6500;XIRECS;0.0;2
88000;SUBMISSION;BOT_TAKER;ASH_COATED_OSMIUM;XIRECS;9994.0;5
88100;BOT_MAKER;BOT_TAKER;HYDROGEL_PACK;XIRECS;10003.0;2
88100;BOT_TAKER;BOT_MAKER;VEV_6000;XIRECS;1.0;4
88200;BOT_TAKER;BOT_MAKER;HYDROGEL_PACK;XIRECS;10020.0;6
88200;BOT_TAKER;BOT_MAKER;VELVETFRUIT_EXTRACT;XIRECS;5304.0;3
88400;BOT_MAKER;BOT_TAKER;ASH_COATED_OSMIUM;XIRECS;9995.0;10
88400;BOT_TAKER;BOT_MAKER;HYDROGEL_PACK;XIRECS;10019.0;4
88500;BOT_TAKER;BOT_MAKER;VELVETFRUIT_EXTRACT;XIRECS;5305.0;3
88500;BOT_MAKER;BOT_TAKER;VEV_5300;XIRECS;65.0;3
88500;BOT_MAKER;BOT_TAKER;VEV_5500;XIRECS;3.0;4
88600;BOT_TAKER;BOT_MAKER;VELVETFRUIT_EXTRACT;XIRECS;5306.0;8
88600;BOT_TAKER;SUBMISSION;ASH_COATED_OSMIUM;XIRECS;10013.0;8
88600;BOT_TAKER;SUBMISSION;VELVETFRUIT_EXTRACT;XIRECS;5305.0;4
88700;BOT_TAKER;BOT_MAKER;HYDROGEL_PACK;XIRECS;10020.0;5
88700;BOT_MAKER;BOT_TAKER;VEV_4000;XIRECS;1240.0;2
88700;BOT_MAKER;BOT_TAKER;VEV_6500;XIRECS;0.0;2
88800;BOT_MAKER;BOT_TAKER;VELVETFRUIT_EXTRACT;XIRECS;5301.0;9
88800;BOT_TAKER;BOT_MAKER;VEV_6500;XIRECS;1.0;4
88900;BOT_MAKER;BOT_TAKER;VEV_5400;XIRECS;16.0;5
88900;BOT_TAKER;SUBMISSION;HYDROGEL_PACK;XIRECS;10023.0;2
88900;BOT_MAKER;BOT_TAKER;INTARIAN_PEPPER_ROOT;XIRECS;13082.0;6
89000;BOT_TAKER;BOT_MAKER;HYDROGEL_PACK;XIRECS;10024.0;3
89100;BOT_MAKER;BOT_TAKER;VELVETFRUIT_EXTRACT;XIRECS;5300.0;10
89100;BOT_MAKER;BOT_TAKER;VELVETFRUIT_EXTRACT;XIRECS;5300.0;4
89100;BOT_MAKER;BOT_TAKER;VEV_6000;XIRECS;0.0;5
89200;BOT_MAKER;BOT_TAKER;VELVETFRUIT_EXTRACT;XIRECS;5299.0;4
89200;BOT_TAKER;BOT_MAKER;VEV_6500;XIRECS;1.0;4
89400;BOT_MAKER;BOT_TAKER;HYDROGEL_PACK;XIRECS;10006.0;6
89400;BOT_MAKER;BOT_TAKER;VEV_5500;XIRECS;3.0;2
89500;BOT_MAKER;BOT_TAKER;VELVETFRUIT_EXTRACT;XIRECS;5302.0;8
89500;BOT_TAKER;BOT_MAKER;VEV_6500;XIRECS;1.0;5
89500;SUBMISSION;BOT_TAKER;ASH_COATED_OSMIUM;XIRECS;9996.0;5
89600;BOT_TAKER;BOT_MAKER;VELVETFRUIT_EXTRACT;XIRECS;5308.0;8
89600;BOT_MAKER;BOT_TAKER;VEV_4000;XIRECS;1237.0;1
89700;BOT_TAKER;BOT_MAKER;VELVETFRUIT_EXTRACT;XIRECS;5307.0;12
89800;BOT_TAKER;BOT_MAKER;VELVETFRUIT_EXTRACT;XIRECS;5307.0;3
89800;BOT_MAKER;BOT_TAKER;VEV_6500;XIRECS;0.0;5
89800;SUBMISSION;BOT_TAKER;VELVETFRUIT_EXTRACT;XIRECS;5302.0;5
89800;BOT_MAKER;BOT_TAKER;VELVETFRUIT_EXTRACT;XIRECS;5301.0;1
89900;BOT_MAKER;BOT_TAKER;VELVETFRUIT_EXTRACT;XIRECS;5302.0;8
90000;BOT_TAKER;BOT_MAKER;VELVETFRUIT_EXTRACT;XIRECS;5307.0;8
90100;BOT_TAKER;BOT_MAKER;HYDROGEL_PACK;XIRECS;10032.0;6
90100;BOT_TAKER;BOT_MAKER;VELVETFRUIT_EXTRACT;XIRECS;5307.0;5
90100;BOT_TAKER;BOT_MAKER;VEV_4000;XIRECS;1258.0;2
90200;BOT_MAKER;BOT_TAKER;VELVETFRUIT_EXTRACT;XIRECS;5303.0;5
90300;BOT_MAKER;BOT_TAKER;ASH_COATED_OSMIUM;XIRECS;9995.0;2
90400;BOT_TAKER;BOT_MAKER;VEV_5300;XIRECS;65.0;3
90500;BOT_MAKER;BOT_TAKER;ASH_COATED_OSMIUM;XIRECS;9995.0;4
90500;BOT_TAKER;BOT_MAKER;VELVETFRUIT_EXTRACT;XIRECS;5305.0;6
90700;BOT_TAKER;BOT_MAKER;VELVETFRUIT_EXTRACT;XIRECS;5303.0;8
90800;BOT_TAKER;BOT_MAKER;HYDROGEL_PACK;XIRECS;10032.0;2
90900;BOT_TAKER;BOT_MAKER;HYDROGEL_PACK;XIRECS;10031.0;2
90900;BOT_MAKER;BOT_TAKER;VEV_5500;XIRECS;3.0;3
91000;BOT_MAKER;BOT_TAKER;HYDROGEL_PACK;XIRECS;10016.0;6
91000;BOT_MAKER;BOT_TAKER;VEV_5300;XIRECS;61.0;5
91100;BOT_TAKER;BOT_MAKER;HYDROGEL_PACK;XIRECS;10031.0;3
91100;SUBMISSION;BOT_TAKER;VELVETFRUIT_EXTRACT;XIRECS;5302.0;5
91100;BOT_MAKER;BOT_TAKER;VELVETFRUIT_EXTRACT;XIRECS;5301.0;9
91200;BOT_MAKER;BOT_TAKER;VELVETFRUIT_EXTRACT;XIRECS;5301.0;6
91300;BOT_MAKER;BOT_TAKER;HYDROGEL_PACK;XIRECS;10012.0;6
91300;BOT_MAKER;BOT_TAKER;VELVETFRUIT_EXTRACT;XIRECS;5300.0;6
91400;BOT_TAKER;BOT_MAKER;HYDROGEL_PACK;XIRECS;10028.0;2
91400;BOT_MAKER;BOT_TAKER;VELVETFRUIT_EXTRACT;XIRECS;5300.0;3
91400;BOT_TAKER;BOT_MAKER;VELVETFRUIT_EXTRACT;XIRECS;5306.0;11
91500;BOT_MAKER;BOT_TAKER;VELVETFRUIT_EXTRACT;XIRECS;5301.0;6
91600;BOT_TAKER;BOT_MAKER;ASH_COATED_OSMIUM;XIRECS;10013.0;5
91600;BOT_TAKER;SUBMISSION;HYDROGEL_PACK;XIRECS;10024.0;4
91700;BOT_TAKER;BOT_MAKER;HYDROGEL_PACK;XIRECS;10025.0;3
91900;BOT_MAKER;BOT_TAKER;VEV_5400;XIRECS;16.0;2
91900;BOT_MAKER;BOT_TAKER;VEV_6000;XIRECS;0.0;3
91900;BOT_TAKER;BOT_MAKER;VEV_6500;XIRECS;1.0;4
91900;BOT_TAKER;SUBMISSION;VELVETFRUIT_EXTRACT;XIRECS;5306.0;5
91900;BOT_TAKER;BOT_MAKER;VELVETFRUIT_EXTRACT;XIRECS;5307.0;1
92000;BOT_MAKER;BOT_TAKER;VELVETFRUIT_EXTRACT;XIRECS;5302.0;8
92100;BOT_MAKER;BOT_TAKER;VELVETFRUIT_EXTRACT;XIRECS;5304.0;4
92200;BOT_MAKER;BOT_TAKER;VELVETFRUIT_EXTRACT;XIRECS;5303.0;6
92200;BOT_MAKER;BOT_TAKER;VEV_6000;XIRECS;0.0;5
92500;BOT_TAKER;BOT_MAKER;HYDROGEL_PACK;XIRECS;10034.0;4
92500;BOT_TAKER;BOT_MAKER;VEV_4000;XIRECS;1250.0;3
92500;BOT_TAKER;BOT_MAKER;VEV_5500;XIRECS;5.0;3
92500;BOT;SUBMISSION;ASH_COATED_OSMIUM;XIRECS;10004.0;9
92600;BOT_MAKER;BOT_TAKER;HYDROGEL_PACK;XIRECS;10017.0;3
92600;BOT_TAKER;BOT_MAKER;VELVETFRUIT_EXTRACT;XIRECS;5312.0;6
92600;BOT_MAKER;BOT_TAKER;VEV_6500;XIRECS;0.0;3
92700;BOT_MAKER;BOT_TAKER;HYDROGEL_PACK;XIRECS;10015.0;3
92700;BOT_MAKER;BOT_TAKER;VEV_5500;XIRECS;4.0;4
92700;BOT_TAKER;BOT_MAKER;VEV_5500;XIRECS;5.0;3
92800;BOT_TAKER;SUBMISSION;VELVETFRUIT_EXTRACT;XIRECS;5309.0;3
92900;BOT_TAKER;BOT_MAKER;HYDROGEL_PACK;XIRECS;10030.0;6
93000;BOT_MAKER;BOT_TAKER;HYDROGEL_PACK;XIRECS;10015.0;3
93000;BOT_TAKER;BOT_MAKER;INTARIAN_PEPPER_ROOT;XIRECS;13100.0;6
93000;BOT_TAKER;BOT_MAKER;VELVETFRUIT_EXTRACT;XIRECS;5310.0;4
93000;BOT;SUBMISSION;ASH_COATED_OSMIUM;XIRECS;10004.0;10
93000;BOT_TAKER;SUBMISSION;ASH_COATED_OSMIUM;XIRECS;10004.0;3
93000;BOT_TAKER;SUBMISSION;VELVETFRUIT_EXTRACT;XIRECS;5309.0;5
93100;BOT_TAKER;BOT_MAKER;VELVETFRUIT_EXTRACT;XIRECS;5309.0;6
93100;BOT_MAKER;BOT_TAKER;VEV_5300;XIRECS;60.0;4
93100;BOT_TAKER;SUBMISSION;HYDROGEL_PACK;XIRECS;10029.0;3
93200;BOT_MAKER;BOT_TAKER;HYDROGEL_PACK;XIRECS;10014.0;6
93200;BOT_TAKER;BOT_MAKER;VELVETFRUIT_EXTRACT;XIRECS;5309.0;8
93300;BOT_MAKER;BOT_TAKER;VEV_4000;XIRECS;1233.0;1
93400;BOT_TAKER;BOT_MAKER;VELVETFRUIT_EXTRACT;XIRECS;5308.0;8
93500;BOT_MAKER;BOT_TAKER;VEV_5300;XIRECS;60.0;2
93600;BOT_TAKER;BOT_MAKER;VELVETFRUIT_EXTRACT;XIRECS;5311.0;3
93600;BOT_MAKER;BOT_TAKER;VEV_5400;XIRECS;16.0;3
93600;BOT_MAKER;BOT_TAKER;VEV_6000;XIRECS;0.0;5
93700;BOT_TAKER;BOT_MAKER;VELVETFRUIT_EXTRACT;XIRECS;5311.0;8
93800;BOT_TAKER;SUBMISSION;VELVETFRUIT_EXTRACT;XIRECS;5311.0;3
93900;BOT_MAKER;BOT_TAKER;INTARIAN_PEPPER_ROOT;XIRECS;13087.0;3
93900;BOT_TAKER;BOT_MAKER;VELVETFRUIT_EXTRACT;XIRECS;5309.0;3
94000;BOT_MAKER;BOT_TAKER;VELVETFRUIT_EXTRACT;XIRECS;5305.0;8
94000;SUBMISSION;BOT_TAKER;ASH_COATED_OSMIUM;XIRECS;9995.0;5
94100;BOT_TAKER;BOT_MAKER;VELVETFRUIT_EXTRACT;XIRECS;5311.0;10
94100;BOT_TAKER;BOT_MAKER;VELVETFRUIT_EXTRACT;XIRECS;5311.0;4
94100;BOT_TAKER;BOT_MAKER;VEV_6000;XIRECS;1.0;5
94300;BOT_MAKER;BOT_TAKER;VELVETFRUIT_EXTRACT;XIRECS;5306.0;6
94400;BOT_TAKER;BOT_MAKER;HYDROGEL_PACK;XIRECS;10030.0;5
94400;SUBMISSION;BOT_TAKER;ASH_COATED_OSMIUM;XIRECS;9996.0;5
94500;BOT_TAKER;BOT_MAKER;VELVETFRUIT_EXTRACT;XIRECS;5311.0;6
94500;BOT_MAKER;BOT_TAKER;VEV_6000;XIRECS;0.0;2
94600;BOT_TAKER;BOT_MAKER;HYDROGEL_PACK;XIRECS;10030.0;6
94700;BOT_TAKER;BOT_MAKER;VELVETFRUIT_EXTRACT;XIRECS;5312.0;4
94800;BOT_MAKER;BOT_TAKER;VELVETFRUIT_EXTRACT;XIRECS;5307.0;8
94800;BOT_TAKER;BOT_MAKER;VEV_5400;XIRECS;18.0;4
94800;BOT_TAKER;SUBMISSION;ASH_COATED_OSMIUM;XIRECS;10010.0;3
94800;BOT_TAKER;BOT_MAKER;INTARIAN_PEPPER_ROOT;XIRECS;13102.0;7
95000;BOT_TAKER;BOT_MAKER;HYDROGEL_PACK;XIRECS;10033.0;2
95100;BOT_TAKER;BOT_MAKER;HYDROGEL_PACK;XIRECS;10031.0;5
95100;BOT_MAKER;BOT_TAKER;VELVETFRUIT_EXTRACT;XIRECS;5307.0;6
95100;SUBMISSION;BOT_TAKER;HYDROGEL_PACK;XIRECS;10013.0;2
95200;BOT_TAKER;BOT_MAKER;HYDROGEL_PACK;XIRECS;10034.0;3
95300;BOT_TAKER;BOT_MAKER;VEV_5500;XIRECS;5.0;4
95300;BOT_TAKER;BOT_MAKER;VEV_6000;XIRECS;1.0;4
95400;BOT_TAKER;BOT_MAKER;VELVETFRUIT_EXTRACT;XIRECS;5313.0;8
95500;BOT_MAKER;BOT_TAKER;HYDROGEL_PACK;XIRECS;10018.0;6
95500;BOT_MAKER;BOT_TAKER;VELVETFRUIT_EXTRACT;XIRECS;5309.0;3
95500;BOT_MAKER;BOT_TAKER;VEV_4000;XIRECS;1235.0;1
95600;BOT_TAKER;BOT_MAKER;VEV_6500;XIRECS;1.0;2
95900;BOT_MAKER;BOT_TAKER;HYDROGEL_PACK;XIRECS;10015.0;3
96100;BOT_MAKER;BOT_TAKER;VELVETFRUIT_EXTRACT;XIRECS;5307.0;5
96200;BOT_MAKER;BOT_TAKER;VELVETFRUIT_EXTRACT;XIRECS;5308.0;6
96300;BOT_TAKER;BOT_MAKER;HYDROGEL_PACK;XIRECS;10029.0;2
96300;BOT_TAKER;SUBMISSION;HYDROGEL_PACK;XIRECS;10028.0;2
96400;SUBMISSION;BOT_TAKER;HYDROGEL_PACK;XIRECS;10016.0;3
96500;BOT_TAKER;BOT_MAKER;VELVETFRUIT_EXTRACT;XIRECS;5314.0;5
96500;BOT_TAKER;BOT_MAKER;VEV_5500;XIRECS;5.0;3
96500;BOT_TAKER;SUBMISSION;ASH_COATED_OSMIUM;XIRECS;10010.0;3
96600;BOT_MAKER;BOT_TAKER;HYDROGEL_PACK;XIRECS;10013.0;4
96700;BOT_TAKER;BOT_MAKER;VEV_5500;XIRECS;5.0;3
96700;SUBMISSION;BOT_TAKER;HYDROGEL_PACK;XIRECS;10014.0;5
96700;BOT_MAKER;BOT_TAKER;HYDROGEL_PACK;XIRECS;10013.0;1
96800;BOT_MAKER;BOT_TAKER;HYDROGEL_PACK;XIRECS;10012.0;3
96900;BOT_TAKER;BOT_MAKER;VELVETFRUIT_EXTRACT;XIRECS;5313.0;6
96900;BOT_TAKER;BOT_MAKER;VEV_4000;XIRECS;1255.0;2
96900;BOT_TAKER;BOT_MAKER;VEV_6000;XIRECS;1.0;4
96900;BOT_TAKER;SUBMISSION;ASH_COATED_OSMIUM;XIRECS;10010.0;7
97000;BOT_TAKER;BOT_MAKER;HYDROGEL_PACK;XIRECS;10031.0;6
97200;BOT_TAKER;BOT_MAKER;VELVETFRUIT_EXTRACT;XIRECS;5311.0;12
97200;BOT_MAKER;BOT_TAKER;VEV_6500;XIRECS;0.0;5
97500;BOT_MAKER;BOT_TAKER;VELVETFRUIT_EXTRACT;XIRECS;5311.0;3
97500;BOT_MAKER;BOT_TAKER;VEV_5400;XIRECS;16.0;5
97600;BOT_TAKER;BOT_MAKER;VELVETFRUIT_EXTRACT;XIRECS;5317.0;4
97800;BOT_TAKER;BOT_MAKER;VEV_6000;XIRECS;1.0;5
97800;BOT;SUBMISSION;ASH_COATED_OSMIUM;XIRECS;10004.0;6
97900;BOT_TAKER;BOT_MAKER;VELVETFRUIT_EXTRACT;XIRECS;5318.0;4
98000;BOT_TAKER;BOT_MAKER;VELVETFRUIT_EXTRACT;XIRECS;5319.0;8
98100;BOT_MAKER;BOT_TAKER;HYDROGEL_PACK;XIRECS;10016.0;4
98200;BOT_TAKER;BOT_MAKER;VEV_5500;XIRECS;4.0;3
98200;BOT_MAKER;BOT_TAKER;VEV_6000;XIRECS;0.0;4
98300;BOT_MAKER;BOT_TAKER;VEV_5500;XIRECS;3.0;5
98400;BOT_MAKER;BOT_TAKER;VELVETFRUIT_EXTRACT;XIRECS;5314.0;4
98500;BOT_MAKER;BOT_TAKER;VELVETFRUIT_EXTRACT;XIRECS;5316.0;5
98600;BOT_MAKER;BOT_TAKER;VELVETFRUIT_EXTRACT;XIRECS;5316.0;6
98600;BOT_MAKER;BOT_TAKER;VEV_6500;XIRECS;0.0;2
98700;BOT_TAKER;BOT_MAKER;VEV_6500;XIRECS;1.0;5
98700;BOT_MAKER;BOT_TAKER;VEV_6500;XIRECS;0.0;5
98800;BOT_TAKER;BOT_MAKER;VELVETFRUIT_EXTRACT;XIRECS;5320.0;4
98900;BOT_MAKER;BOT_TAKER;HYDROGEL_PACK;XIRECS;10011.0;6
98900;BOT_MAKER;BOT_TAKER;VEV_6500;XIRECS;0.0;2
98900;BOT_TAKER;SUBMISSION;HYDROGEL_PACK;XIRECS;10026.0;5
98900;BOT_TAKER;BOT_MAKER;HYDROGEL_PACK;XIRECS;10027.0;1
99000;BOT_TAKER;BOT_MAKER;ASH_COATED_OSMIUM;XIRECS;10012.0;4
99000;BOT_TAKER;BOT_MAKER;HYDROGEL_PACK;XIRECS;10025.0;5
99000;BOT_TAKER;BOT_MAKER;VELVETFRUIT_EXTRACT;XIRECS;5321.0;6
99000;BOT_TAKER;SUBMISSION;HYDROGEL_PACK;XIRECS;10024.0;5
99000;BOT_TAKER;BOT_MAKER;HYDROGEL_PACK;XIRECS;10025.0;1
99100;SUBMISSION;BOT_TAKER;VEV_4000;XIRECS;1236.0;1
99200;BOT_TAKER;BOT_MAKER;HYDROGEL_PACK;XIRECS;10027.0;2
99200;BOT_MAKER;BOT_TAKER;VELVETFRUIT_EXTRACT;XIRECS;5316.0;8
99300;BOT_TAKER;BOT_MAKER;HYDROGEL_PACK;XIRECS;10025.0;6
99300;BOT_TAKER;BOT_MAKER;VELVETFRUIT_EXTRACT;XIRECS;5322.0;4
99300;BOT_MAKER;BOT_TAKER;VELVETFRUIT_EXTRACT;XIRECS;5316.0;5
99500;BOT_MAKER;BOT_TAKER;VEV_6000;XIRECS;0.0;3
99600;BOT_TAKER;BOT_MAKER;VELVETFRUIT_EXTRACT;XIRECS;5326.0;6
99800;BOT_TAKER;BOT_MAKER;HYDROGEL_PACK;XIRECS;10024.0;5
99900;SUBMISSION;BOT_TAKER;ASH_COATED_OSMIUM;XIRECS;9996.0;10
