day;timestamp;product;bid_price_1;bid_volume_1;bid_price_2;bid_volume_2;bid_price_3;bid_volume_3;ask_price_1;ask_volume_1;ask_price_2;ask_volume_2;ask_price_3;ask_volume_3;mid_price;profit_and_loss
-2;0;HYDROGEL_PACK;9971;10;9969;23;;;9987;10;9990;23;;;9979.0;0.0
-2;0;VELVETFRUIT_EXTRACT;5260;21;5259;61;;;5265;53;;;;;5262.5;0.0
-2;0;VEV_4000;1252;14;1249;17;;;1273;14;1276;17;;;1262.5;0.0
-2;0;VEV_4500;753;8;752;19;;;772;19;;;;;762.5;0.0
-2;0;VEV_5000;263;11;262;21;;;269;11;270;20;;;266.0;0.0
-2;0;VEV_5100;172;23;;;;;177;11;178;20;;;174.5;0.0
-2;0;VEV_5200;;;;;;;102;24;;;;;102.0;0.0
-2;0;VEV_5300;49;29;;;;;;;;;;;49.0;0.0
-2;0;VEV_5400;15;25;;;;;16;19;17;18;;;15.5;0.0
-2;0;VEV_5500;6;16;;;;;7;27;;;;;6.5;0.0
-2;0;VEV_6000;0;27;;;;;1;27;;;;;0.5;0.0
-2;0;VEV_6500;0;20;;;;;1;20;;;;;0.5;0.0
-2;100;HYDROGEL_PACK;9968;10;9966;29;;;9984;10;9987;29;;;9976.0;0.0
-2;100;VELVETFRUIT_EXTRACT;5261;61;;;;;5267;54;;;;;5264.0;0.0
-2;100;VEV_4000;1252;14;1250;27;;;1274;14;1276;27;;;1263.0;0.0
-2;100;VEV_4500;755;6;753;19;;;771;6;773;19;;;763.0;0.0
-2;100;VEV_5000;263;6;;;;;269;12;270;23;;;266.0;0.0
-2;100;VEV_5100;172;21;;;;;177;31;;;;;174.5;0.0
-2;100;VEV_5200;100;26;99;26;;;102;23;;;;;101.0;0.0
-2;100;VEV_5300;49;19;;;;;51;28;;;;;50.0;0.0
-2;100;VEV_5400;;;;;;;16;7;17;26;;;16.0;0.0
-2;100;VEV_5500;6;22;;;;;7;22;;;;;6.5;0.0
-2;100;VEV_6000;0;17;;;;;1;17;;;;;0.5;0.0
-2;100;VEV_6500;0;17;;;;;1;17;;;;;0.5;0.0
-2;200;HYDROGEL_PACK;9966;13;9963;29;;;9982;13;9984;29;;;9974.0;0.0
-2;200;VELVETFRUIT_EXTRACT;5261;17;5260;61;;;5266;31;;;;;5263.5;0.0
-2;200;VEV_4000;1255;13;1253;15;;;1277;13;1279;15;;;1266.0;0.0
-2;200;VEV_4500;754;10;;;;;770;10;772;23;;;762.0;0.0
-2;200;VEV_5000;263;8;262;23;;;269;9;270;24;;;266.0;0.0
-2;200;VEV_5100;171;30;;;;;176;30;177;16;;;173.5;0.0
-2;200;VEV_5200;;;;;;;102;20;;;;;102.0;0.0
-2;200;VEV_5300;49;7;;;;;51;23;;;;;50.0;0.0
-2;200;VEV_5400;15;23;;;;;17;15;;;;;16.0;0.0
-2;200;VEV_5500;6;17;;;;;7;22;;;;;6.5;0.0
-2;200;VEV_6000;0;19;;;;;1;19;;;;;0.5;0.0
-2;200;VEV_6500;0;18;;;;;1;18;;;;;0.5;0.0
-2;300;HYDROGEL_PACK;9964;13;9962;27;;;9980;13;9983;27;;;9972.0;0.0
-2;300;VELVETFRUIT_EXTRACT;5260;17;5259;57;;;5264;17;5265;24;;;5262.0;0.0
-2;300;VEV_4000;1256;12;1254;24;;;1277;12;1280;24;;;1266.5;0.0
-2;300;VEV_4500;755;8;754;12;753;14;773;14;;;;;764.0;0.0
-2;300;VEV_5000;262;11;261;20;;;268;10;269;21;;;265.0;0.0
-2;300;VEV_5100;172;8;171;17;;;177;18;;;;;174.5;0.0
-2;300;VEV_5200;98;33;;;;;101;25;102;24;;;99.5;0.0
-2;300;VEV_5300;49;23;;;;;51;9;52;25;;;50.0;0.0
-2;300;VEV_5400;16;10;;;;;17;21;;;;;16.5;0.0
-2;300;VEV_5500;6;27;;;;;7;12;;;;;6.5;0.0
-2;300;VEV_6000;0;24;;;;;1;24;;;;;0.5;0.0
-2;300;VEV_6500;0;15;;;;;1;15;;;;;0.5;0.0
-2;400;HYDROGEL_PACK;9967;10;9964;26;;;9983;10;9985;26;;;9975.0;0.0
-2;400;VELVETFRUIT_EXTRACT;5258;32;;;;;5264;39;;;;;5261.0;0.0
-2;400;VEV_4000;1256;8;1253;29;;;1277;8;1279;29;;;1266.5;0.0
-2;400;VEV_4500;754;12;;;;;770;12;772;12;;;762.0;0.0
-2;400;VEV_5000;262;9;261;14;;;268;9;269;13;;;265.0;0.0
-2;400;VEV_5100;172;12;;;;;176;27;177;16;;;174.0;0.0
-2;400;VEV_5200;100;24;99;30;;;103;20;;;;;101.5;0.0
-2;400;VEV_5300;49;26;;;;;51;25;52;13;;;50.0;0.0
-2;400;VEV_5400;;;;;;;16;20;17;21;;;16.0;0.0
-2;400;VEV_5500;6;22;;;;;7;16;;;;;6.5;0.0
-2;400;VEV_6000;0;24;;;;;1;24;;;;;0.5;0.0
-2;400;VEV_6500;0;16;;;;;1;16;;;;;0.5;0.0
-2;500;HYDROGEL_PACK;9967;10;9965;28;;;9986;28;;;;;9976.5;0.0
-2;500;VELVETFRUIT_EXTRACT;5257;50;;;;;5263;69;;;;;5260.0;0.0
-2;500;VEV_4000;1254;7;1252;20;;;1276;7;1278;20;;;1265.0;0.0
-2;500;VEV_4500;753;11;751;19;;;769;11;771;19;;;761.0;0.0
-2;500;VEV_5000;262;12;261;13;;;268;6;269;21;;;265.0;0.0
-2;500;VEV_5100;171;7;;;;;176;20;;;;;173.5;0.0
-2;500;VEV_5200;;;;;;;102;26;103;27;;;102.0;0.0
-2;500;VEV_5300;49;28;;;;;51;22;;;;;50.0;0.0
-2;500;VEV_5400;;;;;;;17;19;;;;;17.0;0.0
-2;500;VEV_5500;6;19;;;;;7;18;;;;;6.5;0.0
-2;500;VEV_6000;0;21;;;;;1;21;;;;;0.5;0.0
-2;500;VEV_6500;0;13;;;;;1;13;;;;;0.5;0.0
-2;600;HYDROGEL_PACK;9965;15;9962;23;;;9981;15;9983;23;;;9973.0;0.0
-2;600;VELVETFRUIT_EXTRACT;5258;34;;;;;5263;23;5264;48;;;5260.5;0.0
-2;600;VEV_4000;1256;14;1254;28;;;1278;14;1280;28;;;1267.0;0.0
-2;600;VEV_4500;753;7;;;;;769;7;770;6;771;13;761.0;0.0
-2;600;VEV_5000;262;9;261;13;;;268;8;269;16;;;265.0;0.0
-2;600;VEV_5100;172;27;171;20;;;176;32;177;12;;;174.0;0.0
-2;600;VEV_5200;98;32;;;;;102;26;;;;;100.0;0.0
-2;600;VEV_5300;50;26;;;;;;;;;;;50.0;0.0
-2;600;VEV_5400;15;20;;;;;17;25;;;;;16.0;0.0
-2;600;VEV_5500;6;29;;;;;7;17;;;;;6.5;0.0
-2;600;VEV_6000;0;22;;;;;1;22;;;;;0.5;0.0
-2;600;VEV_6500;0;17;;;;;1;17;;;;;0.5;0.0
-2;700;HYDROGEL_PACK;9966;11;9964;27;;;9982;11;9985;27;;;9974.0;0.0
-2;700;VELVETFRUIT_EXTRACT;5258;44;;;;;5264;42;;;;;5261.0;0.0
-2;700;VEV_4000;1254;10;1252;21;;;1276;10;1278;21;;;1265.0;0.0
-2;700;VEV_4500;752;8;751;10;750;13;770;13;;;;;761.0;0.0
-2;700;VEV_5000;262;6;;;;;269;23;;;;;265.5;0.0
-2;700;VEV_5100;172;11;171;28;;;;;;;;;172.0;0.0
-2;700;VEV_5200;100;12;99;21;;;102;6;103;12;;;101.0;0.0
-2;700;VEV_5300;49;21;;;;;51;22;;;;;50.0;0.0
-2;700;VEV_5400;;;;;;;17;17;;;;;17.0;0.0
-2;700;VEV_5500;6;19;;;;;7;22;;;;;6.5;0.0
-2;700;VEV_6000;0;18;;;;;1;18;;;;;0.5;0.0
-2;700;VEV_6500;0;15;;;;;1;15;;;;;0.5;0.0
-2;800;HYDROGEL_PACK;9963;13;9960;24;;;9979;13;9981;24;;;9971.0;0.0
-2;800;VELVETFRUIT_EXTRACT;5257;30;;;;;5262;17;5263;55;;;5259.5;0.0
-2;800;VEV_4000;1253;7;1250;21;;;1274;7;1276;21;;;1263.5;0.0
-2;800;VEV_4500;753;8;752;6;751;19;769;8;;;;;761.0;0.0
-2;800;VEV_5000;261;8;;;;;267;10;268;20;;;264.0;0.0
-2;800;VEV_5100;172;6;171;27;;;176;6;;;;;174.0;0.0
-2;800;VEV_5200;97;21;;;;;;;;;;;97.0;0.0
-2;800;VEV_5300;49;7;;;;;;;;;;;49.0;0.0
-2;800;VEV_5400;15;19;;;;;17;24;;;;;16.0;0.0
-2;800;VEV_5500;6;25;;;;;7;21;;;;;6.5;0.0
-2;800;VEV_6000;0;21;;;;;1;21;;;;;0.5;0.0
-2;800;VEV_6500;0;18;;;;;1;18;;;;;0.5;0.0
-2;900;HYDROGEL_PACK;9964;10;9961;20;;;9980;10;9982;20;;;9972.0;0.0
-2;900;VELVETFRUIT_EXTRACT;5258;21;5257;43;5257;44;5263;62;;;;;5260.5;0.0
-2;900;VEV_4000;1252;8;1250;29;;;1273;8;1276;29;;;1262.5;0.0
-2;900;VEV_4500;755;8;754;6;;;771;8;772;10;;;763.0;0.0
-2;900;VEV_5000;262;10;;;;;268;8;269;21;;;265.0;0.0
-2;900;VEV_5100;173;7;172;19;;;178;19;;;;;175.5;0.0
-2;900;VEV_5200;100;35;99;30;;;103;24;;;;;101.5;0.0
-2;900;VEV_5300;50;17;;;;;52;21;;;;;51.0;0.0
-2;900;VEV_5400;;;;;;;17;20;;;;;17.0;0.0
-2;900;VEV_5500;6;28;;;;;7;21;;;;;6.5;0.0
-2;900;VEV_6000;0;22;;;;;1;22;;;;;0.5;0.0
-2;900;VEV_6500;0;18;;;;;1;18;;;;;0.5;0.0
-2;1000;HYDROGEL_PACK;9961;11;9959;28;;;9977;11;9980;28;;;9969.0;0.0
-2;1000;VELVETFRUIT_EXTRACT;5258;51;;;;;5263;21;5264;35;;;5260.5;0.0
-2;1000;VEV_4000;1252;12;1250;17;;;1274;12;1276;17;;;1263.0;0.0
-2;1000;VEV_4500;754;9;752;12;;;770;9;772;12;;;762.0;0.0
-2;1000;VEV_5000;262;6;261;24;;;268;10;;;;;265.0;0.0
-2;1000;VEV_5100;174;11;173;32;;;178;31;;;;;176.0;0.0
-2;1000;VEV_5200;101;8;100;32;;;104;21;;;;;102.5;0.0
-2;1000;VEV_5300;50;20;;;;;52;11;52;20;;;51.0;0.0
-2;1000;VEV_5400;15;25;;;;;17;20;;;;;16.0;0.0
-2;1000;VEV_5500;6;19;;;;;7;16;;;;;6.5;0.0
-2;1000;VEV_6000;0;18;;;;;1;18;;;;;0.5;0.0
-2;1000;VEV_6500;0;17;;;;;1;17;;;;;0.5;0.0
-2;1100;HYDROGEL_PACK;9961;15;9959;29;;;9977;15;9979;29;;;9969.0;0.0
-2;1100;VELVETFRUIT_EXTRACT;5257;31;;;;;5262;21;5263;32;5264;36;5259.5;0.0
-2;1100;VEV_4000;1252;9;1250;17;;;1273;9;1276;17;;;1262.5;0.0
-2;1100;VEV_4500;754;10;752;16;;;771;7;772;16;;;762.5;0.0
-2;1100;VEV_5000;262;12;261;25;;;268;28;269;12;;;265.0;0.0
-2;1100;VEV_5100;175;30;;;;;179;33;;;;;177.0;0.0
-2;1100;VEV_5200;102;8;101;29;;;104;9;;;;;103.0;0.0
-2;1100;VEV_5300;50;5;;;;;52;22;;;;;51.0;0.0
-2;1100;VEV_5400;15;16;;;;;16;28;;;;;15.5;0.0
-2;1100;VEV_5500;5;24;;;;;6;20;;;;;5.5;0.0
-2;1100;VEV_6000;0;18;;;;;1;18;;;;;0.5;0.0
-2;1100;VEV_6500;0;13;;;;;1;13;;;;;0.5;0.0
-2;1200;HYDROGEL_PACK;9960;13;9958;24;;;9976;13;9979;24;;;9968.0;0.0
-2;1200;VELVETFRUIT_EXTRACT;5258;19;5257;54;;;5263;52;;;;;5260.5;0.0
-2;1200;VEV_4000;1252;9;1250;28;;;1273;9;1276;28;;;1262.5;0.0
-2;1200;VEV_4500;753;14;;;;;773;14;;;;;763.0;0.0
-2;1200;VEV_5000;262;8;261;12;;;268;11;269;20;;;265.0;0.0
-2;1200;VEV_5100;174;17;;;;;179;12;180;24;;;176.5;0.0
-2;1200;VEV_5200;100;23;;;;;103;25;;;;;101.5;0.0
-2;1200;VEV_5300;50;19;49;11;;;52;22;;;;;51.0;0.0
-2;1200;VEV_5400;15;25;;;;;17;21;;;;;16.0;0.0
-2;1200;VEV_5500;5;28;;;;;6;25;;;;;5.5;0.0
-2;1200;VEV_6000;0;18;;;;;1;18;;;;;0.5;0.0
-2;1200;VEV_6500;0;13;;;;;1;13;;;;;0.5;0.0
-2;1300;HYDROGEL_PACK;9963;15;9960;25;;;9979;15;9981;25;;;9971.0;0.0
-2;1300;VELVETFRUIT_EXTRACT;5256;15;;;;;5261;19;5262;43;5263;50;5258.5;0.0
-2;1300;VEV_4000;1253;7;1250;24;;;1274;7;1277;24;;;1263.5;0.0
-2;1300;VEV_4500;754;9;752;20;;;771;11;772;20;;;762.5;0.0
-2;1300;VEV_5000;264;6;263;18;;;270;12;271;13;;;267.0;0.0
-2;1300;VEV_5100;175;10;;;;;179;6;180;12;;;177.0;0.0
-2;1300;VEV_5200;100;30;99;28;;;102;26;;;;;101.0;0.0
-2;1300;VEV_5300;49;19;;;;;52;6;;;;;50.5;0.0
-2;1300;VEV_5400;15;25;15;26;;;;;;;;;15.0;0.0
-2;1300;VEV_5500;5;25;;;;;6;20;;;;;5.5;0.0
-2;1300;VEV_6000;0;27;;;;;1;27;;;;;0.5;0.0
-2;1300;VEV_6500;0;18;;;;;1;18;;;;;0.5;0.0
-2;1400;HYDROGEL_PACK;9962;11;9960;30;;;9978;11;9981;30;;;9970.0;0.0
-2;1400;VELVETFRUIT_EXTRACT;5255;54;;;;;5261;47;;;;;5258.0;0.0
-2;1400;VEV_4000;1252;8;1250;19;;;1273;8;1276;19;;;1262.5;0.0
-2;1400;VEV_4500;751;20;;;;;769;7;771;20;;;760.0;0.0
-2;1400;VEV_5000;264;9;263;21;;;271;13;;;;;267.5;0.0
-2;1400;VEV_5100;174;28;;;;;178;27;179;17;;;176.0;0.0
-2;1400;VEV_5200;99;22;;;;;103;28;;;;;101.0;0.0
-2;1400;VEV_5300;50;21;49;21;;;52;25;;;;;51.0;0.0
-2;1400;VEV_5400;15;23;;;;;17;16;;;;;16.0;0.0
-2;1400;VEV_5500;5;24;;;;;6;23;;;;;5.5;0.0
-2;1400;VEV_6000;0;29;;;;;1;29;;;;;0.5;0.0
-2;1400;VEV_6500;0;20;;;;;1;20;;;;;0.5;0.0
-2;1500;HYDROGEL_PACK;9961;15;9958;26;;;9977;15;9979;26;;;9969.0;0.0
-2;1500;VELVETFRUIT_EXTRACT;5255;56;;;;;5260;20;5261;65;5262;37;5257.5;0.0
-2;1500;VEV_4000;1253;9;1250;15;;;1274;9;1276;15;;;1263.5;0.0
-2;1500;VEV_4500;754;10;752;21;;;770;10;772;21;;;762.0;0.0
-2;1500;VEV_5000;263;10;262;24;;;269;6;;;;;266.0;0.0
-2;1500;VEV_5100;174;20;173;18;;;;;;;;;174.0;0.0
-2;1500;VEV_5200;99;26;;;;;;;;;;;99.0;0.0
-2;1500;VEV_5300;50;25;;;;;;;;;;;50.0;0.0
-2;1500;VEV_5400;14;19;;;;;16;17;;;;;15.0;0.0
-2;1500;VEV_5500;5;18;;;;;6;20;;;;;5.5;0.0
-2;1500;VEV_6000;0;23;;;;;1;23;;;;;0.5;0.0
-2;1500;VEV_6500;0;15;;;;;1;15;;;;;0.5;0.0
-2;1600;HYDROGEL_PACK;9959;13;9956;26;;;9975;13;9977;26;;;9967.0;0.0
-2;1600;VELVETFRUIT_EXTRACT;5256;24;5255;59;;;5261;58;5262;41;;;5258.5;0.0
-2;1600;VEV_4000;1252;9;1250;30;;;1273;9;1276;30;;;1262.5;0.0
-2;1600;VEV_4500;756;10;754;13;;;772;10;774;13;;;764.0;0.0
-2;1600;VEV_5000;263;11;262;24;;;269;6;;;;;266.0;0.0
-2;1600;VEV_5100;173;26;;;;;178;25;179;18;;;175.5;0.0
-2;1600;VEV_5200;98;25;;;;;102;22;;;;;100.0;0.0
-2;1600;VEV_5300;50;24;;;;;52;21;;;;;51.0;0.0
-2;1600;VEV_5400;14;20;;;;;16;26;;;;;15.0;0.0
-2;1600;VEV_5500;5;19;;;;;6;20;;;;;5.5;0.0
-2;1600;VEV_6000;0;25;;;;;1;25;;;;;0.5;0.0
-2;1600;VEV_6500;0;15;;;;;1;15;;;;;0.5;0.0
-2;1700;HYDROGEL_PACK;9962;12;9959;21;;;9978;12;9980;21;;;9970.0;0.0
-2;1700;VELVETFRUIT_EXTRACT;5256;33;5256;39;;;5262;43;5263;33;;;5259.0;0.0
-2;1700;VEV_4000;1253;8;1250;19;;;1274;8;1277;19;;;1263.5;0.0
-2;1700;VEV_4500;756;8;754;12;;;772;8;774;12;;;764.0;0.0
-2;1700;VEV_5000;262;6;261;24;;;268;6;269;20;;;265.0;0.0
-2;1700;VEV_5100;173;19;172;13;;;;;;;;;173.0;0.0
-2;1700;VEV_5200;;;;;;;102;12;103;35;;;102.0;0.0
-2;1700;VEV_5300;50;22;;;;;52;23;53;19;;;51.0;0.0
-2;1700;VEV_5400;14;24;;;;;16;26;;;;;15.0;0.0
-2;1700;VEV_5500;5;17;;;;;6;26;;;;;5.5;0.0
-2;1700;VEV_6000;0;21;;;;;1;21;;;;;0.5;0.0
-2;1700;VEV_6500;0;16;;;;;1;16;;;;;0.5;0.0
-2;1800;HYDROGEL_PACK;9961;13;9958;30;;;9977;13;9979;30;;;9969.0;0.0
-2;1800;VELVETFRUIT_EXTRACT;5258;15;5257;25;;;5263;35;;;;;5260.5;0.0
-2;1800;VEV_4000;1253;14;1250;25;;;1274;14;1277;25;;;1263.5;0.0
-2;1800;VEV_4500;;;;;;;771;9;773;21;;;771.0;0.0
-2;1800;VEV_5000;263;11;262;21;;;269;8;270;20;;;266.0;0.0
-2;1800;VEV_5100;175;10;;;;;180;21;;;;;177.5;0.0
-2;1800;VEV_5200;99;8;98;12;;;101;9;102;23;;;100.0;0.0
-2;1800;VEV_5300;50;21;;;;;52;21;;;;;51.0;0.0
-2;1800;VEV_5400;15;20;;;;;;;;;;;15.0;0.0
-2;1800;VEV_5500;5;23;;;;;6;22;;;;;5.5;0.0
-2;1800;VEV_6000;0;23;;;;;1;23;;;;;0.5;0.0
-2;1800;VEV_6500;0;13;;;;;1;13;;;;;0.5;0.0
-2;1900;HYDROGEL_PACK;9961;15;9958;21;;;9977;15;9979;21;;;9969.0;0.0
-2;1900;VELVETFRUIT_EXTRACT;5257;19;;;;;5262;21;5263;67;;;5259.5;0.0
-2;1900;VEV_4000;1253;15;1251;15;;;1274;15;1277;15;;;1263.5;0.0
-2;1900;VEV_4500;755;7;753;16;;;771;7;773;16;;;763.0;0.0
-2;1900;VEV_5000;264;34;263;17;;;270;26;271;14;;;267.0;0.0
-2;1900;VEV_5100;175;36;;;;;;;;;;;175.0;0.0
-2;1900;VEV_5200;98;17;;;;;101;28;102;26;;;99.5;0.0
-2;1900;VEV_5300;50;24;;;;;;;;;;;50.0;0.0
-2;1900;VEV_5400;14;27;;;;;16;19;;;;;15.0;0.0
-2;1900;VEV_5500;5;15;;;;;6;12;;;;;5.5;0.0
-2;1900;VEV_6000;0;21;;;;;1;21;;;;;0.5;0.0
-2;1900;VEV_6500;0;18;;;;;1;18;;;;;0.5;0.0
-2;2000;HYDROGEL_PACK;9961;13;9959;26;;;9977;13;9980;26;;;9969.0;0.0
-2;2000;VELVETFRUIT_EXTRACT;5257;15;5256;33;;;5262;59;;;;;5259.5;0.0
-2;2000;VEV_4000;1253;8;1250;24;;;1274;8;1276;24;;;1263.5;0.0
-2;2000;VEV_4500;754;9;;;;;770;9;771;10;772;12;762.0;0.0
-2;2000;VEV_5000;264;15;;;;;272;21;;;;;268.0;0.0
-2;2000;VEV_5100;174;14;;;;;179;6;180;29;;;176.5;0.0
-2;2000;VEV_5200;100;26;99;32;;;;;;;;;100.0;0.0
-2;2000;VEV_5300;50;28;;;;;52;26;;;;;51.0;0.0
-2;2000;VEV_5400;14;23;14;26;;;16;21;;;;;15.0;0.0
-2;2000;VEV_5500;5;22;;;;;6;24;;;;;5.5;0.0
-2;2000;VEV_6000;0;22;;;;;1;22;;;;;0.5;0.0
-2;2000;VEV_6500;0;12;;;;;1;12;;;;;0.5;0.0
-2;2100;HYDROGEL_PACK;9962;15;9959;21;;;9978;15;9980;21;;;9970.0;0.0
-2;2100;VELVETFRUIT_EXTRACT;5255;42;;;;;5260;25;5261;51;;;5257.5;0.0
-2;2100;VEV_4000;1253;14;1250;30;;;1274;14;1277;30;;;1263.5;0.0
-2;2100;VEV_4500;755;9;753;24;;;773;24;;;;;764.0;0.0
-2;2100;VEV_5000;266;9;265;19;;;272;32;273;14;;;269.0;0.0
-2;2100;VEV_5100;174;11;;;;;178;8;179;17;;;176.0;0.0
-2;2100;VEV_5200;100;8;99;29;;;103;33;;;;;101.5;0.0
-2;2100;VEV_5300;50;26;;;;;52;27;;;;;51.0;0.0
-2;2100;VEV_5400;15;26;14;24;;;15;23;16;24;;;15.0;0.0
-2;2100;VEV_5500;5;27;;;;;6;25;;;;;5.5;0.0
-2;2100;VEV_6000;0;21;;;;;1;21;;;;;0.5;0.0
-2;2100;VEV_6500;0;14;;;;;1;14;;;;;0.5;0.0
-2;2200;HYDROGEL_PACK;9958;12;9955;22;;;9974;12;9976;22;;;9966.0;0.0
-2;2200;VELVETFRUIT_EXTRACT;5255;23;5254;15;;;5259;23;5260;21;;;5257.0;0.0
-2;2200;VEV_4000;1253;14;1251;30;;;1274;14;1277;30;;;1263.5;0.0
-2;2200;VEV_4500;754;9;752;23;;;772;23;;;;;763.0;0.0
-2;2200;VEV_5000;268;8;267;13;;;274;11;;;;;271.0;0.0
-2;2200;VEV_5100;174;32;;;;;;;;;;;174.0;0.0
-2;2200;VEV_5200;100;20;;;;;103;25;104;32;;;101.5;0.0
-2;2200;VEV_5300;51;5;;;;;53;16;;;;;52.0;0.0
-2;2200;VEV_5400;14;19;;;;;16;26;;;;;15.0;0.0
-2;2200;VEV_5500;5;27;;;;;7;22;;;;;6.0;0.0
-2;2200;VEV_6000;0;27;;;;;1;27;;;;;0.5;0.0
-2;2200;VEV_6500;0;20;;;;;1;20;;;;;0.5;0.0
-2;2300;HYDROGEL_PACK;9958;11;9956;23;;;9974;11;9977;23;;;9966.0;0.0
-2;2300;VELVETFRUIT_EXTRACT;5257;40;;;;;5263;36;5263;40;;;5260.0;0.0
-2;2300;VEV_4000;1254;8;1252;25;;;1275;8;1278;25;;;1264.5;0.0
-2;2300;VEV_4500;753;9;;;;;769;9;771;16;;;761.0;0.0
-2;2300;VEV_5000;268;11;267;16;;;274;22;;;;;271.0;0.0
-2;2300;VEV_5100;175;11;;;;;180;19;;;;;177.5;0.0
-2;2300;VEV_5200;100;8;99;22;;;102;7;103;31;;;101.0;0.0
-2;2300;VEV_5300;51;23;;;;;53;22;;;;;52.0;0.0
-2;2300;VEV_5400;15;18;;;;;;;;;;;15.0;0.0
-2;2300;VEV_5500;5;17;;;;;6;19;;;;;5.5;0.0
-2;2300;VEV_6000;0;19;;;;;1;19;;;;;0.5;0.0
-2;2300;VEV_6500;0;16;;;;;1;16;;;;;0.5;0.0
-2;2400;HYDROGEL_PACK;9953;22;;;;;9972;11;9974;22;;;9962.5;0.0
-2;2400;VELVETFRUIT_EXTRACT;5257;37;;;;;5263;49;;;;;5260.0;0.0
-2;2400;VEV_4000;1253;7;1251;15;;;1274;7;1277;15;;;1263.5;0.0
-2;2400;VEV_4500;752;10;750;13;;;768;10;770;13;;;760.0;0.0
-2;2400;VEV_5000;270;11;269;23;;;276;6;277;22;;;273.0;0.0
-2;2400;VEV_5100;175;28;174;23;;;179;7;180;23;;;177.0;0.0
-2;2400;VEV_5200;98;28;;;;;101;33;102;14;;;99.5;0.0
-2;2400;VEV_5300;51;6;50;11;;;53;24;54;15;;;52.0;0.0
-2;2400;VEV_5400;15;23;14;25;;;16;18;;;;;15.5;0.0
-2;2400;VEV_5500;5;22;;;;;6;26;;;;;5.5;0.0
-2;2400;VEV_6000;0;18;;;;;1;18;;;;;0.5;0.0
-2;2400;VEV_6500;0;10;;;;;1;10;;;;;0.5;0.0
-2;2500;HYDROGEL_PACK;9955;14;9952;28;;;9973;28;;;;;9964.0;0.0
-2;2500;VELVETFRUIT_EXTRACT;5258;24;5257;48;;;5262;24;5263;41;;;5260.0;0.0
-2;2500;VEV_4000;1253;11;1250;19;;;1274;11;1277;19;;;1263.5;0.0
-2;2500;VEV_4500;752;8;751;11;750;23;768;8;770;23;;;760.0;0.0
-2;2500;VEV_5000;271;8;270;14;;;277;10;;;;;274.0;0.0
-2;2500;VEV_5100;174;10;;;;;178;11;;;;;176.0;0.0
-2;2500;VEV_5200;98;21;;;;;101;24;102;29;;;99.5;0.0
-2;2500;VEV_5300;51;20;;;;;53;23;54;21;;;52.0;0.0
-2;2500;VEV_5400;;;;;;;16;22;;;;;16.0;0.0
-2;2500;VEV_5500;5;19;;;;;6;23;;;;;5.5;0.0
-2;2500;VEV_6000;0;23;;;;;1;23;;;;;0.5;0.0
-2;2500;VEV_6500;0;13;;;;;1;13;;;;;0.5;0.0
-2;2600;HYDROGEL_PACK;9956;14;9953;23;;;9972;14;9974;23;;;9964.0;0.0
-2;2600;VELVETFRUIT_EXTRACT;5258;62;;;;;5264;64;;;;;5261.0;0.0
-2;2600;VEV_4000;1253;14;1251;16;;;1274;14;1277;16;;;1263.5;0.0
-2;2600;VEV_4500;;;;;;;769;10;770;22;771;13;769.0;0.0
-2;2600;VEV_5000;270;16;;;;;277;11;278;26;;;273.5;0.0
-2;2600;VEV_5100;174;7;173;24;;;178;6;179;17;;;176.0;0.0
-2;2600;VEV_5200;99;8;98;28;;;102;22;;;;;100.5;0.0
-2;2600;VEV_5300;51;22;;;;;53;29;53;24;;;52.0;0.0
-2;2600;VEV_5400;;;;;;;16;27;;;;;16.0;0.0
-2;2600;VEV_5500;5;23;;;;;6;18;;;;;5.5;0.0
-2;2600;VEV_6000;0;24;;;;;1;24;;;;;0.5;0.0
-2;2600;VEV_6500;0;13;;;;;1;13;;;;;0.5;0.0
-2;2700;HYDROGEL_PACK;9954;14;9951;23;;;9970;14;9972;23;;;9962.0;0.0
-2;2700;VELVETFRUIT_EXTRACT;5260;18;5259;18;;;5265;33;;;;;5262.5;0.0
-2;2700;VEV_4000;1253;14;1251;20;;;1275;14;1277;20;;;1264.0;0.0
-2;2700;VEV_4500;753;8;751;21;;;769;8;771;21;;;761.0;0.0
-2;2700;VEV_5000;270;10;269;22;;;276;12;277;20;;;273.0;0.0
-2;2700;VEV_5100;174;6;;;;;178;9;179;23;;;176.0;0.0
-2;2700;VEV_5200;99;35;98;34;;;101;6;102;26;;;100.0;0.0
-2;2700;VEV_5300;51;19;;;;;53;23;;;;;52.0;0.0
-2;2700;VEV_5400;14;15;;;;;16;27;;;;;15.0;0.0
-2;2700;VEV_5500;5;25;;;;;6;26;;;;;5.5;0.0
-2;2700;VEV_6000;0;22;;;;;1;22;;;;;0.5;0.0
-2;2700;VEV_6500;0;13;;;;;1;13;;;;;0.5;0.0
-2;2800;HYDROGEL_PACK;9955;14;9952;20;;;9971;14;9973;20;;;9963.0;0.0
-2;2800;VELVETFRUIT_EXTRACT;5260;62;;;;;5266;32;;;;;5263.0;0.0
-2;2800;VEV_4000;1253;12;1250;30;;;1274;12;1277;30;;;1263.5;0.0
-2;2800;VEV_4500;752;6;750;14;;;769;6;770;14;;;760.5;0.0
-2;2800;VEV_5000;272;27;271;12;;;278;9;279;13;;;275.0;0.0
-2;2800;VEV_5100;175;30;;;;;180;16;;;;;177.5;0.0
-2;2800;VEV_5200;97;30;;;;;100;7;101;23;;;98.5;0.0
-2;2800;VEV_5300;52;23;;;;;54;23;;;;;53.0;0.0
-2;2800;VEV_5400;14;22;;;;;15;26;16;26;;;14.5;0.0
-2;2800;VEV_5500;5;24;;;;;6;20;;;;;5.5;0.0
-2;2800;VEV_6000;0;28;;;;;1;28;;;;;0.5;0.0
-2;2800;VEV_6500;0;18;;;;;1;18;;;;;0.5;0.0
-2;2900;HYDROGEL_PACK;9953;12;9950;22;;;9969;12;9971;22;;;9961.0;0.0
-2;2900;VELVETFRUIT_EXTRACT;5261;55;5261;22;;;5267;52;;;;;5264.0;0.0
-2;2900;VEV_4000;1254;12;1251;22;;;1275;12;1278;22;;;1264.5;0.0
-2;2900;VEV_4500;753;12;751;13;;;769;12;771;13;;;761.0;0.0
-2;2900;VEV_5000;271;19;;;;;278;7;;;;;274.5;0.0
-2;2900;VEV_5100;175;9;174;34;;;179;30;180;20;;;177.0;0.0
-2;2900;VEV_5200;;;;;;;100;32;;;;;100.0;0.0
-2;2900;VEV_5300;52;23;;;;;54;20;;;;;53.0;0.0
-2;2900;VEV_5400;15;27;15;27;;;16;29;17;23;;;15.5;0.0
-2;2900;VEV_5500;5;25;;;;;6;19;;;;;5.5;0.0
-2;2900;VEV_6000;0;21;;;;;1;21;;;;;0.5;0.0
-2;2900;VEV_6500;0;16;;;;;1;16;;;;;0.5;0.0
-2;3000;HYDROGEL_PACK;9954;10;9951;22;;;9970;10;9972;22;;;9962.0;0.0
-2;3000;VELVETFRUIT_EXTRACT;5263;22;5262;15;;;5267;22;5268;68;;;5265.0;0.0
-2;3000;VEV_4000;1256;11;1254;19;;;1277;11;1280;19;;;1266.5;0.0
-2;3000;VEV_4500;754;8;752;18;;;770;8;771;12;772;18;762.0;0.0
-2;3000;VEV_5000;274;8;273;21;;;280;10;281;22;;;277.0;0.0
-2;3000;VEV_5100;;;;;;;181;12;182;15;;;181.0;0.0
-2;3000;VEV_5200;97;8;96;22;;;;;;;;;97.0;0.0
-2;3000;VEV_5300;52;27;;;;;54;23;;;;;53.0;0.0
-2;3000;VEV_5400;;;;;;;;;;;;;0.0;0.0
-2;3000;VEV_5500;5;25;;;;;6;25;;;;;5.5;0.0
-2;3000;VEV_6000;0;24;;;;;1;24;;;;;0.5;0.0
-2;3000;VEV_6500;0;17;;;;;1;17;;;;;0.5;0.0
-2;3100;HYDROGEL_PACK;9955;12;9952;27;;;9971;12;9973;27;;;9963.0;0.0
-2;3100;VELVETFRUIT_EXTRACT;5262;23;;;;;5268;37;;;;;5265.0;0.0
-2;3100;VEV_4000;1255;10;1252;24;;;1276;10;1279;24;;;1265.5;0.0
-2;3100;VEV_4500;753;8;751;14;;;769;8;772;14;;;761.0;0.0
-2;3100;VEV_5000;272;11;271;16;;;278;29;;;;;275.0;0.0
-2;3100;VEV_5100;176;12;;;;;180;9;181;20;;;178.0;0.0
-2;3100;VEV_5200;97;24;96;27;;;100;29;;;;;98.5;0.0
-2;3100;VEV_5300;53;25;;;;;55;20;55;5;;;54.0;0.0
-2;3100;VEV_5400;14;17;;;;;;;;;;;14.0;0.0
-2;3100;VEV_5500;5;22;;;;;7;26;;;;;6.0;0.0
-2;3100;VEV_6000;0;18;;;;;1;18;;;;;0.5;0.0
-2;3100;VEV_6500;0;16;;;;;1;16;;;;;0.5;0.0
-2;3200;HYDROGEL_PACK;9951;10;9949;22;;;9967;10;9970;22;;;9959.0;0.0
-2;3200;VELVETFRUIT_EXTRACT;5262;24;5262;23;5261;38;5267;23;5268;22;;;5264.5;0.0
-2;3200;VEV_4000;1255;14;1252;28;;;1276;14;1279;28;;;1265.5;0.0
-2;3200;VEV_4500;754;8;752;15;;;770;8;772;15;;;762.0;0.0
-2;3200;VEV_5000;274;8;273;13;;;280;6;281;23;;;277.0;0.0
-2;3200;VEV_5100;176;12;;;;;180;9;181;22;;;178.0;0.0
-2;3200;VEV_5200;95;25;;;;;99;23;;;;;97.0;0.0
-2;3200;VEV_5300;53;19;;;;;55;6;56;10;;;54.0;0.0
-2;3200;VEV_5400;15;22;14;25;;;16;21;;;;;15.5;0.0
-2;3200;VEV_5500;5;24;;;;;7;6;;;;;6.0;0.0
-2;3200;VEV_6000;0;28;;;;;1;28;;;;;0.5;0.0
-2;3200;VEV_6500;0;16;;;;;1;16;;;;;0.5;0.0
-2;3300;HYDROGEL_PACK;9953;13;9950;25;;;9969;13;9971;25;;;9961.0;0.0
-2;3300;VELVETFRUIT_EXTRACT;5263;25;5262;33;5262;62;5268;64;;;;;5265.5;0.0
-2;3300;VEV_4000;1256;8;1253;21;;;1277;8;1279;21;;;1266.5;0.0
-2;3300;VEV_4500;753;8;751;12;;;771;12;;;;;762.0;0.0
-2;3300;VEV_5000;272;12;271;14;;;279;20;;;;;275.5;0.0
-2;3300;VEV_5100;176;8;;;;;180;32;181;22;;;178.0;0.0
-2;3300;VEV_5200;96;6;95;32;;;98;20;99;22;;;97.0;0.0
-2;3300;VEV_5300;54;22;;;;;56;25;;;;;55.0;0.0
-2;3300;VEV_5400;;;;;;;15;21;16;15;;;15.0;0.0
-2;3300;VEV_5500;5;22;;;;;7;24;;;;;6.0;0.0
-2;3300;VEV_6000;0;23;;;;;1;23;;;;;0.5;0.0
-2;3300;VEV_6500;0;16;;;;;1;16;;;;;0.5;0.0
-2;3400;HYDROGEL_PACK;9953;10;9951;28;;;9969;10;9972;28;;;9961.0;0.0
-2;3400;VELVETFRUIT_EXTRACT;5264;16;5263;47;;;5269;49;;;;;5266.5;0.0
-2;3400;VEV_4000;1255;12;1253;15;;;1276;12;1279;15;;;1265.5;0.0
-2;3400;VEV_4500;;;;;;;767;8;769;19;;;767.0;0.0
-2;3400;VEV_5000;271;11;;;;;277;12;278;12;;;274.0;0.0
-2;3400;VEV_5100;176;7;;;;;180;6;181;17;;;178.0;0.0
-2;3400;VEV_5200;97;10;;;;;99;31;100;12;;;98.0;0.0
-2;3400;VEV_5300;54;23;;;;;56;25;;;;;55.0;0.0
-2;3400;VEV_5400;14;25;;;;;16;21;;;;;15.0;0.0
-2;3400;VEV_5500;5;25;;;;;6;17;;;;;5.5;0.0
-2;3400;VEV_6000;0;27;;;;;1;27;;;;;0.5;0.0
-2;3400;VEV_6500;0;13;;;;;1;13;;;;;0.5;0.0
-2;3500;HYDROGEL_PACK;9956;15;9954;24;;;9975;24;;;;;9965.5;0.0
-2;3500;VELVETFRUIT_EXTRACT;5262;37;;;;;5268;52;;;;;5265.0;0.0
-2;3500;VEV_4000;1256;12;1253;22;;;1277;12;1280;22;;;1266.5;0.0
-2;3500;VEV_4500;752;6;750;16;;;768;6;770;16;;;760.0;0.0
-2;3500;VEV_5000;270;12;269;28;;;276;11;277;21;;;273.0;0.0
-2;3500;VEV_5100;177;12;;;;;181;6;;;;;179.0;0.0
-2;3500;VEV_5200;97;28;;;;;100;7;101;13;;;98.5;0.0
-2;3500;VEV_5300;54;24;53;11;;;56;28;;;;;55.0;0.0
-2;3500;VEV_5400;15;26;14;24;;;15;29;16;18;;;15.0;0.0
-2;3500;VEV_5500;5;21;;;;;6;17;;;;;5.5;0.0
-2;3500;VEV_6000;0;19;;;;;1;19;;;;;0.5;0.0
-2;3500;VEV_6500;0;12;;;;;1;12;;;;;0.5;0.0
-2;3600;HYDROGEL_PACK;9955;12;9953;28;;;9971;12;9974;28;;;9963.0;0.0
-2;3600;VELVETFRUIT_EXTRACT;5264;19;5263;38;;;5268;19;5269;70;;;5266.0;0.0
-2;3600;VEV_4000;1256;13;1254;18;;;1277;13;1280;18;;;1266.5;0.0
-2;3600;VEV_4500;752;7;750;17;;;768;7;770;17;;;760.0;0.0
-2;3600;VEV_5000;269;10;268;13;;;275;7;276;15;;;272.0;0.0
-2;3600;VEV_5100;176;12;;;;;181;10;;;;;178.5;0.0
-2;3600;VEV_5200;98;12;97;13;;;100;12;101;30;;;99.0;0.0
-2;3600;VEV_5300;54;26;;;;;56;20;;;;;55.0;0.0
-2;3600;VEV_5400;14;20;;;;;16;24;;;;;15.0;0.0
-2;3600;VEV_5500;5;19;;;;;6;20;;;;;5.5;0.0
-2;3600;VEV_6000;0;21;;;;;1;21;;;;;0.5;0.0
-2;3600;VEV_6500;0;15;;;;;1;15;;;;;0.5;0.0
-2;3700;HYDROGEL_PACK;9954;15;9951;29;;;9970;15;9972;29;;;9962.0;0.0
-2;3700;VELVETFRUIT_EXTRACT;5263;65;;;;;5269;30;5269;31;;;5266.0;0.0
-2;3700;VEV_4000;1256;7;1254;19;;;1278;7;1280;19;;;1267.0;0.0
-2;3700;VEV_4500;752;8;750;22;;;768;8;770;22;;;760.0;0.0
-2;3700;VEV_5000;269;9;;;;;275;8;276;25;;;272.0;0.0
-2;3700;VEV_5100;177;11;176;27;;;181;11;;;;;179.0;0.0
-2;3700;VEV_5200;97;30;96;24;;;100;23;;;;;98.5;0.0
-2;3700;VEV_5300;54;22;;;;;56;25;;;;;55.0;0.0
-2;3700;VEV_5400;14;20;;;;;16;25;;;;;15.0;0.0
-2;3700;VEV_5500;5;23;;;;;6;24;;;;;5.5;0.0
-2;3700;VEV_6000;0;26;;;;;1;26;;;;;0.5;0.0
-2;3700;VEV_6500;0;18;;;;;1;18;;;;;0.5;0.0
-2;3800;HYDROGEL_PACK;9953;12;9951;26;;;9969;12;9972;26;;;9961.0;0.0
-2;3800;VELVETFRUIT_EXTRACT;5263;50;;;;;5268;18;5269;55;;;5265.5;0.0
-2;3800;VEV_4000;1257;11;1255;28;;;1278;11;1281;28;;;1267.5;0.0
-2;3800;VEV_4500;751;10;749;22;;;769;22;;;;;760.0;0.0
-2;3800;VEV_5000;268;8;267;23;;;274;6;275;16;;;271.0;0.0
-2;3800;VEV_5100;177;12;176;21;;;181;6;182;21;;;179.0;0.0
-2;3800;VEV_5200;95;32;;;;;99;14;;;;;97.0;0.0
-2;3800;VEV_5300;54;29;;;;;56;26;;;;;55.0;0.0
-2;3800;VEV_5400;15;18;;;;;16;24;;;;;15.5;0.0
-2;3800;VEV_5500;5;28;;;;;6;17;;;;;5.5;0.0
-2;3800;VEV_6000;0;22;;;;;1;22;;;;;0.5;0.0
-2;3800;VEV_6500;0;14;;;;;1;14;;;;;0.5;0.0
-2;3900;HYDROGEL_PACK;9953;13;9950;30;;;9969;13;9971;30;;;9961.0;0.0
-2;3900;VELVETFRUIT_EXTRACT;5263;64;;;;;5268;20;5269;30;;;5265.5;0.0
-2;3900;VEV_4000;1258;9;1256;28;;;1279;9;1282;28;;;1268.5;0.0
-2;3900;VEV_4500;751;10;749;22;;;767;10;768;9;769;22;759.0;0.0
-2;3900;VEV_5000;;;;;;;274;20;;;;;274.0;0.0
-2;3900;VEV_5100;176;6;175;18;;;180;27;181;13;;;178.0;0.0
-2;3900;VEV_5200;94;12;;;;;96;10;;;;;95.0;0.0
-2;3900;VEV_5300;54;30;53;11;;;56;19;;;;;55.0;0.0
-2;3900;VEV_5400;15;21;14;27;;;15;26;;;;;15.0;0.0
-2;3900;VEV_5500;5;25;;;;;6;25;;;;;5.5;0.0
-2;3900;VEV_6000;0;19;;;;;1;19;;;;;0.5;0.0
-2;3900;VEV_6500;0;20;;;;;1;20;;;;;0.5;0.0
-2;4000;HYDROGEL_PACK;9952;12;9950;28;;;9968;12;9971;28;;;9960.0;0.0
-2;4000;VELVETFRUIT_EXTRACT;5264;58;;;;;5270;46;;;;;5267.0;0.0
-2;4000;VEV_4000;1259;10;1257;20;;;1280;10;1283;20;;;1269.5;0.0
-2;4000;VEV_4500;751;7;750;6;749;12;767;7;769;12;;;759.0;0.0
-2;4000;VEV_5000;266;7;265;23;;;272;10;273;27;;;269.0;0.0
-2;4000;VEV_5100;177;9;176;15;;;181;12;182;21;;;179.0;0.0
-2;4000;VEV_5200;93;27;92;32;;;95;24;96;17;;;94.0;0.0
-2;4000;VEV_5300;54;16;;;;;56;26;;;;;55.0;0.0
-2;4000;VEV_5400;14;18;;;;;16;23;;;;;15.0;0.0
-2;4000;VEV_5500;5;19;;;;;6;22;;;;;5.5;0.0
-2;4000;VEV_6000;0;23;;;;;1;23;;;;;0.5;0.0
-2;4000;VEV_6500;0;14;;;;;1;14;;;;;0.5;0.0
-2;4100;HYDROGEL_PACK;9953;11;9950;23;;;9969;11;9971;23;;;9961.0;0.0
-2;4100;VELVETFRUIT_EXTRACT;5264;24;;;;;5269;23;5270;75;;;5266.5;0.0
-2;4100;VEV_4000;1259;11;1256;28;;;1280;11;1283;28;;;1269.5;0.0
-2;4100;VEV_4500;749;10;747;23;;;765;10;766;8;767;23;757.0;0.0
-2;4100;VEV_5000;265;24;264;20;;;271;8;272;23;;;268.0;0.0
-2;4100;VEV_5100;178;7;177;21;;;182;11;183;14;;;180.0;0.0
-2;4100;VEV_5200;;;;;;;;;;;;;0.0;0.0
-2;4100;VEV_5300;54;19;;;;;56;16;56;23;;;55.0;0.0
-2;4100;VEV_5400;14;21;;;;;15;20;;;;;14.5;0.0
-2;4100;VEV_5500;5;18;;;;;6;26;;;;;5.5;0.0
-2;4100;VEV_6000;0;24;;;;;1;24;;;;;0.5;0.0
-2;4100;VEV_6500;0;16;;;;;1;16;;;;;0.5;0.0
-2;4200;HYDROGEL_PACK;9953;13;9951;24;;;9969;13;9972;24;;;9961.0;0.0
-2;4200;VELVETFRUIT_EXTRACT;5264;41;5264;56;;;5270;37;;;;;5267.0;0.0
-2;4200;VEV_4000;1260;7;1257;21;;;1281;7;1284;21;;;1270.5;0.0
-2;4200;VEV_4500;751;10;749;24;;;767;10;769;24;;;759.0;0.0
-2;4200;VEV_5000;265;16;;;;;272;27;273;12;;;268.5;0.0
-2;4200;VEV_5100;178;8;177;22;;;182;21;;;;;180.0;0.0
-2;4200;VEV_5200;92;23;91;19;;;95;35;;;;;93.5;0.0
-2;4200;VEV_5300;54;24;;;;;56;17;;;;;55.0;0.0
-2;4200;VEV_5400;14;30;;;;;;;;;;;14.0;0.0
-2;4200;VEV_5500;5;27;;;;;6;25;;;;;5.5;0.0
-2;4200;VEV_6000;0;23;;;;;1;23;;;;;0.5;0.0
-2;4200;VEV_6500;0;18;;;;;1;18;;;;;0.5;0.0
-2;4300;HYDROGEL_PACK;9954;14;9951;27;;;9970;14;9972;27;;;9962.0;0.0
-2;4300;VELVETFRUIT_EXTRACT;5264;58;5264;19;;;5269;19;5270;47;5270;56;5266.5;0.0
-2;4300;VEV_4000;1258;10;1256;26;;;1280;10;1282;26;;;1269.0;0.0
-2;4300;VEV_4500;751;8;749;18;;;769;18;;;;;760.0;0.0
-2;4300;VEV_5000;267;27;266;13;;;273;8;274;16;;;270.0;0.0
-2;4300;VEV_5100;;;;;;;183;25;;;;;183.0;0.0
-2;4300;VEV_5200;92;33;91;27;;;94;23;95;13;;;93.0;0.0
-2;4300;VEV_5300;54;26;;;;;;;;;;;54.0;0.0
-2;4300;VEV_5400;14;27;;;;;;;;;;;14.0;0.0
-2;4300;VEV_5500;5;19;;;;;6;26;;;;;5.5;0.0
-2;4300;VEV_6000;0;25;;;;;1;25;;;;;0.5;0.0
-2;4300;VEV_6500;0;13;;;;;1;13;;;;;0.5;0.0
-2;4400;HYDROGEL_PACK;9952;11;9950;20;;;9968;11;9970;20;;;9960.0;0.0
-2;4400;VELVETFRUIT_EXTRACT;5263;25;5262;32;;;5268;61;;;;;5265.5;0.0
-2;4400;VEV_4000;1257;15;1254;25;;;1278;15;1281;25;;;1267.5;0.0
-2;4400;VEV_4500;752;12;750;15;;;768;12;769;10;770;15;760.0;0.0
-2;4400;VEV_5000;266;23;;;;;273;8;274;15;;;269.5;0.0
-2;4400;VEV_5100;178;15;;;;;183;9;184;16;;;180.5;0.0
-2;4400;VEV_5200;90;32;;;;;;;;;;;90.0;0.0
-2;4400;VEV_5300;54;25;53;14;;;;;;;;;54.0;0.0
-2;4400;VEV_5400;14;22;;;;;16;29;;;;;15.0;0.0
-2;4400;VEV_5500;5;17;;;;;6;28;;;;;5.5;0.0
-2;4400;VEV_6000;0;27;;;;;1;27;;;;;0.5;0.0
-2;4400;VEV_6500;0;13;;;;;1;13;;;;;0.5;0.0
-2;4500;HYDROGEL_PACK;9953;10;9950;24;;;9969;10;9971;24;;;9961.0;0.0
-2;4500;VELVETFRUIT_EXTRACT;5261;47;;;;;5267;32;5268;30;;;5264.0;0.0
-2;4500;VEV_4000;1258;13;1255;16;;;1279;13;1281;16;;;1268.5;0.0
-2;4500;VEV_4500;752;11;750;20;;;768;11;770;20;;;760.0;0.0
-2;4500;VEV_5000;264;8;263;12;;;270;22;271;25;;;267.0;0.0
-2;4500;VEV_5100;180;9;179;13;;;184;12;;;;;182.0;0.0
-2;4500;VEV_5200;89;31;;;;;93;18;;;;;91.0;0.0
-2;4500;VEV_5300;54;5;;;;;;;;;;;54.0;0.0
-2;4500;VEV_5400;15;23;;;;;17;18;;;;;16.0;0.0
-2;4500;VEV_5500;5;19;;;;;6;29;;;;;5.5;0.0
-2;4500;VEV_6000;0;21;;;;;1;21;;;;;0.5;0.0
-2;4500;VEV_6500;0;13;;;;;1;13;;;;;0.5;0.0
-2;4600;HYDROGEL_PACK;9954;14;9951;26;;;9970;14;9972;26;;;9962.0;0.0
-2;4600;VELVETFRUIT_EXTRACT;5263;22;5262;47;;;5268;66;;;;;5265.5;0.0
-2;4600;VEV_4000;1258;7;1255;21;;;1279;7;1282;21;;;1268.5;0.0
-2;4600;VEV_4500;751;12;750;22;749;20;767;12;769;20;;;759.0;0.0
-2;4600;VEV_5000;263;12;;;;;270;32;271;20;;;266.5;0.0
-2;4600;VEV_5100;179;12;;;;;183;9;184;18;;;181.0;0.0
-2;4600;VEV_5200;;;;;;;92;27;93;22;;;92.0;0.0
-2;4600;VEV_5300;54;21;;;;;56;19;;;;;55.0;0.0
-2;4600;VEV_5400;15;30;15;24;;;17;24;;;;;16.0;0.0
-2;4600;VEV_5500;5;20;;;;;6;24;;;;;5.5;0.0
-2;4600;VEV_6000;0;20;;;;;1;20;;;;;0.5;0.0
-2;4600;VEV_6500;0;13;;;;;1;13;;;;;0.5;0.0
-2;4700;HYDROGEL_PACK;9954;10;9951;29;;;9970;10;9972;29;;;9962.0;0.0
-2;4700;VELVETFRUIT_EXTRACT;5263;58;5263;25;;;5268;25;5269;47;5269;32;5265.5;0.0
-2;4700;VEV_4000;1258;12;;;;;1279;12;1282;28;;;1268.5;0.0
-2;4700;VEV_4500;751;9;749;20;;;767;9;769;20;;;759.0;0.0
-2;4700;VEV_5000;264;12;263;18;;;270;9;271;24;;;267.0;0.0
-2;4700;VEV_5100;;;;;;;183;9;184;32;;;183.0;0.0
-2;4700;VEV_5200;91;12;90;32;;;94;25;;;;;92.5;0.0
-2;4700;VEV_5300;54;29;53;26;;;56;20;;;;;55.0;0.0
-2;4700;VEV_5400;15;24;15;9;;;17;20;;;;;16.0;0.0
-2;4700;VEV_5500;5;26;;;;;6;28;;;;;5.5;0.0
-2;4700;VEV_6000;0;25;;;;;1;25;;;;;0.5;0.0
-2;4700;VEV_6500;0;19;;;;;1;19;;;;;0.5;0.0
-2;4800;HYDROGEL_PACK;9955;11;9952;29;;;9971;11;9973;29;;;9963.0;0.0
-2;4800;VELVETFRUIT_EXTRACT;5263;16;5262;42;;;5267;16;5268;38;;;5265.0;0.0
-2;4800;VEV_4000;1260;15;1258;19;;;1281;15;1284;19;;;1270.5;0.0
-2;4800;VEV_4500;751;10;750;11;749;12;767;10;768;9;769;12;759.0;0.0
-2;4800;VEV_5000;262;6;261;18;;;268;25;269;18;;;265.0;0.0
-2;4800;VEV_5100;179;9;178;25;;;183;30;184;19;;;181.0;0.0
-2;4800;VEV_5200;90;25;;;;;93;18;;;;;91.5;0.0
-2;4800;VEV_5300;;;;;;;56;20;;;;;56.0;0.0
-2;4800;VEV_5400;15;18;14;25;;;16;25;;;;;15.5;0.0
-2;4800;VEV_5500;4;21;;;;;6;21;;;;;5.0;0.0
-2;4800;VEV_6000;0;17;;;;;1;17;;;;;0.5;0.0
-2;4800;VEV_6500;0;18;;;;;1;18;;;;;0.5;0.0
-2;4900;HYDROGEL_PACK;9953;12;9951;26;;;9969;12;9972;26;;;9961.0;0.0
-2;4900;VELVETFRUIT_EXTRACT;5261;67;;;;;5266;25;5267;75;;;5263.5;0.0
-2;4900;VEV_4000;1261;12;1258;22;;;1282;12;1285;22;;;1271.5;0.0
-2;4900;VEV_4500;750;6;748;13;;;768;13;;;;;759.0;0.0
-2;4900;VEV_5000;263;9;262;12;;;269;12;270;23;;;266.0;0.0
-2;4900;VEV_5100;180;10;179;25;;;184;6;185;22;;;182.0;0.0
-2;4900;VEV_5200;91;8;90;27;;;93;27;94;23;;;92.0;0.0
-2;4900;VEV_5300;54;7;;;;;56;24;;;;;55.0;0.0
-2;4900;VEV_5400;15;10;14;29;;;15;26;16;23;;;15.0;0.0
-2;4900;VEV_5500;4;22;;;;;6;24;;;;;5.0;0.0
-2;4900;VEV_6000;0;17;;;;;1;17;;;;;0.5;0.0
-2;4900;VEV_6500;0;15;;;;;1;15;;;;;0.5;0.0
-2;5000;HYDROGEL_PACK;9954;11;9952;28;;;9970;11;9973;28;;;9962.0;0.0
-2;5000;VELVETFRUIT_EXTRACT;5261;16;;;;;5266;24;5267;37;;;5263.5;0.0
-2;5000;VEV_4000;1260;13;1257;15;;;1281;13;1283;15;;;1270.5;0.0
-2;5000;VEV_4500;750;7;748;19;;;766;7;768;19;;;758.0;0.0
-2;5000;VEV_5000;264;30;263;12;;;270;11;271;25;;;267.0;0.0
-2;5000;VEV_5100;178;26;177;27;;;182;6;183;23;;;180.0;0.0
-2;5000;VEV_5200;89;26;;;;;92;9;93;13;;;90.5;0.0
-2;5000;VEV_5300;;;;;;;56;14;56;20;;;56.0;0.0
-2;5000;VEV_5400;14;19;;;;;16;22;;;;;15.0;0.0
-2;5000;VEV_5500;4;20;;;;;5;28;;;;;4.5;0.0
-2;5000;VEV_6000;0;24;;;;;1;24;;;;;0.5;0.0
-2;5000;VEV_6500;0;11;;;;;1;11;;;;;0.5;0.0
-2;5100;HYDROGEL_PACK;9952;15;9950;29;;;9968;15;9971;29;;;9960.0;0.0
-2;5100;VELVETFRUIT_EXTRACT;5262;59;;;;;5267;22;5268;17;;;5264.5;0.0
-2;5100;VEV_4000;1261;7;1258;15;;;1282;7;1284;15;;;1271.5;0.0
-2;5100;VEV_4500;751;8;749;22;;;767;8;769;22;;;759.0;0.0
-2;5100;VEV_5000;263;12;262;13;;;;;;;;;263.0;0.0
-2;5100;VEV_5100;178;26;177;24;;;182;6;183;19;;;180.0;0.0
-2;5100;VEV_5200;89;8;88;26;;;92;15;;;;;90.5;0.0
-2;5100;VEV_5300;54;10;;;;;56;22;;;;;55.0;0.0
-2;5100;VEV_5400;15;24;;;;;17;23;;;;;16.0;0.0
-2;5100;VEV_5500;4;28;;;;;5;18;;;;;4.5;0.0
-2;5100;VEV_6000;0;23;;;;;1;23;;;;;0.5;0.0
-2;5100;VEV_6500;0;11;;;;;1;11;;;;;0.5;0.0
-2;5200;HYDROGEL_PACK;9954;13;9951;26;;;9970;13;9972;26;;;9962.0;0.0
-2;5200;VELVETFRUIT_EXTRACT;5263;19;5262;52;;;5268;56;;;;;5265.5;0.0
-2;5200;VEV_4000;1260;13;1257;20;;;1281;13;1284;20;;;1270.5;0.0
-2;5200;VEV_4500;751;9;749;14;;;769;14;;;;;760.0;0.0
-2;5200;VEV_5000;265;8;;;;;271;12;272;12;;;268.0;0.0
-2;5200;VEV_5100;178;7;;;;;183;18;;;;;180.5;0.0
-2;5200;VEV_5200;88;11;87;23;;;91;25;;;;;89.5;0.0
-2;5200;VEV_5300;54;23;;;;;56;23;;;;;55.0;0.0
-2;5200;VEV_5400;15;24;;;;;17;15;;;;;16.0;0.0
-2;5200;VEV_5500;4;25;;;;;6;10;;;;;5.0;0.0
-2;5200;VEV_6000;0;15;;;;;1;15;;;;;0.5;0.0
-2;5200;VEV_6500;0;14;;;;;1;14;;;;;0.5;0.0
-2;5300;HYDROGEL_PACK;9955;10;9952;20;;;9971;10;9973;20;;;9963.0;0.0
-2;5300;VELVETFRUIT_EXTRACT;5263;69;5263;15;;;5269;52;;;;;5266.0;0.0
-2;5300;VEV_4000;1260;15;1257;28;;;1281;15;1283;28;;;1270.5;0.0
-2;5300;VEV_4500;750;24;;;;;770;24;;;;;760.0;0.0
-2;5300;VEV_5000;266;8;265;14;;;272;9;;;;;269.0;0.0
-2;5300;VEV_5100;178;7;177;31;;;183;30;;;;;180.5;0.0
-2;5300;VEV_5200;88;22;87;22;;;91;19;;;;;89.5;0.0
-2;5300;VEV_5300;53;7;;;;;55;24;;;;;54.0;0.0
-2;5300;VEV_5400;15;27;15;23;;;17;27;;;;;16.0;0.0
-2;5300;VEV_5500;4;24;;;;;6;21;;;;;5.0;0.0
-2;5300;VEV_6000;0;26;;;;;1;26;;;;;0.5;0.0
-2;5300;VEV_6500;0;19;;;;;1;19;;;;;0.5;0.0
-2;5400;HYDROGEL_PACK;9954;12;9951;25;;;9970;12;9972;25;;;9962.0;0.0
-2;5400;VELVETFRUIT_EXTRACT;5264;25;5263;66;;;5269;60;;;;;5266.5;0.0
-2;5400;VEV_4000;1259;9;1256;18;;;1280;9;1283;18;;;1269.5;0.0
-2;5400;VEV_4500;752;6;751;6;750;15;768;6;770;15;;;760.0;0.0
-2;5400;VEV_5000;267;9;266;12;;;273;7;274;25;;;270.0;0.0
-2;5400;VEV_5100;178;10;177;27;;;182;6;183;22;;;180.0;0.0
-2;5400;VEV_5200;88;21;87;12;;;91;20;;;;;89.5;0.0
-2;5400;VEV_5300;54;28;;;;;56;23;56;7;;;55.0;0.0
-2;5400;VEV_5400;15;22;15;20;;;17;26;;;;;16.0;0.0
-2;5400;VEV_5500;5;23;;;;;6;27;;;;;5.5;0.0
-2;5400;VEV_6000;0;23;;;;;1;23;;;;;0.5;0.0
-2;5400;VEV_6500;0;13;;;;;1;13;;;;;0.5;0.0
-2;5500;HYDROGEL_PACK;9956;10;9954;29;;;9972;10;9975;29;;;9964.0;0.0
-2;5500;VELVETFRUIT_EXTRACT;5263;17;;;;;5268;22;5269;46;;;5265.5;0.0
-2;5500;VEV_4000;1260;13;1257;30;;;1281;13;1283;30;;;1270.5;0.0
-2;5500;VEV_4500;753;8;751;13;;;769;8;770;11;771;13;761.0;0.0
-2;5500;VEV_5000;266;6;;;;;272;7;273;13;;;269.0;0.0
-2;5500;VEV_5100;178;18;177;24;;;182;22;183;32;;;180.0;0.0
-2;5500;VEV_5200;88;12;87;29;;;90;25;91;29;;;89.0;0.0
-2;5500;VEV_5300;54;25;;;;;56;20;;;;;55.0;0.0
-2;5500;VEV_5400;15;15;;;;;17;27;;;;;16.0;0.0
-2;5500;VEV_5500;5;20;;;;;6;26;;;;;5.5;0.0
-2;5500;VEV_6000;0;27;;;;;1;27;;;;;0.5;0.0
-2;5500;VEV_6500;0;17;;;;;1;17;;;;;0.5;0.0
-2;5600;HYDROGEL_PACK;9956;10;9954;20;;;9972;10;9975;20;;;9964.0;0.0
-2;5600;VELVETFRUIT_EXTRACT;5264;45;5264;22;;;5270;57;;;;;5267.0;0.0
-2;5600;VEV_4000;1260;12;1258;24;;;1281;12;1284;24;;;1270.5;0.0
-2;5600;VEV_4500;752;12;750;19;;;770;19;;;;;761.0;0.0
-2;5600;VEV_5000;266;6;;;;;272;9;273;24;;;269.0;0.0
-2;5600;VEV_5100;177;17;;;;;182;12;183;15;;;179.5;0.0
-2;5600;VEV_5200;;;;;;;92;24;;;;;92.0;0.0
-2;5600;VEV_5300;54;25;53;29;;;56;22;57;27;;;55.0;0.0
-2;5600;VEV_5400;;;;;;;;;;;;;0.0;0.0
-2;5600;VEV_5500;5;27;;;;;6;20;;;;;5.5;0.0
-2;5600;VEV_6000;0;22;;;;;1;22;;;;;0.5;0.0
-2;5600;VEV_6500;0;16;;;;;1;16;;;;;0.5;0.0
-2;5700;HYDROGEL_PACK;9958;15;9955;23;;;9974;15;9976;23;;;9966.0;0.0
-2;5700;VELVETFRUIT_EXTRACT;5264;21;5263;56;;;5268;21;5269;66;5270;31;5266.0;0.0
-2;5700;VEV_4000;1259;7;1257;29;;;1281;7;1283;29;;;1270.0;0.0
-2;5700;VEV_4500;752;11;750;13;;;768;11;770;13;;;760.0;0.0
-2;5700;VEV_5000;264;15;;;;;271;11;;;;;267.5;0.0
-2;5700;VEV_5100;180;28;179;15;;;184;7;185;19;;;182.0;0.0
-2;5700;VEV_5200;87;32;;;;;;;;;;;87.0;0.0
-2;5700;VEV_5300;54;8;;;;;56;24;56;24;;;55.0;0.0
-2;5700;VEV_5400;15;16;;;;;16;18;17;27;;;15.5;0.0
-2;5700;VEV_5500;5;23;;;;;6;18;;;;;5.5;0.0
-2;5700;VEV_6000;0;20;;;;;1;20;;;;;0.5;0.0
-2;5700;VEV_6500;0;17;;;;;1;17;;;;;0.5;0.0
-2;5800;HYDROGEL_PACK;9958;13;9956;20;;;9974;13;9977;20;;;9966.0;0.0
-2;5800;VELVETFRUIT_EXTRACT;5263;31;5263;17;;;5268;17;5269;48;5269;44;5265.5;0.0
-2;5800;VEV_4000;1258;10;1256;16;;;1279;10;1282;16;;;1268.5;0.0
-2;5800;VEV_4500;751;10;750;10;749;13;767;10;768;10;769;13;759.0;0.0
-2;5800;VEV_5000;265;9;264;17;;;271;8;272;19;;;268.0;0.0
-2;5800;VEV_5100;178;31;177;22;;;182;12;183;26;;;180.0;0.0
-2;5800;VEV_5200;86;21;;;;;90;16;;;;;88.0;0.0
-2;5800;VEV_5300;53;5;52;27;;;;;;;;;53.0;0.0
-2;5800;VEV_5400;15;24;15;21;;;16;30;17;19;;;15.5;0.0
-2;5800;VEV_5500;5;19;;;;;6;25;;;;;5.5;0.0
-2;5800;VEV_6000;0;22;;;;;1;22;;;;;0.5;0.0
-2;5800;VEV_6500;0;10;;;;;1;10;;;;;0.5;0.0
-2;5900;HYDROGEL_PACK;9959;12;9956;23;;;9975;12;9977;23;;;9967.0;0.0
-2;5900;VELVETFRUIT_EXTRACT;5264;39;5264;51;;;5269;16;5270;67;5271;39;5266.5;0.0
-2;5900;VEV_4000;1257;7;1254;27;;;1278;7;1281;27;;;1267.5;0.0
-2;5900;VEV_4500;749;19;748;16;;;766;6;767;10;768;16;757.5;0.0
-2;5900;VEV_5000;;;;;;;;;;;;;0.0;0.0
-2;5900;VEV_5100;179;26;178;15;;;183;8;;;;;181.0;0.0
-2;5900;VEV_5200;87;30;86;32;;;90;17;;;;;88.5;0.0
-2;5900;VEV_5300;53;27;;;;;55;23;;;;;54.0;0.0
-2;5900;VEV_5400;15;27;;;;;17;20;;;;;16.0;0.0
-2;5900;VEV_5500;5;21;;;;;6;16;;;;;5.5;0.0
-2;5900;VEV_6000;0;25;;;;;1;25;;;;;0.5;0.0
-2;5900;VEV_6500;0;14;;;;;1;14;;;;;0.5;0.0
-2;6000;HYDROGEL_PACK;9962;12;9960;20;;;9978;12;9981;20;;;9970.0;0.0
-2;6000;VELVETFRUIT_EXTRACT;5266;20;5265;60;;;5271;62;;;;;5268.5;0.0
-2;6000;VEV_4000;1258;15;1255;16;;;1279;15;1281;16;;;1268.5;0.0
-2;6000;VEV_4500;750;6;748;13;;;766;6;768;13;;;758.0;0.0
-2;6000;VEV_5000;263;6;262;18;;;269;11;270;15;;;266.0;0.0
-2;6000;VEV_5100;180;10;179;19;;;184;8;;;;;182.0;0.0
-2;6000;VEV_5200;87;8;86;24;;;89;23;;;;;88.0;0.0
-2;6000;VEV_5300;53;6;;;;;;;;;;;53.0;0.0
-2;6000;VEV_5400;15;24;;;;;17;25;;;;;16.0;0.0
-2;6000;VEV_5500;5;22;;;;;6;25;;;;;5.5;0.0
-2;6000;VEV_6000;0;18;;;;;1;18;;;;;0.5;0.0
-2;6000;VEV_6500;0;16;;;;;1;16;;;;;0.5;0.0
-2;6100;HYDROGEL_PACK;9961;15;9958;27;;;9977;15;9979;27;;;9969.0;0.0
-2;6100;VELVETFRUIT_EXTRACT;5264;63;;;;;5269;25;5270;46;;;5266.5;0.0
-2;6100;VEV_4000;1258;15;1256;20;;;1279;15;1282;20;;;1268.5;0.0
-2;6100;VEV_4500;749;6;748;12;;;766;9;768;12;;;757.5;0.0
-2;6100;VEV_5000;263;9;;;;;269;9;270;17;;;266.0;0.0
-2;6100;VEV_5100;182;7;;;;;186;12;;;;;184.0;0.0
-2;6100;VEV_5200;87;29;86;17;;;89;9;90;29;;;88.0;0.0
-2;6100;VEV_5300;53;26;52;15;;;55;21;;;;;54.0;0.0
-2;6100;VEV_5400;14;24;;;;;16;25;;;;;15.0;0.0
-2;6100;VEV_5500;5;23;;;;;6;20;;;;;5.5;0.0
-2;6100;VEV_6000;0;27;;;;;1;27;;;;;0.5;0.0
-2;6100;VEV_6500;0;15;;;;;1;15;;;;;0.5;0.0
-2;6200;HYDROGEL_PACK;9959;10;9956;24;;;9975;10;9977;24;;;9967.0;0.0
-2;6200;VELVETFRUIT_EXTRACT;5263;65;5263;15;;;5269;50;;;;;5266.0;0.0
-2;6200;VEV_4000;1257;10;1255;27;;;1278;10;1281;27;;;1267.5;0.0
-2;6200;VEV_4500;748;9;746;16;;;766;16;;;;;757.0;0.0
-2;6200;VEV_5000;265;9;;;;;271;8;272;15;;;268.0;0.0
-2;6200;VEV_5100;181;6;;;;;185;11;;;;;183.0;0.0
-2;6200;VEV_5200;87;7;86;19;;;89;24;90;28;;;88.0;0.0
-2;6200;VEV_5300;53;17;;;;;55;21;;;;;54.0;0.0
-2;6200;VEV_5400;15;23;15;22;;;17;20;;;;;16.0;0.0
-2;6200;VEV_5500;5;21;;;;;6;30;;;;;5.5;0.0
-2;6200;VEV_6000;0;24;;;;;1;24;;;;;0.5;0.0
-2;6200;VEV_6500;0;14;;;;;1;14;;;;;0.5;0.0
-2;6300;HYDROGEL_PACK;9958;10;9955;30;;;9974;10;9976;30;;;9966.0;0.0
-2;6300;VELVETFRUIT_EXTRACT;5263;53;;;;;5269;46;;;;;5266.0;0.0
-2;6300;VEV_4000;1257;9;1254;23;;;1278;9;1280;23;;;1267.5;0.0
-2;6300;VEV_4500;746;12;744;15;;;764;15;;;;;755.0;0.0
-2;6300;VEV_5000;265;32;264;18;;;;;;;;;265.0;0.0
-2;6300;VEV_5100;;;;;;;185;10;186;29;;;185.0;0.0
-2;6300;VEV_5200;86;24;;;;;90;21;;;;;88.0;0.0
-2;6300;VEV_5300;53;20;;;;;55;7;;;;;54.0;0.0
-2;6300;VEV_5400;;;;;;;17;21;;;;;17.0;0.0
-2;6300;VEV_5500;5;23;;;;;6;26;;;;;5.5;0.0
-2;6300;VEV_6000;0;27;;;;;1;27;;;;;0.5;0.0
-2;6300;VEV_6500;0;19;;;;;1;19;;;;;0.5;0.0
-2;6400;HYDROGEL_PACK;9960;25;;;;;9978;15;9981;25;;;9969.0;0.0
-2;6400;VELVETFRUIT_EXTRACT;5264;17;;;;;5269;17;5270;48;;;5266.5;0.0
-2;6400;VEV_4000;1258;12;1255;23;;;1279;12;1281;23;;;1268.5;0.0
-2;6400;VEV_4500;746;9;744;24;;;762;9;;;;;754.0;0.0
-2;6400;VEV_5000;265;7;;;;;271;12;272;28;;;268.0;0.0
-2;6400;VEV_5100;181;27;;;;;186;9;;;;;183.5;0.0
-2;6400;VEV_5200;86;31;;;;;90;32;;;;;88.0;0.0
-2;6400;VEV_5300;54;10;;;;;56;19;;;;;55.0;0.0
-2;6400;VEV_5400;15;26;;;;;16;19;17;27;;;15.5;0.0
-2;6400;VEV_5500;5;21;;;;;6;21;;;;;5.5;0.0
-2;6400;VEV_6000;0;21;;;;;1;21;;;;;0.5;0.0
-2;6400;VEV_6500;0;16;;;;;1;16;;;;;0.5;0.0
-2;6500;HYDROGEL_PACK;9962;12;9960;27;;;9978;12;9981;27;;;9970.0;0.0
-2;6500;VELVETFRUIT_EXTRACT;5264;23;;;;;5270;20;;;;;5267.0;0.0
-2;6500;VEV_4000;1257;9;1255;16;;;1279;9;1281;16;;;1268.0;0.0
-2;6500;VEV_4500;746;11;744;12;;;762;11;764;12;;;754.0;0.0
-2;6500;VEV_5000;267;11;266;18;;;273;6;;;;;270.0;0.0
-2;6500;VEV_5100;182;36;181;17;;;186;12;187;13;;;184.0;0.0
-2;6500;VEV_5200;87;12;86;32;;;90;19;;;;;88.5;0.0
-2;6500;VEV_5300;55;25;;;;;57;21;;;;;56.0;0.0
-2;6500;VEV_5400;;;;;;;17;15;;;;;17.0;0.0
-2;6500;VEV_5500;5;21;;;;;6;20;;;;;5.5;0.0
-2;6500;VEV_6000;0;24;;;;;1;24;;;;;0.5;0.0
-2;6500;VEV_6500;0;12;;;;;1;12;;;;;0.5;0.0
-2;6600;HYDROGEL_PACK;9964;11;9961;20;;;9980;11;9982;20;;;9972.0;0.0
-2;6600;VELVETFRUIT_EXTRACT;5263;49;5263;20;;;5269;57;;;;;5266.0;0.0
-2;6600;VEV_4000;1258;11;1255;27;;;1279;11;1282;27;;;1268.5;0.0
-2;6600;VEV_4500;747;10;745;24;;;765;24;;;;;756.0;0.0
-2;6600;VEV_5000;267;31;266;19;;;273;6;274;22;;;270.0;0.0
-2;6600;VEV_5100;183;8;182;27;;;188;14;;;;;185.5;0.0
-2;6600;VEV_5200;87;22;86;16;;;90;29;;;;;88.5;0.0
-2;6600;VEV_5300;54;19;;;;;56;19;;;;;55.0;0.0
-2;6600;VEV_5400;15;22;15;23;;;16;18;;;;;15.5;0.0
-2;6600;VEV_5500;5;20;;;;;6;30;;;;;5.5;0.0
-2;6600;VEV_6000;0;28;;;;;1;28;;;;;0.5;0.0
-2;6600;VEV_6500;0;14;;;;;1;14;;;;;0.5;0.0
-2;6700;HYDROGEL_PACK;9961;15;9958;28;;;9977;15;9979;28;;;9969.0;0.0
-2;6700;VELVETFRUIT_EXTRACT;5263;38;5263;18;;;5269;66;;;;;5266.0;0.0
-2;6700;VEV_4000;1258;9;1255;16;;;1279;9;1281;16;;;1268.5;0.0
-2;6700;VEV_4500;747;7;745;17;;;763;7;765;17;;;755.0;0.0
-2;6700;VEV_5000;266;19;;;;;273;10;274;24;;;269.5;0.0
-2;6700;VEV_5100;183;11;182;24;;;187;9;188;29;;;185.0;0.0
-2;6700;VEV_5200;;;;;;;90;11;;;;;90.0;0.0
-2;6700;VEV_5300;55;29;;;;;57;30;;;;;56.0;0.0
-2;6700;VEV_5400;15;25;;;;;16;25;17;27;;;15.5;0.0
-2;6700;VEV_5500;5;21;;;;;6;20;;;;;5.5;0.0
-2;6700;VEV_6000;0;16;;;;;1;16;;;;;0.5;0.0
-2;6700;VEV_6500;0;17;;;;;1;17;;;;;0.5;0.0
-2;6800;HYDROGEL_PACK;9963;13;9961;22;;;9979;13;9982;22;;;9971.0;0.0
-2;6800;VELVETFRUIT_EXTRACT;5264;24;5263;30;;;5268;24;5269;49;;;5266.0;0.0
-2;6800;VEV_4000;1257;8;1255;22;;;1279;8;1281;22;;;1268.0;0.0
-2;6800;VEV_4500;748;12;746;23;;;764;12;765;7;766;23;756.0;0.0
-2;6800;VEV_5000;266;11;265;30;;;272;8;273;19;;;269.0;0.0
-2;6800;VEV_5100;183;13;;;;;188;8;189;14;;;185.5;0.0
-2;6800;VEV_5200;88;26;;;;;92;30;;;;;90.0;0.0
-2;6800;VEV_5300;54;26;;;;;56;5;;;;;55.0;0.0
-2;6800;VEV_5400;14;22;;;;;;;;;;;14.0;0.0
-2;6800;VEV_5500;5;20;;;;;6;23;;;;;5.5;0.0
-2;6800;VEV_6000;0;30;;;;;1;30;;;;;0.5;0.0
-2;6800;VEV_6500;0;20;;;;;1;20;;;;;0.5;0.0
-2;6900;HYDROGEL_PACK;9962;11;9959;25;;;9978;11;9980;25;;;9970.0;0.0
-2;6900;VELVETFRUIT_EXTRACT;5265;61;;;;;5270;16;5271;50;;;5267.5;0.0
-2;6900;VEV_4000;1257;9;1255;15;;;1278;9;1281;15;;;1267.5;0.0
-2;6900;VEV_4500;747;12;745;22;;;763;12;764;21;765;22;755.0;0.0
-2;6900;VEV_5000;265;26;264;26;;;271;11;272;24;;;268.0;0.0
-2;6900;VEV_5100;184;6;183;27;;;188;18;189;30;;;186.0;0.0
-2;6900;VEV_5200;88;18;;;;;;;;;;;88.0;0.0
-2;6900;VEV_5300;54;21;;;;;56;8;57;15;;;55.0;0.0
-2;6900;VEV_5400;15;26;14;24;;;;;;;;;15.0;0.0
-2;6900;VEV_5500;5;20;;;;;6;28;;;;;5.5;0.0
-2;6900;VEV_6000;0;24;;;;;1;24;;;;;0.5;0.0
-2;6900;VEV_6500;0;15;;;;;1;15;;;;;0.5;0.0
-2;7000;HYDROGEL_PACK;9961;15;9959;20;;;9977;15;9980;20;;;9969.0;0.0
-2;7000;VELVETFRUIT_EXTRACT;5266;18;5265;52;;;5270;18;5271;67;;;5268.0;0.0
-2;7000;VEV_4000;1257;7;1254;16;;;1278;7;1281;16;;;1267.5;0.0
-2;7000;VEV_4500;747;6;746;22;745;24;763;6;765;24;;;755.0;0.0
-2;7000;VEV_5000;264;8;263;14;;;270;12;271;30;;;267.0;0.0
-2;7000;VEV_5100;183;22;;;;;189;14;;;;;186.0;0.0
-2;7000;VEV_5200;89;9;;;;;92;23;;;;;90.5;0.0
-2;7000;VEV_5300;54;25;;;;;56;26;;;;;55.0;0.0
-2;7000;VEV_5400;15;18;14;21;;;;;;;;;15.0;0.0
-2;7000;VEV_5500;5;25;;;;;6;15;;;;;5.5;0.0
-2;7000;VEV_6000;0;25;;;;;1;25;;;;;0.5;0.0
-2;7000;VEV_6500;0;15;;;;;1;15;;;;;0.5;0.0
-2;7100;HYDROGEL_PACK;9957;14;9955;27;;;9973;14;9976;27;;;9965.0;0.0
-2;7100;VELVETFRUIT_EXTRACT;5265;49;;;;;5271;39;5271;69;;;5268.0;0.0
-2;7100;VEV_4000;1258;13;1255;27;;;1279;13;1281;27;;;1268.5;0.0
-2;7100;VEV_4500;747;11;745;15;;;763;11;765;15;;;755.0;0.0
-2;7100;VEV_5000;263;7;262;13;;;270;34;;;;;266.5;0.0
-2;7100;VEV_5100;186;6;;;;;191;33;;;;;188.5;0.0
-2;7100;VEV_5200;88;32;;;;;91;21;;;;;89.5;0.0
-2;7100;VEV_5300;54;25;;;;;56;23;;;;;55.0;0.0
-2;7100;VEV_5400;;;;;;;16;27;;;;;16.0;0.0
-2;7100;VEV_5500;5;26;;;;;6;21;;;;;5.5;0.0
-2;7100;VEV_6000;0;20;;;;;1;20;;;;;0.5;0.0
-2;7100;VEV_6500;0;13;;;;;1;13;;;;;0.5;0.0
-2;7200;HYDROGEL_PACK;9957;14;9954;22;;;9973;14;9975;22;;;9965.0;0.0
-2;7200;VELVETFRUIT_EXTRACT;5267;38;;;;;5272;19;5273;71;;;5269.5;0.0
-2;7200;VEV_4000;1257;8;1255;20;;;1279;8;1281;20;;;1268.0;0.0
-2;7200;VEV_4500;746;12;744;15;;;762;12;763;12;764;15;754.0;0.0
-2;7200;VEV_5000;263;7;262;22;;;269;6;270;14;;;266.0;0.0
-2;7200;VEV_5100;186;35;185;26;;;191;17;;;;;188.5;0.0
-2;7200;VEV_5200;;;;;;;91;27;92;17;;;91.0;0.0
-2;7200;VEV_5300;54;22;;;;;56;24;;;;;55.0;0.0
-2;7200;VEV_5400;15;28;;;;;15;17;16;20;;;15.0;0.0
-2;7200;VEV_5500;5;23;;;;;6;21;;;;;5.5;0.0
-2;7200;VEV_6000;0;21;;;;;1;21;;;;;0.5;0.0
-2;7200;VEV_6500;0;12;;;;;1;12;;;;;0.5;0.0
-2;7300;HYDROGEL_PACK;9958;10;9956;27;;;9974;10;9977;27;;;9966.0;0.0
-2;7300;VELVETFRUIT_EXTRACT;5268;38;5268;48;;;5273;22;5274;44;;;5270.5;0.0
-2;7300;VEV_4000;1258;10;1255;27;;;1279;10;1282;27;;;1268.5;0.0
-2;7300;VEV_4500;745;6;743;14;;;761;6;763;14;;;753.0;0.0
-2;7300;VEV_5000;262;22;;;;;270;24;;;;;266.0;0.0
-2;7300;VEV_5100;185;21;;;;;190;20;191;16;;;187.5;0.0
-2;7300;VEV_5200;91;8;90;13;;;;;;;;;91.0;0.0
-2;7300;VEV_5300;54;22;;;;;56;21;57;12;;;55.0;0.0
-2;7300;VEV_5400;14;25;;;;;16;20;;;;;15.0;0.0
-2;7300;VEV_5500;5;20;;;;;6;25;;;;;5.5;0.0
-2;7300;VEV_6000;0;27;;;;;1;27;;;;;0.5;0.0
-2;7300;VEV_6500;0;16;;;;;1;16;;;;;0.5;0.0
-2;7400;HYDROGEL_PACK;9958;14;9956;20;;;9974;14;9977;20;;;9966.0;0.0
-2;7400;VELVETFRUIT_EXTRACT;5268;53;;;;;5274;53;;;;;5271.0;0.0
-2;7400;VEV_4000;1260;10;1257;18;;;1281;10;1284;18;;;1270.5;0.0
-2;7400;VEV_4500;742;13;;;;;760;6;762;13;;;751.0;0.0
-2;7400;VEV_5000;262;19;;;;;269;9;270;20;;;265.5;0.0
-2;7400;VEV_5100;;;;;;;191;8;192;18;;;191.0;0.0
-2;7400;VEV_5200;90;24;;;;;94;21;;;;;92.0;0.0
-2;7400;VEV_5300;54;17;;;;;56;19;;;;;55.0;0.0
-2;7400;VEV_5400;14;19;;;;;15;5;16;20;;;14.5;0.0
-2;7400;VEV_5500;5;24;;;;;6;22;;;;;5.5;0.0
-2;7400;VEV_6000;0;20;;;;;1;20;;;;;0.5;0.0
-2;7400;VEV_6500;0;14;;;;;1;14;;;;;0.5;0.0
-2;7500;HYDROGEL_PACK;9959;12;9957;23;;;9975;12;9978;23;;;9967.0;0.0
-2;7500;VELVETFRUIT_EXTRACT;5270;44;;;;;5276;57;;;;;5273.0;0.0
-2;7500;VEV_4000;1260;11;1258;17;;;1281;11;1284;17;;;1270.5;0.0
-2;7500;VEV_4500;742;11;741;18;;;759;12;760;11;761;18;750.5;0.0
-2;7500;VEV_5000;262;8;261;12;;;268;9;269;14;;;265.0;0.0
-2;7500;VEV_5100;187;28;186;28;;;191;9;192;14;;;189.0;0.0
-2;7500;VEV_5200;91;7;90;27;;;94;23;;;;;92.5;0.0
-2;7500;VEV_5300;54;9;;;;;56;20;;;;;55.0;0.0
-2;7500;VEV_5400;15;19;15;7;;;16;17;;;;;15.5;0.0
-2;7500;VEV_5500;5;24;;;;;6;21;;;;;5.5;0.0
-2;7500;VEV_6000;0;28;;;;;1;28;;;;;0.5;0.0
-2;7500;VEV_6500;0;19;;;;;1;19;;;;;0.5;0.0
-2;7600;HYDROGEL_PACK;9957;13;9955;24;;;9976;24;;;;;9966.5;0.0
-2;7600;VELVETFRUIT_EXTRACT;5270;64;;;;;5275;16;5276;69;;;5272.5;0.0
-2;7600;VEV_4000;1258;12;1256;30;;;1279;12;1282;30;;;1268.5;0.0
-2;7600;VEV_4500;741;10;739;16;;;757;10;759;16;;;749.0;0.0
-2;7600;VEV_5000;260;26;259;27;;;266;10;267;24;;;263.0;0.0
-2;7600;VEV_5100;187;11;186;28;;;191;6;192;24;;;189.0;0.0
-2;7600;VEV_5200;90;36;;;;;;;;;;;90.0;0.0
-2;7600;VEV_5300;;;;;;;56;20;;;;;56.0;0.0
-2;7600;VEV_5400;;;;;;;;;;;;;0.0;0.0
-2;7600;VEV_5500;5;22;;;;;6;21;;;;;5.5;0.0
-2;7600;VEV_6000;0;28;;;;;1;28;;;;;0.5;0.0
-2;7600;VEV_6500;0;12;;;;;1;12;;;;;0.5;0.0
-2;7700;HYDROGEL_PACK;9958;11;9956;23;;;9974;11;9977;23;;;9966.0;0.0
-2;7700;VELVETFRUIT_EXTRACT;5270;60;;;;;5276;53;;;;;5273.0;0.0
-2;7700;VEV_4000;1258;13;1256;24;;;1280;13;1282;24;;;1269.0;0.0
-2;7700;VEV_4500;740;9;738;21;;;756;9;758;21;;;748.0;0.0
-2;7700;VEV_5000;259;24;;;;;265;25;266;13;;;262.0;0.0
-2;7700;VEV_5100;186;19;;;;;190;8;191;19;;;188.0;0.0
-2;7700;VEV_5200;91;28;90;21;;;93;6;94;22;;;92.0;0.0
-2;7700;VEV_5300;54;8;;;;;56;25;;;;;55.0;0.0
-2;7700;VEV_5400;15;24;15;20;;;;;;;;;15.0;0.0
-2;7700;VEV_5500;5;23;;;;;6;27;;;;;5.5;0.0
-2;7700;VEV_6000;0;23;;;;;1;23;;;;;0.5;0.0
-2;7700;VEV_6500;0;19;;;;;1;19;;;;;0.5;0.0
-2;7800;HYDROGEL_PACK;9958;11;9955;21;;;9974;11;9976;21;;;9966.0;0.0
-2;7800;VELVETFRUIT_EXTRACT;5270;40;;;;;5275;20;5276;34;;;5272.5;0.0
-2;7800;VEV_4000;1258;14;1255;21;;;1279;14;1281;21;;;1268.5;0.0
-2;7800;VEV_4500;739;11;737;14;;;755;11;757;14;;;747.0;0.0
-2;7800;VEV_5000;259;6;258;19;;;265;10;;;;;262.0;0.0
-2;7800;VEV_5100;186;9;;;;;190;10;;;;;188.0;0.0
-2;7800;VEV_5200;91;22;;;;;93;10;94;31;;;92.0;0.0
-2;7800;VEV_5300;54;19;53;16;;;56;10;;;;;55.0;0.0
-2;7800;VEV_5400;15;18;15;22;;;;;;;;;15.0;0.0
-2;7800;VEV_5500;5;21;;;;;6;22;;;;;5.5;0.0
-2;7800;VEV_6000;0;21;;;;;1;21;;;;;0.5;0.0
-2;7800;VEV_6500;0;15;;;;;1;15;;;;;0.5;0.0
-2;7900;HYDROGEL_PACK;9957;15;9955;29;;;9973;15;9976;29;;;9965.0;0.0
-2;7900;VELVETFRUIT_EXTRACT;5269;58;;;;;5275;34;;;;;5272.0;0.0
-2;7900;VEV_4000;1258;15;1255;17;;;1279;15;1282;17;;;1268.5;0.0
-2;7900;VEV_4500;739;7;737;15;;;755;7;756;18;757;15;747.0;0.0
-2;7900;VEV_5000;258;32;257;13;;;264;7;;;;;261.0;0.0
-2;7900;VEV_5100;186;11;;;;;190;31;;;;;188.0;0.0
-2;7900;VEV_5200;91;33;;;;;95;12;;;;;93.0;0.0
-2;7900;VEV_5300;54;22;;;;;56;14;56;10;;;55.0;0.0
-2;7900;VEV_5400;15;19;;;;;17;24;;;;;16.0;0.0
-2;7900;VEV_5500;5;7;;;;;6;22;;;;;5.5;0.0
-2;7900;VEV_6000;0;23;;;;;1;23;;;;;0.5;0.0
-2;7900;VEV_6500;0;15;;;;;1;15;;;;;0.5;0.0
-2;8000;HYDROGEL_PACK;9956;11;9953;30;;;9972;11;9974;30;;;9964.0;0.0
-2;8000;VELVETFRUIT_EXTRACT;5270;67;;;;;5275;22;5276;35;5276;40;5272.5;0.0
-2;8000;VEV_4000;1258;7;1256;30;;;1280;7;1282;30;;;1269.0;0.0
-2;8000;VEV_4500;739;12;737;24;;;755;12;756;24;756;6;747.0;0.0
-2;8000;VEV_5000;260;12;259;15;;;266;12;267;14;;;263.0;0.0
-2;8000;VEV_5100;187;30;186;23;;;;;;;;;187.0;0.0
-2;8000;VEV_5200;92;10;;;;;95;21;;;;;93.5;0.0
-2;8000;VEV_5300;54;25;;;;;;;;;;;54.0;0.0
-2;8000;VEV_5400;15;20;15;21;;;;;;;;;15.0;0.0
-2;8000;VEV_5500;5;20;;;;;6;22;;;;;5.5;0.0
-2;8000;VEV_6000;0;24;;;;;1;24;;;;;0.5;0.0
-2;8000;VEV_6500;0;14;;;;;1;14;;;;;0.5;0.0
-2;8100;HYDROGEL_PACK;9956;15;9954;23;;;9972;15;9974;23;;;9964.0;0.0
-2;8100;VELVETFRUIT_EXTRACT;5268;52;;;;;5273;22;5274;71;;;5270.5;0.0
-2;8100;VEV_4000;1258;13;1256;30;;;1280;13;1282;30;;;1269.0;0.0
-2;8100;VEV_4500;738;8;737;11;736;20;754;8;756;20;;;746.0;0.0
-2;8100;VEV_5000;260;26;259;17;;;266;11;;;;;263.0;0.0
-2;8100;VEV_5100;187;6;;;;;191;35;192;14;;;189.0;0.0
-2;8100;VEV_5200;91;29;;;;;94;6;;;;;92.5;0.0
-2;8100;VEV_5300;53;22;;;;;55;25;;;;;54.0;0.0
-2;8100;VEV_5400;15;26;14;19;;;15;6;;;;;15.0;0.0
-2;8100;VEV_5500;5;21;;;;;7;19;;;;;6.0;0.0
-2;8100;VEV_6000;0;24;;;;;1;24;;;;;0.5;0.0
-2;8100;VEV_6500;0;12;;;;;1;12;;;;;0.5;0.0
-2;8200;HYDROGEL_PACK;9960;15;9958;29;;;9976;15;9978;29;;;9968.0;0.0
-2;8200;VELVETFRUIT_EXTRACT;5270;75;5270;19;;;5276;33;;;;;5273.0;0.0
-2;8200;VEV_4000;1259;12;1257;19;;;1281;12;1283;19;;;1270.0;0.0
-2;8200;VEV_4500;739;10;737;23;;;755;10;756;23;;;747.0;0.0
-2;8200;VEV_5000;260;7;259;12;;;266;12;;;;;263.0;0.0
-2;8200;VEV_5100;188;21;187;15;;;192;21;;;;;190.0;0.0
-2;8200;VEV_5200;91;27;;;;;94;8;;;;;92.5;0.0
-2;8200;VEV_5300;53;26;;;;;56;20;;;;;54.5;0.0
-2;8200;VEV_5400;15;15;;;;;16;25;;;;;15.5;0.0
-2;8200;VEV_5500;5;18;;;;;7;24;;;;;6.0;0.0
-2;8200;VEV_6000;0;13;;;;;1;13;;;;;0.5;0.0
-2;8200;VEV_6500;0;14;;;;;1;14;;;;;0.5;0.0
-2;8300;HYDROGEL_PACK;9959;20;;;;;9978;10;9980;20;;;9968.5;0.0
-2;8300;VELVETFRUIT_EXTRACT;5270;22;5269;47;;;5275;65;;;;;5272.5;0.0
-2;8300;VEV_4000;1259;14;1256;18;;;1280;14;1283;18;;;1269.5;0.0
-2;8300;VEV_4500;737;10;735;12;;;753;10;755;12;;;745.0;0.0
-2;8300;VEV_5000;259;31;258;33;;;265;8;266;14;;;262.0;0.0
-2;8300;VEV_5100;187;6;186;15;;;191;26;192;26;;;189.0;0.0
-2;8300;VEV_5200;90;30;;;;;94;23;;;;;92.0;0.0
-2;8300;VEV_5300;54;25;;;;;56;21;57;10;;;55.0;0.0
-2;8300;VEV_5400;14;25;;;;;15;8;16;22;;;14.5;0.0
-2;8300;VEV_5500;5;19;;;;;7;22;;;;;6.0;0.0
-2;8300;VEV_6000;0;19;;;;;1;19;;;;;0.5;0.0
-2;8300;VEV_6500;0;15;;;;;1;15;;;;;0.5;0.0
-2;8400;HYDROGEL_PACK;9960;15;9958;27;;;9976;15;9979;27;;;9968.0;0.0
-2;8400;VELVETFRUIT_EXTRACT;5269;20;5268;34;;;5274;17;;;;;5271.5;0.0
-2;8400;VEV_4000;1259;11;1256;17;;;1280;11;1283;17;;;1269.5;0.0
-2;8400;VEV_4500;736;8;734;15;;;754;15;;;;;745.0;0.0
-2;8400;VEV_5000;258;9;257;23;;;265;12;;;;;261.5;0.0
-2;8400;VEV_5100;;;;;;;190;7;191;16;;;190.0;0.0
-2;8400;VEV_5200;91;24;90;27;;;94;30;;;;;92.5;0.0
-2;8400;VEV_5300;54;21;;;;;56;22;57;30;;;55.0;0.0
-2;8400;VEV_5400;15;27;14;19;;;;;;;;;15.0;0.0
-2;8400;VEV_5500;5;20;;;;;7;22;;;;;6.0;0.0
-2;8400;VEV_6000;0;28;;;;;1;28;;;;;0.5;0.0
-2;8400;VEV_6500;0;12;;;;;1;12;;;;;0.5;0.0
-2;8500;HYDROGEL_PACK;9964;14;9961;23;;;9980;14;9982;23;;;9972.0;0.0
-2;8500;VELVETFRUIT_EXTRACT;5267;30;;;;;5273;52;;;;;5270.0;0.0
-2;8500;VEV_4000;1259;11;1256;27;;;1280;11;1283;27;;;1269.5;0.0
-2;8500;VEV_4500;737;6;735;15;;;755;15;;;;;746.0;0.0
-2;8500;VEV_5000;259;18;258;13;;;265;29;266;13;;;262.0;0.0
-2;8500;VEV_5100;185;11;;;;;189;11;190;24;;;187.0;0.0
-2;8500;VEV_5200;91;12;;;;;94;27;;;;;92.5;0.0
-2;8500;VEV_5300;54;22;;;;;56;8;;;;;55.0;0.0
-2;8500;VEV_5400;14;20;;;;;16;20;;;;;15.0;0.0
-2;8500;VEV_5500;5;18;;;;;7;25;;;;;6.0;0.0
-2;8500;VEV_6000;0;23;;;;;1;23;;;;;0.5;0.0
-2;8500;VEV_6500;0;13;;;;;1;13;;;;;0.5;0.0
-2;8600;HYDROGEL_PACK;9967;15;9965;26;;;9983;15;9986;26;;;9975.0;0.0
-2;8600;VELVETFRUIT_EXTRACT;5268;18;5268;22;;;5273;22;5274;61;;;5270.5;0.0
-2;8600;VEV_4000;1258;15;1256;29;;;1280;15;1282;29;;;1269.0;0.0
-2;8600;VEV_4500;737;11;735;12;;;753;11;755;12;;;745.0;0.0
-2;8600;VEV_5000;;;;;;;264;12;265;18;;;264.0;0.0
-2;8600;VEV_5100;185;11;;;;;189;11;190;12;;;187.0;0.0
-2;8600;VEV_5200;91;9;;;;;94;25;;;;;92.5;0.0
-2;8600;VEV_5300;54;27;;;;;;;;;;;54.0;0.0
-2;8600;VEV_5400;14;22;;;;;16;25;;;;;15.0;0.0
-2;8600;VEV_5500;5;25;;;;;6;16;;;;;5.5;0.0
-2;8600;VEV_6000;0;25;;;;;1;25;;;;;0.5;0.0
-2;8600;VEV_6500;0;18;;;;;1;18;;;;;0.5;0.0
-2;8700;HYDROGEL_PACK;9964;14;9961;27;;;9980;14;9982;27;;;9972.0;0.0
-2;8700;VELVETFRUIT_EXTRACT;5269;61;;;;;5274;20;5275;44;;;5271.5;0.0
-2;8700;VEV_4000;1259;14;1256;24;;;1280;14;1283;24;;;1269.5;0.0
-2;8700;VEV_4500;736;16;;;;;755;16;;;;;745.5;0.0
-2;8700;VEV_5000;257;10;256;15;;;263;12;264;24;;;260.0;0.0
-2;8700;VEV_5100;185;7;184;17;;;189;22;;;;;187.0;0.0
-2;8700;VEV_5200;;;;;;;94;21;;;;;94.0;0.0
-2;8700;VEV_5300;54;25;;;;;;;;;;;54.0;0.0
-2;8700;VEV_5400;14;24;;;;;16;26;;;;;15.0;0.0
-2;8700;VEV_5500;5;16;;;;;7;21;;;;;6.0;0.0
-2;8700;VEV_6000;0;24;;;;;1;24;;;;;0.5;0.0
-2;8700;VEV_6500;0;16;;;;;1;16;;;;;0.5;0.0
-2;8800;HYDROGEL_PACK;9963;15;9961;23;;;9979;15;9982;23;;;9971.0;0.0
-2;8800;VELVETFRUIT_EXTRACT;5268;15;5267;38;5267;31;5273;31;;;;;5270.5;0.0
-2;8800;VEV_4000;1260;8;1257;24;;;1281;8;1284;24;;;1270.5;0.0
-2;8800;VEV_4500;738;6;736;21;;;754;6;756;21;;;746.0;0.0
-2;8800;VEV_5000;258;8;257;14;;;264;24;265;24;;;261.0;0.0
-2;8800;VEV_5100;;;;;;;190;9;;;;;190.0;0.0
-2;8800;VEV_5200;91;11;;;;;93;29;;;;;92.0;0.0
-2;8800;VEV_5300;55;21;;;;;57;23;57;24;;;56.0;0.0
-2;8800;VEV_5400;14;18;14;26;;;16;20;;;;;15.0;0.0
-2;8800;VEV_5500;6;6;;;;;7;27;;;;;6.5;0.0
-2;8800;VEV_6000;0;16;;;;;1;16;;;;;0.5;0.0
-2;8800;VEV_6500;0;19;;;;;1;19;;;;;0.5;0.0
-2;8900;HYDROGEL_PACK;9965;13;9962;26;;;9981;13;9983;26;;;9973.0;0.0
-2;8900;VELVETFRUIT_EXTRACT;5268;62;;;;;5274;32;;;;;5271.0;0.0
-2;8900;VEV_4000;1260;8;1257;23;;;1281;8;1284;23;;;1270.5;0.0
-2;8900;VEV_4500;737;11;735;13;;;753;11;755;13;;;745.0;0.0
-2;8900;VEV_5000;258;10;257;14;;;264;10;265;30;;;261.0;0.0
-2;8900;VEV_5100;186;7;185;24;;;191;23;;;;;188.5;0.0
-2;8900;VEV_5200;91;9;;;;;94;24;;;;;92.5;0.0
-2;8900;VEV_5300;54;18;53;10;;;56;25;57;13;;;55.0;0.0
-2;8900;VEV_5400;;;;;;;14;21;15;18;;;14.0;0.0
-2;8900;VEV_5500;6;26;;;;;7;24;;;;;6.5;0.0
-2;8900;VEV_6000;0;30;;;;;1;30;;;;;0.5;0.0
-2;8900;VEV_6500;0;19;;;;;1;19;;;;;0.5;0.0
-2;9000;HYDROGEL_PACK;9963;14;9961;24;;;9979;14;9982;24;;;9971.0;0.0
-2;9000;VELVETFRUIT_EXTRACT;5268;43;5268;19;;;5274;17;;;;;5271.0;0.0
-2;9000;VEV_4000;1259;10;1257;22;;;1280;10;1283;22;;;1269.5;0.0
-2;9000;VEV_4500;738;7;736;22;;;754;7;;;;;746.0;0.0
-2;9000;VEV_5000;257;12;256;12;;;264;23;;;;;260.5;0.0
-2;9000;VEV_5100;185;22;184;17;;;189;9;;;;;187.0;0.0
-2;9000;VEV_5200;90;22;;;;;94;20;;;;;92.0;0.0
-2;9000;VEV_5300;54;28;;;;;56;27;;;;;55.0;0.0
-2;9000;VEV_5400;14;24;14;28;;;;;;;;;14.0;0.0
-2;9000;VEV_5500;6;26;;;;;7;22;;;;;6.5;0.0
-2;9000;VEV_6000;0;20;;;;;1;20;;;;;0.5;0.0
-2;9000;VEV_6500;0;15;;;;;1;15;;;;;0.5;0.0
-2;9100;HYDROGEL_PACK;9967;12;9964;25;;;9983;12;9985;25;;;9975.0;0.0
-2;9100;VELVETFRUIT_EXTRACT;5270;52;;;;;5276;40;5276;40;;;5273.0;0.0
-2;9100;VEV_4000;1260;7;1258;18;;;1282;7;1284;18;;;1271.0;0.0
-2;9100;VEV_4500;738;8;736;12;;;754;8;755;12;;;746.0;0.0
-2;9100;VEV_5000;259;11;258;21;;;265;7;266;21;;;262.0;0.0
-2;9100;VEV_5100;185;11;184;29;;;189;10;190;26;;;187.0;0.0
-2;9100;VEV_5200;92;7;91;12;;;94;10;95;22;;;93.0;0.0
-2;9100;VEV_5300;54;4;;;;;56;30;56;22;;;55.0;0.0
-2;9100;VEV_5400;14;22;;;;;15;23;;;;;14.5;0.0
-2;9100;VEV_5500;6;19;;;;;7;24;;;;;6.5;0.0
-2;9100;VEV_6000;0;19;;;;;1;19;;;;;0.5;0.0
-2;9100;VEV_6500;0;18;;;;;1;18;;;;;0.5;0.0
-2;9200;HYDROGEL_PACK;9969;11;9966;30;;;9985;11;9987;30;;;9977.0;0.0
-2;9200;VELVETFRUIT_EXTRACT;5270;69;;;;;5276;49;;;;;5273.0;0.0
-2;9200;VEV_4000;1261;15;1258;25;;;1282;15;1285;25;;;1271.5;0.0
-2;9200;VEV_4500;738;6;736;19;;;756;19;;;;;747.0;0.0
-2;9200;VEV_5000;;;;;;;267;8;268;21;;;267.0;0.0
-2;9200;VEV_5100;187;11;186;19;;;192;14;;;;;189.5;0.0
-2;9200;VEV_5200;;;;;;;94;20;95;19;;;94.0;0.0
-2;9200;VEV_5300;53;19;;;;;55;18;;;;;54.0;0.0
-2;9200;VEV_5400;14;25;;;;;;;;;;;14.0;0.0
-2;9200;VEV_5500;6;27;;;;;7;23;;;;;6.5;0.0
-2;9200;VEV_6000;0;22;;;;;1;22;;;;;0.5;0.0
-2;9200;VEV_6500;0;21;;;;;1;21;;;;;0.5;0.0
-2;9300;HYDROGEL_PACK;9972;14;9970;22;;;9988;14;9991;22;;;9980.0;0.0
-2;9300;VELVETFRUIT_EXTRACT;5271;36;;;;;5277;64;;;;;5274.0;0.0
-2;9300;VEV_4000;1260;15;1258;19;;;1282;15;1284;19;;;1271.0;0.0
-2;9300;VEV_4500;739;6;737;16;;;755;6;;;;;747.0;0.0
-2;9300;VEV_5000;261;8;;;;;267;19;268;23;;;264.0;0.0
-2;9300;VEV_5100;187;12;186;15;;;191;25;;;;;189.0;0.0
-2;9300;VEV_5200;92;12;91;12;;;95;27;;;;;93.5;0.0
-2;9300;VEV_5300;53;24;;;;;55;22;;;;;54.0;0.0
-2;9300;VEV_5400;14;19;14;10;;;;;;;;;14.0;0.0
-2;9300;VEV_5500;6;19;;;;;7;20;;;;;6.5;0.0
-2;9300;VEV_6000;0;23;;;;;1;23;;;;;0.5;0.0
-2;9300;VEV_6500;0;14;;;;;1;14;;;;;0.5;0.0
-2;9400;HYDROGEL_PACK;9974;14;9972;26;;;9990;14;9993;26;;;9982.0;0.0
-2;9400;VELVETFRUIT_EXTRACT;5268;46;;;;;5274;61;;;;;5271.0;0.0
-2;9400;VEV_4000;1261;13;1258;29;;;1282;13;1285;29;;;1271.5;0.0
-2;9400;VEV_4500;740;12;739;7;738;19;756;12;758;19;;;748.0;0.0
-2;9400;VEV_5000;259;16;;;;;266;7;267;24;;;262.5;0.0
-2;9400;VEV_5100;187;6;186;19;;;;;;;;;187.0;0.0
-2;9400;VEV_5200;91;30;90;30;;;;;;;;;91.0;0.0
-2;9400;VEV_5300;53;19;;;;;55;22;;;;;54.0;0.0
-2;9400;VEV_5400;14;25;;;;;;;;;;;14.0;0.0
-2;9400;VEV_5500;6;29;;;;;7;21;;;;;6.5;0.0
-2;9400;VEV_6000;0;24;;;;;1;24;;;;;0.5;0.0
-2;9400;VEV_6500;0;14;;;;;1;14;;;;;0.5;0.0
-2;9500;HYDROGEL_PACK;9972;13;9970;27;;;9988;13;9991;27;;;9980.0;0.0
-2;9500;VELVETFRUIT_EXTRACT;5269;24;;;;;5275;49;;;;;5272.0;0.0
-2;9500;VEV_4000;1260;7;1257;29;;;1281;7;1284;29;;;1270.5;0.0
-2;9500;VEV_4500;740;11;738;12;;;758;12;;;;;749.0;0.0
-2;9500;VEV_5000;259;21;;;;;266;6;267;15;;;262.5;0.0
-2;9500;VEV_5100;186;13;;;;;192;26;;;;;189.0;0.0
-2;9500;VEV_5200;91;31;;;;;95;24;;;;;93.0;0.0
-2;9500;VEV_5300;54;8;;;;;56;25;;;;;55.0;0.0
-2;9500;VEV_5400;14;25;;;;;16;24;;;;;15.0;0.0
-2;9500;VEV_5500;6;26;;;;;7;24;;;;;6.5;0.0
-2;9500;VEV_6000;0;21;;;;;1;21;;;;;0.5;0.0
-2;9500;VEV_6500;0;17;;;;;1;17;;;;;0.5;0.0
-2;9600;HYDROGEL_PACK;9973;15;9970;21;;;9989;15;9991;21;;;9981.0;0.0
-2;9600;VELVETFRUIT_EXTRACT;5270;16;5269;55;;;5275;59;;;;;5272.5;0.0
-2;9600;VEV_4000;1260;14;1257;26;;;1281;14;1284;26;;;1270.5;0.0
-2;9600;VEV_4500;738;8;736;19;;;754;8;755;19;;;746.0;0.0
-2;9600;VEV_5000;259;31;258;15;;;266;22;;;;;262.5;0.0
-2;9600;VEV_5100;186;11;185;18;;;190;12;191;18;;;188.0;0.0
-2;9600;VEV_5200;;;;;;;95;24;;;;;95.0;0.0
-2;9600;VEV_5300;53;22;;;;;55;23;;;;;54.0;0.0
-2;9600;VEV_5400;14;22;;;;;16;22;;;;;15.0;0.0
-2;9600;VEV_5500;6;28;;;;;7;18;;;;;6.5;0.0
-2;9600;VEV_6000;0;25;;;;;1;25;;;;;0.5;0.0
-2;9600;VEV_6500;0;13;;;;;1;13;;;;;0.5;0.0
-2;9700;HYDROGEL_PACK;9973;10;9970;24;;;9989;10;9991;24;;;9981.0;0.0
-2;9700;VELVETFRUIT_EXTRACT;5269;54;5269;21;;;5274;21;5275;16;;;5271.5;0.0
-2;9700;VEV_4000;1262;9;1259;25;;;1283;9;1285;25;;;1272.5;0.0
-2;9700;VEV_4500;737;12;735;14;;;753;12;755;14;;;745.0;0.0
-2;9700;VEV_5000;259;24;;;;;266;10;267;25;;;262.5;0.0
-2;9700;VEV_5100;186;6;185;33;;;190;21;;;;;188.0;0.0
-2;9700;VEV_5200;92;19;;;;;95;11;;;;;93.5;0.0
-2;9700;VEV_5300;54;24;;;;;56;18;;;;;55.0;0.0
-2;9700;VEV_5400;14;27;;;;;15;26;16;26;;;14.5;0.0
-2;9700;VEV_5500;6;26;;;;;7;21;;;;;6.5;0.0
-2;9700;VEV_6000;0;21;;;;;1;21;;;;;0.5;0.0
-2;9700;VEV_6500;0;12;;;;;1;12;;;;;0.5;0.0
-2;9800;HYDROGEL_PACK;9975;11;9972;22;;;9991;11;9993;22;;;9983.0;0.0
-2;9800;VELVETFRUIT_EXTRACT;5271;66;5271;24;5270;34;5277;34;;;;;5274.0;0.0
-2;9800;VEV_4000;1262;14;1260;18;;;1284;14;1286;18;;;1273.0;0.0
-2;9800;VEV_4500;735;23;;;;;755;23;;;;;745.0;0.0
-2;9800;VEV_5000;259;10;;;;;265;8;266;12;;;262.0;0.0
-2;9800;VEV_5100;185;31;;;;;190;10;191;16;;;187.5;0.0
-2;9800;VEV_5200;93;21;92;12;;;95;7;;;;;94.0;0.0
-2;9800;VEV_5300;53;6;;;;;;;;;;;53.0;0.0
-2;9800;VEV_5400;14;19;;;;;15;19;16;23;;;14.5;0.0
-2;9800;VEV_5500;6;18;;;;;7;25;;;;;6.5;0.0
-2;9800;VEV_6000;0;20;;;;;1;20;;;;;0.5;0.0
-2;9800;VEV_6500;0;11;;;;;1;11;;;;;0.5;0.0
-2;9900;HYDROGEL_PACK;9975;14;9972;27;;;9991;14;9993;27;;;9983.0;0.0
-2;9900;VELVETFRUIT_EXTRACT;5271;15;5270;67;;;5276;56;;;;;5273.5;0.0
-2;9900;VEV_4000;1263;13;1261;23;;;1285;13;1287;23;;;1274.0;0.0
-2;9900;VEV_4500;736;9;734;15;;;752;9;754;15;;;744.0;0.0
-2;9900;VEV_5000;258;8;257;22;;;264;10;;;;;261.0;0.0
-2;9900;VEV_5100;186;24;;;;;191;12;;;;;188.5;0.0
-2;9900;VEV_5200;92;9;91;13;;;95;32;;;;;93.5;0.0
-2;9900;VEV_5300;53;8;52;29;;;55;24;56;22;;;54.0;0.0
-2;9900;VEV_5400;14;15;;;;;16;15;;;;;15.0;0.0
-2;9900;VEV_5500;6;22;;;;;7;20;;;;;6.5;0.0
-2;9900;VEV_6000;0;26;;;;;1;26;;;;;0.5;0.0
-2;9900;VEV_6500;0;17;;;;;1;17;;;;;0.5;0.0
-2;10000;HYDROGEL_PACK;9974;12;9971;24;;;9990;12;9992;24;;;9982.0;0.0
-2;10000;VELVETFRUIT_EXTRACT;5271;21;5270;60;;;5276;48;;;;;5273.5;0.0
-2;10000;VEV_4000;1264;7;1262;24;;;1286;7;1288;24;;;1275.0;0.0
-2;10000;VEV_4500;736;11;734;23;;;752;11;754;23;;;744.0;0.0
-2;10000;VEV_5000;258;6;257;23;;;264;12;265;17;;;261.0;0.0
-2;10000;VEV_5100;187;11;;;;;191;35;192;25;;;189.0;0.0
-2;10000;VEV_5200;90;20;;;;;94;19;;;;;92.0;0.0
-2;10000;VEV_5300;53;25;52;17;;;55;21;;;;;54.0;0.0
-2;10000;VEV_5400;;;;;;;16;17;;;;;16.0;0.0
-2;10000;VEV_5500;6;27;;;;;7;25;;;;;6.5;0.0
-2;10000;VEV_6000;0;25;;;;;1;25;;;;;0.5;0.0
-2;10000;VEV_6500;0;12;;;;;1;12;;;;;0.5;0.0
-2;10100;HYDROGEL_PACK;9973;12;9970;30;;;9989;12;9991;30;;;9981.0;0.0
-2;10100;VELVETFRUIT_EXTRACT;5269;35;5269;20;;;5274;20;5275;16;;;5271.5;0.0
-2;10100;VEV_4000;1265;14;1262;15;;;1286;14;1289;15;;;1275.5;0.0
-2;10100;VEV_4500;737;6;735;17;;;753;6;755;17;;;745.0;0.0
-2;10100;VEV_5000;256;16;;;;;263;9;264;28;;;259.5;0.0
-2;10100;VEV_5100;188;9;187;19;;;193;24;;;;;190.5;0.0
-2;10100;VEV_5200;90;17;;;;;93;27;94;30;;;91.5;0.0
-2;10100;VEV_5300;53;18;;;;;55;23;;;;;54.0;0.0
-2;10100;VEV_5400;14;24;;;;;;;;;;;14.0;0.0
-2;10100;VEV_5500;6;20;;;;;7;24;;;;;6.5;0.0
-2;10100;VEV_6000;0;20;;;;;1;20;;;;;0.5;0.0
-2;10100;VEV_6500;0;16;;;;;1;16;;;;;0.5;0.0
-2;10200;HYDROGEL_PACK;9973;14;9971;20;;;9989;14;9992;20;;;9981.0;0.0
-2;10200;VELVETFRUIT_EXTRACT;5268;18;5267;38;5267;53;5273;67;;;;;5270.5;0.0
-2;10200;VEV_4000;1265;12;1262;17;;;1286;12;1289;17;;;1275.5;0.0
-2;10200;VEV_4500;737;7;735;15;;;753;7;;;;;745.0;0.0
-2;10200;VEV_5000;256;12;255;12;;;262;11;263;21;;;259.0;0.0
-2;10200;VEV_5100;187;27;;;;;192;6;;;;;189.5;0.0
-2;10200;VEV_5200;90;26;89;27;;;93;19;;;;;91.5;0.0
-2;10200;VEV_5300;53;22;;;;;55;22;;;;;54.0;0.0
-2;10200;VEV_5400;14;19;;;;;15;9;16;20;;;14.5;0.0
-2;10200;VEV_5500;6;19;;;;;7;27;;;;;6.5;0.0
-2;10200;VEV_6000;0;25;;;;;1;25;;;;;0.5;0.0
-2;10200;VEV_6500;0;12;;;;;1;12;;;;;0.5;0.0
-2;10300;HYDROGEL_PACK;9973;12;9971;21;;;9989;12;9992;21;;;9981.0;0.0
-2;10300;VELVETFRUIT_EXTRACT;5267;15;;;;;5272;25;5273;31;;;5269.5;0.0
-2;10300;VEV_4000;1264;9;1262;18;;;1286;9;1288;18;;;1275.0;0.0
-2;10300;VEV_4500;739;8;737;24;;;755;8;756;24;;;747.0;0.0
-2;10300;VEV_5000;255;10;;;;;261;12;262;15;;;258.0;0.0
-2;10300;VEV_5100;187;24;;;;;193;18;;;;;190.0;0.0
-2;10300;VEV_5200;;;;;;;;;;;;;0.0;0.0
-2;10300;VEV_5300;53;6;52;18;;;55;26;;;;;54.0;0.0
-2;10300;VEV_5400;14;28;;;;;15;6;;;;;14.5;0.0
-2;10300;VEV_5500;6;17;;;;;7;24;;;;;6.5;0.0
-2;10300;VEV_6000;0;25;;;;;1;25;;;;;0.5;0.0
-2;10300;VEV_6500;0;17;;;;;1;17;;;;;0.5;0.0
-2;10400;HYDROGEL_PACK;9973;13;9970;30;;;9989;13;9991;30;;;9981.0;0.0
-2;10400;VELVETFRUIT_EXTRACT;5268;62;;;;;5274;72;;;;;5271.0;0.0
-2;10400;VEV_4000;1265;13;1263;26;;;1287;13;1289;26;;;1276.0;0.0
-2;10400;VEV_4500;738;8;736;19;;;754;8;756;19;;;746.0;0.0
-2;10400;VEV_5000;256;7;;;;;262;6;263;14;;;259.0;0.0
-2;10400;VEV_5100;188;11;187;24;;;192;25;193;15;;;190.0;0.0
-2;10400;VEV_5200;88;21;;;;;91;26;92;24;;;89.5;0.0
-2;10400;VEV_5300;53;20;;;;;55;26;56;24;;;54.0;0.0
-2;10400;VEV_5400;14;26;;;;;15;29;;;;;14.5;0.0
-2;10400;VEV_5500;6;29;;;;;7;26;;;;;6.5;0.0
-2;10400;VEV_6000;0;23;;;;;1;23;;;;;0.5;0.0
-2;10400;VEV_6500;0;14;;;;;1;14;;;;;0.5;0.0
-2;10500;HYDROGEL_PACK;9970;12;9968;22;;;9986;12;9989;22;;;9978.0;0.0
-2;10500;VELVETFRUIT_EXTRACT;5268;47;;;;;5274;32;;;;;5271.0;0.0
-2;10500;VEV_4000;1267;9;1265;21;;;1289;9;1291;21;;;1278.0;0.0
-2;10500;VEV_4500;739;6;737;15;;;755;6;757;15;;;747.0;0.0
-2;10500;VEV_5000;256;8;;;;;262;8;263;31;;;259.0;0.0
-2;10500;VEV_5100;;;;;;;195;31;;;;;195.0;0.0
-2;10500;VEV_5200;90;20;89;21;;;93;18;;;;;91.5;0.0
-2;10500;VEV_5300;53;8;;;;;55;20;;;;;54.0;0.0
-2;10500;VEV_5400;;;;;;;;;;;;;0.0;0.0
-2;10500;VEV_5500;6;21;;;;;7;25;;;;;6.5;0.0
-2;10500;VEV_6000;0;19;;;;;1;19;;;;;0.5;0.0
-2;10500;VEV_6500;0;11;;;;;1;11;;;;;0.5;0.0
-2;10600;HYDROGEL_PACK;9972;13;9969;29;;;9988;13;9990;29;;;9980.0;0.0
-2;10600;VELVETFRUIT_EXTRACT;5269;60;;;;;5274;17;5275;52;;;5271.5;0.0
-2;10600;VEV_4000;1264;9;1262;25;;;1286;9;1288;25;;;1275.0;0.0
-2;10600;VEV_4500;739;6;737;17;;;755;6;757;17;;;747.0;0.0
-2;10600;VEV_5000;255;10;254;14;;;;;;;;;255.0;0.0
-2;10600;VEV_5100;191;23;;;;;196;20;;;;;193.5;0.0
-2;10600;VEV_5200;89;29;;;;;92;11;93;25;;;90.5;0.0
-2;10600;VEV_5300;53;25;52;18;;;55;19;;;;;54.0;0.0
-2;10600;VEV_5400;;;;;;;;;;;;;0.0;0.0
-2;10600;VEV_5500;6;20;;;;;7;23;;;;;6.5;0.0
-2;10600;VEV_6000;0;23;;;;;1;23;;;;;0.5;0.0
-2;10600;VEV_6500;0;15;;;;;1;15;;;;;0.5;0.0
-2;10700;HYDROGEL_PACK;9973;14;9970;27;;;9989;14;9991;27;;;9981.0;0.0
-2;10700;VELVETFRUIT_EXTRACT;5267;24;;;;;5273;22;;;;;5270.0;0.0
-2;10700;VEV_4000;1264;15;1261;22;;;1285;15;1288;22;;;1274.5;0.0
-2;10700;VEV_4500;739;7;737;19;;;755;7;757;19;;;747.0;0.0
-2;10700;VEV_5000;256;9;255;14;;;262;11;263;21;;;259.0;0.0
-2;10700;VEV_5100;192;6;191;24;;;196;29;197;29;;;194.0;0.0
-2;10700;VEV_5200;89;17;;;;;92;29;93;32;;;90.5;0.0
-2;10700;VEV_5300;53;30;;;;;55;6;;;;;54.0;0.0
-2;10700;VEV_5400;14;16;;;;;15;20;;;;;14.5;0.0
-2;10700;VEV_5500;6;27;;;;;7;19;;;;;6.5;0.0
-2;10700;VEV_6000;0;19;;;;;1;19;;;;;0.5;0.0
-2;10700;VEV_6500;0;14;;;;;1;14;;;;;0.5;0.0
-2;10800;HYDROGEL_PACK;9973;10;9970;22;;;9989;10;9991;22;;;9981.0;0.0
-2;10800;VELVETFRUIT_EXTRACT;5269;19;5268;30;;;5273;19;5274;57;;;5271.0;0.0
-2;10800;VEV_4000;1265;14;1262;22;;;1286;14;1289;22;;;1275.5;0.0
-2;10800;VEV_4500;740;10;738;12;;;756;10;757;11;758;12;748.0;0.0
-2;10800;VEV_5000;256;10;255;13;;;262;9;263;20;;;259.0;0.0
-2;10800;VEV_5100;193;8;192;13;;;198;12;;;;;195.5;0.0
-2;10800;VEV_5200;90;28;89;19;;;93;20;;;;;91.5;0.0
-2;10800;VEV_5300;53;25;;;;;55;22;;;;;54.0;0.0
-2;10800;VEV_5400;14;26;;;;;16;30;;;;;15.0;0.0
-2;10800;VEV_5500;6;17;;;;;7;25;;;;;6.5;0.0
-2;10800;VEV_6000;0;22;;;;;1;22;;;;;0.5;0.0
-2;10800;VEV_6500;0;17;;;;;1;17;;;;;0.5;0.0
-2;10900;HYDROGEL_PACK;9975;15;9972;27;;;9991;15;9993;27;;;9983.0;0.0
-2;10900;VELVETFRUIT_EXTRACT;5267;22;5267;22;;;5273;38;5273;47;;;5270.0;0.0
-2;10900;VEV_4000;1265;9;1262;26;;;1286;9;1289;26;;;1275.5;0.0
-2;10900;VEV_4500;742;11;740;23;;;758;11;760;23;;;750.0;0.0
-2;10900;VEV_5000;257;11;256;14;;;263;24;264;19;;;260.0;0.0
-2;10900;VEV_5100;194;29;193;34;;;198;7;199;22;;;196.0;0.0
-2;10900;VEV_5200;91;11;;;;;;;;;;;91.0;0.0
-2;10900;VEV_5300;53;19;;;;;55;24;;;;;54.0;0.0
-2;10900;VEV_5400;14;21;;;;;16;16;;;;;15.0;0.0
-2;10900;VEV_5500;6;19;;;;;7;19;;;;;6.5;0.0
-2;10900;VEV_6000;0;20;;;;;1;20;;;;;0.5;0.0
-2;10900;VEV_6500;0;15;;;;;1;15;;;;;0.5;0.0
-2;11000;HYDROGEL_PACK;9973;13;9970;23;;;9989;13;9991;23;;;9981.0;0.0
-2;11000;VELVETFRUIT_EXTRACT;5268;52;;;;;5273;18;5274;32;;;5270.5;0.0
-2;11000;VEV_4000;1266;8;1263;23;;;1287;8;1290;23;;;1276.5;0.0
-2;11000;VEV_4500;742;8;741;12;740;21;758;8;759;21;759;11;750.0;0.0
-2;11000;VEV_5000;256;12;255;17;;;262;7;263;15;;;259.0;0.0
-2;11000;VEV_5100;191;28;;;;;;;;;;;191.0;0.0
-2;11000;VEV_5200;91;7;90;15;;;94;22;;;;;92.5;0.0
-2;11000;VEV_5300;52;7;51;13;;;54;25;;;;;53.0;0.0
-2;11000;VEV_5400;14;18;14;5;;;15;21;16;22;;;14.5;0.0
-2;11000;VEV_5500;6;20;;;;;7;25;;;;;6.5;0.0
-2;11000;VEV_6000;0;20;;;;;1;20;;;;;0.5;0.0
-2;11000;VEV_6500;0;16;;;;;1;16;;;;;0.5;0.0
-2;11100;HYDROGEL_PACK;9973;14;9971;22;;;9989;14;9992;22;;;9981.0;0.0
-2;11100;VELVETFRUIT_EXTRACT;5269;22;5268;30;;;5274;37;5275;37;;;5271.5;0.0
-2;11100;VEV_4000;1266;12;1263;24;;;1287;12;1290;24;;;1276.5;0.0
-2;11100;VEV_4500;742;10;740;24;;;758;10;760;24;;;750.0;0.0
-2;11100;VEV_5000;255;26;254;29;;;261;10;262;23;;;258.0;0.0
-2;11100;VEV_5100;190;13;;;;;195;8;196;14;;;192.5;0.0
-2;11100;VEV_5200;90;26;;;;;94;33;;;;;92.0;0.0
-2;11100;VEV_5300;53;10;;;;;55;30;;;;;54.0;0.0
-2;11100;VEV_5400;;;;;;;16;22;;;;;16.0;0.0
-2;11100;VEV_5500;6;22;;;;;7;21;;;;;6.5;0.0
-2;11100;VEV_6000;0;21;;;;;1;21;;;;;0.5;0.0
-2;11100;VEV_6500;0;17;;;;;1;17;;;;;0.5;0.0
-2;11200;HYDROGEL_PACK;9974;14;9971;27;;;9992;27;;;;;9983.0;0.0
-2;11200;VELVETFRUIT_EXTRACT;5268;19;;;;;5274;37;;;;;5271.0;0.0
-2;11200;VEV_4000;1266;13;1264;15;;;1288;13;1290;15;;;1277.0;0.0
-2;11200;VEV_4500;739;16;;;;;757;9;759;16;;;748.0;0.0
-2;11200;VEV_5000;255;11;;;;;261;7;262;19;;;258.0;0.0
-2;11200;VEV_5100;191;11;190;32;;;195;7;196;24;;;193.0;0.0
-2;11200;VEV_5200;90;13;;;;;;;;;;;90.0;0.0
-2;11200;VEV_5300;52;25;;;;;;;;;;;52.0;0.0
-2;11200;VEV_5400;14;6;;;;;15;25;;;;;14.5;0.0
-2;11200;VEV_5500;6;26;;;;;7;26;;;;;6.5;0.0
-2;11200;VEV_6000;0;25;;;;;1;25;;;;;0.5;0.0
-2;11200;VEV_6500;0;14;;;;;1;14;;;;;0.5;0.0
-2;11300;HYDROGEL_PACK;9973;10;9971;27;;;9989;10;9992;27;;;9981.0;0.0
-2;11300;VELVETFRUIT_EXTRACT;5269;67;;;;;5274;20;5275;24;;;5271.5;0.0
-2;11300;VEV_4000;1267;7;1264;17;;;1288;7;1291;17;;;1277.5;0.0
-2;11300;VEV_4500;742;7;741;8;740;13;759;6;760;13;;;750.5;0.0
-2;11300;VEV_5000;255;9;254;16;;;261;11;262;17;;;258.0;0.0
-2;11300;VEV_5100;191;8;;;;;196;23;;;;;193.5;0.0
-2;11300;VEV_5200;91;7;90;23;;;94;16;;;;;92.5;0.0
-2;11300;VEV_5300;52;20;;;;;54;19;;;;;53.0;0.0
-2;11300;VEV_5400;13;21;;;;;;;;;;;13.0;0.0
-2;11300;VEV_5500;6;20;;;;;7;24;;;;;6.5;0.0
-2;11300;VEV_6000;0;23;;;;;1;23;;;;;0.5;0.0
-2;11300;VEV_6500;0;18;;;;;1;18;;;;;0.5;0.0
-2;11400;HYDROGEL_PACK;9975;14;9972;22;;;9991;14;9993;22;;;9983.0;0.0
-2;11400;VELVETFRUIT_EXTRACT;5269;51;;;;;5274;21;5275;35;;;5271.5;0.0
-2;11400;VEV_4000;1267;8;1265;26;;;1289;8;1291;26;;;1278.0;0.0
-2;11400;VEV_4500;741;11;739;16;;;759;16;;;;;750.0;0.0
-2;11400;VEV_5000;;;;;;;262;6;263;16;;;262.0;0.0
-2;11400;VEV_5100;193;8;;;;;197;27;;;;;195.0;0.0
-2;11400;VEV_5200;91;12;90;27;;;94;22;;;;;92.5;0.0
-2;11400;VEV_5300;53;19;;;;;55;22;;;;;54.0;0.0
-2;11400;VEV_5400;13;19;;;;;15;21;;;;;14.0;0.0
-2;11400;VEV_5500;6;30;;;;;7;25;;;;;6.5;0.0
-2;11400;VEV_6000;0;23;;;;;1;23;;;;;0.5;0.0
-2;11400;VEV_6500;0;17;;;;;1;17;;;;;0.5;0.0
-2;11500;HYDROGEL_PACK;9977;10;9974;24;;;9993;10;9995;24;;;9985.0;0.0
-2;11500;VELVETFRUIT_EXTRACT;5269;53;;;;;5275;47;;;;;5272.0;0.0
-2;11500;VEV_4000;1268;7;1265;25;;;1289;7;1292;25;;;1278.5;0.0
-2;11500;VEV_4500;742;6;740;24;;;758;6;759;6;760;24;750.0;0.0
-2;11500;VEV_5000;254;7;253;18;;;;;;;;;254.0;0.0
-2;11500;VEV_5100;191;26;;;;;196;31;197;12;;;193.5;0.0
-2;11500;VEV_5200;92;25;91;28;;;94;10;;;;;93.0;0.0
-2;11500;VEV_5300;53;20;;;;;55;29;;;;;54.0;0.0
-2;11500;VEV_5400;;;;;;;15;20;;;;;15.0;0.0
-2;11500;VEV_5500;6;21;;;;;7;17;;;;;6.5;0.0
-2;11500;VEV_6000;0;17;;;;;1;17;;;;;0.5;0.0
-2;11500;VEV_6500;0;17;;;;;1;17;;;;;0.5;0.0
-2;11600;HYDROGEL_PACK;9979;11;9976;23;;;9995;11;9997;23;;;9987.0;0.0
-2;11600;VELVETFRUIT_EXTRACT;5270;15;5269;40;;;5275;66;;;;;5272.5;0.0
-2;11600;VEV_4000;1268;8;1265;18;;;1289;8;1292;18;;;1278.5;0.0
-2;11600;VEV_4500;740;14;;;;;758;7;760;14;;;749.0;0.0
-2;11600;VEV_5000;254;12;253;16;;;;;;;;;254.0;0.0
-2;11600;VEV_5100;193;8;192;30;;;197;8;;;;;195.0;0.0
-2;11600;VEV_5200;;;;;;;;;;;;;0.0;0.0
-2;11600;VEV_5300;53;22;;;;;55;23;;;;;54.0;0.0
-2;11600;VEV_5400;14;20;;;;;14;7;15;20;;;14.0;0.0
-2;11600;VEV_5500;6;25;;;;;7;28;;;;;6.5;0.0
-2;11600;VEV_6000;0;26;;;;;1;26;;;;;0.5;0.0
-2;11600;VEV_6500;0;13;;;;;1;13;;;;;0.5;0.0
-2;11700;HYDROGEL_PACK;9979;14;9977;24;;;9995;14;9998;24;;;9987.0;0.0
-2;11700;VELVETFRUIT_EXTRACT;5270;19;5269;39;;;5275;63;;;;;5272.5;0.0
-2;11700;VEV_4000;1268;11;1265;28;;;1289;11;1292;28;;;1278.5;0.0
-2;11700;VEV_4500;741;12;;;;;759;11;760;12;;;750.0;0.0
-2;11700;VEV_5000;255;12;;;;;261;10;262;15;;;258.0;0.0
-2;11700;VEV_5100;193;9;;;;;197;9;;;;;195.0;0.0
-2;11700;VEV_5200;91;25;;;;;95;15;;;;;93.0;0.0
-2;11700;VEV_5300;53;22;;;;;55;15;55;22;;;54.0;0.0
-2;11700;VEV_5400;13;18;;;;;15;20;;;;;14.0;0.0
-2;11700;VEV_5500;6;21;;;;;7;24;;;;;6.5;0.0
-2;11700;VEV_6000;0;22;;;;;1;22;;;;;0.5;0.0
-2;11700;VEV_6500;0;15;;;;;1;15;;;;;0.5;0.0
-2;11800;HYDROGEL_PACK;9982;14;9979;21;;;9998;14;10000;21;;;9990.0;0.0
-2;11800;VELVETFRUIT_EXTRACT;5271;17;5270;67;;;5276;48;;;;;5273.5;0.0
-2;11800;VEV_4000;1268;14;1265;15;;;1289;14;1292;15;;;1278.5;0.0
-2;11800;VEV_4500;744;9;742;16;;;760;9;761;6;762;16;752.0;0.0
-2;11800;VEV_5000;256;27;255;19;;;262;6;263;12;;;259.0;0.0
-2;11800;VEV_5100;193;10;192;12;;;197;8;;;;;195.0;0.0
-2;11800;VEV_5200;91;8;90;12;;;93;27;94;22;;;92.0;0.0
-2;11800;VEV_5300;52;17;;;;;54;21;;;;;53.0;0.0
-2;11800;VEV_5400;14;27;13;24;;;15;28;;;;;14.5;0.0
-2;11800;VEV_5500;6;24;;;;;7;20;;;;;6.5;0.0
-2;11800;VEV_6000;0;29;;;;;1;29;;;;;0.5;0.0
-2;11800;VEV_6500;0;21;;;;;1;21;;;;;0.5;0.0
-2;11900;HYDROGEL_PACK;9983;14;9981;22;;;9999;14;10002;22;;;9991.0;0.0
-2;11900;VELVETFRUIT_EXTRACT;5269;33;5269;48;;;5275;60;;;;;5272.0;0.0
-2;11900;VEV_4000;1268;7;1265;30;;;1289;7;;;;;1278.5;0.0
-2;11900;VEV_4500;744;8;742;16;;;760;8;762;16;;;752.0;0.0
-2;11900;VEV_5000;255;6;254;18;;;261;9;;;;;258.0;0.0
-2;11900;VEV_5100;193;7;192;16;;;197;7;198;16;;;195.0;0.0
-2;11900;VEV_5200;;;;;;;;;;;;;0.0;0.0
-2;11900;VEV_5300;;;;;;;54;19;;;;;54.0;0.0
-2;11900;VEV_5400;;;;;;;14;27;15;27;;;14.0;0.0
-2;11900;VEV_5500;6;19;;;;;7;21;;;;;6.5;0.0
-2;11900;VEV_6000;0;20;;;;;1;20;;;;;0.5;0.0
-2;11900;VEV_6500;0;15;;;;;1;15;;;;;0.5;0.0
-2;12000;HYDROGEL_PACK;9984;15;9981;26;;;10000;15;10002;26;;;9992.0;0.0
-2;12000;VELVETFRUIT_EXTRACT;5269;35;5269;37;;;5275;22;;;;;5272.0;0.0
-2;12000;VEV_4000;1267;8;1265;28;;;1289;8;1291;28;;;1278.0;0.0
-2;12000;VEV_4500;744;11;742;16;;;760;11;762;16;;;752.0;0.0
-2;12000;VEV_5000;254;8;253;20;;;260;11;261;22;;;257.0;0.0
-2;12000;VEV_5100;192;13;;;;;197;6;198;30;;;194.5;0.0
-2;12000;VEV_5200;90;12;89;35;;;92;22;93;33;;;91.0;0.0
-2;12000;VEV_5300;52;17;;;;;;;;;;;52.0;0.0
-2;12000;VEV_5400;14;22;13;23;;;15;27;;;;;14.5;0.0
-2;12000;VEV_5500;6;17;;;;;7;25;;;;;6.5;0.0
-2;12000;VEV_6000;0;22;;;;;1;22;;;;;0.5;0.0
-2;12000;VEV_6500;0;17;;;;;1;17;;;;;0.5;0.0
-2;12100;HYDROGEL_PACK;9983;12;9981;21;;;9999;12;10002;21;;;9991.0;0.0
-2;12100;VELVETFRUIT_EXTRACT;5269;19;5268;71;;;5274;33;;;;;5271.5;0.0
-2;12100;VEV_4000;1265;9;1263;27;;;1287;9;1289;27;;;1276.0;0.0
-2;12100;VEV_4500;744;7;742;23;;;760;7;762;23;;;752.0;0.0
-2;12100;VEV_5000;254;8;253;17;;;261;24;;;;;257.5;0.0
-2;12100;VEV_5100;194;25;193;30;;;198;12;199;23;;;196.0;0.0
-2;12100;VEV_5200;90;26;;;;;93;28;94;20;;;91.5;0.0
-2;12100;VEV_5300;53;24;;;;;;;;;;;53.0;0.0
-2;12100;VEV_5400;13;27;;;;;;;;;;;13.0;0.0
-2;12100;VEV_5500;6;27;;;;;7;30;;;;;6.5;0.0
-2;12100;VEV_6000;0;26;;;;;1;26;;;;;0.5;0.0
-2;12100;VEV_6500;0;14;;;;;1;14;;;;;0.5;0.0
-2;12200;HYDROGEL_PACK;9986;15;9984;23;;;10002;15;10005;23;;;9994.0;0.0
-2;12200;VELVETFRUIT_EXTRACT;5270;71;5270;18;;;5276;63;;;;;5273.0;0.0
-2;12200;VEV_4000;1265;10;1263;16;;;1287;10;1289;16;;;1276.0;0.0
-2;12200;VEV_4500;744;8;742;22;;;760;8;762;22;;;752.0;0.0
-2;12200;VEV_5000;254;12;253;16;;;260;8;261;19;;;257.0;0.0
-2;12200;VEV_5100;193;12;192;17;;;;;;;;;193.0;0.0
-2;12200;VEV_5200;90;28;;;;;93;6;94;30;;;91.5;0.0
-2;12200;VEV_5300;53;22;;;;;;;;;;;53.0;0.0
-2;12200;VEV_5400;;;;;;;15;13;;;;;15.0;0.0
-2;12200;VEV_5500;5;25;;;;;7;27;;;;;6.0;0.0
-2;12200;VEV_6000;0;21;;;;;1;21;;;;;0.5;0.0
-2;12200;VEV_6500;0;14;;;;;1;14;;;;;0.5;0.0
-2;12300;HYDROGEL_PACK;9986;11;9983;27;;;10002;11;10004;27;;;9994.0;0.0
-2;12300;VELVETFRUIT_EXTRACT;5270;35;5270;19;5269;49;5276;59;;;;;5273.0;0.0
-2;12300;VEV_4000;1266;10;1263;17;;;1287;10;1290;17;;;1276.5;0.0
-2;12300;VEV_4500;744;6;743;6;742;15;760;6;762;15;;;752.0;0.0
-2;12300;VEV_5000;254;29;253;26;;;260;7;261;20;;;257.0;0.0
-2;12300;VEV_5100;193;33;192;13;;;197;27;;;;;195.0;0.0
-2;12300;VEV_5200;92;6;91;22;;;95;18;;;;;93.5;0.0
-2;12300;VEV_5300;52;6;;;;;54;10;55;15;;;53.0;0.0
-2;12300;VEV_5400;13;19;;;;;;;;;;;13.0;0.0
-2;12300;VEV_5500;5;22;;;;;7;19;;;;;6.0;0.0
-2;12300;VEV_6000;0;25;;;;;1;25;;;;;0.5;0.0
-2;12300;VEV_6500;0;17;;;;;1;17;;;;;0.5;0.0
-2;12400;HYDROGEL_PACK;9988;10;9986;24;;;10004;10;10007;24;;;9996.0;0.0
-2;12400;VELVETFRUIT_EXTRACT;5272;61;;;;;5278;37;;;;;5275.0;0.0
-2;12400;VEV_4000;1265;10;1263;27;;;1287;10;1289;27;;;1276.0;0.0
-2;12400;VEV_4500;744;11;743;12;742;17;762;17;;;;;753.0;0.0
-2;12400;VEV_5000;255;11;254;21;;;261;9;;;;;258.0;0.0
-2;12400;VEV_5100;193;9;;;;;197;11;198;32;;;195.0;0.0
-2;12400;VEV_5200;91;26;;;;;95;26;;;;;93.0;0.0
-2;12400;VEV_5300;52;20;;;;;54;22;;;;;53.0;0.0
-2;12400;VEV_5400;13;25;;;;;;;;;;;13.0;0.0
-2;12400;VEV_5500;6;19;;;;;7;18;;;;;6.5;0.0
-2;12400;VEV_6000;0;20;;;;;1;20;;;;;0.5;0.0
-2;12400;VEV_6500;0;22;;;;;1;22;;;;;0.5;0.0
-2;12500;HYDROGEL_PACK;9989;15;9986;28;;;10005;15;10007;28;;;9997.0;0.0
-2;12500;VELVETFRUIT_EXTRACT;5270;50;5270;64;;;5276;44;5277;50;;;5273.0;0.0
-2;12500;VEV_4000;1266;13;1264;30;;;1287;13;1290;30;;;1276.5;0.0
-2;12500;VEV_4500;743;12;741;22;;;761;22;;;;;752.0;0.0
-2;12500;VEV_5000;254;12;253;20;;;260;11;261;13;;;257.0;0.0
-2;12500;VEV_5100;192;33;191;20;;;196;12;197;20;;;194.0;0.0
-2;12500;VEV_5200;92;8;91;29;;;95;16;;;;;93.5;0.0
-2;12500;VEV_5300;52;29;51;16;;;54;25;55;22;;;53.0;0.0
-2;12500;VEV_5400;13;22;12;20;;;14;17;;;;;13.5;0.0
-2;12500;VEV_5500;5;19;;;;;7;27;;;;;6.0;0.0
-2;12500;VEV_6000;0;25;;;;;1;25;;;;;0.5;0.0
-2;12500;VEV_6500;0;12;;;;;1;12;;;;;0.5;0.0
-2;12600;HYDROGEL_PACK;9988;13;9985;22;;;10004;13;10006;22;;;9996.0;0.0
-2;12600;VELVETFRUIT_EXTRACT;5271;24;5270;37;5270;52;5276;56;;;;;5273.5;0.0
-2;12600;VEV_4000;1267;11;1264;23;;;1288;11;1291;23;;;1277.5;0.0
-2;12600;VEV_4500;741;9;739;23;;;757;9;759;23;;;749.0;0.0
-2;12600;VEV_5000;253;11;252;15;;;259;12;260;20;;;256.0;0.0
-2;12600;VEV_5100;191;28;190;24;;;195;8;;;;;193.0;0.0
-2;12600;VEV_5200;92;6;;;;;;;;;;;92.0;0.0
-2;12600;VEV_5300;52;8;;;;;54;18;;;;;53.0;0.0
-2;12600;VEV_5400;12;23;;;;;14;23;;;;;13.0;0.0
-2;12600;VEV_5500;5;21;;;;;7;28;;;;;6.0;0.0
-2;12600;VEV_6000;0;24;;;;;1;24;;;;;0.5;0.0
-2;12600;VEV_6500;0;12;;;;;1;12;;;;;0.5;0.0
-2;12700;HYDROGEL_PACK;9986;13;9983;21;;;10002;13;10004;21;;;9994.0;0.0
-2;12700;VELVETFRUIT_EXTRACT;5270;62;5270;24;;;5276;30;;;;;5273.0;0.0
-2;12700;VEV_4000;1267;15;1265;15;;;1289;15;1291;15;;;1278.0;0.0
-2;12700;VEV_4500;741;6;739;17;;;757;6;758;17;758;12;749.0;0.0
-2;12700;VEV_5000;252;12;251;17;;;258;28;259;23;;;255.0;0.0
-2;12700;VEV_5100;192;6;191;17;;;196;27;197;27;;;194.0;0.0
-2;12700;VEV_5200;;;;;;;94;19;;;;;94.0;0.0
-2;12700;VEV_5300;51;24;;;;;;;;;;;51.0;0.0
-2;12700;VEV_5400;13;18;12;27;;;14;20;;;;;13.5;0.0
-2;12700;VEV_5500;5;27;;;;;7;29;;;;;6.0;0.0
-2;12700;VEV_6000;0;23;;;;;1;23;;;;;0.5;0.0
-2;12700;VEV_6500;0;20;;;;;1;20;;;;;0.5;0.0
-2;12800;HYDROGEL_PACK;9987;12;9985;23;;;10003;12;10006;23;;;9995.0;0.0
-2;12800;VELVETFRUIT_EXTRACT;5270;57;;;;;5275;18;5276;47;;;5272.5;0.0
-2;12800;VEV_4000;1266;9;1264;27;;;1288;9;1290;27;;;1277.0;0.0
-2;12800;VEV_4500;740;9;738;20;;;756;9;;;;;748.0;0.0
-2;12800;VEV_5000;253;11;252;16;;;259;8;260;28;;;256.0;0.0
-2;12800;VEV_5100;;;;;;;196;6;197;33;;;196.0;0.0
-2;12800;VEV_5200;90;6;;;;;92;23;93;26;;;91.0;0.0
-2;12800;VEV_5300;52;20;;;;;54;17;;;;;53.0;0.0
-2;12800;VEV_5400;13;19;12;17;;;14;28;;;;;13.5;0.0
-2;12800;VEV_5500;5;22;;;;;6;5;;;;;5.5;0.0
-2;12800;VEV_6000;0;20;;;;;1;20;;;;;0.5;0.0
-2;12800;VEV_6500;0;11;;;;;1;11;;;;;0.5;0.0
-2;12900;HYDROGEL_PACK;9989;15;9987;24;;;10005;15;10008;24;;;9997.0;0.0
-2;12900;VELVETFRUIT_EXTRACT;5269;44;;;;;5275;51;;;;;5272.0;0.0
-2;12900;VEV_4000;1266;14;1264;19;;;1288;14;1290;19;;;1277.0;0.0
-2;12900;VEV_4500;740;6;738;22;;;756;6;758;22;;;748.0;0.0
-2;12900;VEV_5000;251;10;250;16;;;257;6;258;13;;;254.0;0.0
-2;12900;VEV_5100;193;25;192;18;;;198;14;;;;;195.5;0.0
-2;12900;VEV_5200;;;;;;;93;12;94;27;;;93.0;0.0
-2;12900;VEV_5300;51;18;;;;;53;23;54;25;;;52.0;0.0
-2;12900;VEV_5400;12;24;;;;;14;23;;;;;13.0;0.0
-2;12900;VEV_5500;5;19;;;;;6;28;;;;;5.5;0.0
-2;12900;VEV_6000;0;16;;;;;1;16;;;;;0.5;0.0
-2;12900;VEV_6500;0;14;;;;;1;14;;;;;0.5;0.0
-2;13000;HYDROGEL_PACK;9991;14;9989;23;;;10007;14;10010;23;;;9999.0;0.0
-2;13000;VELVETFRUIT_EXTRACT;5270;31;;;;;5275;18;5276;48;;;5272.5;0.0
-2;13000;VEV_4000;1265;13;1263;16;;;1287;13;1289;16;;;1276.0;0.0
-2;13000;VEV_4500;741;10;739;20;;;759;20;;;;;750.0;0.0
-2;13000;VEV_5000;249;8;248;21;;;255;9;256;23;;;252.0;0.0
-2;13000;VEV_5100;191;16;;;;;;;;;;;191.0;0.0
-2;13000;VEV_5200;91;10;90;19;;;93;7;94;15;;;92.0;0.0
-2;13000;VEV_5300;51;21;;;;;53;21;;;;;52.0;0.0
-2;13000;VEV_5400;13;29;;;;;15;19;;;;;14.0;0.0
-2;13000;VEV_5500;5;16;;;;;7;19;;;;;6.0;0.0
-2;13000;VEV_6000;0;24;;;;;1;24;;;;;0.5;0.0
-2;13000;VEV_6500;0;21;;;;;1;21;;;;;0.5;0.0
-2;13100;HYDROGEL_PACK;9988;12;9986;28;;;10004;12;10007;28;;;9996.0;0.0
-2;13100;VELVETFRUIT_EXTRACT;5270;46;5270;69;;;5276;53;;;;;5273.0;0.0
-2;13100;VEV_4000;1266;13;1263;25;;;1287;13;1290;25;;;1276.5;0.0
-2;13100;VEV_4500;742;9;740;22;;;758;9;759;22;;;750.0;0.0
-2;13100;VEV_5000;249;12;;;;;256;9;257;21;;;252.5;0.0
-2;13100;VEV_5100;193;20;;;;;197;36;198;16;;;195.0;0.0
-2;13100;VEV_5200;91;12;;;;;;;;;;;91.0;0.0
-2;13100;VEV_5300;51;10;;;;;53;16;;;;;52.0;0.0
-2;13100;VEV_5400;12;25;;;;;13;20;14;15;;;12.5;0.0
-2;13100;VEV_5500;5;22;;;;;7;19;;;;;6.0;0.0
-2;13100;VEV_6000;0;24;;;;;1;24;;;;;0.5;0.0
-2;13100;VEV_6500;0;11;;;;;1;11;;;;;0.5;0.0
-2;13200;HYDROGEL_PACK;9988;13;9985;27;;;10004;13;10006;27;;;9996.0;0.0
-2;13200;VELVETFRUIT_EXTRACT;5271;52;;;;;5277;32;;;;;5274.0;0.0
-2;13200;VEV_4000;1266;11;1263;19;;;1287;11;1290;19;;;1276.5;0.0
-2;13200;VEV_4500;743;8;741;12;;;759;8;760;12;760;22;751.0;0.0
-2;13200;VEV_5000;249;12;;;;;255;9;256;22;;;252.0;0.0
-2;13200;VEV_5100;194;19;193;23;;;;;;;;;194.0;0.0
-2;13200;VEV_5200;89;30;;;;;92;10;93;28;;;90.5;0.0
-2;13200;VEV_5300;51;24;;;;;53;27;;;;;52.0;0.0
-2;13200;VEV_5400;12;25;;;;;14;22;;;;;13.0;0.0
-2;13200;VEV_5500;5;24;;;;;7;7;;;;;6.0;0.0
-2;13200;VEV_6000;0;22;;;;;1;22;;;;;0.5;0.0
-2;13200;VEV_6500;0;14;;;;;1;14;;;;;0.5;0.0
-2;13300;HYDROGEL_PACK;9984;10;9981;27;;;10000;10;10002;27;;;9992.0;0.0
-2;13300;VELVETFRUIT_EXTRACT;5273;23;5272;32;;;5277;23;5278;45;;;5275.0;0.0
-2;13300;VEV_4000;1265;14;1263;18;;;1287;14;1289;18;;;1276.0;0.0
-2;13300;VEV_4500;743;8;741;17;;;759;8;761;17;;;751.0;0.0
-2;13300;VEV_5000;250;10;249;24;;;256;7;257;24;;;253.0;0.0
-2;13300;VEV_5100;194;13;;;;;199;24;200;21;;;196.5;0.0
-2;13300;VEV_5200;91;33;90;23;;;94;29;;;;;92.5;0.0
-2;13300;VEV_5300;50;22;49;18;;;;;;;;;50.0;0.0
-2;13300;VEV_5400;12;28;;;;;14;16;;;;;13.0;0.0
-2;13300;VEV_5500;5;20;;;;;7;20;;;;;6.0;0.0
-2;13300;VEV_6000;0;19;;;;;1;19;;;;;0.5;0.0
-2;13300;VEV_6500;0;16;;;;;1;16;;;;;0.5;0.0
-2;13400;HYDROGEL_PACK;9984;13;9981;30;;;10000;13;10002;30;;;9992.0;0.0
-2;13400;VELVETFRUIT_EXTRACT;5272;69;;;;;5277;19;5278;52;;;5274.5;0.0
-2;13400;VEV_4000;1267;10;1264;20;;;;;;;;;1267.0;0.0
-2;13400;VEV_4500;742;8;740;15;;;758;8;760;15;;;750.0;0.0
-2;13400;VEV_5000;248;22;247;19;;;254;6;255;20;;;251.0;0.0
-2;13400;VEV_5100;;;;;;;199;11;;;;;199.0;0.0
-2;13400;VEV_5200;90;26;;;;;94;16;;;;;92.0;0.0
-2;13400;VEV_5300;51;20;;;;;53;16;;;;;52.0;0.0
-2;13400;VEV_5400;13;18;12;24;;;13;2;14;12;;;13.0;0.0
-2;13400;VEV_5500;5;28;;;;;7;19;;;;;6.0;0.0
-2;13400;VEV_6000;0;24;;;;;1;24;;;;;0.5;0.0
-2;13400;VEV_6500;0;14;;;;;1;14;;;;;0.5;0.0
-2;13500;HYDROGEL_PACK;9980;13;9978;22;;;9996;13;9999;22;;;9988.0;0.0
-2;13500;VELVETFRUIT_EXTRACT;5272;65;;;;;5278;50;;;;;5275.0;0.0
-2;13500;VEV_4000;1267;9;1265;26;;;1289;9;1291;26;;;1278.0;0.0
-2;13500;VEV_4500;743;12;742;8;741;13;759;12;761;13;;;751.0;0.0
-2;13500;VEV_5000;248;10;247;20;;;254;8;255;19;;;251.0;0.0
-2;13500;VEV_5100;196;11;195;22;;;200;9;201;17;;;198.0;0.0
-2;13500;VEV_5200;;;;;;;94;27;95;27;;;94.0;0.0
-2;13500;VEV_5300;51;25;;;;;53;20;;;;;52.0;0.0
-2;13500;VEV_5400;;;;;;;;;;;;;0.0;0.0
-2;13500;VEV_5500;6;21;;;;;7;19;;;;;6.5;0.0
-2;13500;VEV_6000;0;22;;;;;1;22;;;;;0.5;0.0
-2;13500;VEV_6500;0;18;;;;;1;18;;;;;0.5;0.0
-2;13600;HYDROGEL_PACK;9979;10;9976;30;;;9995;10;9997;30;;;9987.0;0.0
-2;13600;VELVETFRUIT_EXTRACT;5273;22;5272;39;;;5278;24;;;;;5275.5;0.0
-2;13600;VEV_4000;1267;12;1264;25;;;1288;12;1291;25;;;1277.5;0.0
-2;13600;VEV_4500;744;6;743;11;742;22;760;6;761;22;;;752.0;0.0
-2;13600;VEV_5000;249;11;248;30;;;255;9;;;;;252.0;0.0
-2;13600;VEV_5100;196;8;;;;;200;12;;;;;198.0;0.0
-2;13600;VEV_5200;;;;;;;95;28;96;13;;;95.0;0.0
-2;13600;VEV_5300;52;22;;;;;54;20;;;;;53.0;0.0
-2;13600;VEV_5400;13;23;;;;;15;21;;;;;14.0;0.0
-2;13600;VEV_5500;5;29;;;;;7;20;;;;;6.0;0.0
-2;13600;VEV_6000;0;20;;;;;1;20;;;;;0.5;0.0
-2;13600;VEV_6500;0;13;;;;;1;13;;;;;0.5;0.0
-2;13700;HYDROGEL_PACK;9977;11;9974;22;;;9993;11;9995;22;;;9985.0;0.0
-2;13700;VELVETFRUIT_EXTRACT;5273;49;;;;;5278;23;5279;64;;;5275.5;0.0
-2;13700;VEV_4000;1267;12;1265;20;;;1289;12;1291;20;;;1278.0;0.0
-2;13700;VEV_4500;743;7;741;12;;;759;7;761;12;;;751.0;0.0
-2;13700;VEV_5000;249;12;;;;;255;7;256;15;;;252.0;0.0
-2;13700;VEV_5100;197;6;196;26;;;201;10;;;;;199.0;0.0
-2;13700;VEV_5200;;;;;;;96;24;;;;;96.0;0.0
-2;13700;VEV_5300;52;6;;;;;54;16;;;;;53.0;0.0
-2;13700;VEV_5400;;;;;;;14;27;;;;;14.0;0.0
-2;13700;VEV_5500;5;22;;;;;7;24;;;;;6.0;0.0
-2;13700;VEV_6000;0;18;;;;;1;18;;;;;0.5;0.0
-2;13700;VEV_6500;0;15;;;;;1;15;;;;;0.5;0.0
-2;13800;HYDROGEL_PACK;9976;10;9973;21;;;9992;10;9994;21;;;9984.0;0.0
-2;13800;VELVETFRUIT_EXTRACT;5271;33;5271;19;;;5276;19;5277;49;;;5273.5;0.0
-2;13800;VEV_4000;1267;12;1265;30;;;1289;12;1291;30;;;1278.0;0.0
-2;13800;VEV_4500;742;8;740;21;;;758;8;760;21;;;750.0;0.0
-2;13800;VEV_5000;249;8;248;17;;;255;11;256;14;;;252.0;0.0
-2;13800;VEV_5100;197;12;196;16;;;201;28;;;;;199.0;0.0
-2;13800;VEV_5200;94;11;93;36;;;96;10;;;;;95.0;0.0
-2;13800;VEV_5300;52;25;;;;;54;23;;;;;53.0;0.0
-2;13800;VEV_5400;13;25;;;;;15;24;;;;;14.0;0.0
-2;13800;VEV_5500;6;23;;;;;7;29;;;;;6.5;0.0
-2;13800;VEV_6000;0;28;;;;;1;28;;;;;0.5;0.0
-2;13800;VEV_6500;0;15;;;;;1;15;;;;;0.5;0.0
-2;13900;HYDROGEL_PACK;9976;15;9973;28;;;9992;15;9994;28;;;9984.0;0.0
-2;13900;VELVETFRUIT_EXTRACT;5273;49;5272;36;;;5279;36;5279;33;;;5276.0;0.0
-2;13900;VEV_4000;1267;14;1265;24;;;1289;14;1291;24;;;1278.0;0.0
-2;13900;VEV_4500;743;10;741;23;;;759;10;761;23;;;751.0;0.0
-2;13900;VEV_5000;249;10;248;13;;;255;11;;;;;252.0;0.0
-2;13900;VEV_5100;198;27;197;13;;;203;33;;;;;200.5;0.0
-2;13900;VEV_5200;94;10;93;23;;;;;;;;;94.0;0.0
-2;13900;VEV_5300;52;20;;;;;54;26;55;19;;;53.0;0.0
-2;13900;VEV_5400;12;23;;;;;14;27;;;;;13.0;0.0
-2;13900;VEV_5500;6;19;;;;;7;28;;;;;6.5;0.0
-2;13900;VEV_6000;0;22;;;;;1;22;;;;;0.5;0.0
-2;13900;VEV_6500;0;17;;;;;1;17;;;;;0.5;0.0
-2;14000;HYDROGEL_PACK;9976;29;;;;;9994;14;9997;29;;;9985.0;0.0
-2;14000;VELVETFRUIT_EXTRACT;5275;37;;;;;5281;42;;;;;5278.0;0.0
-2;14000;VEV_4000;1267;8;1265;21;;;1289;8;1291;21;;;1278.0;0.0
-2;14000;VEV_4500;743;7;742;13;741;13;759;7;761;13;;;751.0;0.0
-2;14000;VEV_5000;249;10;248;22;;;255;12;256;25;;;252.0;0.0
-2;14000;VEV_5100;197;12;;;;;201;12;202;14;;;199.0;0.0
-2;14000;VEV_5200;;;;;;;97;30;;;;;97.0;0.0
-2;14000;VEV_5300;52;30;51;12;;;54;6;;;;;53.0;0.0
-2;14000;VEV_5400;12;29;;;;;;;;;;;12.0;0.0
-2;14000;VEV_5500;6;23;;;;;7;19;;;;;6.5;0.0
-2;14000;VEV_6000;0;20;;;;;1;20;;;;;0.5;0.0
-2;14000;VEV_6500;0;14;;;;;1;14;;;;;0.5;0.0
-2;14100;HYDROGEL_PACK;9977;12;9974;28;;;9993;12;9995;28;;;9985.0;0.0
-2;14100;VELVETFRUIT_EXTRACT;5276;19;5275;30;;;5280;19;5281;51;;;5278.0;0.0
-2;14100;VEV_4000;1267;13;1264;23;;;1288;13;1291;23;;;1277.5;0.0
-2;14100;VEV_4500;742;11;740;21;;;760;21;;;;;751.0;0.0
-2;14100;VEV_5000;249;8;248;23;;;255;24;256;19;;;252.0;0.0
-2;14100;VEV_5100;197;22;196;31;;;202;29;;;;;199.5;0.0
-2;14100;VEV_5200;93;10;92;25;;;96;34;;;;;94.5;0.0
-2;14100;VEV_5300;52;27;;;;;54;23;;;;;53.0;0.0
-2;14100;VEV_5400;13;9;12;10;;;14;15;;;;;13.5;0.0
-2;14100;VEV_5500;5;12;;;;;7;21;;;;;6.0;0.0
-2;14100;VEV_6000;0;16;;;;;1;16;;;;;0.5;0.0
-2;14100;VEV_6500;0;14;;;;;1;14;;;;;0.5;0.0
-2;14200;HYDROGEL_PACK;9979;13;9976;24;;;9995;13;9997;24;;;9987.0;0.0
-2;14200;VELVETFRUIT_EXTRACT;5274;50;;;;;5280;60;;;;;5277.0;0.0
-2;14200;VEV_4000;1267;10;1264;16;;;1288;10;1291;16;;;1277.5;0.0
-2;14200;VEV_4500;743;7;742;10;;;759;7;761;12;;;751.0;0.0
-2;14200;VEV_5000;249;12;;;;;255;29;256;28;;;252.0;0.0
-2;14200;VEV_5100;198;33;;;;;202;31;203;23;;;200.0;0.0
-2;14200;VEV_5200;;;;;;;95;21;;;;;95.0;0.0
-2;14200;VEV_5300;52;22;51;30;;;54;20;;;;;53.0;0.0
-2;14200;VEV_5400;13;28;;;;;15;20;;;;;14.0;0.0
-2;14200;VEV_5500;5;19;;;;;7;22;;;;;6.0;0.0
-2;14200;VEV_6000;0;18;;;;;1;18;;;;;0.5;0.0
-2;14200;VEV_6500;0;19;;;;;1;19;;;;;0.5;0.0
-2;14300;HYDROGEL_PACK;9976;10;9974;21;;;9992;10;9995;21;;;9984.0;0.0
-2;14300;VELVETFRUIT_EXTRACT;5274;42;;;;;5280;48;;;;;5277.0;0.0
-2;14300;VEV_4000;1267;9;1264;28;;;1288;9;1291;28;;;1277.5;0.0
-2;14300;VEV_4500;742;10;740;20;;;758;10;760;20;;;750.0;0.0
-2;14300;VEV_5000;249;9;248;22;;;255;12;256;21;;;252.0;0.0
-2;14300;VEV_5100;198;33;197;23;;;202;31;203;13;;;200.0;0.0
-2;14300;VEV_5200;91;26;;;;;95;33;;;;;93.0;0.0
-2;14300;VEV_5300;53;18;;;;;55;21;;;;;54.0;0.0
-2;14300;VEV_5400;13;17;13;23;;;14;18;;;;;13.5;0.0
-2;14300;VEV_5500;6;26;;;;;7;24;;;;;6.5;0.0
-2;14300;VEV_6000;0;23;;;;;1;23;;;;;0.5;0.0
-2;14300;VEV_6500;0;20;;;;;1;20;;;;;0.5;0.0
-2;14400;HYDROGEL_PACK;9976;14;9974;24;;;9992;14;9995;24;;;9984.0;0.0
-2;14400;VELVETFRUIT_EXTRACT;5275;59;;;;;5280;15;5281;34;;;5277.5;0.0
-2;14400;VEV_4000;1267;9;1264;16;;;1288;9;1291;16;;;1277.5;0.0
-2;14400;VEV_4500;742;10;740;20;;;758;10;760;20;;;750.0;0.0
-2;14400;VEV_5000;250;8;;;;;256;12;257;19;;;253.0;0.0
-2;14400;VEV_5100;197;12;196;14;;;201;6;202;21;;;199.0;0.0
-2;14400;VEV_5200;92;25;91;19;;;;;;;;;92.0;0.0
-2;14400;VEV_5300;53;19;;;;;55;24;56;22;;;54.0;0.0
-2;14400;VEV_5400;13;21;;;;;15;24;;;;;14.0;0.0
-2;14400;VEV_5500;6;20;;;;;7;25;;;;;6.5;0.0
-2;14400;VEV_6000;0;25;;;;;1;25;;;;;0.5;0.0
-2;14400;VEV_6500;0;10;;;;;1;10;;;;;0.5;0.0
-2;14500;HYDROGEL_PACK;9976;14;9973;30;;;9992;14;9994;30;;;9984.0;0.0
-2;14500;VELVETFRUIT_EXTRACT;5275;15;;;;;5280;16;5281;43;;;5277.5;0.0
-2;14500;VEV_4000;1266;10;1264;29;;;1288;10;1290;29;;;1277.0;0.0
-2;14500;VEV_4500;740;7;738;21;;;756;7;758;21;;;748.0;0.0
-2;14500;VEV_5000;249;25;;;;;255;9;256;21;;;252.0;0.0
-2;14500;VEV_5100;196;24;;;;;200;11;201;24;;;198.0;0.0
-2;14500;VEV_5200;;;;;;;95;9;96;17;;;95.0;0.0
-2;14500;VEV_5300;53;25;;;;;55;16;;;;;54.0;0.0
-2;14500;VEV_5400;13;19;;;;;15;20;;;;;14.0;0.0
-2;14500;VEV_5500;6;27;;;;;7;23;;;;;6.5;0.0
-2;14500;VEV_6000;0;20;;;;;1;20;;;;;0.5;0.0
-2;14500;VEV_6500;0;17;;;;;1;17;;;;;0.5;0.0
-2;14600;HYDROGEL_PACK;9975;12;9973;24;;;9991;12;9994;24;;;9983.0;0.0
-2;14600;VELVETFRUIT_EXTRACT;5275;37;;;;;5281;60;;;;;5278.0;0.0
-2;14600;VEV_4000;1266;11;1264;24;;;1288;11;1290;24;;;1277.0;0.0
-2;14600;VEV_4500;741;6;740;9;739;19;757;6;759;19;;;749.0;0.0
-2;14600;VEV_5000;248;12;247;17;;;255;23;;;;;251.5;0.0
-2;14600;VEV_5100;195;8;194;23;;;199;12;200;23;;;197.0;0.0
-2;14600;VEV_5200;92;6;91;19;;;94;11;95;16;;;93.0;0.0
-2;14600;VEV_5300;53;17;;;;;55;23;;;;;54.0;0.0
-2;14600;VEV_5400;13;20;;;;;15;27;;;;;14.0;0.0
-2;14600;VEV_5500;6;17;;;;;7;20;;;;;6.5;0.0
-2;14600;VEV_6000;0;24;;;;;1;24;;;;;0.5;0.0
-2;14600;VEV_6500;0;15;;;;;1;15;;;;;0.5;0.0
-2;14700;HYDROGEL_PACK;9974;15;9971;22;;;9990;15;9992;22;;;9982.0;0.0
-2;14700;VELVETFRUIT_EXTRACT;5273;37;;;;;5278;15;5279;49;;;5275.5;0.0
-2;14700;VEV_4000;1265;9;1263;16;;;1287;9;1289;16;;;1276.0;0.0
-2;14700;VEV_4500;741;10;740;21;739;17;757;10;759;17;;;749.0;0.0
-2;14700;VEV_5000;249;20;248;17;;;255;6;256;15;;;252.0;0.0
-2;14700;VEV_5100;196;12;195;19;;;200;10;201;16;;;198.0;0.0
-2;14700;VEV_5200;92;30;91;23;;;94;23;95;24;;;93.0;0.0
-2;14700;VEV_5300;53;20;;;;;55;19;;;;;54.0;0.0
-2;14700;VEV_5400;;;;;;;15;21;;;;;15.0;0.0
-2;14700;VEV_5500;6;17;;;;;7;28;;;;;6.5;0.0
-2;14700;VEV_6000;0;19;;;;;1;19;;;;;0.5;0.0
-2;14700;VEV_6500;0;13;;;;;1;13;;;;;0.5;0.0
-2;14800;HYDROGEL_PACK;9973;15;9971;24;;;9989;15;9992;24;;;9981.0;0.0
-2;14800;VELVETFRUIT_EXTRACT;5274;63;5274;24;;;5279;24;5280;16;;;5276.5;0.0
-2;14800;VEV_4000;1267;12;1264;25;;;1288;12;1291;25;;;1277.5;0.0
-2;14800;VEV_4500;740;10;738;21;;;757;21;;;;;748.5;0.0
-2;14800;VEV_5000;249;7;248;18;;;255;10;;;;;252.0;0.0
-2;14800;VEV_5100;196;9;195;32;;;200;7;;;;;198.0;0.0
-2;14800;VEV_5200;92;24;;;;;95;7;96;24;;;93.5;0.0
-2;14800;VEV_5300;53;25;52;20;;;55;23;;;;;54.0;0.0
-2;14800;VEV_5400;13;27;;;;;15;23;;;;;14.0;0.0
-2;14800;VEV_5500;6;20;;;;;7;19;;;;;6.5;0.0
-2;14800;VEV_6000;0;16;;;;;1;16;;;;;0.5;0.0
-2;14800;VEV_6500;0;14;;;;;1;14;;;;;0.5;0.0
-2;14900;HYDROGEL_PACK;9973;14;9971;29;;;9989;14;9992;29;;;9981.0;0.0
-2;14900;VELVETFRUIT_EXTRACT;5272;38;;;;;5277;22;5278;60;;;5274.5;0.0
-2;14900;VEV_4000;1266;9;1263;26;;;1287;9;1290;26;;;1276.5;0.0
-2;14900;VEV_4500;741;7;739;18;;;759;18;;;;;750.0;0.0
-2;14900;VEV_5000;;;;;;;257;6;258;16;;;257.0;0.0
-2;14900;VEV_5100;195;6;194;23;;;199;25;;;;;197.0;0.0
-2;14900;VEV_5200;93;17;;;;;;;;;;;93.0;0.0
-2;14900;VEV_5300;53;10;;;;;55;24;56;23;;;54.0;0.0
-2;14900;VEV_5400;13;23;;;;;15;19;;;;;14.0;0.0
-2;14900;VEV_5500;6;28;;;;;7;27;;;;;6.5;0.0
-2;14900;VEV_6000;0;23;;;;;1;23;;;;;0.5;0.0
-2;14900;VEV_6500;0;18;;;;;1;18;;;;;0.5;0.0
-2;15000;HYDROGEL_PACK;9974;14;9971;28;;;9990;14;9992;28;;;9982.0;0.0
-2;15000;VELVETFRUIT_EXTRACT;5274;45;;;;;5280;45;;;;;5277.0;0.0
-2;15000;VEV_4000;1267;10;1264;17;;;1288;10;1291;17;;;1277.5;0.0
-2;15000;VEV_4500;738;6;736;18;;;754;6;756;18;;;746.0;0.0
-2;15000;VEV_5000;249;26;;;;;256;12;257;16;;;252.5;0.0
-2;15000;VEV_5100;195;31;194;23;;;199;23;200;24;;;197.0;0.0
-2;15000;VEV_5200;;;;;;;96;33;;;;;96.0;0.0
-2;15000;VEV_5300;54;22;;;;;56;25;57;14;;;55.0;0.0
-2;15000;VEV_5400;13;29;;;;;15;21;;;;;14.0;0.0
-2;15000;VEV_5500;6;25;;;;;7;21;;;;;6.5;0.0
-2;15000;VEV_6000;0;22;;;;;1;22;;;;;0.5;0.0
-2;15000;VEV_6500;0;12;;;;;1;12;;;;;0.5;0.0
-2;15100;HYDROGEL_PACK;9975;14;9972;28;;;9991;14;9993;28;;;9983.0;0.0
-2;15100;VELVETFRUIT_EXTRACT;5274;44;;;;;5279;24;5280;55;;;5276.5;0.0
-2;15100;VEV_4000;1266;10;1264;19;;;1288;10;1290;19;;;1277.0;0.0
-2;15100;VEV_4500;737;10;735;15;;;753;10;755;15;;;745.0;0.0
-2;15100;VEV_5000;250;9;249;14;;;;;;;;;250.0;0.0
-2;15100;VEV_5100;;;;;;;198;7;;;;;198.0;0.0
-2;15100;VEV_5200;92;12;;;;;96;19;;;;;94.0;0.0
-2;15100;VEV_5300;54;23;;;;;56;20;;;;;55.0;0.0
-2;15100;VEV_5400;13;25;;;;;;;;;;;13.0;0.0
-2;15100;VEV_5500;6;23;;;;;7;19;;;;;6.5;0.0
-2;15100;VEV_6000;0;22;;;;;1;22;;;;;0.5;0.0
-2;15100;VEV_6500;0;14;;;;;1;14;;;;;0.5;0.0
-2;15200;HYDROGEL_PACK;9975;15;9973;28;;;9991;15;9994;28;;;9983.0;0.0
-2;15200;VELVETFRUIT_EXTRACT;5275;16;5275;25;;;5281;33;5281;31;;;5278.0;0.0
-2;15200;VEV_4000;1268;13;1265;23;;;1289;13;1292;23;;;1278.5;0.0
-2;15200;VEV_4500;739;9;737;19;;;756;23;757;19;;;747.5;0.0
-2;15200;VEV_5000;249;9;248;13;;;256;18;;;;;252.5;0.0
-2;15200;VEV_5100;195;33;;;;;199;6;200;12;;;197.0;0.0
-2;15200;VEV_5200;94;8;93;30;;;97;20;;;;;95.5;0.0
-2;15200;VEV_5300;54;8;;;;;56;23;57;11;;;55.0;0.0
-2;15200;VEV_5400;14;25;13;13;;;14;7;15;23;;;14.0;0.0
-2;15200;VEV_5500;6;16;;;;;7;23;;;;;6.5;0.0
-2;15200;VEV_6000;0;18;;;;;1;18;;;;;0.5;0.0
-2;15200;VEV_6500;0;17;;;;;1;17;;;;;0.5;0.0
-2;15300;HYDROGEL_PACK;9976;10;9974;21;;;9992;10;9995;21;;;9984.0;0.0
-2;15300;VELVETFRUIT_EXTRACT;5276;24;5275;39;;;5281;53;;;;;5278.5;0.0
-2;15300;VEV_4000;1268;11;1266;15;;;1290;11;1292;15;;;1279.0;0.0
-2;15300;VEV_4500;738;9;736;18;;;754;9;755;18;755;18;746.0;0.0
-2;15300;VEV_5000;248;19;;;;;255;7;256;14;;;251.5;0.0
-2;15300;VEV_5100;195;11;194;14;;;199;29;;;;;197.0;0.0
-2;15300;VEV_5200;93;7;92;33;;;96;21;;;;;94.5;0.0
-2;15300;VEV_5300;54;22;;;;;56;15;;;;;55.0;0.0
-2;15300;VEV_5400;14;18;;;;;15;21;;;;;14.5;0.0
-2;15300;VEV_5500;5;17;;;;;7;22;;;;;6.0;0.0
-2;15300;VEV_6000;0;16;;;;;1;16;;;;;0.5;0.0
-2;15300;VEV_6500;0;15;;;;;1;15;;;;;0.5;0.0
-2;15400;HYDROGEL_PACK;9978;12;9975;29;;;9994;12;9996;29;;;9986.0;0.0
-2;15400;VELVETFRUIT_EXTRACT;5276;61;;;;;5281;18;5282;35;;;5278.5;0.0
-2;15400;VEV_4000;1268;14;1265;21;;;1290;14;1292;21;;;1279.0;0.0
-2;15400;VEV_4500;739;12;737;14;;;755;12;757;14;;;747.0;0.0
-2;15400;VEV_5000;249;8;248;12;;;255;18;256;24;;;252.0;0.0
-2;15400;VEV_5100;194;27;193;14;;;198;31;;;;;196.0;0.0
-2;15400;VEV_5200;93;7;92;19;;;96;27;;;;;94.5;0.0
-2;15400;VEV_5300;54;21;;;;;56;17;;;;;55.0;0.0
-2;15400;VEV_5400;14;8;13;19;;;15;26;;;;;14.5;0.0
-2;15400;VEV_5500;6;22;;;;;7;18;;;;;6.5;0.0
-2;15400;VEV_6000;0;25;;;;;1;25;;;;;0.5;0.0
-2;15400;VEV_6500;0;15;;;;;1;15;;;;;0.5;0.0
-2;15500;HYDROGEL_PACK;9979;12;9976;27;;;9995;12;9997;27;;;9987.0;0.0
-2;15500;VELVETFRUIT_EXTRACT;5277;64;;;;;5282;15;5283;34;;;5279.5;0.0
-2;15500;VEV_4000;1267;12;1265;28;;;1289;12;1291;28;;;1278.0;0.0
-2;15500;VEV_4500;740;9;738;20;;;756;9;758;20;;;748.0;0.0
-2;15500;VEV_5000;249;9;248;26;;;255;34;256;12;;;252.0;0.0
-2;15500;VEV_5100;;;;;;;197;12;198;28;;;197.0;0.0
-2;15500;VEV_5200;93;6;;;;;95;2;;;;;94.0;0.0
-2;15500;VEV_5300;54;22;53;10;;;56;23;;;;;55.0;0.0
-2;15500;VEV_5400;14;24;13;24;;;15;25;;;;;14.5;0.0
-2;15500;VEV_5500;5;25;;;;;7;26;;;;;6.0;0.0
-2;15500;VEV_6000;0;20;;;;;1;20;;;;;0.5;0.0
-2;15500;VEV_6500;0;20;;;;;1;20;;;;;0.5;0.0
