timestamp;buyer;seller;symbol;currency;price;quantity
0;BOT_MAKER;BOT_TAKER;VEV_6500;XIRECS;0.0;2
100;BOT_TAKER;BOT_MAKER;VEV_4000;XIRECS;1274.0;2
200;BOT_MAKER;BOT_TAKER;VEV_6000;XIRECS;0.0;4
300;BOT_MAKER;BOT_TAKER;HYDROGEL_PACK;XIRECS;9964.0;6
300;BOT_MAKER;BOT_TAKER;VEV_4000;XIRECS;1256.0;3
500;BOT_TAKER;BOT_MAKER;HYDROGEL_PACK;XIRECS;9986.0;5
600;BOT_TAKER;BOT_MAKER;VELVETFRUIT_EXTRACT;XIRECS;5263.0;3
600;BOT_TAKER;BOT_MAKER;VEV_6500;XIRECS;1.0;2
700;BOT_MAKER;BOT_TAKER;HYDROGEL_PACK;XIRECS;9966.0;5
700;BOT_MAKER;BOT_TAKER;VEV_5500;XIRECS;6.0;2
800;BOT_MAKER;BOT_TAKER;HYDROGEL_PACK;XIRECS;9963.0;6
800;BOT_TAKER;BOT_MAKER;VELVETFRUIT_EXTRACT;XIRECS;5262.0;10
800;BOT_MAKER;BOT_TAKER;VEV_4000;XIRECS;1253.0;2
900;BOT_MAKER;BOT_TAKER;HYDROGEL_PACK;XIRECS;9964.0;3
900;BOT_TAKER;SUBMISSION;VEV_4000;XIRECS;1272.0;1
1000;BOT_MAKER;BOT_TAKER;VEV_5300;XIRECS;50.0;5
1000;BOT_MAKER;BOT_TAKER;VEV_6500;XIRECS;0.0;5
1100;BOT_MAKER;BOT_TAKER;HYDROGEL_PACK;XIRECS;9961.0;3
1100;BOT_MAKER;BOT_TAKER;VEV_4000;XIRECS;1252.0;2
1100;SUBMISSION;BOT_TAKER;HYDROGEL_PACK;XIRECS;9962.0;2
1200;BOT_TAKER;BOT_MAKER;HYDROGEL_PACK;XIRECS;9976.0;6
1200;BOT_TAKER;BOT_MAKER;VELVETFRUIT_EXTRACT;XIRECS;5263.0;6
1300;BOT_TAKER;BOT_MAKER;VELVETFRUIT_EXTRACT;XIRECS;5261.0;14
1300;BOT_TAKER;BOT_MAKER;VEV_5300;XIRECS;52.0;2
1400;BOT_TAKER;BOT_MAKER;HYDROGEL_PACK;XIRECS;9978.0;4
1400;BOT_TAKER;BOT_MAKER;VELVETFRUIT_EXTRACT;XIRECS;5261.0;7
1500;BOT_TAKER;BOT_MAKER;VELVETFRUIT_EXTRACT;XIRECS;5260.0;8
1600;SUBMISSION;BOT_TAKER;VELVETFRUIT_EXTRACT;XIRECS;5257.0;5
1600;BOT_MAKER;BOT_TAKER;VELVETFRUIT_EXTRACT;XIRECS;5256.0;2
1700;BOT_TAKER;BOT_MAKER;HYDROGEL_PACK;XIRECS;9978.0;5
1700;BOT_MAKER;BOT_TAKER;VEV_4000;XIRECS;1253.0;2
1700;BOT_MAKER;BOT_TAKER;VEV_5300;XIRECS;50.0;4
2000;BOT_TAKER;BOT_MAKER;VELVETFRUIT_EXTRACT;XIRECS;5262.0;8
2100;BOT_TAKER;BOT_MAKER;VEV_6000;XIRECS;1.0;4
2200;BOT_TAKER;BOT_MAKER;HYDROGEL_PACK;XIRECS;9974.0;3
2300;BOT_MAKER;BOT_TAKER;HYDROGEL_PACK;XIRECS;9958.0;3
2300;BOT_MAKER;BOT_TAKER;VELVETFRUIT_EXTRACT;XIRECS;5257.0;5
2300;BOT_TAKER;BOT_MAKER;VELVETFRUIT_EXTRACT;XIRECS;5263.0;8
2300;BOT_TAKER;BOT_MAKER;VEV_6500;XIRECS;1.0;2
2400;BOT_MAKER;BOT_TAKER;HYDROGEL_PACK;XIRECS;9953.0;5
2400;BOT_TAKER;BOT_MAKER;VEV_6000;XIRECS;1.0;2
2500;BOT_TAKER;BOT_MAKER;VELVETFRUIT_EXTRACT;XIRECS;5262.0;3
2500;BOT_TAKER;BOT_MAKER;VEV_4000;XIRECS;1274.0;3
2700;BOT_MAKER;BOT_TAKER;VEV_5400;XIRECS;14.0;4
2700;BOT_MAKER;BOT_TAKER;VEV_6500;XIRECS;0.0;2
2700;SUBMISSION;BOT_TAKER;VELVETFRUIT_EXTRACT;XIRECS;5261.0;5
2700;BOT_MAKER;BOT_TAKER;VELVETFRUIT_EXTRACT;XIRECS;5260.0;3
2800;BOT_MAKER;BOT_TAKER;HYDROGEL_PACK;XIRECS;9955.0;6
2800;SUBMISSION;BOT_TAKER;VELVETFRUIT_EXTRACT;XIRECS;5261.0;5
2800;BOT_MAKER;BOT_TAKER;VELVETFRUIT_EXTRACT;XIRECS;5260.0;3
2900;BOT_MAKER;BOT_TAKER;VEV_5400;XIRECS;15.0;3
3000;BOT_MAKER;BOT_TAKER;VEV_4000;XIRECS;1256.0;1
3100;BOT_TAKER;BOT_MAKER;HYDROGEL_PACK;XIRECS;9971.0;5
3100;BOT_MAKER;BOT_TAKER;VELVETFRUIT_EXTRACT;XIRECS;5262.0;5
3200;BOT_MAKER;BOT_TAKER;VELVETFRUIT_EXTRACT;XIRECS;5262.0;4
3200;BOT_MAKER;BOT_TAKER;VEV_6000;XIRECS;0.0;5
3400;BOT_MAKER;BOT_TAKER;VEV_4000;XIRECS;1255.0;2
3400;SUBMISSION;BOT_TAKER;HYDROGEL_PACK;XIRECS;9954.0;4
3500;BOT_MAKER;BOT_TAKER;HYDROGEL_PACK;XIRECS;9956.0;2
3500;BOT_TAKER;SUBMISSION;HYDROGEL_PACK;XIRECS;9974.0;2
3600;BOT_MAKER;BOT_TAKER;HYDROGEL_PACK;XIRECS;9955.0;4
3600;BOT_MAKER;BOT_TAKER;VELVETFRUIT_EXTRACT;XIRECS;5264.0;14
3600;BOT_TAKER;BOT_MAKER;VEV_6000;XIRECS;1.0;2
3700;BOT_TAKER;BOT_MAKER;VELVETFRUIT_EXTRACT;XIRECS;5269.0;4
3700;SUBMISSION;BOT_TAKER;VELVETFRUIT_EXTRACT;XIRECS;5264.0;4
3900;BOT_TAKER;BOT_MAKER;HYDROGEL_PACK;XIRECS;9969.0;6
4000;BOT_MAKER;BOT_TAKER;VELVETFRUIT_EXTRACT;XIRECS;5264.0;7
4000;BOT_TAKER;BOT_MAKER;VEV_5400;XIRECS;16.0;2
4100;BOT_TAKER;BOT_MAKER;VEV_4000;XIRECS;1280.0;2
4200;BOT_TAKER;BOT_MAKER;VELVETFRUIT_EXTRACT;XIRECS;5270.0;8
4300;BOT_MAKER;BOT_TAKER;HYDROGEL_PACK;XIRECS;9954.0;4
4300;BOT_TAKER;BOT_MAKER;VEV_4000;XIRECS;1280.0;1
4400;BOT_MAKER;BOT_TAKER;HYDROGEL_PACK;XIRECS;9952.0;2
4500;BOT_TAKER;BOT_MAKER;HYDROGEL_PACK;XIRECS;9969.0;5
4500;BOT_MAKER;BOT_TAKER;VEV_5500;XIRECS;5.0;4
4500;BOT_TAKER;BOT_MAKER;VEV_6000;XIRECS;1.0;2
4600;BOT_MAKER;BOT_TAKER;VELVETFRUIT_EXTRACT;XIRECS;5263.0;5
4600;BOT_MAKER;BOT_TAKER;VEV_4000;XIRECS;1258.0;1
4600;BOT_TAKER;BOT_MAKER;VEV_5500;XIRECS;6.0;4
4700;BOT_TAKER;BOT_MAKER;VELVETFRUIT_EXTRACT;XIRECS;5268.0;6
4700;BOT_MAKER;BOT_TAKER;VEV_5500;XIRECS;5.0;2
4800;SUBMISSION;BOT_TAKER;VELVETFRUIT_EXTRACT;XIRECS;5264.0;5
4800;BOT_MAKER;BOT_TAKER;VELVETFRUIT_EXTRACT;XIRECS;5263.0;3
5000;BOT_MAKER;BOT_TAKER;VELVETFRUIT_EXTRACT;XIRECS;5261.0;6
5000;BOT_TAKER;BOT_MAKER;VEV_6500;XIRECS;1.0;5
5100;BOT_TAKER;BOT_MAKER;HYDROGEL_PACK;XIRECS;9968.0;5
5100;SUBMISSION;BOT_TAKER;HYDROGEL_PACK;XIRECS;9953.0;5
5100;BOT_MAKER;BOT_TAKER;HYDROGEL_PACK;XIRECS;9952.0;1
5300;BOT_TAKER;BOT_MAKER;VELVETFRUIT_EXTRACT;XIRECS;5269.0;4
5400;SUBMISSION;BOT_TAKER;VEV_4000;XIRECS;1260.0;2
5700;BOT_MAKER;BOT_TAKER;VELVETFRUIT_EXTRACT;XIRECS;5264.0;10
5700;BOT_MAKER;BOT_TAKER;VEV_4000;XIRECS;1259.0;3
5800;BOT_MAKER;BOT_TAKER;VEV_6000;XIRECS;0.0;3
5800;SUBMISSION;BOT_TAKER;VELVETFRUIT_EXTRACT;XIRECS;5264.0;3
5900;BOT_TAKER;BOT_MAKER;VELVETFRUIT_EXTRACT;XIRECS;5269.0;11
6000;BOT_TAKER;BOT_MAKER;VELVETFRUIT_EXTRACT;XIRECS;5271.0;3
6000;BOT_TAKER;BOT_MAKER;VEV_4000;XIRECS;1279.0;2
6200;BOT_MAKER;BOT_TAKER;HYDROGEL_PACK;XIRECS;9959.0;3
6200;BOT_MAKER;BOT_TAKER;VEV_4000;XIRECS;1257.0;2
6300;BOT_TAKER;BOT_MAKER;VELVETFRUIT_EXTRACT;XIRECS;5269.0;6
6300;BOT_MAKER;BOT_TAKER;VEV_4000;XIRECS;1257.0;1
6300;BOT_MAKER;BOT_TAKER;VEV_6500;XIRECS;0.0;3
6300;SUBMISSION;BOT_TAKER;HYDROGEL_PACK;XIRECS;9959.0;3
6400;BOT_TAKER;BOT_MAKER;HYDROGEL_PACK;XIRECS;9978.0;5
6400;BOT_MAKER;BOT_TAKER;VEV_5500;XIRECS;5.0;5
6500;BOT_TAKER;BOT_MAKER;HYDROGEL_PACK;XIRECS;9978.0;6
6500;BOT_TAKER;BOT_MAKER;VELVETFRUIT_EXTRACT;XIRECS;5270.0;8
6600;BOT_MAKER;BOT_TAKER;VEV_5400;XIRECS;15.0;5
6600;SUBMISSION;BOT_TAKER;HYDROGEL_PACK;XIRECS;9965.0;4
6700;BOT_TAKER;BOT_MAKER;VELVETFRUIT_EXTRACT;XIRECS;5269.0;8
6900;BOT_TAKER;BOT_MAKER;VELVETFRUIT_EXTRACT;XIRECS;5270.0;14
7000;BOT_TAKER;BOT_MAKER;VELVETFRUIT_EXTRACT;XIRECS;5270.0;5
7100;BOT_TAKER;BOT_MAKER;VELVETFRUIT_EXTRACT;XIRECS;5271.0;3
7100;BOT_MAKER;BOT_TAKER;VELVETFRUIT_EXTRACT;XIRECS;5265.0;6
7100;BOT_TAKER;BOT_MAKER;VEV_4000;XIRECS;1279.0;2
7400;BOT_MAKER;BOT_TAKER;HYDROGEL_PACK;XIRECS;9958.0;3
7400;BOT_TAKER;BOT_MAKER;VELVETFRUIT_EXTRACT;XIRECS;5274.0;8
7400;BOT_TAKER;BOT_MAKER;VEV_6000;XIRECS;1.0;4
7500;BOT_TAKER;BOT_MAKER;VELVETFRUIT_EXTRACT;XIRECS;5276.0;5
7600;BOT_MAKER;BOT_TAKER;HYDROGEL_PACK;XIRECS;9957.0;3
7700;BOT_MAKER;BOT_TAKER;HYDROGEL_PACK;XIRECS;9958.0;6
7700;BOT_MAKER;BOT_TAKER;VELVETFRUIT_EXTRACT;XIRECS;5270.0;6
7700;BOT_TAKER;SUBMISSION;VELVETFRUIT_EXTRACT;XIRECS;5275.0;5
7700;BOT_TAKER;BOT_MAKER;VELVETFRUIT_EXTRACT;XIRECS;5276.0;5
7800;BOT_MAKER;BOT_TAKER;VELVETFRUIT_EXTRACT;XIRECS;5270.0;8
7900;BOT_MAKER;BOT_TAKER;HYDROGEL_PACK;XIRECS;9957.0;5
7900;BOT_MAKER;BOT_TAKER;VEV_5400;XIRECS;15.0;5
7900;BOT_TAKER;BOT_MAKER;VEV_6500;XIRECS;1.0;4
8000;BOT_MAKER;BOT_TAKER;VELVETFRUIT_EXTRACT;XIRECS;5270.0;6
8100;BOT_TAKER;BOT_MAKER;HYDROGEL_PACK;XIRECS;9972.0;4
8100;BOT_MAKER;BOT_TAKER;VELVETFRUIT_EXTRACT;XIRECS;5268.0;3
8200;BOT_MAKER;BOT_TAKER;VELVETFRUIT_EXTRACT;XIRECS;5270.0;3
8300;BOT_TAKER;BOT_MAKER;VELVETFRUIT_EXTRACT;XIRECS;5275.0;6
8400;BOT_MAKER;BOT_TAKER;VEV_5500;XIRECS;5.0;2
8500;BOT_MAKER;BOT_TAKER;HYDROGEL_PACK;XIRECS;9964.0;5
8500;BOT_MAKER;BOT_TAKER;VEV_6500;XIRECS;0.0;2
8600;BOT_MAKER;BOT_TAKER;HYDROGEL_PACK;XIRECS;9967.0;3
8600;BOT_MAKER;BOT_TAKER;VEV_4000;XIRECS;1258.0;2
8800;BOT_TAKER;BOT_MAKER;HYDROGEL_PACK;XIRECS;9979.0;2
8800;BOT_MAKER;BOT_TAKER;VELVETFRUIT_EXTRACT;XIRECS;5268.0;4
8800;BOT_MAKER;BOT_TAKER;VEV_6000;XIRECS;0.0;2
8900;BOT_TAKER;BOT_MAKER;HYDROGEL_PACK;XIRECS;9981.0;5
8900;BOT_TAKER;BOT_MAKER;VEV_5400;XIRECS;14.0;5
9000;BOT_MAKER;BOT_TAKER;HYDROGEL_PACK;XIRECS;9963.0;4
9000;BOT_TAKER;BOT_MAKER;VELVETFRUIT_EXTRACT;XIRECS;5274.0;9
9000;BOT_MAKER;BOT_TAKER;VEV_5300;XIRECS;54.0;4
9100;BOT_MAKER;BOT_TAKER;VEV_6500;XIRECS;0.0;2
9100;SUBMISSION;BOT_TAKER;HYDROGEL_PACK;XIRECS;9968.0;3
9200;BOT_MAKER;BOT_TAKER;VEV_6000;XIRECS;0.0;4
9200;SUBMISSION;BOT_TAKER;HYDROGEL_PACK;XIRECS;9970.0;5
9400;BOT_TAKER;BOT_MAKER;VELVETFRUIT_EXTRACT;XIRECS;5274.0;3
9400;BOT_MAKER;BOT_TAKER;VEV_5300;XIRECS;53.0;2
9400;BOT_MAKER;BOT_TAKER;VEV_6500;XIRECS;0.0;3
9600;BOT_TAKER;BOT_MAKER;VELVETFRUIT_EXTRACT;XIRECS;5275.0;6
9600;BOT_MAKER;BOT_TAKER;VEV_6500;XIRECS;0.0;4
9700;BOT_MAKER;BOT_TAKER;VELVETFRUIT_EXTRACT;XIRECS;5269.0;5
9800;BOT_MAKER;BOT_TAKER;VEV_4000;XIRECS;1262.0;1
10000;BOT_TAKER;BOT_MAKER;HYDROGEL_PACK;XIRECS;9990.0;5
10000;BOT_MAKER;BOT_TAKER;VELVETFRUIT_EXTRACT;XIRECS;5271.0;4
10000;BOT_MAKER;BOT_TAKER;VEV_4000;XIRECS;1264.0;3
10200;BOT_MAKER;BOT_TAKER;VEV_4000;XIRECS;1265.0;1
10200;BOT_MAKER;BOT_TAKER;VEV_5300;XIRECS;53.0;5
10300;BOT_MAKER;BOT_TAKER;HYDROGEL_PACK;XIRECS;9973.0;5
10300;BOT_TAKER;BOT_MAKER;VELVETFRUIT_EXTRACT;XIRECS;5272.0;8
10400;BOT_TAKER;BOT_MAKER;HYDROGEL_PACK;XIRECS;9989.0;4
10400;BOT_MAKER;BOT_TAKER;VELVETFRUIT_EXTRACT;XIRECS;5268.0;10
10400;BOT_TAKER;BOT_MAKER;VEV_6000;XIRECS;1.0;4
10400;BOT_TAKER;SUBMISSION;VELVETFRUIT_EXTRACT;XIRECS;5273.0;3
10500;BOT_TAKER;BOT_MAKER;VEV_4000;XIRECS;1289.0;2
10500;BOT_TAKER;BOT_MAKER;VEV_6000;XIRECS;1.0;5
10500;BOT_MAKER;BOT_TAKER;VEV_6500;XIRECS;0.0;3
10600;BOT_MAKER;BOT_TAKER;VEV_5500;XIRECS;6.0;4
10700;BOT_TAKER;BOT_MAKER;HYDROGEL_PACK;XIRECS;9989.0;6
10900;BOT_TAKER;BOT_MAKER;VEV_6000;XIRECS;1.0;3
11000;BOT_TAKER;BOT_MAKER;VELVETFRUIT_EXTRACT;XIRECS;5273.0;3
11000;BOT_MAKER;BOT_TAKER;VEV_6500;XIRECS;0.0;3
11100;BOT_TAKER;BOT_MAKER;VELVETFRUIT_EXTRACT;XIRECS;5274.0;7
11200;BOT_MAKER;BOT_TAKER;VELVETFRUIT_EXTRACT;XIRECS;5268.0;11
11200;BOT_TAKER;BOT_MAKER;VEV_5400;XIRECS;15.0;4
11300;BOT_MAKER;BOT_TAKER;VELVETFRUIT_EXTRACT;XIRECS;5269.0;8
11300;BOT_MAKER;BOT_TAKER;VEV_4000;XIRECS;1267.0;3
11300;BOT_TAKER;BOT_MAKER;VEV_5500;XIRECS;7.0;5
11400;BOT_TAKER;BOT_MAKER;VEV_4000;XIRECS;1289.0;3
11500;BOT_TAKER;BOT_MAKER;HYDROGEL_PACK;XIRECS;9993.0;6
11500;BOT_MAKER;BOT_TAKER;VELVETFRUIT_EXTRACT;XIRECS;5269.0;6
11500;BOT_TAKER;BOT_MAKER;VEV_5400;XIRECS;15.0;4
11800;BOT_MAKER;BOT_TAKER;VELVETFRUIT_EXTRACT;XIRECS;5271.0;8
11800;BOT_TAKER;BOT_MAKER;VEV_4000;XIRECS;1289.0;2
11900;BOT_TAKER;BOT_MAKER;VELVETFRUIT_EXTRACT;XIRECS;5275.0;7
12000;BOT_TAKER;BOT_MAKER;HYDROGEL_PACK;XIRECS;10000.0;5
12200;BOT_MAKER;BOT_TAKER;HYDROGEL_PACK;XIRECS;9986.0;6
12300;BOT_MAKER;BOT_TAKER;HYDROGEL_PACK;XIRECS;9986.0;5
12300;BOT_MAKER;BOT_TAKER;VELVETFRUIT_EXTRACT;XIRECS;5270.0;5
12300;SUBMISSION;BOT_TAKER;VELVETFRUIT_EXTRACT;XIRECS;5271.0;5
12300;BOT_MAKER;BOT_TAKER;VELVETFRUIT_EXTRACT;XIRECS;5270.0;2
12400;BOT_TAKER;BOT_MAKER;VELVETFRUIT_EXTRACT;XIRECS;5278.0;7
12400;BOT_TAKER;BOT_MAKER;VEV_4000;XIRECS;1287.0;3
12500;BOT_TAKER;BOT_MAKER;HYDROGEL_PACK;XIRECS;10005.0;6
12500;BOT_TAKER;BOT_MAKER;VELVETFRUIT_EXTRACT;XIRECS;5276.0;5
12700;BOT_TAKER;BOT_MAKER;VELVETFRUIT_EXTRACT;XIRECS;5276.0;6
12700;BOT_TAKER;BOT_MAKER;VEV_4000;XIRECS;1289.0;1
12700;BOT_TAKER;BOT_MAKER;VEV_5400;XIRECS;14.0;5
12700;SUBMISSION;BOT_TAKER;HYDROGEL_PACK;XIRECS;9987.0;2
12800;BOT_TAKER;BOT_MAKER;VELVETFRUIT_EXTRACT;XIRECS;5275.0;5
12900;BOT_MAKER;BOT_TAKER;VEV_5300;XIRECS;51.0;4
12900;BOT_MAKER;BOT_TAKER;VEV_6000;XIRECS;0.0;3
12900;BOT_TAKER;SUBMISSION;VELVETFRUIT_EXTRACT;XIRECS;5274.0;3
13100;BOT_TAKER;BOT_MAKER;HYDROGEL_PACK;XIRECS;10004.0;4
13100;BOT_MAKER;BOT_TAKER;VELVETFRUIT_EXTRACT;XIRECS;5270.0;6
13100;BOT_TAKER;BOT_MAKER;VEV_4000;XIRECS;1287.0;3
13200;BOT_TAKER;BOT_MAKER;HYDROGEL_PACK;XIRECS;10004.0;2
13200;BOT_MAKER;BOT_TAKER;VELVETFRUIT_EXTRACT;XIRECS;5271.0;4
13300;BOT_TAKER;BOT_MAKER;VELVETFRUIT_EXTRACT;XIRECS;5277.0;4
13300;BOT_MAKER;BOT_TAKER;VEV_6500;XIRECS;0.0;2
13300;SUBMISSION;BOT_TAKER;HYDROGEL_PACK;XIRECS;9985.0;3
13400;BOT_MAKER;BOT_TAKER;HYDROGEL_PACK;XIRECS;9984.0;2
13500;BOT_TAKER;BOT_MAKER;VELVETFRUIT_EXTRACT;XIRECS;5278.0;3
13600;BOT_TAKER;BOT_MAKER;VEV_5500;XIRECS;7.0;4
13700;BOT_MAKER;BOT_TAKER;HYDROGEL_PACK;XIRECS;9977.0;4
13700;BOT_TAKER;BOT_MAKER;VEV_5500;XIRECS;7.0;2
13800;BOT_MAKER;BOT_TAKER;VELVETFRUIT_EXTRACT;XIRECS;5271.0;8
13800;BOT_MAKER;BOT_TAKER;VEV_5300;XIRECS;52.0;5
13800;BOT_TAKER;BOT_MAKER;VEV_6500;XIRECS;1.0;5
13900;BOT_MAKER;BOT_TAKER;VEV_6000;XIRECS;0.0;3
13900;SUBMISSION;BOT_TAKER;VELVETFRUIT_EXTRACT;XIRECS;5274.0;5
14100;BOT_MAKER;BOT_TAKER;HYDROGEL_PACK;XIRECS;9977.0;2
14100;BOT_MAKER;BOT_TAKER;VEV_6000;XIRECS;0.0;2
14200;BOT_TAKER;BOT_MAKER;HYDROGEL_PACK;XIRECS;9995.0;6
14300;BOT_MAKER;BOT_TAKER;VEV_4000;XIRECS;1267.0;1
14400;BOT_TAKER;BOT_MAKER;VELVETFRUIT_EXTRACT;XIRECS;5280.0;5
14600;BOT_MAKER;BOT_TAKER;VELVETFRUIT_EXTRACT;XIRECS;5275.0;8
14700;BOT_TAKER;BOT_MAKER;VEV_5300;XIRECS;55.0;3
14800;BOT_TAKER;BOT_MAKER;VELVETFRUIT_EXTRACT;XIRECS;5279.0;3
14800;BOT_TAKER;BOT_MAKER;VEV_4000;XIRECS;1288.0;2
14900;BOT_TAKER;BOT_MAKER;VELVETFRUIT_EXTRACT;XIRECS;5277.0;4
14900;BOT_TAKER;BOT_MAKER;VEV_5300;XIRECS;55.0;2
15000;BOT_TAKER;BOT_MAKER;HYDROGEL_PACK;XIRECS;9990.0;4
15000;BOT_TAKER;SUBMISSION;VELVETFRUIT_EXTRACT;XIRECS;5279.0;4
15200;BOT_TAKER;BOT_MAKER;HYDROGEL_PACK;XIRECS;9991.0;5
15200;BOT_MAKER;BOT_TAKER;VELVETFRUIT_EXTRACT;XIRECS;5275.0;6
15300;BOT_MAKER;BOT_TAKER;VEV_5400;XIRECS;14.0;3
15300;BOT_TAKER;BOT_MAKER;VEV_5500;XIRECS;7.0;3
15300;BOT_MAKER;BOT_TAKER;VEV_6000;XIRECS;0.0;4
15300;SUBMISSION;BOT_TAKER;HYDROGEL_PACK;XIRECS;9977.0;3
15500;BOT_MAKER;BOT_TAKER;HYDROGEL_PACK;XIRECS;9979.0;4
15500;BOT_TAKER;BOT_MAKER;VELVETFRUIT_EXTRACT;XIRECS;5282.0;4
15500;BOT_TAKER;BOT_MAKER;VEV_4000;XIRECS;1289.0;2
15600;BOT_TAKER;BOT_MAKER;VELVETFRUIT_EXTRACT;XIRECS;5281.0;6
15600;BOT_TAKER;BOT_MAKER;VEV_4000;XIRECS;1288.0;1
15700;BOT_MAKER;BOT_TAKER;VELVETFRUIT_EXTRACT;XIRECS;5276.0;8
15700;BOT_MAKER;BOT_TAKER;VEV_4000;XIRECS;1266.0;3
15700;BOT_TAKER;SUBMISSION;HYDROGEL_PACK;XIRECS;9993.0;5
15700;BOT_TAKER;BOT_MAKER;HYDROGEL_PACK;XIRECS;9994.0;1
15800;BOT_MAKER;BOT_TAKER;VEV_4000;XIRECS;1267.0;3
15800;BOT_MAKER;BOT_TAKER;VEV_6000;XIRECS;0.0;3
15800;BOT_TAKER;SUBMISSION;VELVETFRUIT_EXTRACT;XIRECS;5281.0;5
15800;BOT_TAKER;BOT_MAKER;VELVETFRUIT_EXTRACT;XIRECS;5282.0;3
16000;BOT_TAKER;BOT_MAKER;VELVETFRUIT_EXTRACT;XIRECS;5285.0;9
16200;BOT_TAKER;BOT_MAKER;HYDROGEL_PACK;XIRECS;9996.0;6
16200;BOT_MAKER;BOT_TAKER;VEV_4000;XIRECS;1266.0;2
16200;BOT_MAKER;BOT_TAKER;VEV_5400;XIRECS;14.0;2
16200;BOT_TAKER;BOT_MAKER;VEV_5500;XIRECS;6.0;4
16200;BOT_TAKER;BOT_MAKER;VEV_6500;XIRECS;1.0;4
16300;BOT_TAKER;BOT_MAKER;VELVETFRUIT_EXTRACT;XIRECS;5285.0;3
16400;BOT_TAKER;BOT_MAKER;HYDROGEL_PACK;XIRECS;9994.0;3
16500;BOT_MAKER;BOT_TAKER;HYDROGEL_PACK;XIRECS;9975.0;2
16500;BOT_TAKER;SUBMISSION;VELVETFRUIT_EXTRACT;XIRECS;5283.0;5
16500;BOT_TAKER;BOT_MAKER;VELVETFRUIT_EXTRACT;XIRECS;5284.0;5
16700;BOT_TAKER;BOT_MAKER;VELVETFRUIT_EXTRACT;XIRECS;5285.0;5
16700;BOT_TAKER;BOT_MAKER;VEV_4000;XIRECS;1284.0;2
16700;BOT_MAKER;BOT_TAKER;VEV_5500;XIRECS;5.0;4
16700;BOT_TAKER;SUBMISSION;HYDROGEL_PACK;XIRECS;9989.0;5
16800;BOT_TAKER;BOT_MAKER;VEV_4000;XIRECS;1282.0;3
17000;BOT_TAKER;BOT_MAKER;VELVETFRUIT_EXTRACT;XIRECS;5286.0;4
17000;BOT_MAKER;BOT_TAKER;VEV_4000;XIRECS;1261.0;1
17200;BOT_MAKER;BOT_TAKER;VELVETFRUIT_EXTRACT;XIRECS;5278.0;5
17200;BOT_TAKER;SUBMISSION;VELVETFRUIT_EXTRACT;XIRECS;5283.0;4
17400;BOT_MAKER;BOT_TAKER;VELVETFRUIT_EXTRACT;XIRECS;5278.0;6
17600;BOT_TAKER;BOT_MAKER;HYDROGEL_PACK;XIRECS;9982.0;4
17600;BOT_TAKER;SUBMISSION;VELVETFRUIT_EXTRACT;XIRECS;5282.0;3
17800;BOT_TAKER;BOT_MAKER;VELVETFRUIT_EXTRACT;XIRECS;5282.0;3
17900;BOT_MAKER;BOT_TAKER;HYDROGEL_PACK;XIRECS;9969.0;4
18000;BOT_TAKER;BOT_MAKER;HYDROGEL_PACK;XIRECS;9986.0;2
18100;BOT_MAKER;BOT_TAKER;HYDROGEL_PACK;XIRECS;9971.0;5
18100;BOT_TAKER;BOT_MAKER;VELVETFRUIT_EXTRACT;XIRECS;5282.0;6
18100;BOT_TAKER;BOT_MAKER;VEV_4000;XIRECS;1284.0;2
18100;SUBMISSION;BOT_TAKER;HYDROGEL_PACK;XIRECS;9972.0;4
18200;BOT_MAKER;BOT_TAKER;HYDROGEL_PACK;XIRECS;9969.0;2
18200;BOT_TAKER;BOT_MAKER;VEV_5300;XIRECS;58.0;3
18200;BOT_MAKER;BOT_TAKER;VEV_6000;XIRECS;0.0;2
18200;SUBMISSION;BOT_TAKER;VELVETFRUIT_EXTRACT;XIRECS;5276.0;5
18200;BOT_MAKER;BOT_TAKER;VELVETFRUIT_EXTRACT;XIRECS;5275.0;3
18200;SUBMISSION;BOT_TAKER;VEV_4000;XIRECS;1262.0;3
18300;BOT_TAKER;BOT_MAKER;HYDROGEL_PACK;XIRECS;9985.0;2
18300;BOT_TAKER;BOT_MAKER;VELVETFRUIT_EXTRACT;XIRECS;5281.0;10
18300;BOT_MAKER;BOT_TAKER;VEV_5300;XIRECS;56.0;2
18300;BOT_TAKER;SUBMISSION;HYDROGEL_PACK;XIRECS;9984.0;3
18400;BOT_TAKER;BOT_MAKER;VELVETFRUIT_EXTRACT;XIRECS;5284.0;7
18400;BOT_MAKER;BOT_TAKER;VEV_4000;XIRECS;1265.0;1
18400;BOT_TAKER;BOT_MAKER;VEV_6500;XIRECS;1.0;4
18500;BOT_TAKER;BOT_MAKER;HYDROGEL_PACK;XIRECS;9982.0;3
18500;BOT_TAKER;BOT_MAKER;VELVETFRUIT_EXTRACT;XIRECS;5283.0;5
18500;BOT_MAKER;BOT_TAKER;VEV_5500;XIRECS;5.0;2
18500;BOT_MAKER;BOT_TAKER;VEV_6500;XIRECS;0.0;2
18500;BOT_TAKER;SUBMISSION;VELVETFRUIT_EXTRACT;XIRECS;5282.0;3
18600;BOT_TAKER;BOT_MAKER;VEV_5400;XIRECS;16.0;2
18700;BOT_MAKER;BOT_TAKER;VELVETFRUIT_EXTRACT;XIRECS;5278.0;8
18700;BOT_TAKER;BOT_MAKER;VEV_5400;XIRECS;15.0;5
18700;BOT_TAKER;SUBMISSION;HYDROGEL_PACK;XIRECS;9983.0;4
18800;BOT_TAKER;BOT_MAKER;VELVETFRUIT_EXTRACT;XIRECS;5283.0;8
18900;BOT_MAKER;BOT_TAKER;HYDROGEL_PACK;XIRECS;9970.0;6
18900;BOT_TAKER;BOT_MAKER;HYDROGEL_PACK;XIRECS;9986.0;3
19200;BOT_TAKER;BOT_MAKER;HYDROGEL_PACK;XIRECS;9986.0;4
19200;BOT_TAKER;BOT_MAKER;VELVETFRUIT_EXTRACT;XIRECS;5283.0;4
19400;BOT_MAKER;BOT_TAKER;HYDROGEL_PACK;XIRECS;9976.0;5
19500;BOT_MAKER;BOT_TAKER;HYDROGEL_PACK;XIRECS;9977.0;4
19500;BOT_TAKER;SUBMISSION;VELVETFRUIT_EXTRACT;XIRECS;5283.0;4
19600;BOT_MAKER;BOT_TAKER;VELVETFRUIT_EXTRACT;XIRECS;5278.0;10
19600;BOT_TAKER;BOT_MAKER;VEV_4000;XIRECS;1289.0;1
19700;BOT_MAKER;BOT_TAKER;HYDROGEL_PACK;XIRECS;9978.0;4
19700;BOT_TAKER;BOT_MAKER;HYDROGEL_PACK;XIRECS;9994.0;4
19800;BOT_TAKER;SUBMISSION;VELVETFRUIT_EXTRACT;XIRECS;5284.0;4
19900;BOT_MAKER;BOT_TAKER;HYDROGEL_PACK;XIRECS;9980.0;3
19900;BOT_TAKER;BOT_MAKER;VELVETFRUIT_EXTRACT;XIRECS;5285.0;8
20000;BOT_TAKER;BOT_MAKER;HYDROGEL_PACK;XIRECS;9992.0;4
20000;BOT_TAKER;BOT_MAKER;VEV_5400;XIRECS;15.0;5
20200;BOT_MAKER;BOT_TAKER;VELVETFRUIT_EXTRACT;XIRECS;5280.0;4
20200;BOT_MAKER;BOT_TAKER;VEV_5500;XIRECS;5.0;4
20300;BOT_TAKER;BOT_MAKER;VEV_6500;XIRECS;1.0;4
20300;BOT_TAKER;SUBMISSION;HYDROGEL_PACK;XIRECS;9998.0;2
20400;BOT_MAKER;BOT_TAKER;VELVETFRUIT_EXTRACT;XIRECS;5283.0;6
20500;BOT_MAKER;BOT_TAKER;VELVETFRUIT_EXTRACT;XIRECS;5284.0;7
20500;BOT_TAKER;BOT_MAKER;VEV_6000;XIRECS;1.0;4
20600;BOT_MAKER;BOT_TAKER;VELVETFRUIT_EXTRACT;XIRECS;5284.0;5
20600;BOT_TAKER;SUBMISSION;VELVETFRUIT_EXTRACT;XIRECS;5287.0;4
20700;BOT_MAKER;BOT_TAKER;HYDROGEL_PACK;XIRECS;9978.0;3
20800;BOT_MAKER;BOT_TAKER;HYDROGEL_PACK;XIRECS;9979.0;6
20800;BOT_MAKER;BOT_TAKER;VEV_5400;XIRECS;12.0;2
20900;BOT_TAKER;BOT_MAKER;HYDROGEL_PACK;XIRECS;9997.0;5
20900;SUBMISSION;BOT_TAKER;VELVETFRUIT_EXTRACT;XIRECS;5284.0;5
21000;BOT_MAKER;BOT_TAKER;VELVETFRUIT_EXTRACT;XIRECS;5284.0;3
21100;BOT_MAKER;BOT_TAKER;VELVETFRUIT_EXTRACT;XIRECS;5284.0;7
21100;BOT_TAKER;SUBMISSION;VELVETFRUIT_EXTRACT;XIRECS;5288.0;5
21100;BOT_TAKER;BOT_MAKER;VELVETFRUIT_EXTRACT;XIRECS;5289.0;2
21200;BOT_TAKER;BOT_MAKER;VELVETFRUIT_EXTRACT;XIRECS;5291.0;8
21300;BOT_TAKER;BOT_MAKER;VELVETFRUIT_EXTRACT;XIRECS;5290.0;5
21400;BOT_TAKER;BOT_MAKER;VEV_5300;XIRECS;60.0;2
21500;BOT_MAKER;BOT_TAKER;VELVETFRUIT_EXTRACT;XIRECS;5283.0;6
21500;BOT_TAKER;BOT_MAKER;VEV_5400;XIRECS;14.0;2
21500;BOT_TAKER;SUBMISSION;VELVETFRUIT_EXTRACT;XIRECS;5288.0;5
21500;BOT_TAKER;BOT_MAKER;VELVETFRUIT_EXTRACT;XIRECS;5289.0;3
21600;BOT_MAKER;BOT_TAKER;HYDROGEL_PACK;XIRECS;9981.0;2
21600;SUBMISSION;BOT_TAKER;VELVETFRUIT_EXTRACT;XIRECS;5286.0;5
21600;BOT_MAKER;BOT_TAKER;VELVETFRUIT_EXTRACT;XIRECS;5285.0;3
21700;BOT_MAKER;BOT_TAKER;VELVETFRUIT_EXTRACT;XIRECS;5283.0;6
21700;BOT_MAKER;BOT_TAKER;VEV_5500;XIRECS;5.0;4
21900;BOT_TAKER;BOT_MAKER;VELVETFRUIT_EXTRACT;XIRECS;5288.0;5
21900;BOT_TAKER;BOT_MAKER;VEV_4000;XIRECS;1298.0;2
21900;BOT_MAKER;BOT_TAKER;VEV_5500;XIRECS;5.0;2
22100;BOT_TAKER;BOT_MAKER;HYDROGEL_PACK;XIRECS;9999.0;6
22100;BOT_TAKER;BOT_MAKER;VELVETFRUIT_EXTRACT;XIRECS;5288.0;15
22200;BOT_TAKER;BOT_MAKER;VELVETFRUIT_EXTRACT;XIRECS;5287.0;4
22200;BOT_TAKER;BOT_MAKER;VEV_5300;XIRECS;61.0;4
22200;BOT_MAKER;BOT_TAKER;VEV_6500;XIRECS;0.0;3
22200;SUBMISSION;BOT_TAKER;VEV_4000;XIRECS;1280.0;3
22300;BOT_TAKER;BOT_MAKER;HYDROGEL_PACK;XIRECS;10000.0;4
22300;BOT_TAKER;BOT_MAKER;VEV_6000;XIRECS;1.0;2
22400;BOT_MAKER;BOT_TAKER;HYDROGEL_PACK;XIRECS;9982.0;6
22400;BOT_MAKER;BOT_TAKER;VEV_5400;XIRECS;14.0;2
22500;BOT_TAKER;BOT_MAKER;HYDROGEL_PACK;XIRECS;9998.0;4
22500;BOT_MAKER;BOT_TAKER;VEV_5300;XIRECS;59.0;3
22500;SUBMISSION;BOT_TAKER;HYDROGEL_PACK;XIRECS;9980.0;5
22700;BOT_TAKER;BOT_MAKER;VEV_4000;XIRECS;1304.0;3
22800;BOT_MAKER;BOT_TAKER;VEV_6500;XIRECS;0.0;4
22900;BOT_MAKER;BOT_TAKER;VEV_5500;XIRECS;6.0;5
23100;BOT_MAKER;BOT_TAKER;VEV_4000;XIRECS;1281.0;3
23100;BOT_MAKER;BOT_TAKER;VEV_6500;XIRECS;0.0;5
23200;BOT_MAKER;BOT_TAKER;HYDROGEL_PACK;XIRECS;9981.0;5
23200;BOT_TAKER;BOT_MAKER;VELVETFRUIT_EXTRACT;XIRECS;5285.0;10
23200;BOT_TAKER;SUBMISSION;HYDROGEL_PACK;XIRECS;9996.0;4
23500;BOT_MAKER;BOT_TAKER;VELVETFRUIT_EXTRACT;XIRECS;5280.0;8
23600;BOT_MAKER;BOT_TAKER;HYDROGEL_PACK;XIRECS;9982.0;6
23700;BOT_TAKER;BOT_MAKER;VEV_5500;XIRECS;7.0;4
23700;BOT_TAKER;BOT_MAKER;VEV_5500;XIRECS;7.0;5
23700;SUBMISSION;BOT_TAKER;VELVETFRUIT_EXTRACT;XIRECS;5282.0;5
23700;BOT_MAKER;BOT_TAKER;VELVETFRUIT_EXTRACT;XIRECS;5281.0;2
23800;BOT_TAKER;BOT_MAKER;HYDROGEL_PACK;XIRECS;9998.0;5
23800;BOT_MAKER;BOT_TAKER;VELVETFRUIT_EXTRACT;XIRECS;5282.0;6
24000;BOT_MAKER;BOT_TAKER;VELVETFRUIT_EXTRACT;XIRECS;5283.0;6
24000;BOT_TAKER;SUBMISSION;VELVETFRUIT_EXTRACT;XIRECS;5287.0;4
24200;BOT_TAKER;BOT_MAKER;VEV_5500;XIRECS;7.0;2
24200;BOT_TAKER;BOT_MAKER;VEV_6000;XIRECS;1.0;2
24300;BOT_TAKER;BOT_MAKER;VELVETFRUIT_EXTRACT;XIRECS;5291.0;8
24300;BOT_TAKER;BOT_MAKER;VEV_5400;XIRECS;16.0;2
24400;BOT_MAKER;BOT_TAKER;VELVETFRUIT_EXTRACT;XIRECS;5286.0;5
24500;BOT_TAKER;BOT_MAKER;HYDROGEL_PACK;XIRECS;10001.0;3
24600;BOT_MAKER;BOT_TAKER;VELVETFRUIT_EXTRACT;XIRECS;5284.0;3
24700;BOT_TAKER;BOT_MAKER;HYDROGEL_PACK;XIRECS;10003.0;2
24700;BOT_TAKER;BOT_MAKER;VELVETFRUIT_EXTRACT;XIRECS;5290.0;4
24800;BOT_MAKER;BOT_TAKER;HYDROGEL_PACK;XIRECS;9990.0;3
24800;BOT_MAKER;BOT_TAKER;VEV_4000;XIRECS;1284.0;2
24800;SUBMISSION;BOT_TAKER;HYDROGEL_PACK;XIRECS;9991.0;3
24900;BOT_MAKER;BOT_TAKER;VEV_5500;XIRECS;5.0;4
25000;BOT_MAKER;BOT_TAKER;VELVETFRUIT_EXTRACT;XIRECS;5283.0;6
25000;BOT_MAKER;BOT_TAKER;VEV_5500;XIRECS;6.0;4
25100;BOT_TAKER;BOT_MAKER;HYDROGEL_PACK;XIRECS;10007.0;2
25100;BOT_MAKER;BOT_TAKER;VELVETFRUIT_EXTRACT;XIRECS;5283.0;4
25200;BOT_MAKER;BOT_TAKER;HYDROGEL_PACK;XIRECS;9991.0;2
25200;BOT_TAKER;BOT_MAKER;VELVETFRUIT_EXTRACT;XIRECS;5286.0;6
25300;BOT_TAKER;SUBMISSION;HYDROGEL_PACK;XIRECS;10006.0;4
25400;BOT_TAKER;BOT_MAKER;VELVETFRUIT_EXTRACT;XIRECS;5285.0;6
25500;BOT_MAKER;BOT_TAKER;VEV_5400;XIRECS;12.0;4
25600;BOT_MAKER;BOT_TAKER;VELVETFRUIT_EXTRACT;XIRECS;5279.0;9
25700;BOT_TAKER;BOT_MAKER;HYDROGEL_PACK;XIRECS;10011.0;6
25700;BOT_TAKER;SUBMISSION;VEV_4000;XIRECS;1309.0;2
25800;BOT_MAKER;BOT_TAKER;VELVETFRUIT_EXTRACT;XIRECS;5277.0;7
25900;BOT_TAKER;BOT_MAKER;VELVETFRUIT_EXTRACT;XIRECS;5282.0;4
25900;BOT_MAKER;BOT_TAKER;VEV_4000;XIRECS;1289.0;1
26000;BOT_MAKER;BOT_TAKER;HYDROGEL_PACK;XIRECS;9995.0;3
26000;BOT_MAKER;BOT_TAKER;VEV_6500;XIRECS;0.0;3
26200;BOT_TAKER;BOT_MAKER;HYDROGEL_PACK;XIRECS;10010.0;3
26200;BOT_TAKER;BOT_MAKER;VELVETFRUIT_EXTRACT;XIRECS;5281.0;4
26300;BOT_TAKER;BOT_MAKER;HYDROGEL_PACK;XIRECS;10012.0;2
26300;BOT_MAKER;BOT_TAKER;VELVETFRUIT_EXTRACT;XIRECS;5275.0;7
26400;BOT_MAKER;BOT_TAKER;VEV_4000;XIRECS;1290.0;2
26500;BOT_TAKER;BOT_MAKER;VELVETFRUIT_EXTRACT;XIRECS;5278.0;6
26600;BOT_TAKER;BOT_MAKER;HYDROGEL_PACK;XIRECS;10011.0;3
26600;SUBMISSION;BOT_TAKER;HYDROGEL_PACK;XIRECS;9996.0;4
26700;BOT_MAKER;BOT_TAKER;VELVETFRUIT_EXTRACT;XIRECS;5275.0;5
26700;BOT_TAKER;BOT_MAKER;VELVETFRUIT_EXTRACT;XIRECS;5279.0;5
26700;BOT_TAKER;BOT_MAKER;VEV_6000;XIRECS;1.0;5
26800;BOT_TAKER;BOT_MAKER;VEV_6000;XIRECS;1.0;3
26900;BOT_TAKER;BOT_MAKER;VELVETFRUIT_EXTRACT;XIRECS;5281.0;8
26900;BOT_MAKER;BOT_TAKER;VEV_5500;XIRECS;6.0;4
27000;BOT_MAKER;BOT_TAKER;HYDROGEL_PACK;XIRECS;10002.0;3
27000;BOT_TAKER;BOT_MAKER;VELVETFRUIT_EXTRACT;XIRECS;5281.0;4
27000;BOT_TAKER;BOT_MAKER;VEV_6000;XIRECS;1.0;5
27100;BOT_MAKER;BOT_TAKER;HYDROGEL_PACK;XIRECS;10000.0;5
27100;BOT_TAKER;BOT_MAKER;VELVETFRUIT_EXTRACT;XIRECS;5282.0;7
27200;SUBMISSION;BOT_TAKER;VELVETFRUIT_EXTRACT;XIRECS;5277.0;4
27300;BOT_TAKER;SUBMISSION;VELVETFRUIT_EXTRACT;XIRECS;5283.0;5
27400;BOT_MAKER;BOT_TAKER;VELVETFRUIT_EXTRACT;XIRECS;5277.0;6
27400;BOT_MAKER;BOT_TAKER;VEV_4000;XIRECS;1287.0;2
27400;BOT_MAKER;BOT_TAKER;VEV_6000;XIRECS;0.0;4
27700;BOT_MAKER;BOT_TAKER;HYDROGEL_PACK;XIRECS;9994.0;4
27700;BOT_MAKER;BOT_TAKER;VELVETFRUIT_EXTRACT;XIRECS;5279.0;8
27800;BOT_MAKER;BOT_TAKER;VELVETFRUIT_EXTRACT;XIRECS;5277.0;10
27900;BOT_TAKER;BOT_MAKER;VELVETFRUIT_EXTRACT;XIRECS;5282.0;7
28000;BOT_TAKER;BOT_MAKER;VEV_6500;XIRECS;1.0;3
28000;SUBMISSION;BOT_TAKER;HYDROGEL_PACK;XIRECS;9996.0;5
28000;BOT_MAKER;BOT_TAKER;HYDROGEL_PACK;XIRECS;9995.0;1
28100;BOT_TAKER;BOT_MAKER;HYDROGEL_PACK;XIRECS;10012.0;4
28200;BOT_MAKER;BOT_TAKER;HYDROGEL_PACK;XIRECS;9997.0;6
28200;BOT_MAKER;BOT_TAKER;VELVETFRUIT_EXTRACT;XIRECS;5275.0;6
28200;BOT_MAKER;BOT_TAKER;VEV_5500;XIRECS;6.0;3
28300;BOT_TAKER;BOT_MAKER;HYDROGEL_PACK;XIRECS;10012.0;5
28400;BOT_TAKER;BOT_MAKER;VEV_6000;XIRECS;1.0;5
28600;BOT_TAKER;BOT_MAKER;VELVETFRUIT_EXTRACT;XIRECS;5282.0;8
28600;BOT_TAKER;SUBMISSION;HYDROGEL_PACK;XIRECS;10009.0;4
28700;BOT_TAKER;BOT_MAKER;VELVETFRUIT_EXTRACT;XIRECS;5281.0;4
28800;BOT_MAKER;BOT_TAKER;HYDROGEL_PACK;XIRECS;9997.0;4
28800;BOT_MAKER;BOT_TAKER;VEV_5400;XIRECS;14.0;4
28900;SUBMISSION;BOT_TAKER;VEV_4000;XIRECS;1279.0;1
29000;BOT_MAKER;BOT_TAKER;VELVETFRUIT_EXTRACT;XIRECS;5276.0;5
29000;SUBMISSION;BOT_TAKER;HYDROGEL_PACK;XIRECS;10000.0;4
29100;BOT_TAKER;BOT_MAKER;VELVETFRUIT_EXTRACT;XIRECS;5281.0;8
29100;BOT_TAKER;BOT_MAKER;VELVETFRUIT_EXTRACT;XIRECS;5281.0;7
29200;BOT_MAKER;BOT_TAKER;VEV_4000;XIRECS;1275.0;2
29200;BOT_MAKER;BOT_TAKER;VEV_6000;XIRECS;0.0;4
29300;BOT_TAKER;BOT_MAKER;VELVETFRUIT_EXTRACT;XIRECS;5280.0;7
29400;BOT_TAKER;BOT_MAKER;HYDROGEL_PACK;XIRECS;10018.0;2
29400;BOT_TAKER;BOT_MAKER;VELVETFRUIT_EXTRACT;XIRECS;5280.0;4
29400;BOT_TAKER;SUBMISSION;HYDROGEL_PACK;XIRECS;10017.0;5
29400;BOT_TAKER;BOT_MAKER;HYDROGEL_PACK;XIRECS;10018.0;1
29500;BOT_TAKER;BOT_MAKER;HYDROGEL_PACK;XIRECS;10016.0;5
29500;BOT_MAKER;BOT_TAKER;VELVETFRUIT_EXTRACT;XIRECS;5276.0;4
29600;BOT_MAKER;BOT_TAKER;VELVETFRUIT_EXTRACT;XIRECS;5275.0;8
29600;BOT_TAKER;BOT_MAKER;VEV_5400;XIRECS;15.0;2
29600;BOT_MAKER;BOT_TAKER;VEV_5500;XIRECS;6.0;2
29600;BOT_TAKER;SUBMISSION;VELVETFRUIT_EXTRACT;XIRECS;5279.0;4
29700;BOT_MAKER;BOT_TAKER;VEV_6000;XIRECS;0.0;5
29700;SUBMISSION;BOT_TAKER;HYDROGEL_PACK;XIRECS;10008.0;5
29800;BOT_TAKER;SUBMISSION;HYDROGEL_PACK;XIRECS;10024.0;2
29900;BOT_TAKER;BOT_MAKER;VELVETFRUIT_EXTRACT;XIRECS;5279.0;5
30100;BOT_MAKER;BOT_TAKER;VEV_4000;XIRECS;1274.0;1
30100;BOT_TAKER;SUBMISSION;HYDROGEL_PACK;XIRECS;10020.0;4
30200;BOT_TAKER;BOT_MAKER;VELVETFRUIT_EXTRACT;XIRECS;5279.0;4
30300;BOT_TAKER;BOT_MAKER;HYDROGEL_PACK;XIRECS;10021.0;4
30300;BOT_MAKER;BOT_TAKER;VEV_6000;XIRECS;0.0;4
30500;SUBMISSION;BOT_TAKER;HYDROGEL_PACK;XIRECS;10002.0;2
30600;BOT_TAKER;BOT_MAKER;VEV_5400;XIRECS;16.0;4
30600;BOT_MAKER;BOT_TAKER;VEV_6000;XIRECS;0.0;5
30700;BOT_TAKER;BOT_MAKER;HYDROGEL_PACK;XIRECS;10020.0;3
30700;BOT_TAKER;BOT_MAKER;VELVETFRUIT_EXTRACT;XIRECS;5275.0;4
30800;BOT_TAKER;BOT_MAKER;VEV_4000;XIRECS;1293.0;1
30900;BOT_TAKER;BOT_MAKER;VELVETFRUIT_EXTRACT;XIRECS;5274.0;9
30900;BOT_TAKER;BOT_MAKER;VEV_6000;XIRECS;1.0;2
30900;SUBMISSION;BOT_TAKER;VEV_4000;XIRECS;1271.0;1
31000;BOT_MAKER;BOT_TAKER;HYDROGEL_PACK;XIRECS;10002.0;6
31000;BOT_TAKER;BOT_MAKER;HYDROGEL_PACK;XIRECS;10018.0;3
31000;BOT_TAKER;BOT_MAKER;VELVETFRUIT_EXTRACT;XIRECS;5276.0;4
31000;BOT_TAKER;BOT_MAKER;VEV_5400;XIRECS;16.0;5
31100;BOT_TAKER;BOT_MAKER;VELVETFRUIT_EXTRACT;XIRECS;5276.0;5
31100;BOT_TAKER;BOT_MAKER;VELVETFRUIT_EXTRACT;XIRECS;5276.0;3
31100;BOT_TAKER;BOT_MAKER;VEV_6000;XIRECS;1.0;5
31200;BOT_MAKER;BOT_TAKER;VELVETFRUIT_EXTRACT;XIRECS;5270.0;8
31200;BOT_TAKER;SUBMISSION;VELVETFRUIT_EXTRACT;XIRECS;5274.0;5
31200;BOT_TAKER;BOT_MAKER;VELVETFRUIT_EXTRACT;XIRECS;5275.0;3
31300;BOT_TAKER;BOT_MAKER;VELVETFRUIT_EXTRACT;XIRECS;5274.0;6
31400;BOT_MAKER;BOT_TAKER;HYDROGEL_PACK;XIRECS;10005.0;5
31400;BOT_MAKER;BOT_TAKER;VELVETFRUIT_EXTRACT;XIRECS;5268.0;7
31400;BOT_TAKER;SUBMISSION;VELVETFRUIT_EXTRACT;XIRECS;5273.0;4
31600;BOT_MAKER;BOT_TAKER;HYDROGEL_PACK;XIRECS;10007.0;5
31600;BOT_TAKER;BOT_MAKER;VEV_5300;XIRECS;57.0;5
31600;SUBMISSION;BOT_TAKER;VELVETFRUIT_EXTRACT;XIRECS;5269.0;5
31600;BOT_MAKER;BOT_TAKER;VELVETFRUIT_EXTRACT;XIRECS;5268.0;4
31700;BOT_MAKER;BOT_TAKER;VELVETFRUIT_EXTRACT;XIRECS;5268.0;8
31800;BOT_MAKER;BOT_TAKER;VELVETFRUIT_EXTRACT;XIRECS;5267.0;4
31800;SUBMISSION;BOT_TAKER;VELVETFRUIT_EXTRACT;XIRECS;5268.0;5
31800;BOT_MAKER;BOT_TAKER;VELVETFRUIT_EXTRACT;XIRECS;5267.0;2
31900;BOT_TAKER;BOT_MAKER;VELVETFRUIT_EXTRACT;XIRECS;5273.0;7
31900;BOT_TAKER;BOT_MAKER;VEV_6000;XIRECS;1.0;3
32000;BOT_TAKER;BOT_MAKER;HYDROGEL_PACK;XIRECS;10030.0;2
32000;BOT_MAKER;BOT_TAKER;VELVETFRUIT_EXTRACT;XIRECS;5267.0;6
32100;BOT_TAKER;BOT_MAKER;HYDROGEL_PACK;XIRECS;10030.0;3
32100;BOT_MAKER;BOT_TAKER;HYDROGEL_PACK;XIRECS;10014.0;3
32100;BOT_TAKER;BOT_MAKER;VEV_6000;XIRECS;1.0;5
32200;BOT_TAKER;SUBMISSION;VELVETFRUIT_EXTRACT;XIRECS;5273.0;5
32200;BOT_TAKER;BOT_MAKER;VELVETFRUIT_EXTRACT;XIRECS;5274.0;1
32300;BOT_MAKER;BOT_TAKER;VELVETFRUIT_EXTRACT;XIRECS;5268.0;7
32400;BOT_TAKER;BOT_MAKER;VELVETFRUIT_EXTRACT;XIRECS;5274.0;5
32500;BOT_MAKER;BOT_TAKER;HYDROGEL_PACK;XIRECS;10010.0;5
32500;BOT_TAKER;BOT_MAKER;VELVETFRUIT_EXTRACT;XIRECS;5274.0;8
32600;BOT_TAKER;SUBMISSION;HYDROGEL_PACK;XIRECS;10026.0;5
32800;BOT_MAKER;BOT_TAKER;HYDROGEL_PACK;XIRECS;10008.0;5
32800;BOT_TAKER;BOT_MAKER;VELVETFRUIT_EXTRACT;XIRECS;5275.0;5
32900;BOT_MAKER;BOT_TAKER;HYDROGEL_PACK;XIRECS;10009.0;6
33000;BOT_TAKER;BOT_MAKER;VELVETFRUIT_EXTRACT;XIRECS;5274.0;5
33100;BOT_TAKER;BOT_MAKER;HYDROGEL_PACK;XIRECS;10022.0;3
33100;BOT_TAKER;BOT_MAKER;VELVETFRUIT_EXTRACT;XIRECS;5274.0;6
33200;BOT_TAKER;BOT_MAKER;VELVETFRUIT_EXTRACT;XIRECS;5274.0;14
33400;BOT_MAKER;BOT_TAKER;VELVETFRUIT_EXTRACT;XIRECS;5268.0;6
33600;BOT_MAKER;BOT_TAKER;VELVETFRUIT_EXTRACT;XIRECS;5268.0;5
33700;BOT_MAKER;BOT_TAKER;VELVETFRUIT_EXTRACT;XIRECS;5268.0;7
33700;BOT_MAKER;BOT_TAKER;VEV_4000;XIRECS;1267.0;2
33700;BOT_TAKER;BOT_MAKER;VEV_6000;XIRECS;1.0;2
33800;BOT_TAKER;BOT_MAKER;HYDROGEL_PACK;XIRECS;10021.0;2
33800;BOT_TAKER;BOT_MAKER;VELVETFRUIT_EXTRACT;XIRECS;5274.0;14
33800;BOT_TAKER;BOT_MAKER;VEV_4000;XIRECS;1290.0;1
33900;BOT_TAKER;BOT_MAKER;HYDROGEL_PACK;XIRECS;10020.0;6
33900;BOT_TAKER;BOT_MAKER;VEV_6000;XIRECS;1.0;4
34000;BOT_TAKER;BOT_MAKER;VEV_4000;XIRECS;1292.0;1
34000;BOT_MAKER;BOT_TAKER;VEV_5300;XIRECS;54.0;5
34000;BOT_TAKER;BOT_MAKER;VEV_5400;XIRECS;14.0;3
34100;BOT_MAKER;BOT_TAKER;HYDROGEL_PACK;XIRECS;10013.0;3
34200;BOT_TAKER;BOT_MAKER;HYDROGEL_PACK;XIRECS;10029.0;4
34300;BOT_MAKER;BOT_TAKER;VELVETFRUIT_EXTRACT;XIRECS;5269.0;3
34400;BOT_TAKER;BOT_MAKER;HYDROGEL_PACK;XIRECS;10029.0;4
34400;BOT_MAKER;BOT_TAKER;VEV_5200;XIRECS;89.0;1
34400;BOT_MAKER;BOT_TAKER;VEV_5500;XIRECS;6.0;2
34500;BOT_MAKER;BOT_TAKER;HYDROGEL_PACK;XIRECS;10013.0;5
34500;BOT_MAKER;BOT_TAKER;VELVETFRUIT_EXTRACT;XIRECS;5268.0;11
34700;BOT_MAKER;BOT_TAKER;HYDROGEL_PACK;XIRECS;10012.0;3
34700;BOT_TAKER;SUBMISSION;HYDROGEL_PACK;XIRECS;10027.0;2
34900;BOT_TAKER;BOT_MAKER;VEV_4000;XIRECS;1294.0;2
35100;BOT_TAKER;BOT_MAKER;HYDROGEL_PACK;XIRECS;10024.0;2
35200;BOT_TAKER;BOT_MAKER;HYDROGEL_PACK;XIRECS;10024.0;6
35200;BOT_MAKER;BOT_TAKER;VEV_5500;XIRECS;7.0;5
35300;BOT_MAKER;BOT_TAKER;VELVETFRUIT_EXTRACT;XIRECS;5270.0;5
35300;BOT_TAKER;BOT_MAKER;VEV_4000;XIRECS;1292.0;3
35300;BOT_TAKER;SUBMISSION;VELVETFRUIT_EXTRACT;XIRECS;5275.0;5
35300;BOT_TAKER;BOT_MAKER;VELVETFRUIT_EXTRACT;XIRECS;5276.0;1
35400;SUBMISSION;BOT_TAKER;VELVETFRUIT_EXTRACT;XIRECS;5271.0;3
35500;BOT_MAKER;BOT_TAKER;VELVETFRUIT_EXTRACT;XIRECS;5269.0;3
35500;BOT_TAKER;BOT_MAKER;VEV_6500;XIRECS;1.0;2
35600;BOT_TAKER;BOT_MAKER;HYDROGEL_PACK;XIRECS;10019.0;6
35600;BOT_TAKER;BOT_MAKER;VELVETFRUIT_EXTRACT;XIRECS;5277.0;6
35600;BOT_MAKER;BOT_TAKER;VEV_4000;XIRECS;1270.0;3
35600;BOT_MAKER;BOT_TAKER;VEV_5300;XIRECS;54.0;5
35600;BOT_MAKER;BOT_TAKER;VEV_6000;XIRECS;0.0;5
35700;BOT_MAKER;BOT_TAKER;HYDROGEL_PACK;XIRECS;10001.0;3
35700;BOT_TAKER;BOT_MAKER;VEV_6500;XIRECS;1.0;5
35800;BOT_MAKER;BOT_TAKER;VELVETFRUIT_EXTRACT;XIRECS;5272.0;7
35800;BOT_TAKER;SUBMISSION;VELVETFRUIT_EXTRACT;XIRECS;5277.0;4
35900;BOT_TAKER;BOT_MAKER;VEV_5500;XIRECS;8.0;3
36000;BOT_TAKER;BOT_MAKER;VELVETFRUIT_EXTRACT;XIRECS;5278.0;7
36300;BOT_TAKER;BOT_MAKER;VELVETFRUIT_EXTRACT;XIRECS;5278.0;14
36400;BOT_TAKER;BOT_MAKER;VELVETFRUIT_EXTRACT;XIRECS;5279.0;6
36400;BOT_MAKER;BOT_TAKER;VEV_6000;XIRECS;0.0;3
36400;SUBMISSION;BOT_TAKER;VELVETFRUIT_EXTRACT;XIRECS;5275.0;5
36400;BOT_MAKER;BOT_TAKER;VELVETFRUIT_EXTRACT;XIRECS;5274.0;3
36600;BOT_TAKER;BOT_MAKER;HYDROGEL_PACK;XIRECS;10015.0;5
36600;BOT_MAKER;BOT_TAKER;HYDROGEL_PACK;XIRECS;9999.0;3
36600;BOT_MAKER;BOT_TAKER;VELVETFRUIT_EXTRACT;XIRECS;5277.0;4
36700;BOT_MAKER;BOT_TAKER;VELVETFRUIT_EXTRACT;XIRECS;5277.0;3
36700;BOT_MAKER;BOT_TAKER;VEV_4000;XIRECS;1270.0;2
36900;SUBMISSION;BOT_TAKER;HYDROGEL_PACK;XIRECS;9999.0;5
37000;BOT_MAKER;BOT_TAKER;VELVETFRUIT_EXTRACT;XIRECS;5277.0;6
37000;BOT_MAKER;BOT_TAKER;VEV_4000;XIRECS;1266.0;3
37000;BOT_TAKER;BOT_MAKER;VEV_6500;XIRECS;1.0;3
37200;BOT_TAKER;BOT_MAKER;VEV_4000;XIRECS;1287.0;3
37300;BOT_MAKER;BOT_TAKER;HYDROGEL_PACK;XIRECS;10003.0;4
37400;BOT_MAKER;BOT_TAKER;HYDROGEL_PACK;XIRECS;10002.0;2
37400;BOT_MAKER;BOT_TAKER;VELVETFRUIT_EXTRACT;XIRECS;5273.0;6
37400;BOT_MAKER;BOT_TAKER;VEV_6000;XIRECS;0.0;3
37400;BOT_TAKER;SUBMISSION;HYDROGEL_PACK;XIRECS;10017.0;4
37500;BOT_TAKER;BOT_MAKER;VEV_6500;XIRECS;1.0;3
37600;BOT_TAKER;BOT_MAKER;VEV_6000;XIRECS;1.0;3
37700;BOT_MAKER;BOT_TAKER;VELVETFRUIT_EXTRACT;XIRECS;5274.0;7
37700;BOT_TAKER;BOT_MAKER;VEV_5300;XIRECS;53.0;5
37800;BOT_MAKER;BOT_TAKER;HYDROGEL_PACK;XIRECS;10003.0;6
37900;BOT_MAKER;BOT_TAKER;HYDROGEL_PACK;XIRECS;10002.0;5
37900;BOT_TAKER;BOT_MAKER;VELVETFRUIT_EXTRACT;XIRECS;5277.0;7
37900;SUBMISSION;BOT_TAKER;VELVETFRUIT_EXTRACT;XIRECS;5274.0;5
37900;BOT_MAKER;BOT_TAKER;VELVETFRUIT_EXTRACT;XIRECS;5273.0;1
38000;BOT_MAKER;BOT_TAKER;VELVETFRUIT_EXTRACT;XIRECS;5272.0;3
38100;BOT_MAKER;BOT_TAKER;HYDROGEL_PACK;XIRECS;10001.0;6
38100;BOT_TAKER;BOT_MAKER;VEV_6500;XIRECS;1.0;5
38100;BOT_MAKER;BOT_TAKER;VEV_6500;XIRECS;0.0;2
38200;BOT_TAKER;BOT_MAKER;HYDROGEL_PACK;XIRECS;10017.0;2
38200;BOT_MAKER;BOT_TAKER;VELVETFRUIT_EXTRACT;XIRECS;5272.0;4
38300;BOT_MAKER;BOT_TAKER;VELVETFRUIT_EXTRACT;XIRECS;5270.0;8
38400;BOT_TAKER;BOT_MAKER;VELVETFRUIT_EXTRACT;XIRECS;5276.0;4
38700;BOT_TAKER;BOT_MAKER;HYDROGEL_PACK;XIRECS;10014.0;2
38700;BOT_TAKER;BOT_MAKER;VELVETFRUIT_EXTRACT;XIRECS;5274.0;8
38700;BOT_MAKER;BOT_TAKER;VEV_4000;XIRECS;1273.0;3
38900;BOT_MAKER;BOT_TAKER;HYDROGEL_PACK;XIRECS;10001.0;6
39000;BOT_MAKER;BOT_TAKER;VELVETFRUIT_EXTRACT;XIRECS;5269.0;7
39100;BOT_MAKER;BOT_TAKER;HYDROGEL_PACK;XIRECS;9999.0;3
39200;BOT_MAKER;BOT_TAKER;VEV_5500;XIRECS;7.0;4
39200;SUBMISSION;BOT_TAKER;VELVETFRUIT_EXTRACT;XIRECS;5274.0;5
39200;BOT_MAKER;BOT_TAKER;VELVETFRUIT_EXTRACT;XIRECS;5273.0;1
39300;BOT_TAKER;BOT_MAKER;VEV_5500;XIRECS;8.0;3
39400;BOT_MAKER;BOT_TAKER;VELVETFRUIT_EXTRACT;XIRECS;5274.0;4
39400;BOT_TAKER;BOT_MAKER;VEV_5300;XIRECS;56.0;5
39500;BOT_TAKER;BOT_MAKER;VELVETFRUIT_EXTRACT;XIRECS;5279.0;7
39500;BOT_MAKER;BOT_TAKER;VEV_6500;XIRECS;0.0;5
39700;BOT_MAKER;BOT_TAKER;HYDROGEL_PACK;XIRECS;9998.0;4
39700;BOT_MAKER;BOT_TAKER;VEV_4000;XIRECS;1277.0;1
39800;BOT_TAKER;BOT_MAKER;HYDROGEL_PACK;XIRECS;10014.0;5
39900;BOT_TAKER;BOT_MAKER;VELVETFRUIT_EXTRACT;XIRECS;5281.0;5
39900;BOT_MAKER;BOT_TAKER;VEV_5300;XIRECS;57.0;2
39900;BOT_TAKER;BOT_MAKER;VEV_5500;XIRECS;8.0;2
40000;BOT_TAKER;SUBMISSION;HYDROGEL_PACK;XIRECS;10013.0;5
40000;BOT_TAKER;BOT_MAKER;HYDROGEL_PACK;XIRECS;10014.0;1
40100;BOT_TAKER;BOT_MAKER;VELVETFRUIT_EXTRACT;XIRECS;5282.0;7
40200;BOT_MAKER;BOT_TAKER;VELVETFRUIT_EXTRACT;XIRECS;5276.0;3
40300;BOT_TAKER;BOT_MAKER;VELVETFRUIT_EXTRACT;XIRECS;5281.0;5
40300;BOT_MAKER;BOT_TAKER;VELVETFRUIT_EXTRACT;XIRECS;5275.0;6
40400;BOT_TAKER;BOT_MAKER;VELVETFRUIT_EXTRACT;XIRECS;5280.0;7
40500;BOT_MAKER;BOT_TAKER;VELVETFRUIT_EXTRACT;XIRECS;5277.0;5
40600;BOT_TAKER;BOT_MAKER;VELVETFRUIT_EXTRACT;XIRECS;5282.0;6
40600;BOT_TAKER;BOT_MAKER;VEV_4000;XIRECS;1296.0;1
40600;BOT_TAKER;BOT_MAKER;VEV_5500;XIRECS;8.0;5
40700;BOT_MAKER;BOT_TAKER;HYDROGEL_PACK;XIRECS;9996.0;5
40700;BOT_TAKER;BOT_MAKER;VEV_4000;XIRECS;1294.0;1
40800;BOT_MAKER;BOT_TAKER;VELVETFRUIT_EXTRACT;XIRECS;5277.0;8
40800;BOT_TAKER;BOT_MAKER;VEV_5500;XIRECS;8.0;4
40900;BOT_TAKER;BOT_MAKER;HYDROGEL_PACK;XIRECS;10016.0;5
40900;BOT_MAKER;BOT_TAKER;VEV_5400;XIRECS;15.0;4
41000;BOT_TAKER;SUBMISSION;HYDROGEL_PACK;XIRECS;10017.0;3
41100;BOT_MAKER;BOT_TAKER;VEV_5400;XIRECS;15.0;3
41200;BOT_MAKER;BOT_TAKER;VEV_5300;XIRECS;56.0;2
41300;BOT_TAKER;BOT_MAKER;HYDROGEL_PACK;XIRECS;10022.0;6
41300;BOT_TAKER;BOT_MAKER;VELVETFRUIT_EXTRACT;XIRECS;5284.0;8
41300;BOT_MAKER;BOT_TAKER;VEV_5500;XIRECS;7.0;2
41400;BOT_TAKER;BOT_MAKER;VEV_6500;XIRECS;1.0;4
41500;BOT_TAKER;BOT_MAKER;HYDROGEL_PACK;XIRECS;10024.0;4
41600;BOT_MAKER;BOT_TAKER;VELVETFRUIT_EXTRACT;XIRECS;5280.0;6
41700;SUBMISSION;BOT_TAKER;HYDROGEL_PACK;XIRECS;10012.0;3
41800;BOT_MAKER;BOT_TAKER;HYDROGEL_PACK;XIRECS;10011.0;2
41800;BOT_MAKER;BOT_TAKER;VEV_4000;XIRECS;1269.0;3
41900;BOT_MAKER;BOT_TAKER;HYDROGEL_PACK;XIRECS;10010.0;6
41900;BOT_TAKER;BOT_MAKER;VEV_5400;XIRECS;16.0;5
41900;BOT_TAKER;SUBMISSION;HYDROGEL_PACK;XIRECS;10025.0;4
42000;BOT_MAKER;BOT_TAKER;VEV_5500;XIRECS;7.0;5
42000;BOT_TAKER;BOT_MAKER;VEV_6500;XIRECS;1.0;3
42300;BOT_MAKER;BOT_TAKER;HYDROGEL_PACK;XIRECS;10014.0;6
42300;BOT_TAKER;BOT_MAKER;VELVETFRUIT_EXTRACT;XIRECS;5291.0;4
42400;BOT_MAKER;BOT_TAKER;VELVETFRUIT_EXTRACT;XIRECS;5287.0;7
42600;BOT_TAKER;BOT_MAKER;VELVETFRUIT_EXTRACT;XIRECS;5294.0;6
42600;BOT_TAKER;SUBMISSION;HYDROGEL_PACK;XIRECS;10025.0;4
42700;BOT_TAKER;BOT_MAKER;HYDROGEL_PACK;XIRECS;10026.0;3
42800;BOT_TAKER;BOT_MAKER;VEV_4000;XIRECS;1289.0;1
42900;BOT_MAKER;BOT_TAKER;VELVETFRUIT_EXTRACT;XIRECS;5287.0;8
42900;BOT_TAKER;BOT_MAKER;VEV_4000;XIRECS;1289.0;3
43000;BOT_MAKER;BOT_TAKER;VEV_6000;XIRECS;0.0;2
43000;BOT_TAKER;BOT_MAKER;VEV_6500;XIRECS;1.0;5
43100;BOT_TAKER;BOT_MAKER;VEV_4000;XIRECS;1288.0;1
43200;BOT_TAKER;BOT_MAKER;VELVETFRUIT_EXTRACT;XIRECS;5295.0;4
43200;BOT_MAKER;BOT_TAKER;VEV_6500;XIRECS;0.0;5
43300;BOT_TAKER;BOT_MAKER;HYDROGEL_PACK;XIRECS;10027.0;5
43300;BOT_TAKER;BOT_MAKER;VELVETFRUIT_EXTRACT;XIRECS;5296.0;3
43300;SUBMISSION;BOT_TAKER;VELVETFRUIT_EXTRACT;XIRECS;5292.0;5
43500;BOT_TAKER;BOT_MAKER;VELVETFRUIT_EXTRACT;XIRECS;5297.0;8
43500;BOT_MAKER;BOT_TAKER;VEV_5500;XIRECS;7.0;2
43600;BOT_MAKER;BOT_TAKER;VELVETFRUIT_EXTRACT;XIRECS;5290.0;9
43600;BOT_MAKER;BOT_TAKER;VEV_5400;XIRECS;15.0;3
43600;BOT_MAKER;BOT_TAKER;VEV_5500;XIRECS;7.0;3
43700;BOT_TAKER;BOT_MAKER;HYDROGEL_PACK;XIRECS;10027.0;4
43700;BOT_TAKER;BOT_MAKER;VELVETFRUIT_EXTRACT;XIRECS;5294.0;8
43700;BOT_MAKER;BOT_TAKER;VEV_4000;XIRECS;1264.0;1
43700;SUBMISSION;BOT_TAKER;VELVETFRUIT_EXTRACT;XIRECS;5291.0;5
43700;BOT_MAKER;BOT_TAKER;VELVETFRUIT_EXTRACT;XIRECS;5290.0;1
43800;BOT_TAKER;BOT_MAKER;VELVETFRUIT_EXTRACT;XIRECS;5296.0;7
43800;BOT_MAKER;BOT_TAKER;VEV_6500;XIRECS;0.0;5
43900;BOT_TAKER;BOT_MAKER;VEV_5500;XIRECS;8.0;4
43900;SUBMISSION;BOT_TAKER;VELVETFRUIT_EXTRACT;XIRECS;5291.0;5
43900;BOT_MAKER;BOT_TAKER;VELVETFRUIT_EXTRACT;XIRECS;5290.0;3
44000;BOT_TAKER;BOT_MAKER;VELVETFRUIT_EXTRACT;XIRECS;5297.0;6
44100;BOT_TAKER;BOT_MAKER;HYDROGEL_PACK;XIRECS;10028.0;3
44100;BOT_TAKER;SUBMISSION;VELVETFRUIT_EXTRACT;XIRECS;5296.0;4
44200;BOT_MAKER;BOT_TAKER;VELVETFRUIT_EXTRACT;XIRECS;5295.0;7
44200;BOT_MAKER;BOT_TAKER;VEV_4000;XIRECS;1266.0;1
44300;BOT_TAKER;BOT_MAKER;VELVETFRUIT_EXTRACT;XIRECS;5298.0;6
44400;BOT_MAKER;BOT_TAKER;HYDROGEL_PACK;XIRECS;10014.0;5
44400;BOT_MAKER;BOT_TAKER;VELVETFRUIT_EXTRACT;XIRECS;5294.0;8
44500;BOT_TAKER;BOT_MAKER;VELVETFRUIT_EXTRACT;XIRECS;5298.0;3
44500;BOT_MAKER;BOT_TAKER;VEV_5500;XIRECS;7.0;4
44600;BOT_MAKER;BOT_TAKER;VELVETFRUIT_EXTRACT;XIRECS;5292.0;6
44700;BOT_MAKER;BOT_TAKER;VEV_5300;XIRECS;56.0;2
44800;BOT_TAKER;BOT_MAKER;VELVETFRUIT_EXTRACT;XIRECS;5298.0;13
44800;BOT_TAKER;BOT_MAKER;VEV_6000;XIRECS;1.0;4
45000;BOT_TAKER;BOT_MAKER;VELVETFRUIT_EXTRACT;XIRECS;5301.0;6
45000;BOT_MAKER;BOT_TAKER;VEV_4000;XIRECS;1265.0;2
45000;BOT_MAKER;BOT_TAKER;VEV_6500;XIRECS;0.0;5
45100;BOT_TAKER;BOT_MAKER;VELVETFRUIT_EXTRACT;XIRECS;5301.0;8
45300;BOT_MAKER;BOT_TAKER;VEV_6500;XIRECS;0.0;4
45500;BOT_MAKER;BOT_TAKER;VELVETFRUIT_EXTRACT;XIRECS;5290.0;5
45500;BOT_TAKER;BOT_MAKER;VEV_5400;XIRECS;16.0;2
45600;BOT_TAKER;BOT_MAKER;HYDROGEL_PACK;XIRECS;10025.0;6
45600;BOT_TAKER;BOT_MAKER;VELVETFRUIT_EXTRACT;XIRECS;5296.0;5
45700;BOT_TAKER;BOT_MAKER;VELVETFRUIT_EXTRACT;XIRECS;5294.0;3
45800;BOT_TAKER;BOT_MAKER;VELVETFRUIT_EXTRACT;XIRECS;5294.0;4
45800;BOT_MAKER;BOT_TAKER;VEV_5400;XIRECS;13.0;2
45800;BOT_TAKER;SUBMISSION;VEV_4000;XIRECS;1285.0;2
45900;BOT_MAKER;BOT_TAKER;HYDROGEL_PACK;XIRECS;10009.0;4
45900;BOT_MAKER;BOT_TAKER;VELVETFRUIT_EXTRACT;XIRECS;5289.0;15
45900;BOT_TAKER;BOT_MAKER;VEV_5400;XIRECS;15.0;5
45900;BOT_TAKER;SUBMISSION;VEV_4000;XIRECS;1285.0;2
46100;BOT_TAKER;BOT_MAKER;HYDROGEL_PACK;XIRECS;10027.0;6
46200;BOT_TAKER;BOT_MAKER;HYDROGEL_PACK;XIRECS;10027.0;4
46200;BOT_TAKER;BOT_MAKER;VEV_6500;XIRECS;1.0;2
46300;BOT_TAKER;BOT_MAKER;HYDROGEL_PACK;XIRECS;10026.0;5
46400;BOT_TAKER;BOT_MAKER;HYDROGEL_PACK;XIRECS;10023.0;2
46400;BOT_MAKER;BOT_TAKER;VEV_5500;XIRECS;7.0;3
46500;BOT_MAKER;BOT_TAKER;HYDROGEL_PACK;XIRECS;10001.0;6
46500;BOT_TAKER;BOT_MAKER;VELVETFRUIT_EXTRACT;XIRECS;5294.0;8
46500;BOT_TAKER;SUBMISSION;VEV_4000;XIRECS;1287.0;2
46600;BOT_MAKER;BOT_TAKER;VELVETFRUIT_EXTRACT;XIRECS;5290.0;5
46800;BOT_TAKER;BOT_MAKER;HYDROGEL_PACK;XIRECS;10018.0;3
46800;BOT_TAKER;BOT_MAKER;VELVETFRUIT_EXTRACT;XIRECS;5294.0;6
46900;BOT_MAKER;BOT_TAKER;VELVETFRUIT_EXTRACT;XIRECS;5290.0;8
46900;BOT_TAKER;BOT_MAKER;VEV_4000;XIRECS;1287.0;2
47000;BOT_MAKER;BOT_TAKER;HYDROGEL_PACK;XIRECS;10004.0;5
47000;SUBMISSION;BOT_TAKER;VELVETFRUIT_EXTRACT;XIRECS;5291.0;5
47000;BOT_MAKER;BOT_TAKER;VELVETFRUIT_EXTRACT;XIRECS;5290.0;2
47000;BOT_TAKER;SUBMISSION;VEV_4000;XIRECS;1286.0;1
47100;BOT_MAKER;BOT_TAKER;VEV_4000;XIRECS;1266.0;2
47100;BOT_MAKER;BOT_TAKER;VEV_6000;XIRECS;0.0;2
47200;BOT_TAKER;BOT_MAKER;VEV_4000;XIRECS;1288.0;2
47300;BOT_MAKER;BOT_TAKER;VELVETFRUIT_EXTRACT;XIRECS;5292.0;3
47400;BOT_MAKER;BOT_TAKER;HYDROGEL_PACK;XIRECS;9998.0;2
47400;BOT_TAKER;BOT_MAKER;VEV_5500;XIRECS;8.0;4
47400;BOT_MAKER;BOT_TAKER;VEV_6500;XIRECS;0.0;2
47500;BOT_TAKER;BOT_MAKER;HYDROGEL_PACK;XIRECS;10014.0;5
47500;BOT_MAKER;BOT_TAKER;VELVETFRUIT_EXTRACT;XIRECS;5292.0;8
47600;BOT_MAKER;BOT_TAKER;HYDROGEL_PACK;XIRECS;10001.0;6
47700;BOT_MAKER;BOT_TAKER;HYDROGEL_PACK;XIRECS;10002.0;2
47700;BOT_MAKER;BOT_TAKER;VELVETFRUIT_EXTRACT;XIRECS;5289.0;6
47800;BOT_TAKER;BOT_MAKER;HYDROGEL_PACK;XIRECS;10020.0;3
47800;BOT_TAKER;BOT_MAKER;VELVETFRUIT_EXTRACT;XIRECS;5294.0;8
47900;BOT_MAKER;BOT_TAKER;HYDROGEL_PACK;XIRECS;10004.0;3
47900;BOT_MAKER;BOT_TAKER;VEV_4000;XIRECS;1263.0;2
47900;BOT_TAKER;BOT_MAKER;VEV_5500;XIRECS;8.0;5
48000;BOT_TAKER;BOT_MAKER;HYDROGEL_PACK;XIRECS;10024.0;5
48000;BOT_TAKER;BOT_MAKER;VEV_6000;XIRECS;1.0;2
48000;SUBMISSION;BOT_TAKER;VELVETFRUIT_EXTRACT;XIRECS;5291.0;5
48000;BOT_MAKER;BOT_TAKER;VELVETFRUIT_EXTRACT;XIRECS;5290.0;1
48100;BOT_TAKER;BOT_MAKER;VELVETFRUIT_EXTRACT;XIRECS;5295.0;8
48200;BOT_TAKER;BOT_MAKER;HYDROGEL_PACK;XIRECS;10023.0;6
48200;BOT_MAKER;BOT_TAKER;VEV_4000;XIRECS;1264.0;1
48300;BOT_TAKER;BOT_MAKER;VEV_4000;XIRECS;1286.0;2
48400;BOT_MAKER;BOT_TAKER;HYDROGEL_PACK;XIRECS;10004.0;5
48400;BOT_TAKER;BOT_MAKER;VELVETFRUIT_EXTRACT;XIRECS;5295.0;5
48400;SUBMISSION;BOT_TAKER;HYDROGEL_PACK;XIRECS;10005.0;5
48400;BOT_MAKER;BOT_TAKER;HYDROGEL_PACK;XIRECS;10004.0;1
48500;BOT_TAKER;SUBMISSION;VELVETFRUIT_EXTRACT;XIRECS;5292.0;5
48500;BOT_TAKER;BOT_MAKER;VELVETFRUIT_EXTRACT;XIRECS;5293.0;1
48600;BOT_TAKER;BOT_MAKER;HYDROGEL_PACK;XIRECS;10016.0;4
48600;BOT_TAKER;BOT_MAKER;HYDROGEL_PACK;XIRECS;10016.0;5
48700;BOT_TAKER;BOT_MAKER;VELVETFRUIT_EXTRACT;XIRECS;5294.0;5
48800;BOT_MAKER;BOT_TAKER;HYDROGEL_PACK;XIRECS;9998.0;5
48800;BOT_TAKER;BOT_MAKER;VELVETFRUIT_EXTRACT;XIRECS;5293.0;8
49000;BOT_TAKER;BOT_MAKER;HYDROGEL_PACK;XIRECS;10009.0;3
49000;BOT_MAKER;BOT_TAKER;VELVETFRUIT_EXTRACT;XIRECS;5287.0;12
49000;BOT_TAKER;BOT_MAKER;VEV_6500;XIRECS;1.0;4
49100;BOT_TAKER;BOT_MAKER;VELVETFRUIT_EXTRACT;XIRECS;5292.0;7
49100;BOT_MAKER;BOT_TAKER;VELVETFRUIT_EXTRACT;XIRECS;5287.0;7
49400;BOT_TAKER;BOT_MAKER;HYDROGEL_PACK;XIRECS;10010.0;4
49400;BOT_MAKER;BOT_TAKER;VELVETFRUIT_EXTRACT;XIRECS;5284.0;8
49500;BOT_TAKER;BOT_MAKER;HYDROGEL_PACK;XIRECS;10013.0;3
49500;BOT_MAKER;BOT_TAKER;VELVETFRUIT_EXTRACT;XIRECS;5285.0;7
49600;BOT_TAKER;BOT_MAKER;VEV_5500;XIRECS;8.0;2
49600;BOT_MAKER;BOT_TAKER;VEV_6000;XIRECS;0.0;5
49700;BOT_TAKER;BOT_MAKER;HYDROGEL_PACK;XIRECS;10015.0;5
49700;BOT_TAKER;BOT_MAKER;VEV_5500;XIRECS;8.0;3
49900;BOT_MAKER;BOT_TAKER;HYDROGEL_PACK;XIRECS;10006.0;3
49900;BOT_MAKER;BOT_TAKER;VELVETFRUIT_EXTRACT;XIRECS;5284.0;5
49900;BOT_TAKER;BOT_MAKER;VEV_5400;XIRECS;14.0;3
49900;BOT_MAKER;BOT_TAKER;VEV_6000;XIRECS;0.0;3
50100;BOT_MAKER;BOT_TAKER;VELVETFRUIT_EXTRACT;XIRECS;5285.0;6
50100;BOT_MAKER;BOT_TAKER;VEV_5400;XIRECS;12.0;5
50200;BOT_MAKER;BOT_TAKER;HYDROGEL_PACK;XIRECS;10004.0;4
50200;BOT_TAKER;BOT_MAKER;VELVETFRUIT_EXTRACT;XIRECS;5288.0;3
50300;BOT_MAKER;BOT_TAKER;VELVETFRUIT_EXTRACT;XIRECS;5284.0;6
50300;BOT_TAKER;BOT_MAKER;VEV_5400;XIRECS;14.0;3
50400;BOT_MAKER;BOT_TAKER;HYDROGEL_PACK;XIRECS;10000.0;4
50400;BOT_TAKER;BOT_MAKER;VELVETFRUIT_EXTRACT;XIRECS;5288.0;7
50400;SUBMISSION;BOT_TAKER;VELVETFRUIT_EXTRACT;XIRECS;5283.0;5
50400;BOT_MAKER;BOT_TAKER;VELVETFRUIT_EXTRACT;XIRECS;5282.0;9
50500;BOT_TAKER;BOT_MAKER;VELVETFRUIT_EXTRACT;XIRECS;5288.0;8
50600;BOT_TAKER;BOT_MAKER;HYDROGEL_PACK;XIRECS;10016.0;6
50600;BOT_MAKER;BOT_TAKER;VELVETFRUIT_EXTRACT;XIRECS;5285.0;8
50600;BOT_MAKER;BOT_TAKER;VEV_6000;XIRECS;0.0;4
50600;SUBMISSION;BOT_TAKER;VELVETFRUIT_EXTRACT;XIRECS;5286.0;5
50600;BOT_MAKER;BOT_TAKER;VELVETFRUIT_EXTRACT;XIRECS;5285.0;7
50800;BOT_TAKER;BOT_MAKER;VEV_5500;XIRECS;8.0;5
50900;BOT_MAKER;BOT_TAKER;VEV_6500;XIRECS;0.0;4
51200;BOT_MAKER;BOT_TAKER;VELVETFRUIT_EXTRACT;XIRECS;5283.0;4
51300;BOT_TAKER;BOT_MAKER;HYDROGEL_PACK;XIRECS;10004.0;5
51300;BOT_MAKER;BOT_TAKER;VELVETFRUIT_EXTRACT;XIRECS;5284.0;4
51300;BOT_TAKER;BOT_MAKER;VEV_6500;XIRECS;1.0;5
51400;BOT_MAKER;BOT_TAKER;VELVETFRUIT_EXTRACT;XIRECS;5285.0;7
51500;BOT_MAKER;BOT_TAKER;VELVETFRUIT_EXTRACT;XIRECS;5286.0;5
51500;BOT_TAKER;BOT_MAKER;VEV_5500;XIRECS;8.0;4
51500;BOT_MAKER;BOT_TAKER;VEV_5500;XIRECS;7.0;4
51700;BOT_TAKER;BOT_MAKER;VELVETFRUIT_EXTRACT;XIRECS;5294.0;6
51800;BOT_TAKER;BOT_MAKER;VELVETFRUIT_EXTRACT;XIRECS;5292.0;5
51800;BOT_MAKER;BOT_TAKER;VEV_4000;XIRECS;1279.0;3
51900;BOT_TAKER;BOT_MAKER;VELVETFRUIT_EXTRACT;XIRECS;5294.0;10
51900;BOT_MAKER;BOT_TAKER;VEV_5500;XIRECS;7.0;5
51900;BOT_TAKER;BOT_MAKER;VEV_6500;XIRECS;1.0;4
52000;BOT_MAKER;BOT_TAKER;HYDROGEL_PACK;XIRECS;9984.0;6
52000;BOT_TAKER;SUBMISSION;HYDROGEL_PACK;XIRECS;9999.0;2
52100;BOT_TAKER;BOT_MAKER;VELVETFRUIT_EXTRACT;XIRECS;5292.0;10
52100;BOT_MAKER;BOT_TAKER;VEV_5400;XIRECS;13.0;5
52100;BOT_TAKER;SUBMISSION;HYDROGEL_PACK;XIRECS;9999.0;5
52100;BOT_TAKER;BOT_MAKER;HYDROGEL_PACK;XIRECS;10000.0;1
52300;BOT_MAKER;BOT_TAKER;HYDROGEL_PACK;XIRECS;9981.0;6
52300;BOT_TAKER;BOT_MAKER;VELVETFRUIT_EXTRACT;XIRECS;5294.0;15
52300;SUBMISSION;BOT_TAKER;VELVETFRUIT_EXTRACT;XIRECS;5290.0;5
52300;BOT_MAKER;BOT_TAKER;VELVETFRUIT_EXTRACT;XIRECS;5289.0;1
52400;BOT_TAKER;BOT_MAKER;VELVETFRUIT_EXTRACT;XIRECS;5294.0;6
52400;BOT_MAKER;BOT_TAKER;VEV_6500;XIRECS;0.0;4
52400;SUBMISSION;BOT_TAKER;HYDROGEL_PACK;XIRECS;9983.0;5
52500;BOT_TAKER;BOT_MAKER;VELVETFRUIT_EXTRACT;XIRECS;5293.0;9
52500;BOT_MAKER;BOT_TAKER;VEV_5500;XIRECS;7.0;4
52600;BOT_MAKER;BOT_TAKER;HYDROGEL_PACK;XIRECS;9983.0;6
52700;BOT_TAKER;BOT_MAKER;VELVETFRUIT_EXTRACT;XIRECS;5293.0;3
52700;SUBMISSION;BOT_TAKER;VELVETFRUIT_EXTRACT;XIRECS;5290.0;3
52800;BOT_MAKER;BOT_TAKER;HYDROGEL_PACK;XIRECS;9982.0;4
52800;BOT_TAKER;BOT_MAKER;VELVETFRUIT_EXTRACT;XIRECS;5294.0;5
52900;BOT_TAKER;BOT_MAKER;HYDROGEL_PACK;XIRECS;9999.0;2
52900;SUBMISSION;BOT_TAKER;VELVETFRUIT_EXTRACT;XIRECS;5288.0;4
53000;BOT_MAKER;BOT_TAKER;VEV_5500;XIRECS;7.0;3
53100;BOT_MAKER;BOT_TAKER;VEV_5400;XIRECS;13.0;3
53200;SUBMISSION;BOT_TAKER;HYDROGEL_PACK;XIRECS;9978.0;4
53300;BOT_MAKER;BOT_TAKER;VEV_5500;XIRECS;7.0;4
53400;BOT_TAKER;BOT_MAKER;HYDROGEL_PACK;XIRECS;9996.0;4
53400;BOT_TAKER;BOT_MAKER;VELVETFRUIT_EXTRACT;XIRECS;5297.0;3
53500;BOT_MAKER;BOT_TAKER;VELVETFRUIT_EXTRACT;XIRECS;5292.0;5
53600;BOT_MAKER;BOT_TAKER;VEV_5500;XIRECS;7.0;5
53600;BOT_MAKER;BOT_TAKER;VEV_6500;XIRECS;0.0;5
53700;BOT_TAKER;BOT_MAKER;VEV_5400;XIRECS;13.0;2
53700;BOT_TAKER;BOT_MAKER;VEV_6500;XIRECS;1.0;5
53800;BOT_TAKER;BOT_MAKER;VELVETFRUIT_EXTRACT;XIRECS;5297.0;8
54000;BOT_TAKER;BOT_MAKER;HYDROGEL_PACK;XIRECS;9992.0;4
54100;BOT_MAKER;BOT_TAKER;HYDROGEL_PACK;XIRECS;9974.0;4
54100;BOT_MAKER;BOT_TAKER;VELVETFRUIT_EXTRACT;XIRECS;5291.0;7
54200;BOT_MAKER;BOT_TAKER;HYDROGEL_PACK;XIRECS;9976.0;6
54200;BOT_MAKER;BOT_TAKER;VEV_4000;XIRECS;1285.0;1
54200;BOT_TAKER;BOT_MAKER;VEV_4000;XIRECS;1307.0;2
54300;BOT_MAKER;BOT_TAKER;HYDROGEL_PACK;XIRECS;9973.0;2
54300;BOT_MAKER;BOT_TAKER;VEV_4000;XIRECS;1285.0;2
54300;BOT_TAKER;BOT_MAKER;VEV_6000;XIRECS;1.0;4
54300;BOT_MAKER;BOT_TAKER;VEV_6500;XIRECS;0.0;4
54400;BOT_MAKER;BOT_TAKER;HYDROGEL_PACK;XIRECS;9975.0;5
54500;BOT_MAKER;BOT_TAKER;HYDROGEL_PACK;XIRECS;9975.0;4
54600;BOT_TAKER;BOT_MAKER;VEV_4000;XIRECS;1306.0;1
54700;BOT_TAKER;BOT_MAKER;HYDROGEL_PACK;XIRECS;9994.0;6
54700;BOT_MAKER;BOT_TAKER;VEV_6000;XIRECS;0.0;3
54700;SUBMISSION;BOT_TAKER;HYDROGEL_PACK;XIRECS;9979.0;5
54700;BOT_MAKER;BOT_TAKER;HYDROGEL_PACK;XIRECS;9978.0;1
54800;BOT_TAKER;BOT_MAKER;VELVETFRUIT_EXTRACT;XIRECS;5299.0;10
54900;BOT_TAKER;BOT_MAKER;VELVETFRUIT_EXTRACT;XIRECS;5298.0;5
55000;BOT_TAKER;BOT_MAKER;HYDROGEL_PACK;XIRECS;9996.0;4
55000;BOT_TAKER;BOT_MAKER;VELVETFRUIT_EXTRACT;XIRECS;5301.0;8
55000;BOT_MAKER;BOT_TAKER;VEV_6000;XIRECS;0.0;2
55100;BOT_MAKER;BOT_TAKER;HYDROGEL_PACK;XIRECS;9979.0;2
55100;BOT_MAKER;BOT_TAKER;VEV_5400;XIRECS;11.0;4
55200;BOT_MAKER;BOT_TAKER;HYDROGEL_PACK;XIRECS;9975.0;3
55200;BOT_MAKER;BOT_TAKER;VEV_5400;XIRECS;11.0;2
55200;BOT_TAKER;SUBMISSION;VELVETFRUIT_EXTRACT;XIRECS;5297.0;3
55300;BOT_MAKER;BOT_TAKER;VELVETFRUIT_EXTRACT;XIRECS;5295.0;7
55300;BOT_MAKER;BOT_TAKER;VEV_5500;XIRECS;6.0;4
55400;BOT_MAKER;BOT_TAKER;HYDROGEL_PACK;XIRECS;9976.0;2
55500;BOT_MAKER;BOT_TAKER;HYDROGEL_PACK;XIRECS;9977.0;4
55500;BOT_TAKER;BOT_MAKER;VEV_5400;XIRECS;12.0;5
55600;BOT_TAKER;BOT_MAKER;HYDROGEL_PACK;XIRECS;9994.0;6
55700;BOT_TAKER;BOT_MAKER;HYDROGEL_PACK;XIRECS;9989.0;4
55700;BOT_TAKER;BOT_MAKER;VEV_6000;XIRECS;1.0;5
55800;BOT_MAKER;BOT_TAKER;VELVETFRUIT_EXTRACT;XIRECS;5296.0;3
55800;BOT_TAKER;SUBMISSION;VELVETFRUIT_EXTRACT;XIRECS;5300.0;5
55800;BOT_TAKER;BOT_MAKER;VELVETFRUIT_EXTRACT;XIRECS;5301.0;2
55900;BOT_MAKER;BOT_TAKER;HYDROGEL_PACK;XIRECS;9972.0;6
55900;SUBMISSION;BOT_TAKER;VELVETFRUIT_EXTRACT;XIRECS;5296.0;5
56000;BOT_MAKER;BOT_TAKER;HYDROGEL_PACK;XIRECS;9974.0;5
56100;BOT_MAKER;BOT_TAKER;HYDROGEL_PACK;XIRECS;9974.0;4
56100;BOT_MAKER;BOT_TAKER;VEV_6500;XIRECS;0.0;5
56200;BOT_MAKER;BOT_TAKER;HYDROGEL_PACK;XIRECS;9971.0;2
56200;BOT_MAKER;BOT_TAKER;VELVETFRUIT_EXTRACT;XIRECS;5296.0;5
56300;BOT_MAKER;BOT_TAKER;HYDROGEL_PACK;XIRECS;9974.0;5
56400;BOT_MAKER;BOT_TAKER;VEV_4000;XIRECS;1287.0;1
56400;BOT_TAKER;SUBMISSION;VELVETFRUIT_EXTRACT;XIRECS;5300.0;5
56400;BOT_TAKER;BOT_MAKER;VELVETFRUIT_EXTRACT;XIRECS;5301.0;3
56500;BOT_TAKER;BOT_MAKER;VEV_6000;XIRECS;1.0;4
56600;BOT_TAKER;BOT_MAKER;HYDROGEL_PACK;XIRECS;9992.0;2
56600;BOT_MAKER;BOT_TAKER;VEV_6000;XIRECS;0.0;5
56700;BOT_MAKER;BOT_TAKER;VELVETFRUIT_EXTRACT;XIRECS;5298.0;6
56700;BOT_TAKER;BOT_MAKER;VEV_4000;XIRECS;1310.0;3
56800;BOT_TAKER;BOT_MAKER;VELVETFRUIT_EXTRACT;XIRECS;5304.0;5
56900;BOT_TAKER;BOT_MAKER;VELVETFRUIT_EXTRACT;XIRECS;5304.0;3
57000;SUBMISSION;BOT_TAKER;HYDROGEL_PACK;XIRECS;9977.0;3
57100;BOT_MAKER;BOT_TAKER;VELVETFRUIT_EXTRACT;XIRECS;5301.0;7
57200;BOT_TAKER;BOT_MAKER;HYDROGEL_PACK;XIRECS;9993.0;3
57300;BOT_MAKER;BOT_TAKER;VELVETFRUIT_EXTRACT;XIRECS;5303.0;9
57500;BOT_MAKER;BOT_TAKER;HYDROGEL_PACK;XIRECS;9978.0;4
57500;BOT_MAKER;BOT_TAKER;VELVETFRUIT_EXTRACT;XIRECS;5301.0;8
57500;BOT_MAKER;BOT_TAKER;VEV_4000;XIRECS;1286.0;1
57500;BOT_MAKER;BOT_TAKER;VEV_5400;XIRECS;11.0;2
57600;BOT_TAKER;BOT_MAKER;VELVETFRUIT_EXTRACT;XIRECS;5306.0;3
57700;BOT_TAKER;BOT_MAKER;HYDROGEL_PACK;XIRECS;9991.0;5
57800;BOT_MAKER;BOT_TAKER;HYDROGEL_PACK;XIRECS;9977.0;5
57800;BOT_MAKER;BOT_TAKER;VELVETFRUIT_EXTRACT;XIRECS;5301.0;3
57800;SUBMISSION;BOT_TAKER;VELVETFRUIT_EXTRACT;XIRECS;5302.0;5
57800;BOT_MAKER;BOT_TAKER;VELVETFRUIT_EXTRACT;XIRECS;5301.0;2
57900;BOT_TAKER;BOT_MAKER;VELVETFRUIT_EXTRACT;XIRECS;5306.0;10
57900;BOT_MAKER;BOT_TAKER;VEV_6000;XIRECS;0.0;4
58000;BOT_TAKER;BOT_MAKER;VELVETFRUIT_EXTRACT;XIRECS;5306.0;3
58000;BOT_TAKER;BOT_MAKER;VEV_5500;XIRECS;8.0;5
58100;BOT_TAKER;BOT_MAKER;VEV_6500;XIRECS;1.0;5
58200;BOT_TAKER;BOT_MAKER;HYDROGEL_PACK;XIRECS;10000.0;6
58200;BOT_TAKER;BOT_MAKER;VEV_5400;XIRECS;12.0;4
58300;BOT_TAKER;BOT_MAKER;HYDROGEL_PACK;XIRECS;9999.0;3
58300;SUBMISSION;BOT_TAKER;HYDROGEL_PACK;XIRECS;9984.0;2
58400;BOT_TAKER;SUBMISSION;VEV_4000;XIRECS;1309.0;2
58500;BOT_TAKER;BOT_MAKER;VELVETFRUIT_EXTRACT;XIRECS;5309.0;7
58500;BOT_TAKER;BOT_MAKER;VEV_6000;XIRECS;1.0;2
58600;BOT_MAKER;BOT_TAKER;VEV_5500;XIRECS;7.0;3
58600;BOT_MAKER;BOT_TAKER;VEV_6000;XIRECS;0.0;3
58600;BOT_TAKER;BOT_MAKER;VEV_6000;XIRECS;1.0;2
58700;BOT_MAKER;BOT_TAKER;HYDROGEL_PACK;XIRECS;9986.0;6
58800;BOT_MAKER;BOT_TAKER;VELVETFRUIT_EXTRACT;XIRECS;5300.0;5
59100;BOT_MAKER;BOT_TAKER;HYDROGEL_PACK;XIRECS;9984.0;5
59100;BOT_MAKER;BOT_TAKER;VELVETFRUIT_EXTRACT;XIRECS;5298.0;10
59200;BOT_MAKER;BOT_TAKER;VELVETFRUIT_EXTRACT;XIRECS;5297.0;8
59200;BOT_TAKER;BOT_MAKER;VEV_6500;XIRECS;1.0;4
59200;BOT_TAKER;SUBMISSION;VELVETFRUIT_EXTRACT;XIRECS;5302.0;5
59200;BOT_TAKER;BOT_MAKER;VELVETFRUIT_EXTRACT;XIRECS;5303.0;2
59300;BOT_TAKER;BOT_MAKER;VELVETFRUIT_EXTRACT;XIRECS;5305.0;7
59400;BOT_MAKER;BOT_TAKER;VEV_5200;XIRECS;86.0;5
59500;BOT_TAKER;BOT_MAKER;HYDROGEL_PACK;XIRECS;10002.0;5
59500;BOT_MAKER;BOT_TAKER;VEV_5300;XIRECS;57.0;4
59500;BOT_TAKER;BOT_MAKER;VEV_6000;XIRECS;1.0;4
59600;BOT_MAKER;BOT_TAKER;HYDROGEL_PACK;XIRECS;9986.0;5
59600;BOT_MAKER;BOT_TAKER;VELVETFRUIT_EXTRACT;XIRECS;5301.0;5
59700;BOT_MAKER;BOT_TAKER;VELVETFRUIT_EXTRACT;XIRECS;5301.0;15
59800;BOT_MAKER;BOT_TAKER;HYDROGEL_PACK;XIRECS;9986.0;3
59800;BOT_TAKER;BOT_MAKER;VELVETFRUIT_EXTRACT;XIRECS;5306.0;8
59800;SUBMISSION;BOT_TAKER;VEV_4000;XIRECS;1287.0;3
59900;BOT_MAKER;BOT_TAKER;HYDROGEL_PACK;XIRECS;9988.0;6
59900;BOT_TAKER;BOT_MAKER;VELVETFRUIT_EXTRACT;XIRECS;5304.0;7
59900;SUBMISSION;BOT_TAKER;VELVETFRUIT_EXTRACT;XIRECS;5301.0;5
59900;BOT_MAKER;BOT_TAKER;VELVETFRUIT_EXTRACT;XIRECS;5300.0;2
60000;BOT_MAKER;BOT_TAKER;HYDROGEL_PACK;XIRECS;9988.0;5
60100;BOT_TAKER;BOT_MAKER;VELVETFRUIT_EXTRACT;XIRECS;5305.0;6
60100;BOT_MAKER;BOT_TAKER;VELVETFRUIT_EXTRACT;XIRECS;5299.0;4
60300;BOT_MAKER;BOT_TAKER;VELVETFRUIT_EXTRACT;XIRECS;5300.0;4
60400;BOT_TAKER;BOT_MAKER;VEV_5500;XIRECS;8.0;2
60400;BOT_TAKER;BOT_MAKER;VEV_6500;XIRECS;1.0;3
60500;BOT_TAKER;BOT_MAKER;VELVETFRUIT_EXTRACT;XIRECS;5303.0;3
60500;BOT_TAKER;BOT_MAKER;VEV_5400;XIRECS;12.0;3
60600;BOT_TAKER;SUBMISSION;VELVETFRUIT_EXTRACT;XIRECS;5302.0;5
60600;BOT_TAKER;BOT_MAKER;VELVETFRUIT_EXTRACT;XIRECS;5303.0;1
60700;BOT_TAKER;BOT_MAKER;VEV_4000;XIRECS;1309.0;2
60800;BOT_MAKER;BOT_TAKER;HYDROGEL_PACK;XIRECS;9991.0;4
60800;BOT_MAKER;BOT_TAKER;VEV_6000;XIRECS;0.0;4
60800;BOT_TAKER;SUBMISSION;HYDROGEL_PACK;XIRECS;10006.0;3
61000;BOT_TAKER;BOT_MAKER;VEV_5400;XIRECS;13.0;3
61000;SUBMISSION;BOT_TAKER;VEV_4000;XIRECS;1286.0;3
61100;BOT_TAKER;BOT_MAKER;VELVETFRUIT_EXTRACT;XIRECS;5306.0;8
61100;SUBMISSION;BOT_TAKER;VELVETFRUIT_EXTRACT;XIRECS;5302.0;5
61100;BOT_MAKER;BOT_TAKER;VELVETFRUIT_EXTRACT;XIRECS;5301.0;5
61200;BOT_MAKER;BOT_TAKER;VEV_4000;XIRECS;1285.0;2
61300;BOT_TAKER;BOT_MAKER;VEV_5500;XIRECS;8.0;4
61400;BOT_TAKER;BOT_MAKER;VELVETFRUIT_EXTRACT;XIRECS;5304.0;7
61400;SUBMISSION;BOT_TAKER;VELVETFRUIT_EXTRACT;XIRECS;5300.0;5
61400;BOT_MAKER;BOT_TAKER;VELVETFRUIT_EXTRACT;XIRECS;5299.0;3
61500;BOT_MAKER;BOT_TAKER;HYDROGEL_PACK;XIRECS;9989.0;4
61500;BOT_MAKER;BOT_TAKER;VEV_6000;XIRECS;0.0;2
61700;BOT_MAKER;BOT_TAKER;VELVETFRUIT_EXTRACT;XIRECS;5297.0;7
61700;BOT_TAKER;BOT_MAKER;VEV_4000;XIRECS;1306.0;2
61800;BOT_MAKER;BOT_TAKER;HYDROGEL_PACK;XIRECS;9992.0;5
61900;BOT_TAKER;BOT_MAKER;HYDROGEL_PACK;XIRECS;10010.0;4
61900;BOT_MAKER;BOT_TAKER;VELVETFRUIT_EXTRACT;XIRECS;5294.0;4
61900;BOT_TAKER;BOT_MAKER;VEV_5500;XIRECS;8.0;4
61900;BOT_MAKER;BOT_TAKER;VEV_6500;XIRECS;0.0;3
62000;BOT_MAKER;BOT_TAKER;HYDROGEL_PACK;XIRECS;9993.0;2
62000;BOT_TAKER;BOT_MAKER;VEV_4000;XIRECS;1302.0;1
62100;BOT_MAKER;BOT_TAKER;VELVETFRUIT_EXTRACT;XIRECS;5292.0;3
62100;BOT_TAKER;BOT_MAKER;VEV_5300;XIRECS;55.0;4
62200;BOT_MAKER;BOT_TAKER;HYDROGEL_PACK;XIRECS;9994.0;5
62200;BOT_TAKER;BOT_MAKER;VELVETFRUIT_EXTRACT;XIRECS;5297.0;7
62200;BOT_TAKER;SUBMISSION;VELVETFRUIT_EXTRACT;XIRECS;5296.0;5
62200;BOT_TAKER;BOT_MAKER;VELVETFRUIT_EXTRACT;XIRECS;5297.0;2
62400;BOT_MAKER;BOT_TAKER;VELVETFRUIT_EXTRACT;XIRECS;5292.0;5
62500;BOT_MAKER;BOT_TAKER;HYDROGEL_PACK;XIRECS;9990.0;2
62600;BOT_MAKER;BOT_TAKER;HYDROGEL_PACK;XIRECS;9992.0;2
62600;BOT_MAKER;BOT_TAKER;VELVETFRUIT_EXTRACT;XIRECS;5295.0;5
62600;SUBMISSION;BOT_TAKER;VELVETFRUIT_EXTRACT;XIRECS;5296.0;4
62700;BOT_MAKER;BOT_TAKER;HYDROGEL_PACK;XIRECS;9992.0;6
62700;BOT_TAKER;BOT_MAKER;VEV_4000;XIRECS;1304.0;1
62800;BOT_MAKER;BOT_TAKER;VEV_4000;XIRECS;1283.0;1
62900;BOT_MAKER;BOT_TAKER;VELVETFRUIT_EXTRACT;XIRECS;5295.0;5
62900;BOT_MAKER;BOT_TAKER;VELVETFRUIT_EXTRACT;XIRECS;5295.0;6
63000;BOT_MAKER;BOT_TAKER;VELVETFRUIT_EXTRACT;XIRECS;5295.0;6
63100;BOT_TAKER;BOT_MAKER;VELVETFRUIT_EXTRACT;XIRECS;5300.0;5
63200;BOT_TAKER;BOT_MAKER;VELVETFRUIT_EXTRACT;XIRECS;5300.0;6
63200;BOT_TAKER;BOT_MAKER;VEV_4000;XIRECS;1305.0;1
63200;BOT_TAKER;BOT_MAKER;VEV_5400;XIRECS;14.0;4
63200;BOT_TAKER;BOT_MAKER;VEV_6500;XIRECS;1.0;5
63300;BOT_TAKER;BOT_MAKER;VEV_4000;XIRECS;1305.0;2
63400;BOT_MAKER;BOT_TAKER;HYDROGEL_PACK;XIRECS;9998.0;4
63400;BOT_MAKER;BOT_TAKER;VEV_5300;XIRECS;55.0;5
63400;BOT_MAKER;BOT_TAKER;VEV_6000;XIRECS;0.0;5
63500;BOT_TAKER;BOT_MAKER;VELVETFRUIT_EXTRACT;XIRECS;5300.0;8
63700;BOT_MAKER;BOT_TAKER;VELVETFRUIT_EXTRACT;XIRECS;5293.0;7
63800;BOT_MAKER;BOT_TAKER;HYDROGEL_PACK;XIRECS;9997.0;2
63800;BOT_MAKER;BOT_TAKER;VELVETFRUIT_EXTRACT;XIRECS;5293.0;6
63800;BOT_TAKER;BOT_MAKER;VEV_5500;XIRECS;7.0;2
63900;BOT_TAKER;BOT_MAKER;VELVETFRUIT_EXTRACT;XIRECS;5297.0;7
64000;BOT_TAKER;BOT_MAKER;HYDROGEL_PACK;XIRECS;10011.0;6
64200;BOT_TAKER;BOT_MAKER;VEV_6000;XIRECS;1.0;3
64300;BOT_TAKER;SUBMISSION;VELVETFRUIT_EXTRACT;XIRECS;5294.0;5
64400;BOT_TAKER;BOT_MAKER;VELVETFRUIT_EXTRACT;XIRECS;5296.0;5
64500;BOT_MAKER;BOT_TAKER;HYDROGEL_PACK;XIRECS;9996.0;2
64500;BOT_MAKER;BOT_TAKER;VELVETFRUIT_EXTRACT;XIRECS;5290.0;7
64600;BOT_MAKER;BOT_TAKER;VELVETFRUIT_EXTRACT;XIRECS;5288.0;3
64700;BOT_MAKER;BOT_TAKER;HYDROGEL_PACK;XIRECS;9997.0;4
64800;BOT_TAKER;BOT_MAKER;HYDROGEL_PACK;XIRECS;10015.0;3
64800;BOT_TAKER;BOT_MAKER;VELVETFRUIT_EXTRACT;XIRECS;5297.0;6
64900;BOT_MAKER;BOT_TAKER;VELVETFRUIT_EXTRACT;XIRECS;5289.0;6
65100;BOT_TAKER;BOT_MAKER;HYDROGEL_PACK;XIRECS;10021.0;5
65100;BOT_TAKER;BOT_MAKER;VELVETFRUIT_EXTRACT;XIRECS;5295.0;7
65200;BOT_MAKER;BOT_TAKER;VEV_4000;XIRECS;1283.0;2
65200;SUBMISSION;BOT_TAKER;HYDROGEL_PACK;XIRECS;10006.0;5
65300;BOT_MAKER;BOT_TAKER;HYDROGEL_PACK;XIRECS;10007.0;2
65300;BOT_MAKER;BOT_TAKER;VEV_5500;XIRECS;6.0;5
65500;BOT_MAKER;BOT_TAKER;HYDROGEL_PACK;XIRECS;10009.0;4
65500;BOT_MAKER;BOT_TAKER;VEV_5400;XIRECS;12.0;3
65600;BOT_MAKER;BOT_TAKER;VELVETFRUIT_EXTRACT;XIRECS;5292.0;5
65800;BOT_TAKER;BOT_MAKER;HYDROGEL_PACK;XIRECS;10023.0;5
65800;BOT_MAKER;BOT_TAKER;VELVETFRUIT_EXTRACT;XIRECS;5294.0;8
65800;BOT_TAKER;BOT_MAKER;VEV_6500;XIRECS;1.0;3
65900;BOT_TAKER;BOT_MAKER;HYDROGEL_PACK;XIRECS;10023.0;6
65900;BOT_MAKER;BOT_TAKER;VEV_5400;XIRECS;12.0;3
66000;BOT_TAKER;BOT_MAKER;VEV_5400;XIRECS;14.0;5
66100;BOT_MAKER;BOT_TAKER;HYDROGEL_PACK;XIRECS;10007.0;5
66100;BOT_MAKER;BOT_TAKER;VELVETFRUIT_EXTRACT;XIRECS;5298.0;3
66100;BOT_MAKER;BOT_TAKER;VEV_5400;XIRECS;12.0;2
66200;BOT_TAKER;BOT_MAKER;HYDROGEL_PACK;XIRECS;10025.0;6
66200;BOT_MAKER;BOT_TAKER;VEV_4000;XIRECS;1278.0;1
66400;BOT_TAKER;BOT_MAKER;HYDROGEL_PACK;XIRECS;10025.0;2
66400;BOT_MAKER;BOT_TAKER;VELVETFRUIT_EXTRACT;XIRECS;5299.0;8
66500;BOT_TAKER;BOT_MAKER;VEV_4000;XIRECS;1299.0;2
66600;BOT_MAKER;BOT_TAKER;HYDROGEL_PACK;XIRECS;10009.0;4
66600;BOT_MAKER;BOT_TAKER;VELVETFRUIT_EXTRACT;XIRECS;5296.0;7
66600;BOT_MAKER;BOT_TAKER;VEV_6500;XIRECS;0.0;2
66700;BOT_TAKER;BOT_MAKER;HYDROGEL_PACK;XIRECS;10026.0;6
66800;BOT_TAKER;BOT_MAKER;VELVETFRUIT_EXTRACT;XIRECS;5305.0;6
66800;BOT_TAKER;SUBMISSION;VEV_4000;XIRECS;1300.0;3
66900;BOT_MAKER;BOT_TAKER;VELVETFRUIT_EXTRACT;XIRECS;5299.0;4
67000;BOT_TAKER;BOT_MAKER;VEV_5300;XIRECS;55.0;5
67000;BOT_MAKER;BOT_TAKER;VEV_6000;XIRECS;0.0;3
67100;BOT_TAKER;BOT_MAKER;VELVETFRUIT_EXTRACT;XIRECS;5302.0;4
67100;SUBMISSION;BOT_TAKER;VELVETFRUIT_EXTRACT;XIRECS;5298.0;5
67100;BOT_MAKER;BOT_TAKER;VELVETFRUIT_EXTRACT;XIRECS;5297.0;1
67200;BOT_MAKER;BOT_TAKER;VELVETFRUIT_EXTRACT;XIRECS;5299.0;6
67200;BOT_MAKER;BOT_TAKER;VEV_6000;XIRECS;0.0;2
67300;BOT_MAKER;BOT_TAKER;VELVETFRUIT_EXTRACT;XIRECS;5298.0;8
67300;SUBMISSION;BOT_TAKER;VEV_4000;XIRECS;1277.0;2
67500;BOT_MAKER;BOT_TAKER;VELVETFRUIT_EXTRACT;XIRECS;5297.0;8
67500;BOT_TAKER;BOT_MAKER;VEV_5400;XIRECS;15.0;5
67600;BOT_MAKER;BOT_TAKER;HYDROGEL_PACK;XIRECS;10004.0;6
67600;BOT_TAKER;BOT_MAKER;VEV_4000;XIRECS;1299.0;2
67700;BOT_MAKER;BOT_TAKER;VELVETFRUIT_EXTRACT;XIRECS;5295.0;6
68000;BOT_TAKER;BOT_MAKER;VEV_6000;XIRECS;1.0;4
68300;BOT_MAKER;BOT_TAKER;VEV_6000;XIRECS;0.0;4
68400;BOT_MAKER;BOT_TAKER;VEV_5500;XIRECS;5.0;3
68500;BOT_TAKER;BOT_MAKER;HYDROGEL_PACK;XIRECS;10015.0;3
68500;BOT_TAKER;BOT_MAKER;VEV_5300;XIRECS;56.0;3
68600;BOT_MAKER;BOT_TAKER;HYDROGEL_PACK;XIRECS;10001.0;2
68600;BOT_TAKER;BOT_MAKER;VELVETFRUIT_EXTRACT;XIRECS;5302.0;5
68600;BOT_TAKER;SUBMISSION;HYDROGEL_PACK;XIRECS;10016.0;5
68600;BOT_TAKER;SUBMISSION;VELVETFRUIT_EXTRACT;XIRECS;5301.0;5
68600;BOT_TAKER;BOT_MAKER;VELVETFRUIT_EXTRACT;XIRECS;5302.0;2
68700;BOT_MAKER;BOT_TAKER;HYDROGEL_PACK;XIRECS;10006.0;5
68800;BOT_MAKER;BOT_TAKER;VELVETFRUIT_EXTRACT;XIRECS;5297.0;6
68900;BOT_MAKER;BOT_TAKER;HYDROGEL_PACK;XIRECS;10002.0;5
68900;BOT_MAKER;BOT_TAKER;VELVETFRUIT_EXTRACT;XIRECS;5296.0;7
68900;BOT_TAKER;BOT_MAKER;VELVETFRUIT_EXTRACT;XIRECS;5301.0;7
69000;BOT_MAKER;BOT_TAKER;VELVETFRUIT_EXTRACT;XIRECS;5298.0;11
69000;BOT_MAKER;BOT_TAKER;VEV_6500;XIRECS;0.0;3
69000;SUBMISSION;BOT_TAKER;VELVETFRUIT_EXTRACT;XIRECS;5299.0;5
69000;BOT_MAKER;BOT_TAKER;VELVETFRUIT_EXTRACT;XIRECS;5298.0;3
69300;BOT_MAKER;BOT_TAKER;HYDROGEL_PACK;XIRECS;10000.0;3
69300;BOT_MAKER;BOT_TAKER;VELVETFRUIT_EXTRACT;XIRECS;5298.0;5
69300;BOT_MAKER;BOT_TAKER;VEV_5500;XIRECS;5.0;5
69400;BOT_TAKER;BOT_MAKER;VELVETFRUIT_EXTRACT;XIRECS;5303.0;4
69400;BOT_TAKER;BOT_MAKER;VELVETFRUIT_EXTRACT;XIRECS;5303.0;8
69400;BOT_MAKER;BOT_TAKER;VEV_4000;XIRECS;1276.0;1
69400;BOT_MAKER;BOT_TAKER;VEV_5500;XIRECS;5.0;2
69400;BOT_MAKER;BOT_TAKER;VEV_6000;XIRECS;0.0;2
69500;BOT_MAKER;BOT_TAKER;VEV_5500;XIRECS;5.0;2
69500;BOT_TAKER;BOT_MAKER;VEV_6500;XIRECS;1.0;3
69600;BOT_TAKER;BOT_MAKER;VELVETFRUIT_EXTRACT;XIRECS;5302.0;3
69700;BOT_TAKER;BOT_MAKER;HYDROGEL_PACK;XIRECS;10018.0;5
69700;BOT_TAKER;BOT_MAKER;VEV_4000;XIRECS;1299.0;3
69800;BOT_TAKER;BOT_MAKER;VEV_6500;XIRECS;1.0;2
69900;BOT_TAKER;BOT_MAKER;VELVETFRUIT_EXTRACT;XIRECS;5303.0;3
69900;BOT_MAKER;BOT_TAKER;VEV_5500;XIRECS;6.0;5
69900;BOT_MAKER;BOT_TAKER;VEV_6000;XIRECS;0.0;4
70000;SUBMISSION;BOT_TAKER;VEV_4000;XIRECS;1281.0;2
70100;BOT_MAKER;BOT_TAKER;HYDROGEL_PACK;XIRECS;9998.0;6
70100;BOT_TAKER;BOT_MAKER;VELVETFRUIT_EXTRACT;XIRECS;5303.0;5
70100;BOT_MAKER;BOT_TAKER;VEV_6000;XIRECS;0.0;2
70200;BOT_TAKER;BOT_MAKER;HYDROGEL_PACK;XIRECS;10016.0;4
70200;BOT_TAKER;BOT_MAKER;VEV_5500;XIRECS;7.0;3
70200;SUBMISSION;BOT_TAKER;VELVETFRUIT_EXTRACT;XIRECS;5299.0;5
70300;BOT_MAKER;BOT_TAKER;VELVETFRUIT_EXTRACT;XIRECS;5298.0;5
70300;BOT_MAKER;BOT_TAKER;VEV_6000;XIRECS;0.0;2
70300;BOT_MAKER;BOT_TAKER;VEV_6500;XIRECS;0.0;4
70400;BOT_TAKER;BOT_MAKER;VEV_6000;XIRECS;1.0;4
70400;SUBMISSION;BOT_TAKER;HYDROGEL_PACK;XIRECS;9997.0;5
70400;BOT_MAKER;BOT_TAKER;HYDROGEL_PACK;XIRECS;9996.0;1
70500;BOT_MAKER;BOT_TAKER;HYDROGEL_PACK;XIRECS;9995.0;6
70700;BOT_TAKER;BOT_MAKER;VEV_5400;XIRECS;14.0;2
70800;BOT_TAKER;BOT_MAKER;VELVETFRUIT_EXTRACT;XIRECS;5302.0;5
70900;BOT_MAKER;BOT_TAKER;VEV_4000;XIRECS;1276.0;3
71000;BOT_MAKER;BOT_TAKER;VELVETFRUIT_EXTRACT;XIRECS;5296.0;6
71100;BOT_TAKER;BOT_MAKER;HYDROGEL_PACK;XIRECS;10011.0;2
71100;BOT_MAKER;BOT_TAKER;VEV_4000;XIRECS;1275.0;3
71300;BOT_MAKER;BOT_TAKER;HYDROGEL_PACK;XIRECS;9992.0;5
71300;BOT_TAKER;BOT_MAKER;VEV_5500;XIRECS;7.0;5
71300;BOT_TAKER;BOT_MAKER;VEV_6000;XIRECS;1.0;3
71300;BOT_TAKER;BOT_MAKER;VEV_6000;XIRECS;1.0;5
71400;BOT_MAKER;BOT_TAKER;VEV_4000;XIRECS;1273.0;2
71400;BOT_TAKER;BOT_MAKER;VEV_5300;XIRECS;54.0;3
71500;BOT_MAKER;BOT_TAKER;VELVETFRUIT_EXTRACT;XIRECS;5297.0;5
71600;BOT_TAKER;BOT_MAKER;VEV_6000;XIRECS;1.0;4
71600;BOT_TAKER;SUBMISSION;VELVETFRUIT_EXTRACT;XIRECS;5301.0;5
71600;BOT_TAKER;BOT_MAKER;VELVETFRUIT_EXTRACT;XIRECS;5302.0;3
71900;BOT_MAKER;BOT_TAKER;VEV_4000;XIRECS;1272.0;3
72000;BOT_MAKER;BOT_TAKER;VELVETFRUIT_EXTRACT;XIRECS;5300.0;6
72100;BOT_TAKER;BOT_MAKER;VELVETFRUIT_EXTRACT;XIRECS;5304.0;6
72200;BOT_MAKER;BOT_TAKER;VELVETFRUIT_EXTRACT;XIRECS;5298.0;3
72300;BOT_MAKER;BOT_TAKER;HYDROGEL_PACK;XIRECS;10001.0;2
72300;BOT_TAKER;BOT_MAKER;VELVETFRUIT_EXTRACT;XIRECS;5301.0;8
72300;BOT_TAKER;BOT_MAKER;VEV_4000;XIRECS;1290.0;2
72300;BOT_TAKER;BOT_MAKER;VEV_6000;XIRECS;1.0;5
72400;BOT_MAKER;BOT_TAKER;HYDROGEL_PACK;XIRECS;10003.0;5
72400;BOT_TAKER;BOT_MAKER;VEV_4000;XIRECS;1292.0;2
72700;BOT_TAKER;BOT_MAKER;HYDROGEL_PACK;XIRECS;10022.0;3
72700;BOT_TAKER;BOT_MAKER;VEV_5300;XIRECS;53.0;3
72800;SUBMISSION;BOT_TAKER;VEV_4000;XIRECS;1272.0;1
72900;BOT_MAKER;BOT_TAKER;VELVETFRUIT_EXTRACT;XIRECS;5299.0;8
72900;BOT_TAKER;BOT_MAKER;VEV_6500;XIRECS;1.0;4
72900;BOT_TAKER;SUBMISSION;VELVETFRUIT_EXTRACT;XIRECS;5302.0;5
72900;BOT_TAKER;BOT_MAKER;VELVETFRUIT_EXTRACT;XIRECS;5303.0;1
73100;BOT_MAKER;BOT_TAKER;HYDROGEL_PACK;XIRECS;10011.0;6
73200;BOT_MAKER;BOT_TAKER;VELVETFRUIT_EXTRACT;XIRECS;5301.0;4
73300;BOT_TAKER;BOT_MAKER;VEV_5500;XIRECS;7.0;2
73300;BOT_TAKER;SUBMISSION;HYDROGEL_PACK;XIRECS;10029.0;2
73300;BOT_TAKER;SUBMISSION;VEV_4000;XIRECS;1291.0;2
73400;BOT_MAKER;BOT_TAKER;VELVETFRUIT_EXTRACT;XIRECS;5302.0;6
73400;BOT_TAKER;BOT_MAKER;VEV_6500;XIRECS;1.0;5
73500;BOT_TAKER;SUBMISSION;VELVETFRUIT_EXTRACT;XIRECS;5305.0;3
73600;BOT_MAKER;BOT_TAKER;HYDROGEL_PACK;XIRECS;10015.0;5
73600;BOT_TAKER;BOT_MAKER;VELVETFRUIT_EXTRACT;XIRECS;5306.0;8
73600;BOT_MAKER;BOT_TAKER;VEV_4000;XIRECS;1272.0;3
73900;BOT_MAKER;BOT_TAKER;VELVETFRUIT_EXTRACT;XIRECS;5302.0;5
74000;BOT_TAKER;BOT_MAKER;VEV_5300;XIRECS;54.0;3
74000;BOT_TAKER;BOT_MAKER;VEV_6500;XIRECS;1.0;4
74200;SUBMISSION;BOT_TAKER;HYDROGEL_PACK;XIRECS;10018.0;3
74400;BOT_TAKER;BOT_MAKER;VELVETFRUIT_EXTRACT;XIRECS;5301.0;5
74400;BOT_MAKER;BOT_TAKER;VEV_6000;XIRECS;0.0;2
74500;BOT_TAKER;BOT_MAKER;HYDROGEL_PACK;XIRECS;10042.0;2
74500;BOT_TAKER;BOT_MAKER;VELVETFRUIT_EXTRACT;XIRECS;5301.0;3
74500;BOT_TAKER;BOT_MAKER;VEV_5300;XIRECS;52.0;4
74600;BOT_MAKER;BOT_TAKER;VELVETFRUIT_EXTRACT;XIRECS;5295.0;5
74700;BOT_MAKER;BOT_TAKER;VEV_4000;XIRECS;1274.0;2
74800;BOT_MAKER;BOT_TAKER;VELVETFRUIT_EXTRACT;XIRECS;5296.0;5
74900;BOT_MAKER;BOT_TAKER;VELVETFRUIT_EXTRACT;XIRECS;5297.0;3
75100;BOT_TAKER;SUBMISSION;VELVETFRUIT_EXTRACT;XIRECS;5301.0;5
75100;BOT_TAKER;BOT_MAKER;VELVETFRUIT_EXTRACT;XIRECS;5302.0;3
75200;BOT_TAKER;BOT_MAKER;HYDROGEL_PACK;XIRECS;10039.0;4
75200;BOT_MAKER;BOT_TAKER;VELVETFRUIT_EXTRACT;XIRECS;5297.0;5
75300;BOT_MAKER;BOT_TAKER;VEV_5500;XIRECS;6.0;2
75400;BOT_MAKER;BOT_TAKER;VELVETFRUIT_EXTRACT;XIRECS;5299.0;12
75500;BOT_TAKER;BOT_MAKER;HYDROGEL_PACK;XIRECS;10037.0;5
75500;BOT_TAKER;BOT_MAKER;VELVETFRUIT_EXTRACT;XIRECS;5304.0;4
75500;BOT_MAKER;BOT_TAKER;VEV_4000;XIRECS;1274.0;3
75500;BOT_MAKER;BOT_TAKER;VEV_6500;XIRECS;0.0;5
75700;SUBMISSION;BOT_TAKER;VELVETFRUIT_EXTRACT;XIRECS;5298.0;5
75700;BOT_MAKER;BOT_TAKER;VELVETFRUIT_EXTRACT;XIRECS;5297.0;1
75800;BOT_MAKER;BOT_TAKER;VEV_6500;XIRECS;0.0;2
75900;BOT_TAKER;BOT_MAKER;VEV_5500;XIRECS;7.0;4
76000;BOT_TAKER;BOT_MAKER;VELVETFRUIT_EXTRACT;XIRECS;5302.0;3
76100;BOT_MAKER;BOT_TAKER;HYDROGEL_PACK;XIRECS;10028.0;2
76200;BOT_TAKER;BOT_MAKER;HYDROGEL_PACK;XIRECS;10041.0;4
76200;BOT_TAKER;BOT_MAKER;VELVETFRUIT_EXTRACT;XIRECS;5300.0;5
76300;BOT_TAKER;BOT_MAKER;HYDROGEL_PACK;XIRECS;10044.0;4
76400;BOT_MAKER;BOT_TAKER;HYDROGEL_PACK;XIRECS;10027.0;4
76400;BOT_MAKER;BOT_TAKER;VELVETFRUIT_EXTRACT;XIRECS;5296.0;9
76700;BOT_MAKER;BOT_TAKER;VELVETFRUIT_EXTRACT;XIRECS;5296.0;6
76800;BOT_MAKER;BOT_TAKER;HYDROGEL_PACK;XIRECS;10025.0;6
76900;BOT_MAKER;BOT_TAKER;VELVETFRUIT_EXTRACT;XIRECS;5296.0;8
76900;BOT_MAKER;BOT_TAKER;VEV_5500;XIRECS;6.0;2
77000;BOT_TAKER;BOT_MAKER;HYDROGEL_PACK;XIRECS;10041.0;3
77100;BOT_MAKER;BOT_TAKER;VEV_6500;XIRECS;0.0;5
77200;BOT_TAKER;BOT_MAKER;HYDROGEL_PACK;XIRECS;10039.0;6
77200;BOT_MAKER;BOT_TAKER;VELVETFRUIT_EXTRACT;XIRECS;5295.0;8
77200;BOT_MAKER;BOT_TAKER;VEV_4000;XIRECS;1281.0;3
77200;BOT_MAKER;BOT_TAKER;VEV_5500;XIRECS;6.0;2
77300;BOT_TAKER;BOT_MAKER;HYDROGEL_PACK;XIRECS;10042.0;6
77300;BOT_TAKER;BOT_MAKER;VEV_5300;XIRECS;49.0;5
77400;BOT_MAKER;BOT_TAKER;HYDROGEL_PACK;XIRECS;10025.0;3
77400;BOT_MAKER;BOT_TAKER;VELVETFRUIT_EXTRACT;XIRECS;5294.0;7
77500;BOT_TAKER;BOT_MAKER;HYDROGEL_PACK;XIRECS;10041.0;3
77500;BOT_MAKER;BOT_TAKER;VELVETFRUIT_EXTRACT;XIRECS;5295.0;7
77600;BOT_MAKER;BOT_TAKER;HYDROGEL_PACK;XIRECS;10024.0;3
77600;BOT_TAKER;BOT_MAKER;VEV_4000;XIRECS;1303.0;2
77600;BOT_MAKER;BOT_TAKER;VEV_5400;XIRECS;12.0;3
77600;BOT_MAKER;BOT_TAKER;VEV_5400;XIRECS;12.0;4
77600;BOT_TAKER;BOT_MAKER;VEV_6000;XIRECS;1.0;3
77700;BOT_TAKER;BOT_MAKER;HYDROGEL_PACK;XIRECS;10039.0;3
77700;BOT_MAKER;BOT_TAKER;VELVETFRUIT_EXTRACT;XIRECS;5295.0;7
77800;BOT_MAKER;BOT_TAKER;VELVETFRUIT_EXTRACT;XIRECS;5296.0;9
77900;BOT_MAKER;BOT_TAKER;HYDROGEL_PACK;XIRECS;10021.0;2
77900;BOT_MAKER;BOT_TAKER;VELVETFRUIT_EXTRACT;XIRECS;5297.0;7
78000;BOT_TAKER;BOT_MAKER;VEV_5400;XIRECS;13.0;2
78100;BOT_MAKER;BOT_TAKER;VEV_4000;XIRECS;1278.0;3
78100;BOT_TAKER;BOT_MAKER;VEV_5400;XIRECS;14.0;4
78200;BOT_MAKER;BOT_TAKER;VELVETFRUIT_EXTRACT;XIRECS;5297.0;4
78200;BOT_TAKER;BOT_MAKER;VEV_6000;XIRECS;1.0;3
78400;BOT_TAKER;BOT_MAKER;VELVETFRUIT_EXTRACT;XIRECS;5302.0;7
78400;BOT_MAKER;BOT_TAKER;VEV_5400;XIRECS;11.0;4
78500;BOT_TAKER;BOT_MAKER;VELVETFRUIT_EXTRACT;XIRECS;5303.0;6
78500;BOT_MAKER;BOT_TAKER;VEV_4000;XIRECS;1280.0;2
78600;BOT_MAKER;BOT_TAKER;HYDROGEL_PACK;XIRECS;10028.0;6
78700;BOT_MAKER;BOT_TAKER;VELVETFRUIT_EXTRACT;XIRECS;5299.0;8
78800;BOT_TAKER;BOT_MAKER;VEV_5300;XIRECS;48.0;2
79000;BOT_MAKER;BOT_TAKER;VELVETFRUIT_EXTRACT;XIRECS;5297.0;3
79000;BOT_TAKER;BOT_MAKER;VEV_5300;XIRECS;49.0;5
79100;BOT_TAKER;BOT_MAKER;HYDROGEL_PACK;XIRECS;10045.0;6
79200;BOT_TAKER;BOT_MAKER;VEV_5500;XIRECS;7.0;4
79400;BOT_MAKER;BOT_TAKER;HYDROGEL_PACK;XIRECS;10027.0;5
79400;BOT_TAKER;BOT_MAKER;VELVETFRUIT_EXTRACT;XIRECS;5305.0;8
79400;BOT_TAKER;SUBMISSION;VEV_4000;XIRECS;1298.0;2
79500;BOT_TAKER;BOT_MAKER;VELVETFRUIT_EXTRACT;XIRECS;5305.0;4
79500;BOT_MAKER;BOT_TAKER;VEV_4000;XIRECS;1276.0;1
79600;BOT_MAKER;BOT_TAKER;HYDROGEL_PACK;XIRECS;10028.0;2
79700;BOT_MAKER;BOT_TAKER;VEV_6000;XIRECS;0.0;3
79800;BOT_TAKER;SUBMISSION;VELVETFRUIT_EXTRACT;XIRECS;5306.0;5
79800;BOT_TAKER;BOT_MAKER;VELVETFRUIT_EXTRACT;XIRECS;5307.0;1
79900;BOT_MAKER;BOT_TAKER;VELVETFRUIT_EXTRACT;XIRECS;5302.0;7
80000;BOT_MAKER;BOT_TAKER;VEV_6500;XIRECS;0.0;2
80200;BOT_TAKER;BOT_MAKER;HYDROGEL_PACK;XIRECS;10050.0;5
80300;BOT_MAKER;BOT_TAKER;VELVETFRUIT_EXTRACT;XIRECS;5305.0;8
80400;BOT_TAKER;BOT_MAKER;VELVETFRUIT_EXTRACT;XIRECS;5311.0;9
80400;BOT_MAKER;BOT_TAKER;VEV_4000;XIRECS;1274.0;2
80400;BOT_TAKER;SUBMISSION;VELVETFRUIT_EXTRACT;XIRECS;5310.0;4
80500;BOT_TAKER;BOT_MAKER;VEV_5400;XIRECS;12.0;4
80500;BOT_TAKER;SUBMISSION;HYDROGEL_PACK;XIRECS;10050.0;3
80600;BOT_MAKER;BOT_TAKER;HYDROGEL_PACK;XIRECS;10036.0;3
80600;BOT_TAKER;BOT_MAKER;VELVETFRUIT_EXTRACT;XIRECS;5312.0;5
80700;BOT_TAKER;BOT_MAKER;HYDROGEL_PACK;XIRECS;10054.0;5
80700;BOT_TAKER;BOT_MAKER;VELVETFRUIT_EXTRACT;XIRECS;5310.0;8
80800;BOT_TAKER;BOT_MAKER;HYDROGEL_PACK;XIRECS;10056.0;6
80900;BOT_MAKER;BOT_TAKER;VELVETFRUIT_EXTRACT;XIRECS;5302.0;9
81000;BOT_MAKER;BOT_TAKER;VELVETFRUIT_EXTRACT;XIRECS;5303.0;6
81200;BOT_TAKER;BOT_MAKER;VELVETFRUIT_EXTRACT;XIRECS;5307.0;5
81300;BOT_MAKER;BOT_TAKER;HYDROGEL_PACK;XIRECS;10040.0;4
81300;BOT_MAKER;BOT_TAKER;VEV_5400;XIRECS;11.0;5
81400;BOT_TAKER;BOT_MAKER;VELVETFRUIT_EXTRACT;XIRECS;5307.0;7
81400;BOT_TAKER;SUBMISSION;VELVETFRUIT_EXTRACT;XIRECS;5306.0;5
81600;BOT_MAKER;BOT_TAKER;HYDROGEL_PACK;XIRECS;10040.0;2
81600;BOT_TAKER;BOT_MAKER;VEV_5500;XIRECS;8.0;3
81600;BOT_MAKER;BOT_TAKER;VEV_6000;XIRECS;0.0;5
81600;BOT_TAKER;BOT_MAKER;VEV_6500;XIRECS;1.0;3
81700;BOT_MAKER;BOT_TAKER;HYDROGEL_PACK;XIRECS;10039.0;5
81700;BOT_TAKER;BOT_MAKER;VELVETFRUIT_EXTRACT;XIRECS;5306.0;5
81700;BOT_TAKER;BOT_MAKER;VEV_5500;XIRECS;8.0;4
81800;BOT_MAKER;BOT_TAKER;VELVETFRUIT_EXTRACT;XIRECS;5301.0;6
81800;BOT_MAKER;BOT_TAKER;VEV_4000;XIRECS;1274.0;2
82000;BOT_TAKER;BOT_MAKER;HYDROGEL_PACK;XIRECS;10054.0;4
82000;BOT_MAKER;BOT_TAKER;VELVETFRUIT_EXTRACT;XIRECS;5299.0;6
82000;BOT_TAKER;BOT_MAKER;VELVETFRUIT_EXTRACT;XIRECS;5304.0;8
82100;BOT_MAKER;BOT_TAKER;HYDROGEL_PACK;XIRECS;10037.0;6
82100;BOT_TAKER;BOT_MAKER;VEV_4000;XIRECS;1293.0;1
82200;BOT_MAKER;BOT_TAKER;HYDROGEL_PACK;XIRECS;10033.0;5
82300;BOT_TAKER;BOT_MAKER;VEV_5400;XIRECS;12.0;5
82400;BOT_TAKER;BOT_MAKER;VELVETFRUIT_EXTRACT;XIRECS;5306.0;4
82500;BOT_TAKER;BOT_MAKER;HYDROGEL_PACK;XIRECS;10049.0;5
82600;BOT_TAKER;BOT_MAKER;VELVETFRUIT_EXTRACT;XIRECS;5306.0;8
82700;BOT_TAKER;BOT_MAKER;VELVETFRUIT_EXTRACT;XIRECS;5303.0;6
82800;BOT_MAKER;BOT_TAKER;HYDROGEL_PACK;XIRECS;10031.0;6
82800;BOT_MAKER;BOT_TAKER;VEV_4000;XIRECS;1270.0;3
82900;BOT_MAKER;BOT_TAKER;HYDROGEL_PACK;XIRECS;10029.0;6
83000;BOT_MAKER;BOT_TAKER;VEV_4000;XIRECS;1268.0;3
83100;BOT_TAKER;BOT_MAKER;VEV_6000;XIRECS;1.0;2
83200;BOT_MAKER;BOT_TAKER;VELVETFRUIT_EXTRACT;XIRECS;5301.0;10
83200;BOT_TAKER;BOT_MAKER;VELVETFRUIT_EXTRACT;XIRECS;5306.0;5
83200;BOT_TAKER;BOT_MAKER;VEV_4000;XIRECS;1291.0;2
83200;BOT_MAKER;BOT_TAKER;VEV_6000;XIRECS;0.0;5
83200;BOT_MAKER;BOT_TAKER;VEV_6500;XIRECS;0.0;2
83200;SUBMISSION;BOT_TAKER;VEV_4000;XIRECS;1270.0;2
83300;SUBMISSION;BOT_TAKER;VELVETFRUIT_EXTRACT;XIRECS;5301.0;5
83300;BOT_MAKER;BOT_TAKER;VELVETFRUIT_EXTRACT;XIRECS;5300.0;1
83400;BOT_TAKER;BOT_MAKER;HYDROGEL_PACK;XIRECS;10048.0;6
83500;BOT_MAKER;BOT_TAKER;HYDROGEL_PACK;XIRECS;10027.0;3
83500;SUBMISSION;BOT_TAKER;VELVETFRUIT_EXTRACT;XIRECS;5300.0;5
83500;BOT_MAKER;BOT_TAKER;VELVETFRUIT_EXTRACT;XIRECS;5299.0;3
83600;BOT_TAKER;BOT_MAKER;VEV_4000;XIRECS;1291.0;2
83600;BOT_TAKER;BOT_MAKER;VEV_6500;XIRECS;1.0;5
83700;BOT_MAKER;BOT_TAKER;HYDROGEL_PACK;XIRECS;10026.0;4
83700;BOT_MAKER;BOT_TAKER;VELVETFRUIT_EXTRACT;XIRECS;5301.0;3
83700;BOT_MAKER;BOT_TAKER;VEV_4000;XIRECS;1269.0;2
83800;BOT_TAKER;BOT_MAKER;HYDROGEL_PACK;XIRECS;10039.0;3
83800;BOT_TAKER;BOT_MAKER;VEV_4000;XIRECS;1291.0;3
83800;BOT_MAKER;BOT_TAKER;VEV_6500;XIRECS;0.0;5
83900;BOT_TAKER;BOT_MAKER;HYDROGEL_PACK;XIRECS;10038.0;2
83900;BOT_TAKER;BOT_MAKER;VEV_6500;XIRECS;1.0;3
83900;SUBMISSION;BOT_TAKER;VELVETFRUIT_EXTRACT;XIRECS;5302.0;5
83900;BOT_MAKER;BOT_TAKER;VELVETFRUIT_EXTRACT;XIRECS;5301.0;2
84000;BOT_MAKER;BOT_TAKER;HYDROGEL_PACK;XIRECS;10018.0;6
84000;BOT_MAKER;BOT_TAKER;VELVETFRUIT_EXTRACT;XIRECS;5300.0;4
84100;BOT_TAKER;BOT_MAKER;VELVETFRUIT_EXTRACT;XIRECS;5306.0;5
84100;BOT_MAKER;BOT_TAKER;VEV_4000;XIRECS;1269.0;3
84300;BOT_TAKER;BOT_MAKER;HYDROGEL_PACK;XIRECS;10031.0;4
84400;BOT_TAKER;BOT_MAKER;VEV_5500;XIRECS;8.0;5
84500;BOT_MAKER;BOT_TAKER;HYDROGEL_PACK;XIRECS;10014.0;5
84600;BOT_MAKER;BOT_TAKER;HYDROGEL_PACK;XIRECS;10018.0;3
84600;BOT_MAKER;BOT_TAKER;VELVETFRUIT_EXTRACT;XIRECS;5302.0;3
84600;BOT_MAKER;BOT_TAKER;VEV_5500;XIRECS;7.0;2
84800;BOT_TAKER;BOT_MAKER;VEV_4000;XIRECS;1291.0;1
84800;BOT_MAKER;BOT_TAKER;VEV_6500;XIRECS;0.0;5
84900;BOT_TAKER;BOT_MAKER;HYDROGEL_PACK;XIRECS;10038.0;6
84900;BOT_MAKER;BOT_TAKER;VELVETFRUIT_EXTRACT;XIRECS;5304.0;7
84900;BOT_TAKER;BOT_MAKER;VEV_5400;XIRECS;14.0;3
85000;BOT_TAKER;SUBMISSION;HYDROGEL_PACK;XIRECS;10036.0;5
85100;BOT_MAKER;BOT_TAKER;HYDROGEL_PACK;XIRECS;10020.0;6
85100;SUBMISSION;BOT_TAKER;VELVETFRUIT_EXTRACT;XIRECS;5306.0;4
85200;BOT_MAKER;BOT_TAKER;VELVETFRUIT_EXTRACT;XIRECS;5306.0;5
85200;BOT_MAKER;BOT_TAKER;VELVETFRUIT_EXTRACT;XIRECS;5306.0;6
85400;BOT_MAKER;BOT_TAKER;VEV_4000;XIRECS;1272.0;2
85500;BOT_MAKER;BOT_TAKER;VELVETFRUIT_EXTRACT;XIRECS;5306.0;7
85500;SUBMISSION;BOT_TAKER;VELVETFRUIT_EXTRACT;XIRECS;5307.0;4
85600;BOT_TAKER;BOT_MAKER;HYDROGEL_PACK;XIRECS;10036.0;6
85700;BOT_MAKER;BOT_TAKER;VELVETFRUIT_EXTRACT;XIRECS;5304.0;7
85700;BOT_MAKER;BOT_TAKER;VEV_5400;XIRECS;13.0;2
85800;BOT_MAKER;BOT_TAKER;HYDROGEL_PACK;XIRECS;10023.0;5
85800;BOT_MAKER;BOT_TAKER;VEV_4000;XIRECS;1271.0;2
85900;BOT_MAKER;BOT_TAKER;HYDROGEL_PACK;XIRECS;10020.0;4
85900;BOT_TAKER;SUBMISSION;VELVETFRUIT_EXTRACT;XIRECS;5308.0;3
86000;BOT_TAKER;BOT_MAKER;HYDROGEL_PACK;XIRECS;10040.0;3
86000;BOT_TAKER;BOT_MAKER;VELVETFRUIT_EXTRACT;XIRECS;5311.0;4
86000;BOT_TAKER;BOT_MAKER;VEV_4000;XIRECS;1293.0;2
86100;BOT_TAKER;BOT_MAKER;HYDROGEL_PACK;XIRECS;10038.0;6
86100;BOT_MAKER;BOT_TAKER;VEV_4000;XIRECS;1273.0;3
86300;BOT_TAKER;BOT_MAKER;VELVETFRUIT_EXTRACT;XIRECS;5311.0;3
86600;BOT_MAKER;BOT_TAKER;HYDROGEL_PACK;XIRECS;10027.0;6
86600;SUBMISSION;BOT_TAKER;VELVETFRUIT_EXTRACT;XIRECS;5304.0;5
86600;BOT_MAKER;BOT_TAKER;VELVETFRUIT_EXTRACT;XIRECS;5303.0;4
86700;BOT_MAKER;BOT_TAKER;HYDROGEL_PACK;XIRECS;10031.0;4
86700;BOT_MAKER;BOT_TAKER;VELVETFRUIT_EXTRACT;XIRECS;5302.0;8
86800;BOT_TAKER;BOT_MAKER;VELVETFRUIT_EXTRACT;XIRECS;5308.0;8
86800;BOT_MAKER;BOT_TAKER;VEV_4000;XIRECS;1271.0;3
86800;BOT_TAKER;BOT_MAKER;VEV_5400;XIRECS;14.0;4
86900;BOT_TAKER;BOT_MAKER;HYDROGEL_PACK;XIRECS;10045.0;3
86900;BOT_TAKER;BOT_MAKER;VELVETFRUIT_EXTRACT;XIRECS;5308.0;3
87000;BOT_MAKER;BOT_TAKER;HYDROGEL_PACK;XIRECS;10029.0;3
87000;BOT_MAKER;BOT_TAKER;VELVETFRUIT_EXTRACT;XIRECS;5302.0;5
87000;SUBMISSION;BOT_TAKER;HYDROGEL_PACK;XIRECS;10030.0;3
87100;BOT_MAKER;BOT_TAKER;VEV_6500;XIRECS;0.0;3
87200;BOT_TAKER;BOT_MAKER;HYDROGEL_PACK;XIRECS;10044.0;3
87200;BOT_TAKER;BOT_MAKER;VELVETFRUIT_EXTRACT;XIRECS;5306.0;4
87200;BOT_TAKER;BOT_MAKER;VEV_6000;XIRECS;1.0;5
87300;BOT_TAKER;BOT_MAKER;HYDROGEL_PACK;XIRECS;10042.0;4
87500;BOT_TAKER;SUBMISSION;VELVETFRUIT_EXTRACT;XIRECS;5303.0;5
87500;BOT_TAKER;BOT_MAKER;VELVETFRUIT_EXTRACT;XIRECS;5304.0;3
87600;BOT_MAKER;BOT_TAKER;VELVETFRUIT_EXTRACT;XIRECS;5299.0;8
87600;BOT_MAKER;BOT_TAKER;VELVETFRUIT_EXTRACT;XIRECS;5299.0;6
87600;BOT_TAKER;BOT_MAKER;VEV_4000;XIRECS;1293.0;2
87700;BOT_MAKER;BOT_TAKER;HYDROGEL_PACK;XIRECS;10026.0;6
87800;BOT_TAKER;BOT_MAKER;HYDROGEL_PACK;XIRECS;10039.0;3
87800;BOT_TAKER;BOT_MAKER;VEV_4000;XIRECS;1294.0;1
87800;SUBMISSION;BOT_TAKER;HYDROGEL_PACK;XIRECS;10024.0;5
87800;BOT_MAKER;BOT_TAKER;HYDROGEL_PACK;XIRECS;10023.0;1
87900;BOT_TAKER;BOT_MAKER;HYDROGEL_PACK;XIRECS;10041.0;6
87900;BOT_TAKER;BOT_MAKER;VELVETFRUIT_EXTRACT;XIRECS;5304.0;4
87900;BOT_TAKER;BOT_MAKER;VEV_5300;XIRECS;50.0;4
88100;BOT_MAKER;BOT_TAKER;HYDROGEL_PACK;XIRECS;10027.0;3
88100;BOT_TAKER;BOT_MAKER;VELVETFRUIT_EXTRACT;XIRECS;5304.0;6
88100;BOT_MAKER;BOT_TAKER;VEV_5500;XIRECS;7.0;2
88100;BOT_TAKER;SUBMISSION;VELVETFRUIT_EXTRACT;XIRECS;5303.0;4
88200;BOT_TAKER;BOT_MAKER;VELVETFRUIT_EXTRACT;XIRECS;5304.0;6
88200;BOT_TAKER;BOT_MAKER;VEV_4000;XIRECS;1294.0;3
88200;BOT_MAKER;BOT_TAKER;VEV_5300;XIRECS;49.0;2
88300;BOT_TAKER;BOT_MAKER;HYDROGEL_PACK;XIRECS;10043.0;3
88300;BOT_MAKER;BOT_TAKER;VELVETFRUIT_EXTRACT;XIRECS;5297.0;7
88400;BOT_MAKER;BOT_TAKER;VELVETFRUIT_EXTRACT;XIRECS;5297.0;3
88500;BOT_TAKER;BOT_MAKER;VEV_5400;XIRECS;13.0;2
88600;BOT_TAKER;BOT_MAKER;HYDROGEL_PACK;XIRECS;10043.0;2
88700;BOT_TAKER;BOT_MAKER;HYDROGEL_PACK;XIRECS;10042.0;5
88800;BOT_TAKER;BOT_MAKER;HYDROGEL_PACK;XIRECS;10042.0;3
89000;BOT_TAKER;BOT_MAKER;VELVETFRUIT_EXTRACT;XIRECS;5304.0;7
89000;BOT_MAKER;BOT_TAKER;VELVETFRUIT_EXTRACT;XIRECS;5299.0;8
89100;BOT_TAKER;BOT_MAKER;HYDROGEL_PACK;XIRECS;10041.0;4
89100;BOT_TAKER;BOT_MAKER;VELVETFRUIT_EXTRACT;XIRECS;5303.0;7
89100;BOT_TAKER;BOT_MAKER;VEV_6000;XIRECS;1.0;5
89200;BOT_TAKER;BOT_MAKER;VELVETFRUIT_EXTRACT;XIRECS;5303.0;5
89300;BOT_TAKER;BOT_MAKER;VELVETFRUIT_EXTRACT;XIRECS;5303.0;7
89300;BOT_TAKER;BOT_MAKER;VEV_5500;XIRECS;8.0;5
89300;BOT_MAKER;BOT_TAKER;VEV_6500;XIRECS;0.0;5
89400;BOT_MAKER;BOT_TAKER;VELVETFRUIT_EXTRACT;XIRECS;5296.0;4
89500;BOT_MAKER;BOT_TAKER;VELVETFRUIT_EXTRACT;XIRECS;5296.0;6
89700;BOT_TAKER;BOT_MAKER;HYDROGEL_PACK;XIRECS;10038.0;5
89700;BOT_TAKER;BOT_MAKER;VELVETFRUIT_EXTRACT;XIRECS;5300.0;5
89900;BOT_TAKER;BOT_MAKER;VEV_6500;XIRECS;1.0;3
90000;BOT_MAKER;BOT_TAKER;VEV_5500;XIRECS;7.0;2
90100;BOT_TAKER;BOT_MAKER;HYDROGEL_PACK;XIRECS;10036.0;5
90100;BOT_MAKER;BOT_TAKER;VELVETFRUIT_EXTRACT;XIRECS;5294.0;8
90100;SUBMISSION;BOT_TAKER;VELVETFRUIT_EXTRACT;XIRECS;5295.0;5
90100;BOT_MAKER;BOT_TAKER;VELVETFRUIT_EXTRACT;XIRECS;5294.0;2
90200;BOT_TAKER;BOT_MAKER;HYDROGEL_PACK;XIRECS;10034.0;5
90200;BOT_TAKER;BOT_MAKER;VEV_5300;XIRECS;50.0;5
90200;BOT_MAKER;BOT_TAKER;VEV_5300;XIRECS;48.0;2
90200;BOT_TAKER;SUBMISSION;VEV_4000;XIRECS;1298.0;2
90500;BOT_TAKER;BOT_MAKER;HYDROGEL_PACK;XIRECS;10037.0;4
90500;BOT_MAKER;BOT_TAKER;VEV_6500;XIRECS;0.0;5
90500;BOT_TAKER;SUBMISSION;HYDROGEL_PACK;XIRECS;10036.0;5
90500;BOT_TAKER;BOT_MAKER;HYDROGEL_PACK;XIRECS;10037.0;1
90600;BOT_MAKER;BOT_TAKER;VEV_6500;XIRECS;0.0;5
90700;BOT_TAKER;BOT_MAKER;VEV_5500;XIRECS;8.0;2
90700;BOT_TAKER;BOT_MAKER;VEV_6000;XIRECS;1.0;3
90700;BOT_TAKER;SUBMISSION;VELVETFRUIT_EXTRACT;XIRECS;5297.0;4
90800;BOT_MAKER;BOT_TAKER;HYDROGEL_PACK;XIRECS;10022.0;3
90800;BOT_MAKER;BOT_TAKER;VELVETFRUIT_EXTRACT;XIRECS;5294.0;6
90900;BOT_MAKER;BOT_TAKER;HYDROGEL_PACK;XIRECS;10019.0;3
91000;BOT_TAKER;BOT_MAKER;HYDROGEL_PACK;XIRECS;10037.0;5
91100;SUBMISSION;BOT_TAKER;VELVETFRUIT_EXTRACT;XIRECS;5294.0;4
91300;BOT_MAKER;BOT_TAKER;VEV_4000;XIRECS;1275.0;2
91400;BOT_MAKER;BOT_TAKER;VEV_5500;XIRECS;7.0;4
91600;BOT_MAKER;BOT_TAKER;HYDROGEL_PACK;XIRECS;10020.0;3
91600;BOT_TAKER;BOT_MAKER;VELVETFRUIT_EXTRACT;XIRECS;5300.0;7
91700;BOT_MAKER;BOT_TAKER;VELVETFRUIT_EXTRACT;XIRECS;5295.0;12
91700;BOT_MAKER;BOT_TAKER;VEV_6500;XIRECS;0.0;2
91800;BOT_TAKER;BOT_MAKER;VELVETFRUIT_EXTRACT;XIRECS;5300.0;6
91800;BOT_MAKER;BOT_TAKER;VEV_4000;XIRECS;1273.0;2
92100;BOT_MAKER;BOT_TAKER;VELVETFRUIT_EXTRACT;XIRECS;5292.0;5
92100;BOT_TAKER;BOT_MAKER;VEV_4000;XIRECS;1294.0;2
92200;BOT_MAKER;BOT_TAKER;VELVETFRUIT_EXTRACT;XIRECS;5293.0;6
92300;BOT_TAKER;BOT_MAKER;HYDROGEL_PACK;XIRECS;10040.0;2
92300;BOT_MAKER;BOT_TAKER;VELVETFRUIT_EXTRACT;XIRECS;5293.0;5
92300;BOT_MAKER;BOT_TAKER;VEV_4000;XIRECS;1272.0;1
92300;BOT_TAKER;SUBMISSION;HYDROGEL_PACK;XIRECS;10039.0;3
92400;BOT_TAKER;BOT_MAKER;VELVETFRUIT_EXTRACT;XIRECS;5298.0;7
92400;BOT_TAKER;BOT_MAKER;VEV_4000;XIRECS;1292.0;3
92600;BOT_TAKER;BOT_MAKER;VELVETFRUIT_EXTRACT;XIRECS;5298.0;3
92600;BOT_TAKER;BOT_MAKER;VEV_4000;XIRECS;1292.0;2
92600;BOT_TAKER;SUBMISSION;HYDROGEL_PACK;XIRECS;10035.0;4
92700;BOT_TAKER;BOT_MAKER;VELVETFRUIT_EXTRACT;XIRECS;5296.0;4
92800;BOT_TAKER;BOT_MAKER;HYDROGEL_PACK;XIRECS;10035.0;4
92800;BOT_TAKER;BOT_MAKER;VEV_5500;XIRECS;8.0;3
92900;BOT_MAKER;BOT_TAKER;HYDROGEL_PACK;XIRECS;10019.0;6
92900;SUBMISSION;BOT_TAKER;VELVETFRUIT_EXTRACT;XIRECS;5291.0;4
93000;BOT_TAKER;BOT_MAKER;VELVETFRUIT_EXTRACT;XIRECS;5296.0;5
93000;BOT_MAKER;BOT_TAKER;VELVETFRUIT_EXTRACT;XIRECS;5292.0;8
93200;BOT_MAKER;BOT_TAKER;HYDROGEL_PACK;XIRECS;10022.0;3
93300;BOT_MAKER;BOT_TAKER;HYDROGEL_PACK;XIRECS;10020.0;6
93300;BOT_MAKER;BOT_TAKER;VEV_5400;XIRECS;11.0;3
93400;BOT_TAKER;BOT_MAKER;HYDROGEL_PACK;XIRECS;10037.0;4
93500;SUBMISSION;BOT_TAKER;HYDROGEL_PACK;XIRECS;10021.0;3
93600;BOT_MAKER;BOT_TAKER;VELVETFRUIT_EXTRACT;XIRECS;5292.0;3
93700;BOT_TAKER;BOT_MAKER;VEV_5400;XIRECS;12.0;3
93800;BOT_TAKER;BOT_MAKER;VEV_4000;XIRECS;1293.0;3
93900;BOT_MAKER;BOT_TAKER;VELVETFRUIT_EXTRACT;XIRECS;5295.0;6
94000;BOT_MAKER;BOT_TAKER;VELVETFRUIT_EXTRACT;XIRECS;5293.0;6
94000;BOT_TAKER;BOT_MAKER;VEV_4000;XIRECS;1293.0;3
94100;BOT_MAKER;BOT_TAKER;VEV_6500;XIRECS;0.0;4
94200;BOT_TAKER;BOT_MAKER;VELVETFRUIT_EXTRACT;XIRECS;5300.0;3
94300;BOT_MAKER;BOT_TAKER;HYDROGEL_PACK;XIRECS;10022.0;6
94300;BOT_TAKER;BOT_MAKER;VEV_5400;XIRECS;12.0;5
94400;BOT_MAKER;BOT_TAKER;VEV_6500;XIRECS;0.0;5
94500;BOT_TAKER;BOT_MAKER;VELVETFRUIT_EXTRACT;XIRECS;5302.0;9
94500;BOT_TAKER;BOT_MAKER;VEV_5500;XIRECS;8.0;4
94500;BOT_MAKER;BOT_TAKER;VEV_6000;XIRECS;0.0;2
94700;BOT_MAKER;BOT_TAKER;VELVETFRUIT_EXTRACT;XIRECS;5299.0;8
94700;BOT_TAKER;BOT_MAKER;VEV_4000;XIRECS;1290.0;1
94700;SUBMISSION;BOT_TAKER;HYDROGEL_PACK;XIRECS;10021.0;5
94700;BOT_MAKER;BOT_TAKER;HYDROGEL_PACK;XIRECS;10020.0;1
94800;BOT_MAKER;BOT_TAKER;HYDROGEL_PACK;XIRECS;10021.0;3
94900;BOT_TAKER;BOT_MAKER;HYDROGEL_PACK;XIRECS;10035.0;5
94900;BOT_MAKER;BOT_TAKER;VELVETFRUIT_EXTRACT;XIRECS;5300.0;4
94900;SUBMISSION;BOT_TAKER;VELVETFRUIT_EXTRACT;XIRECS;5301.0;5
94900;BOT_MAKER;BOT_TAKER;VELVETFRUIT_EXTRACT;XIRECS;5300.0;8
94900;BOT_TAKER;SUBMISSION;VEV_4000;XIRECS;1290.0;3
95100;BOT_TAKER;BOT_MAKER;VEV_6000;XIRECS;1.0;4
95100;BOT_MAKER;BOT_TAKER;VEV_6500;XIRECS;0.0;4
95200;BOT_MAKER;BOT_TAKER;HYDROGEL_PACK;XIRECS;10016.0;4
95200;BOT_TAKER;BOT_MAKER;VELVETFRUIT_EXTRACT;XIRECS;5305.0;11
95200;BOT_MAKER;BOT_TAKER;VEV_4000;XIRECS;1268.0;3
95200;BOT_MAKER;BOT_TAKER;VEV_5300;XIRECS;52.0;4
95600;BOT_TAKER;BOT_MAKER;VEV_4000;XIRECS;1289.0;2
95700;BOT_TAKER;BOT_MAKER;VEV_4000;XIRECS;1289.0;1
95700;SUBMISSION;BOT_TAKER;VELVETFRUIT_EXTRACT;XIRECS;5303.0;5
95700;BOT_MAKER;BOT_TAKER;VELVETFRUIT_EXTRACT;XIRECS;5302.0;2
95900;BOT_TAKER;BOT_MAKER;VEV_4000;XIRECS;1288.0;1
96100;SUBMISSION;BOT_TAKER;HYDROGEL_PACK;XIRECS;10014.0;5
96100;BOT_MAKER;BOT_TAKER;HYDROGEL_PACK;XIRECS;10013.0;1
96200;BOT_TAKER;BOT_MAKER;VELVETFRUIT_EXTRACT;XIRECS;5306.0;6
96300;BOT_MAKER;BOT_TAKER;VEV_4000;XIRECS;1265.0;3
96300;BOT_MAKER;BOT_TAKER;VEV_6500;XIRECS;0.0;3
96500;BOT_TAKER;BOT_MAKER;HYDROGEL_PACK;XIRECS;10027.0;4
96500;BOT_TAKER;BOT_MAKER;VELVETFRUIT_EXTRACT;XIRECS;5303.0;6
96500;SUBMISSION;BOT_TAKER;HYDROGEL_PACK;XIRECS;10012.0;5
96600;BOT_TAKER;BOT_MAKER;VEV_6500;XIRECS;1.0;5
96800;BOT_TAKER;BOT_MAKER;VEV_5400;XIRECS;12.0;2
96800;BOT_TAKER;BOT_MAKER;VEV_5500;XIRECS;8.0;4
96900;BOT_MAKER;BOT_TAKER;VELVETFRUIT_EXTRACT;XIRECS;5300.0;8
97200;BOT_TAKER;BOT_MAKER;HYDROGEL_PACK;XIRECS;10030.0;6
97300;BOT_MAKER;BOT_TAKER;VEV_6500;XIRECS;0.0;4
97500;BOT_MAKER;BOT_TAKER;HYDROGEL_PACK;XIRECS;10019.0;3
97600;BOT_MAKER;BOT_TAKER;HYDROGEL_PACK;XIRECS;10020.0;3
97700;BOT_TAKER;BOT_MAKER;VEV_5500;XIRECS;7.0;3
97700;BOT_MAKER;BOT_TAKER;VEV_6500;XIRECS;0.0;2
97900;BOT_TAKER;BOT_MAKER;VEV_5500;XIRECS;7.0;2
98100;BOT_TAKER;BOT_MAKER;HYDROGEL_PACK;XIRECS;10036.0;5
98200;BOT_MAKER;BOT_TAKER;VELVETFRUIT_EXTRACT;XIRECS;5305.0;5
98200;BOT_MAKER;BOT_TAKER;VEV_6500;XIRECS;0.0;3
98300;BOT_TAKER;BOT_MAKER;VELVETFRUIT_EXTRACT;XIRECS;5310.0;5
98300;BOT_TAKER;BOT_MAKER;VEV_5300;XIRECS;52.0;4
98300;BOT_TAKER;BOT_MAKER;VEV_6500;XIRECS;1.0;4
98400;BOT_MAKER;BOT_TAKER;VEV_4000;XIRECS;1270.0;2
98400;BOT_TAKER;BOT_MAKER;VEV_6500;XIRECS;1.0;3
98500;BOT_MAKER;BOT_TAKER;HYDROGEL_PACK;XIRECS;10018.0;2
98500;BOT_MAKER;BOT_TAKER;VEV_5500;XIRECS;6.0;4
98500;BOT_TAKER;BOT_MAKER;VEV_6500;XIRECS;1.0;2
98600;BOT_TAKER;BOT_MAKER;HYDROGEL_PACK;XIRECS;10032.0;2
98600;BOT_TAKER;BOT_MAKER;VELVETFRUIT_EXTRACT;XIRECS;5313.0;7
98700;BOT_MAKER;BOT_TAKER;VEV_6000;XIRECS;0.0;2
98900;BOT_TAKER;BOT_MAKER;HYDROGEL_PACK;XIRECS;10031.0;4
98900;BOT_TAKER;BOT_MAKER;VELVETFRUIT_EXTRACT;XIRECS;5317.0;7
99000;BOT_MAKER;BOT_TAKER;HYDROGEL_PACK;XIRECS;10013.0;6
99000;BOT_TAKER;BOT_MAKER;VELVETFRUIT_EXTRACT;XIRECS;5317.0;7
99100;BOT_TAKER;BOT_MAKER;HYDROGEL_PACK;XIRECS;10028.0;6
99100;BOT_TAKER;BOT_MAKER;VELVETFRUIT_EXTRACT;XIRECS;5318.0;6
99200;BOT_TAKER;BOT_MAKER;VELVETFRUIT_EXTRACT;XIRECS;5316.0;3
99300;BOT_MAKER;BOT_TAKER;VELVETFRUIT_EXTRACT;XIRECS;5312.0;4
99400;BOT_MAKER;BOT_TAKER;HYDROGEL_PACK;XIRECS;10005.0;2
99500;BOT_TAKER;BOT_MAKER;HYDROGEL_PACK;XIRECS;10021.0;2
99600;BOT_MAKER;BOT_TAKER;VELVETFRUIT_EXTRACT;XIRECS;5316.0;7
99600;BOT_TAKER;BOT_MAKER;VEV_4000;XIRECS;1288.0;3
99700;BOT_MAKER;BOT_TAKER;HYDROGEL_PACK;XIRECS;10011.0;5
99700;BOT_TAKER;BOT_MAKER;VEV_5400;XIRECS;11.0;2
99800;BOT_MAKER;BOT_TAKER;VEV_5400;XIRECS;10.0;4
99800;BOT_TAKER;SUBMISSION;VELVETFRUIT_EXTRACT;XIRECS;5320.0;5
99800;BOT_TAKER;BOT_MAKER;VELVETFRUIT_EXTRACT;XIRECS;5321.0;1
99900;BOT_MAKER;BOT_TAKER;VEV_6500;XIRECS;0.0;4
