timestamp;buyer;seller;symbol;currency;price;quantity
0;BOT_TAKER;BOT_MAKER;HYDROGEL_PACK;XIRECS;9987.0;5
0;BOT_MAKER;BOT_TAKER;VELVETFRUIT_EXTRACT;XIRECS;5259.0;13
0;BOT_TAKER;BOT_MAKER;VEV_5500;XIRECS;7.0;3
100;BOT_TAKER;BOT_MAKER;VEV_5300;XIRECS;51.0;3
100;BOT_TAKER;BOT_MAKER;VEV_5300;XIRECS;51.0;4
100;BOT_MAKER;BOT_TAKER;VEV_5400;XIRECS;15.0;5
200;BOT_TAKER;BOT_MAKER;HYDROGEL_PACK;XIRECS;9988.0;2
200;BOT_MAKER;BOT_TAKER;VEV_4000;XIRECS;1252.0;1
300;BOT_TAKER;BOT_MAKER;VELVETFRUIT_EXTRACT;XIRECS;5265.0;3
300;BOT_MAKER;BOT_TAKER;VEV_5500;XIRECS;6.0;5
400;BOT_MAKER;BOT_TAKER;VELVETFRUIT_EXTRACT;XIRECS;5261.0;11
400;BOT_TAKER;BOT_MAKER;VEV_4000;XIRECS;1272.0;2
600;BOT_MAKER;BOT_TAKER;HYDROGEL_PACK;XIRECS;9970.0;3
700;BOT_MAKER;BOT_TAKER;VELVETFRUIT_EXTRACT;XIRECS;5261.0;8
700;BOT_MAKER;BOT_TAKER;VEV_4000;XIRECS;1251.0;2
800;BOT_TAKER;BOT_MAKER;VEV_6000;XIRECS;1.0;4
800;BOT_TAKER;SUBMISSION;HYDROGEL_PACK;XIRECS;9986.0;4
1100;BOT_TAKER;BOT_MAKER;HYDROGEL_PACK;XIRECS;9987.0;4
1100;BOT_MAKER;BOT_TAKER;VEV_5500;XIRECS;6.0;2
1300;BOT_TAKER;BOT_MAKER;VELVETFRUIT_EXTRACT;XIRECS;5268.0;7
1300;BOT_MAKER;BOT_TAKER;VEV_6500;XIRECS;0.0;4
1400;BOT_TAKER;BOT_MAKER;VELVETFRUIT_EXTRACT;XIRECS;5269.0;8
1500;BOT_MAKER;BOT_TAKER;VEV_4000;XIRECS;1250.0;2
1600;BOT_MAKER;BOT_TAKER;VEV_5500;XIRECS;6.0;3
1700;BOT_TAKER;BOT_MAKER;VEV_5500;XIRECS;7.0;5
1800;BOT_MAKER;BOT_TAKER;VELVETFRUIT_EXTRACT;XIRECS;5262.0;6
1800;BOT_TAKER;BOT_MAKER;VEV_4000;XIRECS;1272.0;1
1800;BOT_MAKER;BOT_TAKER;VEV_5500;XIRECS;6.0;4
1800;BOT_TAKER;BOT_MAKER;VEV_6000;XIRECS;1.0;4
1900;BOT_MAKER;BOT_TAKER;VEV_6500;XIRECS;0.0;5
2000;BOT_MAKER;BOT_TAKER;HYDROGEL_PACK;XIRECS;9965.0;5
2000;BOT_TAKER;BOT_MAKER;VELVETFRUIT_EXTRACT;XIRECS;5268.0;5
2100;BOT_MAKER;BOT_TAKER;HYDROGEL_PACK;XIRECS;9966.0;2
2100;BOT_TAKER;BOT_MAKER;VELVETFRUIT_EXTRACT;XIRECS;5267.0;8
2100;BOT_TAKER;BOT_MAKER;VEV_6000;XIRECS;1.0;2
2200;BOT_MAKER;BOT_TAKER;HYDROGEL_PACK;XIRECS;9963.0;3
2200;BOT_TAKER;BOT_MAKER;VELVETFRUIT_EXTRACT;XIRECS;5267.0;4
2200;BOT_TAKER;BOT_MAKER;VEV_4000;XIRECS;1272.0;3
2300;BOT_MAKER;BOT_TAKER;VELVETFRUIT_EXTRACT;XIRECS;5260.0;4
2300;BOT_TAKER;BOT_MAKER;VEV_6000;XIRECS;1.0;3
2400;BOT_MAKER;BOT_TAKER;VEV_6500;XIRECS;0.0;5
2400;BOT_TAKER;SUBMISSION;HYDROGEL_PACK;XIRECS;9978.0;2
2500;BOT_MAKER;BOT_TAKER;VELVETFRUIT_EXTRACT;XIRECS;5261.0;3
2600;BOT_MAKER;BOT_TAKER;HYDROGEL_PACK;XIRECS;9965.0;2
2600;BOT_TAKER;BOT_MAKER;VEV_4000;XIRECS;1274.0;2
2700;BOT_TAKER;BOT_MAKER;VELVETFRUIT_EXTRACT;XIRECS;5268.0;4
2700;BOT_TAKER;SUBMISSION;VEV_5400;XIRECS;16.0;2
2800;BOT_TAKER;BOT_MAKER;VELVETFRUIT_EXTRACT;XIRECS;5269.0;6
2900;BOT_TAKER;BOT_MAKER;HYDROGEL_PACK;XIRECS;9975.0;3
2900;BOT_MAKER;BOT_TAKER;VEV_6500;XIRECS;0.0;2
3100;BOT_TAKER;BOT_MAKER;VEV_6500;XIRECS;1.0;4
3200;BOT_TAKER;BOT_MAKER;VEV_5500;XIRECS;7.0;5
3400;BOT_TAKER;BOT_MAKER;VEV_4000;XIRECS;1273.0;1
3400;BOT_TAKER;BOT_MAKER;VEV_5500;XIRECS;7.0;3
3400;SUBMISSION;BOT_TAKER;VELVETFRUIT_EXTRACT;XIRECS;5266.0;4
3500;BOT_TAKER;BOT_MAKER;HYDROGEL_PACK;XIRECS;9976.0;5
3500;BOT_MAKER;BOT_TAKER;VELVETFRUIT_EXTRACT;XIRECS;5265.0;5
3600;BOT_TAKER;BOT_MAKER;VELVETFRUIT_EXTRACT;XIRECS;5270.0;6
3800;BOT_MAKER;BOT_TAKER;VELVETFRUIT_EXTRACT;XIRECS;5264.0;4
3900;BOT_MAKER;BOT_TAKER;HYDROGEL_PACK;XIRECS;9956.0;5
3900;BOT_TAKER;BOT_MAKER;VELVETFRUIT_EXTRACT;XIRECS;5270.0;4
4000;BOT_TAKER;BOT_MAKER;VELVETFRUIT_EXTRACT;XIRECS;5269.0;8
4100;BOT_MAKER;BOT_TAKER;VEV_4000;XIRECS;1253.0;2
4100;BOT_TAKER;BOT_MAKER;VEV_5500;XIRECS;7.0;5
4200;BOT_MAKER;BOT_TAKER;HYDROGEL_PACK;XIRECS;9956.0;6
4300;BOT_MAKER;BOT_TAKER;VELVETFRUIT_EXTRACT;XIRECS;5264.0;6
4300;BOT_TAKER;BOT_MAKER;VEV_4000;XIRECS;1273.0;2
4400;BOT_TAKER;BOT_MAKER;VEV_5400;XIRECS;17.0;3
4500;BOT_TAKER;BOT_MAKER;VELVETFRUIT_EXTRACT;XIRECS;5270.0;5
4500;BOT_MAKER;BOT_TAKER;VEV_5300;XIRECS;50.0;5
4500;BOT_TAKER;BOT_MAKER;VEV_6500;XIRECS;1.0;2
4600;BOT_MAKER;BOT_TAKER;VELVETFRUIT_EXTRACT;XIRECS;5264.0;5
4600;BOT_TAKER;SUBMISSION;VELVETFRUIT_EXTRACT;XIRECS;5268.0;5
4600;BOT_TAKER;BOT_MAKER;VELVETFRUIT_EXTRACT;XIRECS;5269.0;2
4700;BOT_TAKER;BOT_MAKER;VEV_6500;XIRECS;1.0;5
4700;SUBMISSION;BOT_TAKER;VEV_4000;XIRECS;1255.0;3
4800;BOT_TAKER;BOT_MAKER;HYDROGEL_PACK;XIRECS;9972.0;5
4800;BOT_MAKER;BOT_TAKER;VELVETFRUIT_EXTRACT;XIRECS;5264.0;3
4900;BOT_TAKER;BOT_MAKER;VELVETFRUIT_EXTRACT;XIRECS;5267.0;4
4900;BOT_MAKER;BOT_TAKER;VEV_5400;XIRECS;16.0;2
5100;BOT_TAKER;BOT_MAKER;HYDROGEL_PACK;XIRECS;9971.0;6
5100;BOT_MAKER;BOT_TAKER;VEV_6000;XIRECS;0.0;3
5200;BOT_MAKER;BOT_TAKER;VELVETFRUIT_EXTRACT;XIRECS;5262.0;8
5300;BOT_MAKER;BOT_TAKER;HYDROGEL_PACK;XIRECS;9948.0;3
5300;BOT_TAKER;BOT_MAKER;VELVETFRUIT_EXTRACT;XIRECS;5268.0;7
5300;BOT_TAKER;BOT_MAKER;VEV_4000;XIRECS;1276.0;3
5300;BOT_TAKER;BOT_MAKER;VEV_4000;XIRECS;1276.0;2
5400;BOT_TAKER;BOT_MAKER;VEV_5400;XIRECS;17.0;3
5600;BOT_MAKER;BOT_TAKER;HYDROGEL_PACK;XIRECS;9947.0;3
5600;BOT_MAKER;BOT_TAKER;VEV_4000;XIRECS;1256.0;1
5900;BOT_MAKER;BOT_TAKER;VEV_6000;XIRECS;0.0;2
6000;BOT_TAKER;BOT_MAKER;HYDROGEL_PACK;XIRECS;9962.0;5
6000;BOT_TAKER;BOT_MAKER;VELVETFRUIT_EXTRACT;XIRECS;5267.0;5
6000;BOT_MAKER;BOT_TAKER;VEV_6500;XIRECS;0.0;3
6000;BOT_TAKER;SUBMISSION;VELVETFRUIT_EXTRACT;XIRECS;5266.0;5
6000;BOT_TAKER;BOT_MAKER;VELVETFRUIT_EXTRACT;XIRECS;5267.0;1
6100;BOT_MAKER;BOT_TAKER;VEV_5500;XIRECS;6.0;4
6200;BOT_TAKER;BOT_MAKER;VELVETFRUIT_EXTRACT;XIRECS;5269.0;7
6200;BOT_MAKER;BOT_TAKER;VEV_5500;XIRECS;6.0;4
6300;BOT_TAKER;BOT_MAKER;VELVETFRUIT_EXTRACT;XIRECS;5268.0;7
6300;BOT_MAKER;BOT_TAKER;VEV_4000;XIRECS;1253.0;1
6300;BOT_MAKER;BOT_TAKER;VEV_4000;XIRECS;1253.0;3
6400;BOT_TAKER;BOT_MAKER;HYDROGEL_PACK;XIRECS;9959.0;4
6400;BOT_TAKER;BOT_MAKER;VELVETFRUIT_EXTRACT;XIRECS;5269.0;3
6500;BOT_TAKER;SUBMISSION;HYDROGEL_PACK;XIRECS;9958.0;2
6600;BOT_TAKER;BOT_MAKER;VELVETFRUIT_EXTRACT;XIRECS;5268.0;3
6700;BOT_MAKER;BOT_TAKER;HYDROGEL_PACK;XIRECS;9946.0;3
6700;BOT_MAKER;BOT_TAKER;VELVETFRUIT_EXTRACT;XIRECS;5264.0;5
6700;BOT_MAKER;BOT_TAKER;VEV_5300;XIRECS;50.0;2
6800;BOT_TAKER;BOT_MAKER;VELVETFRUIT_EXTRACT;XIRECS;5270.0;8
6800;BOT_TAKER;BOT_MAKER;VEV_6000;XIRECS;1.0;3
6900;BOT_TAKER;BOT_MAKER;VEV_6500;XIRECS;1.0;2
7000;BOT_TAKER;BOT_MAKER;VELVETFRUIT_EXTRACT;XIRECS;5270.0;5
7200;BOT_TAKER;BOT_MAKER;VELVETFRUIT_EXTRACT;XIRECS;5268.0;4
7200;BOT_TAKER;BOT_MAKER;VEV_6000;XIRECS;1.0;3
7300;BOT_TAKER;BOT_MAKER;VELVETFRUIT_EXTRACT;XIRECS;5270.0;6
7400;BOT_MAKER;BOT_TAKER;VELVETFRUIT_EXTRACT;XIRECS;5265.0;3
7400;BOT_MAKER;BOT_TAKER;VEV_5400;XIRECS;16.0;4
7500;BOT_TAKER;BOT_MAKER;VELVETFRUIT_EXTRACT;XIRECS;5272.0;4
7500;SUBMISSION;BOT_TAKER;VEV_4000;XIRECS;1249.0;3
7600;BOT_MAKER;BOT_TAKER;VELVETFRUIT_EXTRACT;XIRECS;5268.0;6
7600;BOT_MAKER;BOT_TAKER;VEV_5500;XIRECS;6.0;4
7600;BOT_TAKER;BOT_MAKER;VEV_6000;XIRECS;1.0;3
7600;BOT_TAKER;SUBMISSION;VEV_4000;XIRECS;1268.0;1
7700;BOT_TAKER;BOT_MAKER;HYDROGEL_PACK;XIRECS;9963.0;6
7700;BOT_MAKER;BOT_TAKER;VELVETFRUIT_EXTRACT;XIRECS;5269.0;13
7700;BOT_MAKER;BOT_TAKER;VEV_4000;XIRECS;1248.0;3
7800;BOT_MAKER;BOT_TAKER;HYDROGEL_PACK;XIRECS;9946.0;4
7800;BOT_MAKER;BOT_TAKER;VELVETFRUIT_EXTRACT;XIRECS;5268.0;4
7800;BOT_TAKER;BOT_MAKER;VEV_6000;XIRECS;1.0;4
7900;BOT_TAKER;BOT_MAKER;HYDROGEL_PACK;XIRECS;9962.0;2
8000;BOT_TAKER;BOT_MAKER;VEV_4000;XIRECS;1270.0;1
8000;BOT_TAKER;SUBMISSION;VELVETFRUIT_EXTRACT;XIRECS;5271.0;5
8000;BOT_TAKER;BOT_MAKER;VELVETFRUIT_EXTRACT;XIRECS;5272.0;2
8100;BOT_TAKER;BOT_MAKER;VEV_4000;XIRECS;1269.0;3
8200;SUBMISSION;BOT_TAKER;HYDROGEL_PACK;XIRECS;9950.0;2
8200;BOT_TAKER;SUBMISSION;VEV_5500;XIRECS;7.0;4
8300;BOT_MAKER;BOT_TAKER;HYDROGEL_PACK;XIRECS;9954.0;5
8300;BOT_TAKER;BOT_MAKER;VEV_6500;XIRECS;1.0;5
8400;BOT_TAKER;BOT_MAKER;VELVETFRUIT_EXTRACT;XIRECS;5273.0;6
8400;BOT_MAKER;BOT_TAKER;VEV_4000;XIRECS;1247.0;3
8500;BOT_MAKER;BOT_TAKER;VEV_4000;XIRECS;1249.0;1
8500;BOT_MAKER;BOT_TAKER;VEV_5500;XIRECS;6.0;3
8500;SUBMISSION;BOT_TAKER;HYDROGEL_PACK;XIRECS;9953.0;5
8500;BOT_MAKER;BOT_TAKER;HYDROGEL_PACK;XIRECS;9952.0;1
8600;BOT_TAKER;BOT_MAKER;VELVETFRUIT_EXTRACT;XIRECS;5272.0;3
8700;BOT_MAKER;BOT_TAKER;VEV_4000;XIRECS;1248.0;1
8700;BOT_MAKER;BOT_TAKER;VEV_5400;XIRECS;17.0;4
8800;BOT_MAKER;BOT_TAKER;HYDROGEL_PACK;XIRECS;9958.0;6
8800;BOT_MAKER;BOT_TAKER;VELVETFRUIT_EXTRACT;XIRECS;5268.0;8
8800;BOT_TAKER;SUBMISSION;VELVETFRUIT_EXTRACT;XIRECS;5272.0;5
8800;BOT_TAKER;BOT_MAKER;VELVETFRUIT_EXTRACT;XIRECS;5273.0;1
8900;BOT_MAKER;BOT_TAKER;VEV_6500;XIRECS;0.0;5
9000;BOT_TAKER;BOT_MAKER;VEV_5500;XIRECS;8.0;4
9100;BOT_TAKER;BOT_MAKER;VEV_4000;XIRECS;1268.0;1
9100;BOT_TAKER;BOT_MAKER;VEV_5500;XIRECS;8.0;4
9300;BOT_TAKER;BOT_MAKER;HYDROGEL_PACK;XIRECS;9969.0;5
9300;BOT_MAKER;BOT_TAKER;VEV_4000;XIRECS;1245.0;2
9400;BOT_MAKER;BOT_TAKER;HYDROGEL_PACK;XIRECS;9955.0;4
9400;BOT_MAKER;BOT_TAKER;VELVETFRUIT_EXTRACT;XIRECS;5267.0;6
9400;BOT_TAKER;BOT_MAKER;VEV_5500;XIRECS;8.0;2
9500;BOT_TAKER;BOT_MAKER;VELVETFRUIT_EXTRACT;XIRECS;5274.0;5
9500;BOT_MAKER;BOT_TAKER;VEV_6000;XIRECS;0.0;3
9600;BOT_TAKER;BOT_MAKER;HYDROGEL_PACK;XIRECS;9969.0;3
9600;BOT_MAKER;BOT_TAKER;VELVETFRUIT_EXTRACT;XIRECS;5268.0;7
9600;BOT_TAKER;BOT_MAKER;VEV_5500;XIRECS;8.0;2
9600;BOT_MAKER;BOT_TAKER;VEV_5500;XIRECS;6.0;4
9700;BOT_MAKER;BOT_TAKER;VEV_5400;XIRECS;17.0;2
9800;BOT_TAKER;BOT_MAKER;HYDROGEL_PACK;XIRECS;9970.0;4
10000;BOT_TAKER;SUBMISSION;HYDROGEL_PACK;XIRECS;9970.0;4
10100;BOT_TAKER;BOT_MAKER;HYDROGEL_PACK;XIRECS;9973.0;4
10100;BOT_MAKER;BOT_TAKER;VELVETFRUIT_EXTRACT;XIRECS;5269.0;7
10100;BOT_TAKER;SUBMISSION;VEV_4000;XIRECS;1263.0;1
10200;BOT_MAKER;BOT_TAKER;VELVETFRUIT_EXTRACT;XIRECS;5270.0;4
10200;BOT_MAKER;BOT_TAKER;VEV_6500;XIRECS;0.0;4
10300;BOT_MAKER;BOT_TAKER;VELVETFRUIT_EXTRACT;XIRECS;5272.0;8
10300;BOT_TAKER;BOT_MAKER;VEV_4000;XIRECS;1264.0;1
10400;BOT_MAKER;BOT_TAKER;HYDROGEL_PACK;XIRECS;9961.0;6
10500;BOT_TAKER;BOT_MAKER;VEV_4000;XIRECS;1263.0;1
10600;BOT_MAKER;BOT_TAKER;VELVETFRUIT_EXTRACT;XIRECS;5274.0;5
10700;BOT_MAKER;BOT_TAKER;VEV_6500;XIRECS;0.0;3
10800;BOT_TAKER;BOT_MAKER;VELVETFRUIT_EXTRACT;XIRECS;5277.0;8
10900;BOT_MAKER;BOT_TAKER;VELVETFRUIT_EXTRACT;XIRECS;5272.0;7
10900;BOT_TAKER;BOT_MAKER;VELVETFRUIT_EXTRACT;XIRECS;5277.0;8
10900;BOT_MAKER;BOT_TAKER;VEV_5500;XIRECS;6.0;5
10900;BOT_TAKER;SUBMISSION;HYDROGEL_PACK;XIRECS;9974.0;2
11000;BOT_TAKER;BOT_MAKER;VELVETFRUIT_EXTRACT;XIRECS;5277.0;7
11100;BOT_TAKER;BOT_MAKER;VELVETFRUIT_EXTRACT;XIRECS;5278.0;13
11300;BOT_MAKER;BOT_TAKER;VELVETFRUIT_EXTRACT;XIRECS;5272.0;3
11300;BOT_TAKER;BOT_MAKER;VEV_5400;XIRECS;19.0;3
11300;BOT_TAKER;BOT_MAKER;VEV_5400;XIRECS;19.0;3
11400;BOT_MAKER;BOT_TAKER;HYDROGEL_PACK;XIRECS;9949.0;6
11400;BOT_MAKER;BOT_TAKER;VELVETFRUIT_EXTRACT;XIRECS;5271.0;7
11400;BOT_TAKER;BOT_MAKER;VEV_6500;XIRECS;1.0;4
11500;BOT_MAKER;BOT_TAKER;HYDROGEL_PACK;XIRECS;9951.0;4
11600;BOT_TAKER;BOT_MAKER;VEV_6500;XIRECS;1.0;5
11700;BOT_MAKER;BOT_TAKER;HYDROGEL_PACK;XIRECS;9953.0;4
11700;BOT_TAKER;BOT_MAKER;VELVETFRUIT_EXTRACT;XIRECS;5276.0;5
11700;SUBMISSION;BOT_TAKER;VELVETFRUIT_EXTRACT;XIRECS;5272.0;5
11700;BOT_MAKER;BOT_TAKER;VELVETFRUIT_EXTRACT;XIRECS;5271.0;3
11800;BOT_MAKER;BOT_TAKER;VEV_5500;XIRECS;6.0;4
11900;BOT_MAKER;BOT_TAKER;VELVETFRUIT_EXTRACT;XIRECS;5270.0;8
12000;BOT_TAKER;BOT_MAKER;VELVETFRUIT_EXTRACT;XIRECS;5276.0;6
12000;BOT_TAKER;BOT_MAKER;VEV_6000;XIRECS;1.0;5
12000;SUBMISSION;BOT_TAKER;VEV_4000;XIRECS;1246.0;3
12100;BOT_MAKER;BOT_TAKER;HYDROGEL_PACK;XIRECS;9959.0;3
12100;BOT_MAKER;BOT_TAKER;VEV_4000;XIRECS;1243.0;1
12100;BOT_TAKER;BOT_MAKER;VEV_6500;XIRECS;1.0;4
12200;BOT_MAKER;BOT_TAKER;VEV_6500;XIRECS;0.0;4
12200;SUBMISSION;BOT_TAKER;HYDROGEL_PACK;XIRECS;9961.0;4
12300;BOT_MAKER;BOT_TAKER;HYDROGEL_PACK;XIRECS;9960.0;6
12300;BOT_TAKER;BOT_MAKER;VEV_6000;XIRECS;1.0;4
12400;BOT_MAKER;BOT_TAKER;VELVETFRUIT_EXTRACT;XIRECS;5269.0;6
12500;BOT_MAKER;BOT_TAKER;VELVETFRUIT_EXTRACT;XIRECS;5267.0;5
12700;BOT_TAKER;SUBMISSION;VEV_5300;XIRECS;54.0;4
12900;BOT_TAKER;BOT_MAKER;VELVETFRUIT_EXTRACT;XIRECS;5273.0;8
12900;BOT_TAKER;BOT_MAKER;VEV_4000;XIRECS;1262.0;1
13100;BOT_TAKER;BOT_MAKER;VEV_4000;XIRECS;1261.0;3
13100;BOT_MAKER;BOT_TAKER;VEV_6000;XIRECS;0.0;3
13200;BOT_MAKER;BOT_TAKER;VELVETFRUIT_EXTRACT;XIRECS;5264.0;10
13200;SUBMISSION;BOT_TAKER;HYDROGEL_PACK;XIRECS;9969.0;5
13200;BOT_MAKER;BOT_TAKER;HYDROGEL_PACK;XIRECS;9968.0;1
13200;BOT_TAKER;SUBMISSION;VELVETFRUIT_EXTRACT;XIRECS;5267.0;5
13200;BOT_TAKER;BOT_MAKER;VELVETFRUIT_EXTRACT;XIRECS;5268.0;1
13300;BOT_TAKER;BOT_MAKER;HYDROGEL_PACK;XIRECS;9981.0;5
13500;BOT_MAKER;BOT_TAKER;VELVETFRUIT_EXTRACT;XIRECS;5261.0;7
13600;BOT_MAKER;BOT_TAKER;HYDROGEL_PACK;XIRECS;9964.0;4
13700;BOT_MAKER;BOT_TAKER;VEV_5400;XIRECS;17.0;4
13800;BOT_MAKER;BOT_TAKER;VELVETFRUIT_EXTRACT;XIRECS;5260.0;6
13800;BOT_MAKER;BOT_TAKER;VEV_5500;XIRECS;6.0;5
13900;BOT_TAKER;BOT_MAKER;VELVETFRUIT_EXTRACT;XIRECS;5268.0;4
13900;BOT_TAKER;BOT_MAKER;VEV_4000;XIRECS;1258.0;1
14000;BOT_MAKER;BOT_TAKER;VELVETFRUIT_EXTRACT;XIRECS;5262.0;7
14200;BOT_TAKER;BOT_MAKER;VEV_4000;XIRECS;1258.0;3
14300;BOT_MAKER;BOT_TAKER;HYDROGEL_PACK;XIRECS;9973.0;2
14400;BOT_TAKER;BOT_MAKER;VEV_4000;XIRECS;1258.0;1
14700;BOT_MAKER;BOT_TAKER;HYDROGEL_PACK;XIRECS;9969.0;5
14700;BOT_MAKER;BOT_TAKER;VELVETFRUIT_EXTRACT;XIRECS;5260.0;4
14700;BOT_MAKER;BOT_TAKER;VEV_4000;XIRECS;1235.0;3
14800;BOT_TAKER;BOT_MAKER;VELVETFRUIT_EXTRACT;XIRECS;5264.0;8
14800;BOT_TAKER;BOT_MAKER;VELVETFRUIT_EXTRACT;XIRECS;5264.0;4
14900;BOT_MAKER;BOT_TAKER;HYDROGEL_PACK;XIRECS;9965.0;4
14900;BOT_MAKER;BOT_TAKER;VELVETFRUIT_EXTRACT;XIRECS;5259.0;8
14900;BOT_TAKER;SUBMISSION;VELVETFRUIT_EXTRACT;XIRECS;5262.0;4
15000;BOT_MAKER;BOT_TAKER;HYDROGEL_PACK;XIRECS;9967.0;6
15100;BOT_TAKER;BOT_MAKER;VELVETFRUIT_EXTRACT;XIRECS;5263.0;8
15200;BOT_TAKER;BOT_MAKER;HYDROGEL_PACK;XIRECS;9982.0;2
15300;BOT_MAKER;BOT_TAKER;VEV_5400;XIRECS;18.0;4
15300;SUBMISSION;BOT_TAKER;HYDROGEL_PACK;XIRECS;9968.0;3
15500;BOT_TAKER;BOT_MAKER;VELVETFRUIT_EXTRACT;XIRECS;5260.0;8
15800;BOT_TAKER;BOT_MAKER;VELVETFRUIT_EXTRACT;XIRECS;5261.0;6
15800;SUBMISSION;BOT_TAKER;VEV_4000;XIRECS;1240.0;1
15900;BOT_TAKER;BOT_MAKER;VEV_5000;XIRECS;271.0;1
16000;BOT_MAKER;BOT_TAKER;VELVETFRUIT_EXTRACT;XIRECS;5255.0;10
16100;BOT_TAKER;BOT_MAKER;VEV_4000;XIRECS;1259.0;1
16200;BOT_TAKER;BOT_MAKER;HYDROGEL_PACK;XIRECS;9987.0;4
16200;BOT_TAKER;BOT_MAKER;VELVETFRUIT_EXTRACT;XIRECS;5262.0;5
16300;SUBMISSION;BOT_TAKER;VEV_4000;XIRECS;1238.0;3
16400;BOT_MAKER;BOT_TAKER;HYDROGEL_PACK;XIRECS;9972.0;2
16500;BOT_MAKER;BOT_TAKER;VEV_4000;XIRECS;1237.0;2
16500;BOT_MAKER;BOT_TAKER;VEV_5500;XIRECS;6.0;2
16700;BOT_TAKER;BOT_MAKER;VEV_4000;XIRECS;1257.0;2
16800;BOT_TAKER;BOT_MAKER;VEV_4000;XIRECS;1256.0;2
16800;BOT_MAKER;BOT_TAKER;VEV_6500;XIRECS;0.0;3
16900;BOT_MAKER;BOT_TAKER;HYDROGEL_PACK;XIRECS;9968.0;2
16900;BOT_TAKER;SUBMISSION;VELVETFRUIT_EXTRACT;XIRECS;5263.0;4
17000;BOT_TAKER;BOT_MAKER;VEV_5200;XIRECS;116.0;5
17000;BOT_TAKER;BOT_MAKER;VEV_5300;XIRECS;54.0;4
17100;BOT_TAKER;BOT_MAKER;VEV_4000;XIRECS;1255.0;1
17100;SUBMISSION;BOT_TAKER;VELVETFRUIT_EXTRACT;XIRECS;5258.0;5
17500;BOT_MAKER;BOT_TAKER;HYDROGEL_PACK;XIRECS;9963.0;4
17600;BOT_MAKER;BOT_TAKER;VEV_4000;XIRECS;1234.0;3
17700;BOT_TAKER;BOT_MAKER;VELVETFRUIT_EXTRACT;XIRECS;5265.0;7
17800;BOT_TAKER;BOT_MAKER;VEV_5500;XIRECS;7.0;5
17900;BOT_MAKER;BOT_TAKER;VELVETFRUIT_EXTRACT;XIRECS;5260.0;4
18000;BOT_MAKER;BOT_TAKER;VELVETFRUIT_EXTRACT;XIRECS;5260.0;6
18000;BOT_TAKER;BOT_MAKER;VEV_6500;XIRECS;1.0;4
18100;SUBMISSION;BOT_TAKER;HYDROGEL_PACK;XIRECS;9967.0;4
18300;BOT_MAKER;BOT_TAKER;HYDROGEL_PACK;XIRECS;9971.0;3
18300;BOT_TAKER;BOT_MAKER;VELVETFRUIT_EXTRACT;XIRECS;5265.0;10
18300;SUBMISSION;BOT_TAKER;VELVETFRUIT_EXTRACT;XIRECS;5261.0;5
18300;BOT_MAKER;BOT_TAKER;VELVETFRUIT_EXTRACT;XIRECS;5260.0;2
18300;BOT_TAKER;SUBMISSION;VEV_4000;XIRECS;1254.0;3
18400;BOT_TAKER;BOT_MAKER;HYDROGEL_PACK;XIRECS;9985.0;3
18400;BOT_TAKER;BOT_MAKER;VELVETFRUIT_EXTRACT;XIRECS;5264.0;7
18400;BOT_MAKER;BOT_TAKER;VEV_5500;XIRECS;6.0;5
18400;SUBMISSION;BOT_TAKER;VEV_4000;XIRECS;1236.0;1
18500;BOT_MAKER;BOT_TAKER;HYDROGEL_PACK;XIRECS;9968.0;5
18600;BOT_TAKER;BOT_MAKER;VEV_5500;XIRECS;7.0;2
18600;BOT_MAKER;BOT_TAKER;VEV_6000;XIRECS;0.0;4
18700;BOT_TAKER;BOT_MAKER;VELVETFRUIT_EXTRACT;XIRECS;5265.0;4
18700;BOT_MAKER;BOT_TAKER;VEV_4000;XIRECS;1236.0;3
18800;BOT_MAKER;BOT_TAKER;HYDROGEL_PACK;XIRECS;9967.0;3
18900;BOT_TAKER;BOT_MAKER;VEV_6500;XIRECS;1.0;3
19000;BOT_TAKER;SUBMISSION;VELVETFRUIT_EXTRACT;XIRECS;5263.0;5
19100;BOT_TAKER;BOT_MAKER;HYDROGEL_PACK;XIRECS;9982.0;5
19200;BOT_TAKER;BOT_MAKER;VELVETFRUIT_EXTRACT;XIRECS;5266.0;6
19200;BOT_TAKER;BOT_MAKER;VEV_4000;XIRECS;1260.0;2
19300;BOT_TAKER;BOT_MAKER;VELVETFRUIT_EXTRACT;XIRECS;5266.0;3
19300;BOT_MAKER;BOT_TAKER;VEV_5400;XIRECS;16.0;5
19400;BOT_TAKER;BOT_MAKER;HYDROGEL_PACK;XIRECS;9983.0;2
19500;BOT_TAKER;BOT_MAKER;HYDROGEL_PACK;XIRECS;9982.0;6
19500;BOT_TAKER;BOT_MAKER;VEV_4000;XIRECS;1259.0;3
19500;BOT_MAKER;BOT_TAKER;VEV_6500;XIRECS;0.0;4
19600;BOT_TAKER;BOT_MAKER;VEV_6500;XIRECS;1.0;4
19700;BOT_MAKER;BOT_TAKER;HYDROGEL_PACK;XIRECS;9966.0;2
19700;BOT_MAKER;BOT_TAKER;VEV_4000;XIRECS;1237.0;3
19700;BOT_TAKER;BOT_MAKER;VEV_5400;XIRECS;18.0;5
19800;BOT_TAKER;BOT_MAKER;VELVETFRUIT_EXTRACT;XIRECS;5263.0;6
19800;BOT_MAKER;BOT_TAKER;VEV_4000;XIRECS;1236.0;1
19900;BOT_TAKER;BOT_MAKER;HYDROGEL_PACK;XIRECS;9985.0;5
19900;BOT_TAKER;BOT_MAKER;VELVETFRUIT_EXTRACT;XIRECS;5264.0;8
20000;BOT_TAKER;BOT_MAKER;HYDROGEL_PACK;XIRECS;9982.0;3
20000;BOT_TAKER;BOT_MAKER;VELVETFRUIT_EXTRACT;XIRECS;5261.0;3
20100;BOT_TAKER;BOT_MAKER;HYDROGEL_PACK;XIRECS;9982.0;5
20100;BOT_MAKER;BOT_TAKER;VELVETFRUIT_EXTRACT;XIRECS;5256.0;8
20100;BOT_MAKER;BOT_TAKER;VEV_4000;XIRECS;1237.0;3
20200;BOT_TAKER;BOT_MAKER;VELVETFRUIT_EXTRACT;XIRECS;5262.0;8
20300;BOT_TAKER;BOT_MAKER;VELVETFRUIT_EXTRACT;XIRECS;5262.0;7
20300;BOT_TAKER;BOT_MAKER;VEV_5300;XIRECS;50.0;4
20300;BOT_TAKER;SUBMISSION;VEV_4000;XIRECS;1257.0;3
20400;BOT_TAKER;BOT_MAKER;VEV_6000;XIRECS;1.0;2
20500;BOT_MAKER;BOT_TAKER;HYDROGEL_PACK;XIRECS;9963.0;2
20600;BOT_MAKER;BOT_TAKER;HYDROGEL_PACK;XIRECS;9960.0;4
20600;BOT_MAKER;BOT_TAKER;VEV_5500;XIRECS;6.0;5
20700;BOT_MAKER;BOT_TAKER;VEV_4000;XIRECS;1241.0;3
20700;SUBMISSION;BOT_TAKER;VEV_4000;XIRECS;1242.0;1
20800;SUBMISSION;BOT_TAKER;HYDROGEL_PACK;XIRECS;9963.0;5
20900;BOT_TAKER;BOT_MAKER;VELVETFRUIT_EXTRACT;XIRECS;5261.0;3
20900;BOT_MAKER;BOT_TAKER;VELVETFRUIT_EXTRACT;XIRECS;5256.0;3
20900;BOT_MAKER;BOT_TAKER;VEV_5400;XIRECS;16.0;2
21000;BOT_TAKER;BOT_MAKER;VEV_5500;XIRECS;8.0;5
21100;BOT_TAKER;SUBMISSION;HYDROGEL_PACK;XIRECS;9973.0;5
21200;BOT_TAKER;BOT_MAKER;VELVETFRUIT_EXTRACT;XIRECS;5263.0;8
21200;BOT_MAKER;BOT_TAKER;VEV_4000;XIRECS;1238.0;2
21400;BOT_TAKER;BOT_MAKER;HYDROGEL_PACK;XIRECS;9972.0;2
21400;BOT_MAKER;BOT_TAKER;VELVETFRUIT_EXTRACT;XIRECS;5258.0;8
21500;BOT_TAKER;SUBMISSION;VELVETFRUIT_EXTRACT;XIRECS;5262.0;5
21600;BOT_MAKER;BOT_TAKER;VELVETFRUIT_EXTRACT;XIRECS;5257.0;7
21900;BOT_TAKER;BOT_MAKER;VELVETFRUIT_EXTRACT;XIRECS;5260.0;5
22000;BOT_MAKER;BOT_TAKER;HYDROGEL_PACK;XIRECS;9960.0;3
22000;BOT_TAKER;BOT_MAKER;VELVETFRUIT_EXTRACT;XIRECS;5260.0;4
22000;BOT_TAKER;BOT_MAKER;VEV_4000;XIRECS;1259.0;1
22000;BOT_MAKER;BOT_TAKER;VEV_6500;XIRECS;0.0;2
22100;BOT_MAKER;BOT_TAKER;HYDROGEL_PACK;XIRECS;9958.0;2
22100;BOT_MAKER;BOT_TAKER;VELVETFRUIT_EXTRACT;XIRECS;5254.0;7
22100;BOT_TAKER;BOT_MAKER;VEV_6500;XIRECS;1.0;3
22200;BOT_MAKER;BOT_TAKER;VEV_4000;XIRECS;1240.0;1
22300;BOT_MAKER;BOT_TAKER;HYDROGEL_PACK;XIRECS;9954.0;5
22300;BOT_TAKER;BOT_MAKER;VEV_6000;XIRECS;1.0;4
22300;BOT_TAKER;SUBMISSION;VEV_4000;XIRECS;1259.0;1
22500;BOT_MAKER;BOT_TAKER;VELVETFRUIT_EXTRACT;XIRECS;5254.0;6
22600;BOT_MAKER;BOT_TAKER;HYDROGEL_PACK;XIRECS;9953.0;3
22600;BOT_MAKER;BOT_TAKER;VEV_5400;XIRECS;18.0;4
22700;BOT_MAKER;BOT_TAKER;HYDROGEL_PACK;XIRECS;9950.0;3
22700;BOT_MAKER;BOT_TAKER;HYDROGEL_PACK;XIRECS;9950.0;3
22800;BOT_MAKER;BOT_TAKER;VELVETFRUIT_EXTRACT;XIRECS;5253.0;12
22900;BOT_TAKER;BOT_MAKER;HYDROGEL_PACK;XIRECS;9965.0;4
23000;BOT_TAKER;SUBMISSION;HYDROGEL_PACK;XIRECS;9966.0;5
23000;BOT_TAKER;BOT_MAKER;HYDROGEL_PACK;XIRECS;9967.0;1
23200;BOT_MAKER;BOT_TAKER;VELVETFRUIT_EXTRACT;XIRECS;5254.0;8
23200;BOT_TAKER;BOT_MAKER;VEV_6000;XIRECS;1.0;4
23300;BOT_TAKER;BOT_MAKER;HYDROGEL_PACK;XIRECS;9973.0;4
23400;BOT_MAKER;BOT_TAKER;HYDROGEL_PACK;XIRECS;9953.0;5
23500;BOT_MAKER;BOT_TAKER;VELVETFRUIT_EXTRACT;XIRECS;5251.0;6
23600;BOT_MAKER;BOT_TAKER;HYDROGEL_PACK;XIRECS;9952.0;5
23600;BOT_TAKER;BOT_MAKER;VELVETFRUIT_EXTRACT;XIRECS;5255.0;4
23600;BOT_TAKER;BOT_MAKER;VEV_5400;XIRECS;19.0;4
23700;BOT_MAKER;BOT_TAKER;VELVETFRUIT_EXTRACT;XIRECS;5250.0;8
23800;BOT_TAKER;BOT_MAKER;HYDROGEL_PACK;XIRECS;9968.0;5
23800;BOT_TAKER;BOT_MAKER;VELVETFRUIT_EXTRACT;XIRECS;5256.0;14
23900;BOT_TAKER;BOT_MAKER;HYDROGEL_PACK;XIRECS;9966.0;5
23900;BOT_TAKER;BOT_MAKER;VELVETFRUIT_EXTRACT;XIRECS;5255.0;6
24000;BOT_MAKER;BOT_TAKER;VEV_4000;XIRECS;1234.0;2
24000;BOT_TAKER;SUBMISSION;VELVETFRUIT_EXTRACT;XIRECS;5252.0;4
24200;BOT_MAKER;BOT_TAKER;HYDROGEL_PACK;XIRECS;9947.0;5
24300;BOT_TAKER;BOT_MAKER;VELVETFRUIT_EXTRACT;XIRECS;5253.0;8
24400;BOT_TAKER;BOT_MAKER;VELVETFRUIT_EXTRACT;XIRECS;5253.0;7
24400;BOT_MAKER;BOT_TAKER;VEV_4000;XIRECS;1236.0;1
24400;BOT_TAKER;BOT_MAKER;VEV_6500;XIRECS;1.0;2
24400;SUBMISSION;BOT_TAKER;VELVETFRUIT_EXTRACT;XIRECS;5249.0;4
24500;BOT_MAKER;BOT_TAKER;VELVETFRUIT_EXTRACT;XIRECS;5247.0;7
24500;BOT_TAKER;BOT_MAKER;VEV_5400;XIRECS;19.0;4
24600;BOT_TAKER;BOT_MAKER;VELVETFRUIT_EXTRACT;XIRECS;5253.0;4
24600;BOT_MAKER;BOT_TAKER;VEV_5400;XIRECS;17.0;4
24600;BOT_MAKER;BOT_TAKER;VEV_6000;XIRECS;0.0;2
24700;BOT_TAKER;BOT_MAKER;HYDROGEL_PACK;XIRECS;9967.0;6
24700;BOT_MAKER;BOT_TAKER;VEV_5500;XIRECS;6.0;5
25000;BOT_TAKER;BOT_MAKER;VEV_5300;XIRECS;50.0;2
25100;BOT_TAKER;BOT_MAKER;VELVETFRUIT_EXTRACT;XIRECS;5255.0;7
25100;BOT_TAKER;BOT_MAKER;VEV_5400;XIRECS;18.0;2
25200;BOT_TAKER;BOT_MAKER;VEV_6000;XIRECS;1.0;2
25200;BOT_MAKER;BOT_TAKER;VEV_6500;XIRECS;0.0;5
25300;BOT_MAKER;BOT_TAKER;HYDROGEL_PACK;XIRECS;9944.0;5
25300;BOT_TAKER;BOT_MAKER;VEV_6500;XIRECS;1.0;2
25400;BOT_MAKER;BOT_TAKER;HYDROGEL_PACK;XIRECS;9944.0;2
25400;BOT_MAKER;BOT_TAKER;HYDROGEL_PACK;XIRECS;9944.0;6
25400;BOT_MAKER;BOT_TAKER;VELVETFRUIT_EXTRACT;XIRECS;5250.0;6
25400;BOT_MAKER;BOT_TAKER;VEV_6500;XIRECS;0.0;5
25500;BOT_TAKER;BOT_MAKER;VELVETFRUIT_EXTRACT;XIRECS;5254.0;5
25600;BOT_TAKER;BOT_MAKER;VELVETFRUIT_EXTRACT;XIRECS;5255.0;7
25600;SUBMISSION;BOT_TAKER;VELVETFRUIT_EXTRACT;XIRECS;5251.0;5
25600;BOT_MAKER;BOT_TAKER;VELVETFRUIT_EXTRACT;XIRECS;5250.0;1
25700;BOT_MAKER;BOT_TAKER;VELVETFRUIT_EXTRACT;XIRECS;5250.0;5
25700;BOT_MAKER;BOT_TAKER;VELVETFRUIT_EXTRACT;XIRECS;5250.0;3
25800;BOT_MAKER;BOT_TAKER;HYDROGEL_PACK;XIRECS;9944.0;5
25800;BOT_TAKER;BOT_MAKER;VELVETFRUIT_EXTRACT;XIRECS;5256.0;4
25900;BOT_MAKER;BOT_TAKER;VELVETFRUIT_EXTRACT;XIRECS;5252.0;6
26000;BOT_MAKER;BOT_TAKER;HYDROGEL_PACK;XIRECS;9941.0;5
26000;BOT_MAKER;BOT_TAKER;VEV_4000;XIRECS;1241.0;1
26000;BOT_TAKER;SUBMISSION;VEV_4000;XIRECS;1261.0;2
26100;BOT_MAKER;BOT_TAKER;VELVETFRUIT_EXTRACT;XIRECS;5253.0;3
26100;SUBMISSION;BOT_TAKER;VELVETFRUIT_EXTRACT;XIRECS;5254.0;5
26100;BOT_MAKER;BOT_TAKER;VELVETFRUIT_EXTRACT;XIRECS;5253.0;1
26200;BOT_MAKER;BOT_TAKER;HYDROGEL_PACK;XIRECS;9942.0;6
26200;BOT_TAKER;BOT_MAKER;VELVETFRUIT_EXTRACT;XIRECS;5258.0;8
26200;BOT_TAKER;SUBMISSION;VEV_5300;XIRECS;50.0;4
26400;BOT_MAKER;BOT_TAKER;VEV_6000;XIRECS;0.0;4
26500;BOT_TAKER;BOT_MAKER;VEV_5400;XIRECS;16.0;2
26500;BOT_TAKER;BOT_MAKER;VEV_5400;XIRECS;17.0;1
26500;BOT_MAKER;BOT_TAKER;VEV_6000;XIRECS;0.0;5
26600;BOT_TAKER;BOT_MAKER;HYDROGEL_PACK;XIRECS;9958.0;3
26600;BOT_TAKER;BOT_MAKER;VELVETFRUIT_EXTRACT;XIRECS;5259.0;8
26600;BOT_MAKER;BOT_TAKER;VEV_6500;XIRECS;0.0;2
26700;BOT_MAKER;BOT_TAKER;HYDROGEL_PACK;XIRECS;9943.0;6
26800;BOT_MAKER;BOT_TAKER;VELVETFRUIT_EXTRACT;XIRECS;5253.0;7
26800;BOT_TAKER;SUBMISSION;HYDROGEL_PACK;XIRECS;9961.0;5
26900;BOT_TAKER;BOT_MAKER;HYDROGEL_PACK;XIRECS;9961.0;2
26900;BOT_MAKER;BOT_TAKER;VELVETFRUIT_EXTRACT;XIRECS;5253.0;6
27000;BOT_MAKER;BOT_TAKER;VELVETFRUIT_EXTRACT;XIRECS;5253.0;3
27000;BOT_TAKER;BOT_MAKER;VEV_5400;XIRECS;17.0;5
27100;BOT_MAKER;BOT_TAKER;VEV_5400;XIRECS;15.0;4
27100;BOT_TAKER;BOT_MAKER;VEV_5500;XIRECS;8.0;5
27100;BOT_MAKER;BOT_TAKER;VEV_6500;XIRECS;0.0;2
27200;BOT_TAKER;BOT_MAKER;VELVETFRUIT_EXTRACT;XIRECS;5257.0;4
27200;BOT_TAKER;BOT_MAKER;VEV_4000;XIRECS;1263.0;3
27300;BOT_TAKER;BOT_MAKER;VELVETFRUIT_EXTRACT;XIRECS;5257.0;5
27400;BOT_TAKER;BOT_MAKER;VEV_4000;XIRECS;1265.0;2
27500;BOT_TAKER;BOT_MAKER;HYDROGEL_PACK;XIRECS;9962.0;6
27500;BOT_MAKER;BOT_TAKER;VEV_6000;XIRECS;0.0;4
27600;BOT_MAKER;BOT_TAKER;HYDROGEL_PACK;XIRECS;9947.0;3
27700;BOT_TAKER;BOT_MAKER;VELVETFRUIT_EXTRACT;XIRECS;5256.0;7
27700;BOT_TAKER;BOT_MAKER;VEV_4000;XIRECS;1264.0;3
27700;BOT_TAKER;BOT_MAKER;VEV_6000;XIRECS;1.0;3
27800;BOT_TAKER;BOT_MAKER;HYDROGEL_PACK;XIRECS;9962.0;3
27800;BOT_TAKER;SUBMISSION;VELVETFRUIT_EXTRACT;XIRECS;5256.0;5
28000;BOT_TAKER;BOT_MAKER;HYDROGEL_PACK;XIRECS;9968.0;5
28100;BOT_MAKER;BOT_TAKER;VEV_5500;XIRECS;6.0;3
28100;BOT_TAKER;BOT_MAKER;VEV_6500;XIRECS;1.0;2
28200;BOT_TAKER;BOT_MAKER;VELVETFRUIT_EXTRACT;XIRECS;5257.0;11
28300;BOT_TAKER;BOT_MAKER;VELVETFRUIT_EXTRACT;XIRECS;5258.0;8
28300;BOT_TAKER;BOT_MAKER;VEV_6000;XIRECS;1.0;4
28500;BOT_MAKER;BOT_TAKER;VEV_6500;XIRECS;0.0;2
28500;BOT_TAKER;SUBMISSION;VELVETFRUIT_EXTRACT;XIRECS;5259.0;5
28500;BOT_TAKER;BOT_MAKER;VELVETFRUIT_EXTRACT;XIRECS;5260.0;1
28600;BOT_MAKER;BOT_TAKER;VELVETFRUIT_EXTRACT;XIRECS;5254.0;3
28700;BOT_MAKER;BOT_TAKER;VEV_4000;XIRECS;1240.0;3
28800;BOT_MAKER;BOT_TAKER;HYDROGEL_PACK;XIRECS;9953.0;4
28800;BOT_MAKER;BOT_TAKER;VELVETFRUIT_EXTRACT;XIRECS;5252.0;8
28800;BOT_MAKER;BOT_TAKER;VEV_5400;XIRECS;15.0;2
28800;BOT_MAKER;BOT_TAKER;VEV_6000;XIRECS;0.0;4
28900;BOT_MAKER;BOT_TAKER;HYDROGEL_PACK;XIRECS;9953.0;3
28900;BOT_MAKER;BOT_TAKER;VEV_4000;XIRECS;1242.0;1
29000;BOT_TAKER;BOT_MAKER;VELVETFRUIT_EXTRACT;XIRECS;5258.0;7
29100;BOT_TAKER;BOT_MAKER;VEV_6000;XIRECS;1.0;5
29100;BOT_MAKER;BOT_TAKER;VEV_6500;XIRECS;0.0;3
29200;SUBMISSION;BOT_TAKER;HYDROGEL_PACK;XIRECS;9956.0;5
29300;BOT_MAKER;BOT_TAKER;VEV_5300;XIRECS;50.0;2
29400;BOT_TAKER;BOT_MAKER;HYDROGEL_PACK;XIRECS;9966.0;5
29400;BOT_MAKER;BOT_TAKER;VEV_6000;XIRECS;0.0;4
29500;BOT_MAKER;BOT_TAKER;VELVETFRUIT_EXTRACT;XIRECS;5255.0;3
29800;BOT_TAKER;BOT_MAKER;HYDROGEL_PACK;XIRECS;9966.0;3
29800;BOT_TAKER;BOT_MAKER;VELVETFRUIT_EXTRACT;XIRECS;5261.0;9
29800;BOT_TAKER;BOT_MAKER;VEV_6000;XIRECS;1.0;2
29800;BOT_TAKER;SUBMISSION;HYDROGEL_PACK;XIRECS;9965.0;5
29800;BOT_TAKER;BOT_MAKER;HYDROGEL_PACK;XIRECS;9966.0;1
29800;SUBMISSION;BOT_TAKER;VELVETFRUIT_EXTRACT;XIRECS;5257.0;5
29800;BOT_MAKER;BOT_TAKER;VELVETFRUIT_EXTRACT;XIRECS;5256.0;2
29900;BOT_TAKER;BOT_MAKER;HYDROGEL_PACK;XIRECS;9968.0;3
29900;BOT_TAKER;BOT_MAKER;VEV_4000;XIRECS;1267.0;2
30000;BOT_TAKER;BOT_MAKER;HYDROGEL_PACK;XIRECS;9966.0;6
30000;BOT_TAKER;BOT_MAKER;VEV_6500;XIRECS;1.0;5
30100;BOT_MAKER;BOT_TAKER;HYDROGEL_PACK;XIRECS;9948.0;4
30100;BOT_MAKER;BOT_TAKER;VEV_6500;XIRECS;0.0;5
30100;SUBMISSION;BOT_TAKER;VEV_4000;XIRECS;1245.0;1
30200;BOT_MAKER;BOT_TAKER;VEV_6000;XIRECS;0.0;5
30300;BOT_MAKER;BOT_TAKER;HYDROGEL_PACK;XIRECS;9947.0;3
30300;BOT_TAKER;BOT_MAKER;VELVETFRUIT_EXTRACT;XIRECS;5262.0;4
30300;BOT_TAKER;BOT_MAKER;VEV_6000;XIRECS;1.0;4
30400;BOT_TAKER;BOT_MAKER;VEV_6500;XIRECS;1.0;3
30500;BOT_MAKER;BOT_TAKER;HYDROGEL_PACK;XIRECS;9943.0;2
30500;BOT_TAKER;BOT_MAKER;VEV_4000;XIRECS;1267.0;1
30600;BOT_TAKER;BOT_MAKER;VELVETFRUIT_EXTRACT;XIRECS;5261.0;7
30600;BOT_TAKER;BOT_MAKER;VEV_5400;XIRECS;17.0;5
30900;BOT_MAKER;BOT_TAKER;HYDROGEL_PACK;XIRECS;9938.0;2
30900;BOT_TAKER;BOT_MAKER;VELVETFRUIT_EXTRACT;XIRECS;5263.0;5
30900;BOT_TAKER;SUBMISSION;HYDROGEL_PACK;XIRECS;9953.0;2
31100;BOT_MAKER;BOT_TAKER;VEV_5400;XIRECS;15.0;3
31200;BOT_MAKER;BOT_TAKER;VELVETFRUIT_EXTRACT;XIRECS;5258.0;5
31300;BOT_TAKER;BOT_MAKER;HYDROGEL_PACK;XIRECS;9955.0;4
31600;BOT_MAKER;BOT_TAKER;HYDROGEL_PACK;XIRECS;9938.0;5
31600;BOT_MAKER;BOT_TAKER;VELVETFRUIT_EXTRACT;XIRECS;5257.0;6
31600;BOT_MAKER;BOT_TAKER;VEV_5400;XIRECS;14.0;2
31600;SUBMISSION;BOT_TAKER;VELVETFRUIT_EXTRACT;XIRECS;5258.0;5
31600;BOT_MAKER;BOT_TAKER;VELVETFRUIT_EXTRACT;XIRECS;5257.0;1
31700;BOT_MAKER;BOT_TAKER;VELVETFRUIT_EXTRACT;XIRECS;5256.0;8
31700;BOT_TAKER;BOT_MAKER;VELVETFRUIT_EXTRACT;XIRECS;5261.0;7
31700;SUBMISSION;BOT_TAKER;HYDROGEL_PACK;XIRECS;9938.0;5
31700;BOT_MAKER;BOT_TAKER;HYDROGEL_PACK;XIRECS;9937.0;1
31800;BOT_TAKER;BOT_MAKER;HYDROGEL_PACK;XIRECS;9951.0;5
31800;BOT_TAKER;BOT_MAKER;VELVETFRUIT_EXTRACT;XIRECS;5260.0;7
31800;BOT_TAKER;BOT_MAKER;VEV_4000;XIRECS;1264.0;2
31900;BOT_TAKER;BOT_MAKER;HYDROGEL_PACK;XIRECS;9951.0;5
31900;BOT_TAKER;BOT_MAKER;VELVETFRUIT_EXTRACT;XIRECS;5260.0;7
31900;SUBMISSION;BOT_TAKER;HYDROGEL_PACK;XIRECS;9936.0;4
31900;SUBMISSION;BOT_TAKER;VEV_4000;XIRECS;1245.0;3
32000;BOT_TAKER;BOT_MAKER;HYDROGEL_PACK;XIRECS;9947.0;2
32000;BOT_TAKER;BOT_MAKER;VELVETFRUIT_EXTRACT;XIRECS;5260.0;3
32100;BOT_MAKER;BOT_TAKER;VEV_5500;XIRECS;5.0;4
32100;BOT_MAKER;BOT_TAKER;VEV_6000;XIRECS;0.0;5
32100;BOT_TAKER;SUBMISSION;VELVETFRUIT_EXTRACT;XIRECS;5261.0;5
32100;BOT_TAKER;BOT_MAKER;VELVETFRUIT_EXTRACT;XIRECS;5262.0;2
32200;BOT_TAKER;BOT_MAKER;VEV_4000;XIRECS;1268.0;2
32300;BOT_TAKER;BOT_MAKER;HYDROGEL_PACK;XIRECS;9948.0;4
32300;BOT_TAKER;BOT_MAKER;VELVETFRUIT_EXTRACT;XIRECS;5262.0;6
32400;BOT_TAKER;BOT_MAKER;VEV_4000;XIRECS;1266.0;2
32500;BOT_MAKER;BOT_TAKER;VELVETFRUIT_EXTRACT;XIRECS;5255.0;5
32600;SUBMISSION;BOT_TAKER;HYDROGEL_PACK;XIRECS;9932.0;3
32600;SUBMISSION;BOT_TAKER;VELVETFRUIT_EXTRACT;XIRECS;5256.0;5
32600;BOT_MAKER;BOT_TAKER;VELVETFRUIT_EXTRACT;XIRECS;5255.0;3
32700;BOT_MAKER;BOT_TAKER;VEV_4000;XIRECS;1247.0;3
32800;BOT_MAKER;BOT_TAKER;VELVETFRUIT_EXTRACT;XIRECS;5253.0;5
32800;BOT_TAKER;BOT_MAKER;VEV_6000;XIRECS;1.0;2
32900;BOT_TAKER;BOT_MAKER;VELVETFRUIT_EXTRACT;XIRECS;5259.0;8
33000;BOT_TAKER;BOT_MAKER;VELVETFRUIT_EXTRACT;XIRECS;5259.0;10
33000;SUBMISSION;BOT_TAKER;HYDROGEL_PACK;XIRECS;9929.0;5
33100;BOT_MAKER;BOT_TAKER;HYDROGEL_PACK;XIRECS;9927.0;3
33100;BOT_MAKER;BOT_TAKER;VEV_6500;XIRECS;0.0;4
33200;BOT_MAKER;BOT_TAKER;VELVETFRUIT_EXTRACT;XIRECS;5253.0;5
33300;BOT_TAKER;BOT_MAKER;HYDROGEL_PACK;XIRECS;9944.0;2
33400;BOT_TAKER;BOT_MAKER;VEV_5400;XIRECS;16.0;2
33400;SUBMISSION;BOT_TAKER;HYDROGEL_PACK;XIRECS;9929.0;5
33400;BOT_MAKER;BOT_TAKER;HYDROGEL_PACK;XIRECS;9928.0;1
33500;BOT_TAKER;BOT_MAKER;VEV_5400;XIRECS;16.0;4
33600;BOT_TAKER;BOT_MAKER;HYDROGEL_PACK;XIRECS;9952.0;6
33600;BOT_TAKER;BOT_MAKER;VELVETFRUIT_EXTRACT;XIRECS;5257.0;6
33600;BOT_TAKER;BOT_MAKER;VEV_6000;XIRECS;1.0;3
33900;BOT_MAKER;BOT_TAKER;VELVETFRUIT_EXTRACT;XIRECS;5253.0;4
33900;BOT_TAKER;SUBMISSION;VELVETFRUIT_EXTRACT;XIRECS;5256.0;5
33900;BOT_TAKER;BOT_MAKER;VELVETFRUIT_EXTRACT;XIRECS;5257.0;2
34000;BOT_MAKER;BOT_TAKER;VEV_4000;XIRECS;1243.0;1
34100;BOT_MAKER;BOT_TAKER;VELVETFRUIT_EXTRACT;XIRECS;5253.0;5
34100;BOT_TAKER;BOT_MAKER;VEV_4000;XIRECS;1264.0;2
34200;BOT_MAKER;BOT_TAKER;HYDROGEL_PACK;XIRECS;9938.0;3
34200;BOT_MAKER;BOT_TAKER;VELVETFRUIT_EXTRACT;XIRECS;5253.0;6
34200;BOT_MAKER;BOT_TAKER;VEV_5500;XIRECS;5.0;5
34200;BOT_MAKER;BOT_TAKER;VEV_5500;XIRECS;5.0;3
34300;BOT_MAKER;BOT_TAKER;HYDROGEL_PACK;XIRECS;9938.0;5
34300;BOT_MAKER;BOT_TAKER;VEV_5400;XIRECS;13.0;5
34300;BOT_TAKER;BOT_MAKER;VEV_6000;XIRECS;1.0;4
34400;BOT_TAKER;BOT_MAKER;HYDROGEL_PACK;XIRECS;9956.0;3
34400;BOT_TAKER;BOT_MAKER;VEV_5400;XIRECS;15.0;3
34600;BOT_MAKER;BOT_TAKER;HYDROGEL_PACK;XIRECS;9940.0;2
34600;BOT_TAKER;BOT_MAKER;VELVETFRUIT_EXTRACT;XIRECS;5257.0;6
34700;BOT_MAKER;BOT_TAKER;VEV_6000;XIRECS;0.0;2
34800;BOT_MAKER;BOT_TAKER;VELVETFRUIT_EXTRACT;XIRECS;5252.0;5
34800;BOT_MAKER;BOT_TAKER;VEV_5500;XIRECS;5.0;4
34900;BOT_MAKER;BOT_TAKER;VELVETFRUIT_EXTRACT;XIRECS;5253.0;10
35000;BOT_MAKER;BOT_TAKER;VELVETFRUIT_EXTRACT;XIRECS;5253.0;5
35000;SUBMISSION;BOT_TAKER;HYDROGEL_PACK;XIRECS;9938.0;5
35100;BOT_MAKER;BOT_TAKER;VEV_5400;XIRECS;14.0;5
35300;BOT_TAKER;BOT_MAKER;HYDROGEL_PACK;XIRECS;9952.0;3
35300;BOT_MAKER;BOT_TAKER;VELVETFRUIT_EXTRACT;XIRECS;5254.0;7
35300;BOT_TAKER;SUBMISSION;VELVETFRUIT_EXTRACT;XIRECS;5259.0;4
35400;BOT_MAKER;BOT_TAKER;VELVETFRUIT_EXTRACT;XIRECS;5255.0;7
35400;BOT_MAKER;BOT_TAKER;VELVETFRUIT_EXTRACT;XIRECS;5255.0;3
35500;BOT_TAKER;BOT_MAKER;VELVETFRUIT_EXTRACT;XIRECS;5261.0;8
35500;BOT_TAKER;BOT_MAKER;VEV_4000;XIRECS;1265.0;3
35500;BOT_TAKER;BOT_MAKER;VEV_5400;XIRECS;15.0;3
35600;BOT_TAKER;BOT_MAKER;VEV_4000;XIRECS;1264.0;3
35800;BOT_MAKER;BOT_TAKER;HYDROGEL_PACK;XIRECS;9931.0;2
35800;SUBMISSION;BOT_TAKER;HYDROGEL_PACK;XIRECS;9932.0;2
35800;BOT_TAKER;SUBMISSION;VELVETFRUIT_EXTRACT;XIRECS;5259.0;5
35800;BOT_TAKER;BOT_MAKER;VELVETFRUIT_EXTRACT;XIRECS;5260.0;3
35900;BOT_MAKER;BOT_TAKER;VELVETFRUIT_EXTRACT;XIRECS;5256.0;10
35900;BOT_TAKER;BOT_MAKER;VEV_4000;XIRECS;1265.0;1
36000;BOT_TAKER;BOT_MAKER;VELVETFRUIT_EXTRACT;XIRECS;5261.0;5
36100;BOT_MAKER;BOT_TAKER;VELVETFRUIT_EXTRACT;XIRECS;5254.0;7
36100;BOT_TAKER;BOT_MAKER;VEV_4000;XIRECS;1265.0;3
36100;BOT_TAKER;BOT_MAKER;VEV_6000;XIRECS;1.0;5
36300;BOT_TAKER;BOT_MAKER;VELVETFRUIT_EXTRACT;XIRECS;5256.0;7
36300;BOT_MAKER;BOT_TAKER;VEV_5500;XIRECS;5.0;4
36300;BOT_TAKER;SUBMISSION;VELVETFRUIT_EXTRACT;XIRECS;5255.0;5
36300;BOT_TAKER;BOT_MAKER;VELVETFRUIT_EXTRACT;XIRECS;5256.0;6
36400;BOT_TAKER;BOT_MAKER;VELVETFRUIT_EXTRACT;XIRECS;5256.0;8
36500;BOT_TAKER;BOT_MAKER;HYDROGEL_PACK;XIRECS;9938.0;3
36500;BOT_MAKER;BOT_TAKER;VELVETFRUIT_EXTRACT;XIRECS;5251.0;8
36500;SUBMISSION;BOT_TAKER;VEV_4000;XIRECS;1245.0;1
36800;BOT_TAKER;BOT_MAKER;HYDROGEL_PACK;XIRECS;9945.0;2
36800;BOT_MAKER;BOT_TAKER;HYDROGEL_PACK;XIRECS;9929.0;6
36800;BOT_TAKER;BOT_MAKER;VEV_6000;XIRECS;1.0;2
36800;BOT_TAKER;SUBMISSION;VEV_4000;XIRECS;1267.0;3
36900;BOT_MAKER;BOT_TAKER;VELVETFRUIT_EXTRACT;XIRECS;5250.0;7
36900;BOT_TAKER;BOT_MAKER;VEV_5500;XIRECS;6.0;4
37200;BOT_TAKER;BOT_MAKER;HYDROGEL_PACK;XIRECS;9949.0;5
37300;BOT_MAKER;BOT_TAKER;HYDROGEL_PACK;XIRECS;9936.0;5
37500;BOT_TAKER;BOT_MAKER;VELVETFRUIT_EXTRACT;XIRECS;5254.0;8
37500;SUBMISSION;BOT_TAKER;VELVETFRUIT_EXTRACT;XIRECS;5251.0;5
37500;BOT_MAKER;BOT_TAKER;VELVETFRUIT_EXTRACT;XIRECS;5250.0;1
37600;BOT_TAKER;BOT_MAKER;VEV_6500;XIRECS;1.0;5
37700;BOT_TAKER;BOT_MAKER;VELVETFRUIT_EXTRACT;XIRECS;5253.0;3
37800;BOT_MAKER;BOT_TAKER;VELVETFRUIT_EXTRACT;XIRECS;5247.0;5
37800;BOT_TAKER;SUBMISSION;HYDROGEL_PACK;XIRECS;9942.0;5
37900;BOT_TAKER;BOT_MAKER;VELVETFRUIT_EXTRACT;XIRECS;5252.0;3
38000;BOT_TAKER;BOT_MAKER;VELVETFRUIT_EXTRACT;XIRECS;5251.0;7
38100;BOT_TAKER;BOT_MAKER;HYDROGEL_PACK;XIRECS;9946.0;3
38200;BOT_TAKER;BOT_MAKER;HYDROGEL_PACK;XIRECS;9947.0;2
38200;BOT_TAKER;BOT_MAKER;VELVETFRUIT_EXTRACT;XIRECS;5250.0;6
38300;BOT_TAKER;BOT_MAKER;HYDROGEL_PACK;XIRECS;9947.0;2
38400;BOT_TAKER;BOT_MAKER;HYDROGEL_PACK;XIRECS;9946.0;3
38400;BOT_MAKER;BOT_TAKER;VELVETFRUIT_EXTRACT;XIRECS;5245.0;3
38500;BOT_MAKER;BOT_TAKER;VELVETFRUIT_EXTRACT;XIRECS;5244.0;8
38500;BOT_MAKER;BOT_TAKER;VEV_6000;XIRECS;0.0;4
38500;BOT_MAKER;BOT_TAKER;VEV_6500;XIRECS;0.0;2
38600;BOT_TAKER;BOT_MAKER;VELVETFRUIT_EXTRACT;XIRECS;5249.0;4
38600;BOT_TAKER;SUBMISSION;HYDROGEL_PACK;XIRECS;9941.0;5
38600;BOT_TAKER;BOT_MAKER;HYDROGEL_PACK;XIRECS;9942.0;1
38700;BOT_MAKER;BOT_TAKER;HYDROGEL_PACK;XIRECS;9926.0;2
38800;BOT_TAKER;BOT_MAKER;VELVETFRUIT_EXTRACT;XIRECS;5249.0;7
38800;BOT_MAKER;BOT_TAKER;VEV_4000;XIRECS;1248.0;1
38900;BOT_MAKER;BOT_TAKER;HYDROGEL_PACK;XIRECS;9925.0;5
39000;BOT_TAKER;BOT_MAKER;HYDROGEL_PACK;XIRECS;9943.0;5
39000;BOT_TAKER;BOT_MAKER;VELVETFRUIT_EXTRACT;XIRECS;5251.0;4
39100;BOT_MAKER;BOT_TAKER;VELVETFRUIT_EXTRACT;XIRECS;5245.0;6
39100;BOT_MAKER;BOT_TAKER;VEV_5500;XIRECS;5.0;5
39300;BOT_MAKER;BOT_TAKER;VEV_4000;XIRECS;1247.0;3
39300;BOT_TAKER;SUBMISSION;VELVETFRUIT_EXTRACT;XIRECS;5249.0;5
39300;BOT_TAKER;BOT_MAKER;VELVETFRUIT_EXTRACT;XIRECS;5250.0;5
39400;BOT_MAKER;BOT_TAKER;HYDROGEL_PACK;XIRECS;9925.0;5
39600;BOT_TAKER;BOT_MAKER;VELVETFRUIT_EXTRACT;XIRECS;5248.0;8
39600;SUBMISSION;BOT_TAKER;VELVETFRUIT_EXTRACT;XIRECS;5245.0;5
39600;BOT_MAKER;BOT_TAKER;VELVETFRUIT_EXTRACT;XIRECS;5244.0;2
39700;BOT_MAKER;BOT_TAKER;VEV_4000;XIRECS;1248.0;3
39800;BOT_MAKER;BOT_TAKER;VELVETFRUIT_EXTRACT;XIRECS;5244.0;7
39800;BOT_MAKER;BOT_TAKER;VEV_5200;XIRECS;129.0;4
40100;BOT_MAKER;BOT_TAKER;VELVETFRUIT_EXTRACT;XIRECS;5244.0;8
40200;BOT_MAKER;BOT_TAKER;HYDROGEL_PACK;XIRECS;9930.0;2
40200;BOT_MAKER;BOT_TAKER;VELVETFRUIT_EXTRACT;XIRECS;5245.0;7
40600;BOT_MAKER;BOT_TAKER;VELVETFRUIT_EXTRACT;XIRECS;5241.0;4
40600;BOT_TAKER;BOT_MAKER;VEV_6500;XIRECS;1.0;4
40700;BOT_MAKER;BOT_TAKER;HYDROGEL_PACK;XIRECS;9938.0;5
40700;BOT_MAKER;BOT_TAKER;VEV_4000;XIRECS;1248.0;3
40800;BOT_TAKER;BOT_MAKER;HYDROGEL_PACK;XIRECS;9951.0;2
40900;BOT_MAKER;BOT_TAKER;VEV_4000;XIRECS;1245.0;2
41000;BOT_TAKER;BOT_MAKER;VELVETFRUIT_EXTRACT;XIRECS;5247.0;5
41100;BOT_TAKER;BOT_MAKER;VELVETFRUIT_EXTRACT;XIRECS;5247.0;12
41200;BOT_MAKER;BOT_TAKER;HYDROGEL_PACK;XIRECS;9934.0;3
41200;BOT_TAKER;BOT_MAKER;VELVETFRUIT_EXTRACT;XIRECS;5247.0;8
41200;BOT_TAKER;BOT_MAKER;VEV_5400;XIRECS;15.0;4
41300;BOT_TAKER;BOT_MAKER;VELVETFRUIT_EXTRACT;XIRECS;5248.0;5
41300;BOT_MAKER;BOT_TAKER;VEV_4000;XIRECS;1246.0;2
41300;BOT_TAKER;BOT_MAKER;VEV_5500;XIRECS;6.0;3
41400;BOT_TAKER;BOT_MAKER;HYDROGEL_PACK;XIRECS;9950.0;2
41400;BOT_MAKER;BOT_TAKER;VEV_6500;XIRECS;0.0;4
41400;BOT_TAKER;SUBMISSION;VEV_4000;XIRECS;1265.0;1
41600;BOT_MAKER;BOT_TAKER;HYDROGEL_PACK;XIRECS;9938.0;4
41600;BOT_TAKER;BOT_MAKER;HYDROGEL_PACK;XIRECS;9954.0;6
41600;BOT_MAKER;BOT_TAKER;VELVETFRUIT_EXTRACT;XIRECS;5241.0;4
41700;BOT_TAKER;BOT_MAKER;HYDROGEL_PACK;XIRECS;9953.0;2
41800;BOT_TAKER;BOT_MAKER;VELVETFRUIT_EXTRACT;XIRECS;5246.0;3
41900;BOT_MAKER;BOT_TAKER;HYDROGEL_PACK;XIRECS;9931.0;5
42000;BOT_MAKER;BOT_TAKER;VELVETFRUIT_EXTRACT;XIRECS;5241.0;3
42000;BOT_TAKER;BOT_MAKER;VEV_5500;XIRECS;5.0;4
42100;BOT_TAKER;BOT_MAKER;HYDROGEL_PACK;XIRECS;9946.0;3
42200;BOT_MAKER;BOT_TAKER;HYDROGEL_PACK;XIRECS;9929.0;4
42200;BOT_MAKER;BOT_TAKER;VELVETFRUIT_EXTRACT;XIRECS;5241.0;13
42300;BOT_MAKER;BOT_TAKER;HYDROGEL_PACK;XIRECS;9927.0;6
42300;BOT_MAKER;BOT_TAKER;VELVETFRUIT_EXTRACT;XIRECS;5242.0;10
42300;BOT_TAKER;BOT_MAKER;VEV_5400;XIRECS;15.0;2
42400;BOT_MAKER;BOT_TAKER;VELVETFRUIT_EXTRACT;XIRECS;5242.0;7
42400;BOT_TAKER;SUBMISSION;VEV_5400;XIRECS;14.0;5
42600;BOT_TAKER;BOT_MAKER;HYDROGEL_PACK;XIRECS;9941.0;4
42600;BOT_TAKER;BOT_MAKER;VEV_5100;XIRECS;165.0;1
42700;BOT_TAKER;BOT_MAKER;VELVETFRUIT_EXTRACT;XIRECS;5248.0;8
42800;BOT_TAKER;BOT_MAKER;HYDROGEL_PACK;XIRECS;9942.0;5
42800;BOT_MAKER;BOT_TAKER;VEV_5400;XIRECS;13.0;5
42900;BOT_MAKER;BOT_TAKER;HYDROGEL_PACK;XIRECS;9925.0;2
42900;BOT_TAKER;BOT_MAKER;VEV_4000;XIRECS;1265.0;1
42900;BOT_MAKER;BOT_TAKER;VEV_5400;XIRECS;13.0;5
42900;BOT_TAKER;BOT_MAKER;VEV_6000;XIRECS;1.0;4
43000;BOT_TAKER;BOT_MAKER;VEV_6000;XIRECS;1.0;3
43100;BOT_TAKER;BOT_MAKER;VELVETFRUIT_EXTRACT;XIRECS;5247.0;6
43100;BOT_MAKER;BOT_TAKER;VEV_5400;XIRECS;14.0;5
43200;BOT_TAKER;BOT_MAKER;HYDROGEL_PACK;XIRECS;9945.0;2
43200;BOT_MAKER;BOT_TAKER;VELVETFRUIT_EXTRACT;XIRECS;5241.0;8
43200;BOT_MAKER;BOT_TAKER;VEV_6500;XIRECS;0.0;4
43400;BOT_MAKER;BOT_TAKER;HYDROGEL_PACK;XIRECS;9930.0;6
43500;BOT_TAKER;BOT_MAKER;HYDROGEL_PACK;XIRECS;9949.0;5
43500;BOT_MAKER;BOT_TAKER;VEV_6000;XIRECS;0.0;2
43500;BOT_MAKER;BOT_TAKER;VEV_6000;XIRECS;0.0;2
43500;BOT_TAKER;SUBMISSION;HYDROGEL_PACK;XIRECS;9948.0;2
43600;BOT_TAKER;SUBMISSION;VEV_4000;XIRECS;1266.0;3
43700;BOT_TAKER;BOT_MAKER;VELVETFRUIT_EXTRACT;XIRECS;5243.0;13
43800;BOT_TAKER;SUBMISSION;HYDROGEL_PACK;XIRECS;9953.0;4
43900;SUBMISSION;BOT_TAKER;VELVETFRUIT_EXTRACT;XIRECS;5239.0;5
43900;BOT_MAKER;BOT_TAKER;VELVETFRUIT_EXTRACT;XIRECS;5238.0;8
44000;BOT_TAKER;BOT_MAKER;HYDROGEL_PACK;XIRECS;9954.0;4
44000;BOT_TAKER;BOT_MAKER;VEV_5500;XIRECS;5.0;3
44100;BOT_TAKER;BOT_MAKER;HYDROGEL_PACK;XIRECS;9952.0;2
44100;BOT_MAKER;BOT_TAKER;VEV_4000;XIRECS;1246.0;2
44200;SUBMISSION;BOT_TAKER;VELVETFRUIT_EXTRACT;XIRECS;5240.0;4
44200;SUBMISSION;BOT_TAKER;VEV_4000;XIRECS;1246.0;3
44300;BOT_MAKER;BOT_TAKER;HYDROGEL_PACK;XIRECS;9932.0;4
44300;BOT_TAKER;BOT_MAKER;VELVETFRUIT_EXTRACT;XIRECS;5244.0;6
44300;BOT_TAKER;BOT_MAKER;VEV_4000;XIRECS;1264.0;3
44400;BOT_TAKER;SUBMISSION;HYDROGEL_PACK;XIRECS;9950.0;5
44400;BOT_TAKER;BOT_MAKER;HYDROGEL_PACK;XIRECS;9951.0;1
44500;BOT_MAKER;BOT_TAKER;HYDROGEL_PACK;XIRECS;9936.0;4
44800;BOT_TAKER;BOT_MAKER;VELVETFRUIT_EXTRACT;XIRECS;5246.0;6
44900;BOT_TAKER;BOT_MAKER;VEV_4000;XIRECS;1265.0;2
45000;BOT_TAKER;BOT_MAKER;VELVETFRUIT_EXTRACT;XIRECS;5248.0;10
45000;BOT_MAKER;BOT_TAKER;VEV_4000;XIRECS;1244.0;3
45100;BOT_TAKER;BOT_MAKER;VEV_5400;XIRECS;16.0;5
45200;BOT_MAKER;BOT_TAKER;VELVETFRUIT_EXTRACT;XIRECS;5242.0;7
45300;BOT_MAKER;BOT_TAKER;HYDROGEL_PACK;XIRECS;9941.0;5
45400;BOT_TAKER;BOT_MAKER;HYDROGEL_PACK;XIRECS;9955.0;5
45500;BOT_MAKER;BOT_TAKER;VEV_4000;XIRECS;1243.0;3
45500;BOT_TAKER;SUBMISSION;VELVETFRUIT_EXTRACT;XIRECS;5243.0;5
45500;BOT_TAKER;BOT_MAKER;VELVETFRUIT_EXTRACT;XIRECS;5244.0;3
45700;BOT_MAKER;BOT_TAKER;VELVETFRUIT_EXTRACT;XIRECS;5237.0;9
45800;BOT_TAKER;BOT_MAKER;HYDROGEL_PACK;XIRECS;9952.0;4
45800;BOT_MAKER;BOT_TAKER;VELVETFRUIT_EXTRACT;XIRECS;5237.0;8
45900;BOT_TAKER;BOT_MAKER;HYDROGEL_PACK;XIRECS;9953.0;2
45900;BOT_MAKER;BOT_TAKER;VEV_6000;XIRECS;0.0;4
45900;BOT_MAKER;BOT_TAKER;VEV_6500;XIRECS;0.0;5
46000;BOT_MAKER;BOT_TAKER;HYDROGEL_PACK;XIRECS;9937.0;3
46000;BOT_TAKER;BOT_MAKER;VELVETFRUIT_EXTRACT;XIRECS;5241.0;5
46000;BOT_TAKER;BOT_MAKER;VEV_5500;XIRECS;6.0;2
46200;BOT_MAKER;BOT_TAKER;HYDROGEL_PACK;XIRECS;9929.0;3
46200;BOT_MAKER;BOT_TAKER;VELVETFRUIT_EXTRACT;XIRECS;5233.0;4
46400;BOT_MAKER;BOT_TAKER;VEV_5400;XIRECS;13.0;4
46400;BOT_MAKER;BOT_TAKER;VEV_5400;XIRECS;13.0;4
46500;BOT_MAKER;BOT_TAKER;VELVETFRUIT_EXTRACT;XIRECS;5233.0;4
46500;SUBMISSION;BOT_TAKER;HYDROGEL_PACK;XIRECS;9928.0;5
46600;BOT_MAKER;BOT_TAKER;HYDROGEL_PACK;XIRECS;9928.0;4
46700;BOT_MAKER;BOT_TAKER;HYDROGEL_PACK;XIRECS;9929.0;3
46700;BOT_TAKER;BOT_MAKER;VEV_4000;XIRECS;1269.0;3
46800;BOT_MAKER;BOT_TAKER;HYDROGEL_PACK;XIRECS;9929.0;6
46800;BOT_TAKER;BOT_MAKER;VELVETFRUIT_EXTRACT;XIRECS;5238.0;8
46800;BOT_TAKER;BOT_MAKER;VEV_5300;XIRECS;53.0;4
46800;BOT_TAKER;BOT_MAKER;VEV_5500;XIRECS;6.0;3
46800;BOT_TAKER;SUBMISSION;VEV_5300;XIRECS;52.0;4
46900;BOT_MAKER;BOT_TAKER;HYDROGEL_PACK;XIRECS;9928.0;6
47100;BOT_MAKER;BOT_TAKER;VELVETFRUIT_EXTRACT;XIRECS;5234.0;13
47100;SUBMISSION;BOT_TAKER;VEV_4000;XIRECS;1247.0;2
47200;BOT_TAKER;BOT_MAKER;HYDROGEL_PACK;XIRECS;9953.0;4
47200;BOT_TAKER;BOT_MAKER;VELVETFRUIT_EXTRACT;XIRECS;5239.0;6
47300;BOT_TAKER;BOT_MAKER;VELVETFRUIT_EXTRACT;XIRECS;5239.0;6
47500;BOT_MAKER;BOT_TAKER;HYDROGEL_PACK;XIRECS;9934.0;3
47500;BOT_TAKER;BOT_MAKER;VELVETFRUIT_EXTRACT;XIRECS;5241.0;4
47600;BOT_MAKER;BOT_TAKER;HYDROGEL_PACK;XIRECS;9935.0;2
47600;BOT_MAKER;BOT_TAKER;VELVETFRUIT_EXTRACT;XIRECS;5236.0;8
47700;BOT_MAKER;BOT_TAKER;VEV_4000;XIRECS;1246.0;3
47700;BOT_MAKER;BOT_TAKER;VEV_6000;XIRECS;0.0;5
47900;BOT_MAKER;BOT_TAKER;HYDROGEL_PACK;XIRECS;9933.0;3
47900;BOT_MAKER;BOT_TAKER;VEV_4000;XIRECS;1246.0;3
47900;BOT_TAKER;BOT_MAKER;VEV_5400;XIRECS;16.0;2
47900;BOT_TAKER;BOT_MAKER;VEV_6500;XIRECS;1.0;5
48200;BOT_TAKER;BOT_MAKER;VELVETFRUIT_EXTRACT;XIRECS;5239.0;5
48200;BOT_TAKER;BOT_MAKER;VEV_5200;XIRECS;128.0;2
48200;BOT_MAKER;BOT_TAKER;VEV_5400;XIRECS;14.0;2
48300;BOT_MAKER;BOT_TAKER;HYDROGEL_PACK;XIRECS;9930.0;3
48300;BOT_TAKER;BOT_MAKER;VELVETFRUIT_EXTRACT;XIRECS;5240.0;7
48400;BOT_MAKER;BOT_TAKER;VELVETFRUIT_EXTRACT;XIRECS;5234.0;3
48400;BOT_MAKER;BOT_TAKER;VEV_5400;XIRECS;14.0;2
48400;BOT_MAKER;BOT_TAKER;VEV_6000;XIRECS;0.0;5
48400;BOT_MAKER;BOT_TAKER;VEV_6500;XIRECS;0.0;2
48400;BOT_TAKER;SUBMISSION;HYDROGEL_PACK;XIRECS;9945.0;5
48500;BOT_TAKER;BOT_MAKER;VEV_4000;XIRECS;1266.0;1
48600;BOT_MAKER;BOT_TAKER;VELVETFRUIT_EXTRACT;XIRECS;5236.0;3
48700;SUBMISSION;BOT_TAKER;VEV_4000;XIRECS;1245.0;2
48900;BOT_TAKER;BOT_MAKER;VELVETFRUIT_EXTRACT;XIRECS;5242.0;7
48900;BOT_MAKER;BOT_TAKER;VELVETFRUIT_EXTRACT;XIRECS;5236.0;6
48900;BOT_MAKER;BOT_TAKER;VEV_5400;XIRECS;14.0;3
48900;BOT_MAKER;BOT_TAKER;VEV_6500;XIRECS;0.0;2
49000;BOT_TAKER;BOT_MAKER;HYDROGEL_PACK;XIRECS;9953.0;2
49000;SUBMISSION;BOT_TAKER;VEV_4000;XIRECS;1241.0;2
49300;BOT_TAKER;BOT_MAKER;VELVETFRUIT_EXTRACT;XIRECS;5242.0;4
49400;BOT_MAKER;BOT_TAKER;HYDROGEL_PACK;XIRECS;9938.0;4
49400;BOT_MAKER;BOT_TAKER;VELVETFRUIT_EXTRACT;XIRECS;5235.0;6
49400;BOT_TAKER;SUBMISSION;HYDROGEL_PACK;XIRECS;9953.0;2
49600;BOT_MAKER;BOT_TAKER;HYDROGEL_PACK;XIRECS;9940.0;2
49700;BOT_MAKER;BOT_TAKER;VEV_4000;XIRECS;1243.0;3
49800;BOT_TAKER;BOT_MAKER;VELVETFRUIT_EXTRACT;XIRECS;5238.0;8
49800;BOT_TAKER;BOT_MAKER;VEV_6500;XIRECS;1.0;2
49800;SUBMISSION;BOT_TAKER;VELVETFRUIT_EXTRACT;XIRECS;5234.0;4
49900;BOT_MAKER;BOT_TAKER;HYDROGEL_PACK;XIRECS;9941.0;6
49900;BOT_MAKER;BOT_TAKER;VELVETFRUIT_EXTRACT;XIRECS;5233.0;4
49900;BOT_MAKER;BOT_TAKER;VEV_4000;XIRECS;1243.0;1
50000;BOT_TAKER;BOT_MAKER;HYDROGEL_PACK;XIRECS;9953.0;5
50000;BOT_TAKER;BOT_MAKER;VELVETFRUIT_EXTRACT;XIRECS;5238.0;8
50000;BOT_TAKER;BOT_MAKER;VEV_5300;XIRECS;54.0;2
50100;BOT_TAKER;BOT_MAKER;VELVETFRUIT_EXTRACT;XIRECS;5238.0;5
50200;BOT_TAKER;BOT_MAKER;HYDROGEL_PACK;XIRECS;9950.0;3
50200;BOT_MAKER;BOT_TAKER;VELVETFRUIT_EXTRACT;XIRECS;5234.0;4
50200;SUBMISSION;BOT_TAKER;VELVETFRUIT_EXTRACT;XIRECS;5235.0;4
50300;BOT_TAKER;BOT_MAKER;VEV_5500;XIRECS;6.0;4
50500;BOT_TAKER;BOT_MAKER;VEV_4000;XIRECS;1261.0;3
50500;BOT_MAKER;BOT_TAKER;VEV_5400;XIRECS;14.0;5
50500;BOT_MAKER;BOT_TAKER;VEV_5500;XIRECS;5.0;3
50700;BOT_MAKER;BOT_TAKER;VELVETFRUIT_EXTRACT;XIRECS;5236.0;7
50700;SUBMISSION;BOT_TAKER;VEV_5400;XIRECS;15.0;5
50800;BOT_TAKER;BOT_MAKER;VELVETFRUIT_EXTRACT;XIRECS;5241.0;7
51100;BOT_MAKER;BOT_TAKER;VELVETFRUIT_EXTRACT;XIRECS;5237.0;5
51100;SUBMISSION;BOT_TAKER;VELVETFRUIT_EXTRACT;XIRECS;5238.0;5
51100;BOT_MAKER;BOT_TAKER;VELVETFRUIT_EXTRACT;XIRECS;5237.0;1
51200;BOT_MAKER;BOT_TAKER;VELVETFRUIT_EXTRACT;XIRECS;5235.0;4
51300;BOT_TAKER;BOT_MAKER;HYDROGEL_PACK;XIRECS;9948.0;3
51300;BOT_MAKER;BOT_TAKER;VELVETFRUIT_EXTRACT;XIRECS;5235.0;4
51400;BOT_TAKER;BOT_MAKER;VELVETFRUIT_EXTRACT;XIRECS;5241.0;8
51500;BOT_TAKER;BOT_MAKER;VEV_5400;XIRECS;15.0;4
51600;BOT_MAKER;BOT_TAKER;HYDROGEL_PACK;XIRECS;9927.0;2
51700;BOT_MAKER;BOT_TAKER;HYDROGEL_PACK;XIRECS;9931.0;3
51700;BOT_TAKER;BOT_MAKER;VELVETFRUIT_EXTRACT;XIRECS;5240.0;11
51700;BOT_TAKER;BOT_MAKER;VEV_5500;XIRECS;6.0;4
51800;BOT_TAKER;BOT_MAKER;VEV_6500;XIRECS;1.0;5
51900;BOT_TAKER;BOT_MAKER;VELVETFRUIT_EXTRACT;XIRECS;5238.0;8
52000;BOT_MAKER;BOT_TAKER;VEV_4000;XIRECS;1237.0;3
52200;BOT_MAKER;BOT_TAKER;VEV_5300;XIRECS;54.0;2
52200;BOT_MAKER;BOT_TAKER;VEV_6000;XIRECS;0.0;4
52400;BOT_TAKER;BOT_MAKER;HYDROGEL_PACK;XIRECS;9941.0;2
52400;BOT_TAKER;BOT_MAKER;VEV_4000;XIRECS;1260.0;2
52500;BOT_MAKER;BOT_TAKER;HYDROGEL_PACK;XIRECS;9926.0;4
52600;BOT_TAKER;BOT_MAKER;VEV_5300;XIRECS;57.0;3
52700;BOT_TAKER;BOT_MAKER;HYDROGEL_PACK;XIRECS;9946.0;3
52700;BOT_TAKER;BOT_MAKER;VELVETFRUIT_EXTRACT;XIRECS;5243.0;11
52700;SUBMISSION;BOT_TAKER;VELVETFRUIT_EXTRACT;XIRECS;5238.0;5
52700;BOT_MAKER;BOT_TAKER;VELVETFRUIT_EXTRACT;XIRECS;5237.0;4
52800;BOT_MAKER;BOT_TAKER;VEV_5300;XIRECS;56.0;4
52800;BOT_TAKER;BOT_MAKER;VEV_5500;XIRECS;6.0;3
52900;BOT_MAKER;BOT_TAKER;HYDROGEL_PACK;XIRECS;9930.0;2
53000;BOT_TAKER;BOT_MAKER;VELVETFRUIT_EXTRACT;XIRECS;5243.0;8
53100;BOT_MAKER;BOT_TAKER;VEV_4000;XIRECS;1238.0;1
53100;BOT_TAKER;SUBMISSION;VEV_4000;XIRECS;1258.0;2
53200;BOT_TAKER;SUBMISSION;VELVETFRUIT_EXTRACT;XIRECS;5243.0;5
53200;BOT_TAKER;BOT_MAKER;VELVETFRUIT_EXTRACT;XIRECS;5244.0;2
53300;BOT_TAKER;BOT_MAKER;VELVETFRUIT_EXTRACT;XIRECS;5244.0;7
53300;BOT_MAKER;BOT_TAKER;VEV_4000;XIRECS;1236.0;1
53400;BOT_TAKER;BOT_MAKER;VELVETFRUIT_EXTRACT;XIRECS;5244.0;7
53400;BOT_TAKER;SUBMISSION;HYDROGEL_PACK;XIRECS;9942.0;5
53500;BOT_TAKER;BOT_MAKER;VELVETFRUIT_EXTRACT;XIRECS;5247.0;4
53500;BOT_TAKER;BOT_MAKER;VEV_5400;XIRECS;15.0;4
53700;BOT_TAKER;BOT_MAKER;HYDROGEL_PACK;XIRECS;9944.0;4
53700;BOT_TAKER;BOT_MAKER;VELVETFRUIT_EXTRACT;XIRECS;5246.0;5
53800;BOT_TAKER;BOT_MAKER;VELVETFRUIT_EXTRACT;XIRECS;5247.0;8
53800;BOT_TAKER;BOT_MAKER;VEV_6500;XIRECS;1.0;3
53900;BOT_MAKER;BOT_TAKER;VEV_4000;XIRECS;1235.0;2
54200;BOT_TAKER;BOT_MAKER;HYDROGEL_PACK;XIRECS;9952.0;3
54200;BOT_MAKER;BOT_TAKER;VELVETFRUIT_EXTRACT;XIRECS;5242.0;5
54300;BOT_TAKER;BOT_MAKER;VEV_6000;XIRECS;1.0;4
54400;BOT_TAKER;BOT_MAKER;VEV_4000;XIRECS;1259.0;2
54600;BOT_TAKER;BOT_MAKER;VELVETFRUIT_EXTRACT;XIRECS;5249.0;5
54700;BOT_TAKER;BOT_MAKER;VELVETFRUIT_EXTRACT;XIRECS;5248.0;4
54700;BOT_MAKER;BOT_TAKER;VELVETFRUIT_EXTRACT;XIRECS;5242.0;6
55000;BOT_MAKER;BOT_TAKER;VELVETFRUIT_EXTRACT;XIRECS;5243.0;6
55000;BOT_TAKER;BOT_MAKER;VEV_5500;XIRECS;6.0;4
55100;BOT_TAKER;BOT_MAKER;VELVETFRUIT_EXTRACT;XIRECS;5248.0;6
55100;BOT_MAKER;BOT_TAKER;VEV_4000;XIRECS;1236.0;1
55200;BOT_TAKER;BOT_MAKER;VEV_5500;XIRECS;6.0;5
55200;BOT_TAKER;BOT_MAKER;VEV_6500;XIRECS;1.0;2
55200;SUBMISSION;BOT_TAKER;VELVETFRUIT_EXTRACT;XIRECS;5245.0;3
55300;SUBMISSION;BOT_TAKER;VELVETFRUIT_EXTRACT;XIRECS;5245.0;5
55300;BOT_MAKER;BOT_TAKER;VELVETFRUIT_EXTRACT;XIRECS;5244.0;1
55400;BOT_TAKER;BOT_MAKER;VELVETFRUIT_EXTRACT;XIRECS;5251.0;10
55400;BOT_MAKER;BOT_TAKER;VEV_5500;XIRECS;5.0;5
55500;BOT_TAKER;BOT_MAKER;VEV_4000;XIRECS;1259.0;2
55600;BOT_MAKER;BOT_TAKER;HYDROGEL_PACK;XIRECS;9935.0;4
55600;BOT_MAKER;BOT_TAKER;VELVETFRUIT_EXTRACT;XIRECS;5245.0;11
55600;BOT_MAKER;BOT_TAKER;VEV_5300;XIRECS;58.0;4
55700;BOT_TAKER;BOT_MAKER;VELVETFRUIT_EXTRACT;XIRECS;5250.0;3
55700;BOT_TAKER;BOT_MAKER;VEV_6500;XIRECS;1.0;2
55800;BOT_TAKER;BOT_MAKER;VELVETFRUIT_EXTRACT;XIRECS;5250.0;8
55800;BOT_MAKER;BOT_TAKER;VEV_4000;XIRECS;1240.0;1
55800;BOT_TAKER;BOT_MAKER;VEV_6500;XIRECS;1.0;4
55900;BOT_MAKER;BOT_TAKER;VELVETFRUIT_EXTRACT;XIRECS;5245.0;4
55900;BOT_MAKER;BOT_TAKER;VEV_6500;XIRECS;0.0;3
56000;BOT_MAKER;BOT_TAKER;VELVETFRUIT_EXTRACT;XIRECS;5245.0;7
56200;BOT_MAKER;BOT_TAKER;VELVETFRUIT_EXTRACT;XIRECS;5246.0;4
56300;BOT_MAKER;BOT_TAKER;HYDROGEL_PACK;XIRECS;9934.0;6
56300;BOT_TAKER;BOT_MAKER;VELVETFRUIT_EXTRACT;XIRECS;5251.0;15
56400;BOT_MAKER;BOT_TAKER;VEV_6500;XIRECS;0.0;4
56500;BOT_TAKER;BOT_MAKER;HYDROGEL_PACK;XIRECS;9950.0;6
56900;BOT_TAKER;BOT_MAKER;VELVETFRUIT_EXTRACT;XIRECS;5252.0;4
57000;BOT_MAKER;BOT_TAKER;VELVETFRUIT_EXTRACT;XIRECS;5246.0;8
57300;BOT_TAKER;BOT_MAKER;HYDROGEL_PACK;XIRECS;9950.0;2
57300;BOT_TAKER;BOT_MAKER;VELVETFRUIT_EXTRACT;XIRECS;5250.0;3
57300;BOT_MAKER;BOT_TAKER;VEV_6000;XIRECS;0.0;4
57400;BOT_MAKER;BOT_TAKER;VEV_4000;XIRECS;1239.0;2
57400;BOT_MAKER;BOT_TAKER;VEV_5500;XIRECS;5.0;4
57400;BOT_MAKER;BOT_TAKER;VEV_6500;XIRECS;0.0;4
57400;BOT_MAKER;BOT_TAKER;VEV_6500;XIRECS;0.0;2
57400;BOT_TAKER;SUBMISSION;VELVETFRUIT_EXTRACT;XIRECS;5249.0;5
57400;BOT_TAKER;BOT_MAKER;VELVETFRUIT_EXTRACT;XIRECS;5250.0;2
57600;BOT_MAKER;BOT_TAKER;HYDROGEL_PACK;XIRECS;9934.0;6
57600;BOT_MAKER;BOT_TAKER;VELVETFRUIT_EXTRACT;XIRECS;5244.0;4
57700;BOT_MAKER;BOT_TAKER;HYDROGEL_PACK;XIRECS;9934.0;4
57700;BOT_TAKER;BOT_MAKER;VEV_6500;XIRECS;1.0;2
57800;BOT_MAKER;BOT_TAKER;VEV_4000;XIRECS;1242.0;1
57900;BOT_TAKER;BOT_MAKER;HYDROGEL_PACK;XIRECS;9954.0;2
58000;BOT_TAKER;BOT_MAKER;HYDROGEL_PACK;XIRECS;9956.0;4
58100;BOT_TAKER;BOT_MAKER;VEV_4000;XIRECS;1264.0;3
58100;BOT_TAKER;BOT_MAKER;VEV_5300;XIRECS;57.0;2
58100;BOT_TAKER;BOT_MAKER;VEV_6500;XIRECS;1.0;2
58200;BOT_TAKER;SUBMISSION;VELVETFRUIT_EXTRACT;XIRECS;5252.0;5
58300;BOT_MAKER;BOT_TAKER;VEV_4000;XIRECS;1243.0;1
58400;BOT_TAKER;BOT_MAKER;VELVETFRUIT_EXTRACT;XIRECS;5253.0;4
58500;BOT_MAKER;BOT_TAKER;HYDROGEL_PACK;XIRECS;9945.0;4
58500;BOT_TAKER;BOT_MAKER;VELVETFRUIT_EXTRACT;XIRECS;5254.0;5
58600;BOT_TAKER;BOT_MAKER;VELVETFRUIT_EXTRACT;XIRECS;5252.0;8
58800;BOT_TAKER;BOT_MAKER;VEV_6500;XIRECS;1.0;3
59000;BOT_MAKER;BOT_TAKER;VELVETFRUIT_EXTRACT;XIRECS;5246.0;8
59100;BOT_TAKER;BOT_MAKER;VEV_4000;XIRECS;1268.0;1
59200;BOT_TAKER;BOT_MAKER;HYDROGEL_PACK;XIRECS;9947.0;5
59200;BOT_MAKER;BOT_TAKER;VELVETFRUIT_EXTRACT;XIRECS;5247.0;5
59200;BOT_TAKER;BOT_MAKER;VEV_6500;XIRECS;1.0;2
59300;BOT_MAKER;BOT_TAKER;VELVETFRUIT_EXTRACT;XIRECS;5247.0;4
59400;BOT_TAKER;BOT_MAKER;VEV_6000;XIRECS;1.0;4
59500;BOT_TAKER;BOT_MAKER;VEV_5400;XIRECS;17.0;5
59600;BOT_MAKER;BOT_TAKER;HYDROGEL_PACK;XIRECS;9926.0;4
59600;BOT_MAKER;BOT_TAKER;VELVETFRUIT_EXTRACT;XIRECS;5246.0;8
59600;BOT_TAKER;SUBMISSION;VELVETFRUIT_EXTRACT;XIRECS;5251.0;5
59600;BOT_TAKER;BOT_MAKER;VELVETFRUIT_EXTRACT;XIRECS;5252.0;2
59700;BOT_TAKER;BOT_MAKER;VEV_5300;XIRECS;58.0;5
59700;BOT_TAKER;BOT_MAKER;VEV_5400;XIRECS;16.0;5
59700;SUBMISSION;BOT_TAKER;HYDROGEL_PACK;XIRECS;9925.0;5
59900;BOT_TAKER;BOT_MAKER;HYDROGEL_PACK;XIRECS;9934.0;6
59900;BOT_TAKER;BOT_MAKER;VELVETFRUIT_EXTRACT;XIRECS;5250.0;8
59900;BOT_TAKER;BOT_MAKER;VEV_5500;XIRECS;6.0;4
59900;BOT_TAKER;BOT_MAKER;VEV_6500;XIRECS;1.0;5
59900;SUBMISSION;BOT_TAKER;VELVETFRUIT_EXTRACT;XIRECS;5246.0;4
60100;BOT_MAKER;BOT_TAKER;VELVETFRUIT_EXTRACT;XIRECS;5246.0;5
60100;BOT_MAKER;BOT_TAKER;VELVETFRUIT_EXTRACT;XIRECS;5246.0;8
60200;BOT_TAKER;BOT_MAKER;HYDROGEL_PACK;XIRECS;9936.0;5
60200;BOT_TAKER;BOT_MAKER;VELVETFRUIT_EXTRACT;XIRECS;5251.0;10
60300;BOT_TAKER;BOT_MAKER;VELVETFRUIT_EXTRACT;XIRECS;5252.0;7
60600;BOT_TAKER;BOT_MAKER;VELVETFRUIT_EXTRACT;XIRECS;5252.0;4
60600;BOT_MAKER;BOT_TAKER;VELVETFRUIT_EXTRACT;XIRECS;5246.0;5
60600;BOT_TAKER;BOT_MAKER;VEV_5300;XIRECS;60.0;5
60600;BOT_TAKER;SUBMISSION;VELVETFRUIT_EXTRACT;XIRECS;5251.0;5
60600;BOT_TAKER;BOT_MAKER;VELVETFRUIT_EXTRACT;XIRECS;5252.0;2
60700;BOT_TAKER;BOT_MAKER;HYDROGEL_PACK;XIRECS;9937.0;6
60800;BOT_TAKER;BOT_MAKER;VELVETFRUIT_EXTRACT;XIRECS;5252.0;6
60800;BOT_MAKER;BOT_TAKER;VEV_5400;XIRECS;15.0;2
60900;BOT_TAKER;BOT_MAKER;HYDROGEL_PACK;XIRECS;9937.0;4
60900;BOT_TAKER;BOT_MAKER;VELVETFRUIT_EXTRACT;XIRECS;5253.0;6
61000;BOT_TAKER;BOT_MAKER;HYDROGEL_PACK;XIRECS;9936.0;4
61000;BOT_MAKER;BOT_TAKER;VELVETFRUIT_EXTRACT;XIRECS;5247.0;9
61000;BOT_MAKER;BOT_TAKER;VEV_6500;XIRECS;0.0;5
61100;BOT_MAKER;BOT_TAKER;VEV_5400;XIRECS;16.0;3
61100;BOT_MAKER;BOT_TAKER;VEV_6500;XIRECS;0.0;2
61100;SUBMISSION;BOT_TAKER;HYDROGEL_PACK;XIRECS;9922.0;5
61200;BOT_TAKER;BOT_MAKER;VELVETFRUIT_EXTRACT;XIRECS;5253.0;6
61200;BOT_MAKER;BOT_TAKER;VEV_4000;XIRECS;1231.0;3
61200;BOT_TAKER;BOT_MAKER;VEV_6000;XIRECS;1.0;3
61400;BOT_MAKER;BOT_TAKER;VELVETFRUIT_EXTRACT;XIRECS;5245.0;8
61500;BOT_MAKER;BOT_TAKER;VEV_4000;XIRECS;1230.0;2
61500;BOT_TAKER;BOT_MAKER;VEV_5500;XIRECS;6.0;3
61600;BOT_MAKER;BOT_TAKER;HYDROGEL_PACK;XIRECS;9930.0;5
61600;BOT_MAKER;BOT_TAKER;VEV_5300;XIRECS;58.0;2
61600;BOT_MAKER;BOT_TAKER;VEV_6000;XIRECS;0.0;5
61700;BOT_MAKER;BOT_TAKER;VEV_4000;XIRECS;1228.0;1
61800;BOT_MAKER;BOT_TAKER;VELVETFRUIT_EXTRACT;XIRECS;5245.0;12
61900;BOT_MAKER;BOT_TAKER;VEV_5500;XIRECS;5.0;2
61900;BOT_TAKER;SUBMISSION;HYDROGEL_PACK;XIRECS;9943.0;4
62000;BOT_TAKER;BOT_MAKER;VEV_5100;XIRECS;171.0;1
62100;BOT_TAKER;BOT_MAKER;VELVETFRUIT_EXTRACT;XIRECS;5251.0;7
62100;BOT_TAKER;BOT_MAKER;VEV_5300;XIRECS;60.0;5
62300;BOT_MAKER;BOT_TAKER;VELVETFRUIT_EXTRACT;XIRECS;5247.0;6
62400;BOT_TAKER;BOT_MAKER;HYDROGEL_PACK;XIRECS;9942.0;5
62400;BOT_TAKER;SUBMISSION;HYDROGEL_PACK;XIRECS;9941.0;3
62500;BOT_MAKER;BOT_TAKER;HYDROGEL_PACK;XIRECS;9924.0;6
62500;BOT_MAKER;BOT_TAKER;VEV_4000;XIRECS;1228.0;2
62500;BOT_MAKER;BOT_TAKER;VEV_5400;XIRECS;16.0;4
62600;BOT_MAKER;BOT_TAKER;HYDROGEL_PACK;XIRECS;9923.0;4
62600;SUBMISSION;BOT_TAKER;VEV_4000;XIRECS;1229.0;1
62700;BOT_MAKER;BOT_TAKER;HYDROGEL_PACK;XIRECS;9923.0;4
62800;BOT_MAKER;BOT_TAKER;HYDROGEL_PACK;XIRECS;9922.0;3
62800;BOT_TAKER;SUBMISSION;HYDROGEL_PACK;XIRECS;9937.0;4
62900;BOT_TAKER;BOT_MAKER;HYDROGEL_PACK;XIRECS;9938.0;4
62900;BOT_TAKER;BOT_MAKER;VELVETFRUIT_EXTRACT;XIRECS;5250.0;8
63000;BOT_MAKER;BOT_TAKER;VELVETFRUIT_EXTRACT;XIRECS;5247.0;6
63100;BOT_TAKER;BOT_MAKER;HYDROGEL_PACK;XIRECS;9938.0;5
63100;BOT_MAKER;BOT_TAKER;VELVETFRUIT_EXTRACT;XIRECS;5247.0;4
63100;BOT_TAKER;BOT_MAKER;VEV_4000;XIRECS;1247.0;3
63100;BOT_TAKER;BOT_MAKER;VEV_5400;XIRECS;18.0;2
63100;BOT_TAKER;BOT_MAKER;VEV_6000;XIRECS;1.0;4
63200;BOT_MAKER;BOT_TAKER;VEV_5400;XIRECS;16.0;4
63300;BOT_TAKER;BOT_MAKER;VEV_6000;XIRECS;1.0;2
63300;SUBMISSION;BOT_TAKER;VELVETFRUIT_EXTRACT;XIRECS;5245.0;5
63300;BOT_MAKER;BOT_TAKER;VELVETFRUIT_EXTRACT;XIRECS;5244.0;3
63400;BOT_TAKER;BOT_MAKER;HYDROGEL_PACK;XIRECS;9939.0;6
63400;BOT_MAKER;BOT_TAKER;VELVETFRUIT_EXTRACT;XIRECS;5243.0;8
63400;BOT_MAKER;BOT_TAKER;VEV_5300;XIRECS;58.0;3
63400;BOT_TAKER;SUBMISSION;VELVETFRUIT_EXTRACT;XIRECS;5246.0;4
63500;BOT_TAKER;BOT_MAKER;VEV_5400;XIRECS;17.0;5
63500;BOT_MAKER;BOT_TAKER;VEV_6000;XIRECS;0.0;5
63600;BOT_MAKER;BOT_TAKER;HYDROGEL_PACK;XIRECS;9920.0;2
63600;BOT_TAKER;BOT_MAKER;VELVETFRUIT_EXTRACT;XIRECS;5248.0;8
63700;BOT_TAKER;BOT_MAKER;VELVETFRUIT_EXTRACT;XIRECS;5247.0;7
63700;BOT_TAKER;BOT_MAKER;VEV_4000;XIRECS;1250.0;3
63800;BOT_MAKER;BOT_TAKER;HYDROGEL_PACK;XIRECS;9920.0;6
63800;BOT_TAKER;BOT_MAKER;HYDROGEL_PACK;XIRECS;9936.0;6
63800;BOT_MAKER;BOT_TAKER;VELVETFRUIT_EXTRACT;XIRECS;5241.0;6
63800;SUBMISSION;BOT_TAKER;VELVETFRUIT_EXTRACT;XIRECS;5242.0;4
63900;BOT_MAKER;BOT_TAKER;VEV_4000;XIRECS;1227.0;2
64000;BOT_MAKER;BOT_TAKER;VEV_6500;XIRECS;0.0;3
64200;BOT_MAKER;BOT_TAKER;VELVETFRUIT_EXTRACT;XIRECS;5242.0;8
64300;SUBMISSION;BOT_TAKER;VELVETFRUIT_EXTRACT;XIRECS;5241.0;5
64300;BOT_MAKER;BOT_TAKER;VELVETFRUIT_EXTRACT;XIRECS;5240.0;2
64400;BOT_TAKER;BOT_MAKER;HYDROGEL_PACK;XIRECS;9934.0;6
64400;BOT_TAKER;BOT_MAKER;VELVETFRUIT_EXTRACT;XIRECS;5245.0;6
64600;BOT_TAKER;BOT_MAKER;VELVETFRUIT_EXTRACT;XIRECS;5246.0;5
64600;SUBMISSION;BOT_TAKER;VELVETFRUIT_EXTRACT;XIRECS;5242.0;3
64700;BOT_MAKER;BOT_TAKER;HYDROGEL_PACK;XIRECS;9921.0;2
64800;BOT_MAKER;BOT_TAKER;VELVETFRUIT_EXTRACT;XIRECS;5240.0;8
64900;BOT_MAKER;BOT_TAKER;HYDROGEL_PACK;XIRECS;9924.0;6
64900;BOT_TAKER;BOT_MAKER;VELVETFRUIT_EXTRACT;XIRECS;5246.0;3
65000;BOT_TAKER;BOT_MAKER;VEV_6000;XIRECS;1.0;2
65100;BOT_MAKER;BOT_TAKER;HYDROGEL_PACK;XIRECS;9926.0;5
65100;BOT_MAKER;BOT_TAKER;VELVETFRUIT_EXTRACT;XIRECS;5240.0;3
65200;SUBMISSION;BOT_TAKER;VELVETFRUIT_EXTRACT;XIRECS;5240.0;3
65300;BOT_TAKER;BOT_MAKER;VELVETFRUIT_EXTRACT;XIRECS;5243.0;4
65300;BOT_MAKER;BOT_TAKER;VEV_4000;XIRECS;1225.0;1
65500;BOT_MAKER;BOT_TAKER;HYDROGEL_PACK;XIRECS;9925.0;2
65500;BOT_MAKER;BOT_TAKER;VEV_5400;XIRECS;16.0;3
65600;BOT_TAKER;BOT_MAKER;VEV_6000;XIRECS;1.0;2
65700;BOT_MAKER;BOT_TAKER;VEV_4000;XIRECS;1227.0;3
66000;BOT_TAKER;BOT_MAKER;VELVETFRUIT_EXTRACT;XIRECS;5240.0;6
66000;SUBMISSION;BOT_TAKER;VELVETFRUIT_EXTRACT;XIRECS;5235.0;5
66000;BOT_MAKER;BOT_TAKER;VELVETFRUIT_EXTRACT;XIRECS;5234.0;3
66100;BOT_TAKER;BOT_MAKER;VELVETFRUIT_EXTRACT;XIRECS;5239.0;4
66200;BOT_TAKER;BOT_MAKER;VEV_4000;XIRECS;1248.0;1
66300;BOT_TAKER;BOT_MAKER;HYDROGEL_PACK;XIRECS;9934.0;4
66300;BOT_MAKER;BOT_TAKER;VELVETFRUIT_EXTRACT;XIRECS;5233.0;5
66300;BOT_MAKER;BOT_TAKER;VEV_4000;XIRECS;1228.0;1
66300;BOT_TAKER;BOT_MAKER;VEV_6000;XIRECS;1.0;2
66400;BOT_TAKER;BOT_MAKER;HYDROGEL_PACK;XIRECS;9937.0;4
66400;BOT_TAKER;BOT_MAKER;VELVETFRUIT_EXTRACT;XIRECS;5238.0;8
66400;SUBMISSION;BOT_TAKER;VELVETFRUIT_EXTRACT;XIRECS;5233.0;5
66400;BOT_MAKER;BOT_TAKER;VELVETFRUIT_EXTRACT;XIRECS;5232.0;8
66500;SUBMISSION;BOT_TAKER;HYDROGEL_PACK;XIRECS;9928.0;4
66600;BOT_TAKER;BOT_MAKER;VEV_4000;XIRECS;1250.0;1
66900;BOT_MAKER;BOT_TAKER;HYDROGEL_PACK;XIRECS;9937.0;6
66900;BOT_MAKER;BOT_TAKER;VELVETFRUIT_EXTRACT;XIRECS;5236.0;5
66900;BOT_TAKER;BOT_MAKER;VEV_6000;XIRECS;1.0;5
67200;BOT_MAKER;BOT_TAKER;VELVETFRUIT_EXTRACT;XIRECS;5235.0;4
67500;BOT_MAKER;BOT_TAKER;VELVETFRUIT_EXTRACT;XIRECS;5235.0;12
67500;BOT_MAKER;BOT_TAKER;VEV_5400;XIRECS;16.0;2
67600;BOT_MAKER;BOT_TAKER;HYDROGEL_PACK;XIRECS;9933.0;3
67600;BOT_MAKER;BOT_TAKER;VELVETFRUIT_EXTRACT;XIRECS;5234.0;7
67600;BOT_TAKER;BOT_MAKER;VEV_5500;XIRECS;6.0;3
67700;BOT_TAKER;BOT_MAKER;VELVETFRUIT_EXTRACT;XIRECS;5239.0;8
67700;BOT_TAKER;BOT_MAKER;VEV_6500;XIRECS;1.0;5
67900;BOT_TAKER;BOT_MAKER;VELVETFRUIT_EXTRACT;XIRECS;5238.0;5
68000;BOT_MAKER;BOT_TAKER;VELVETFRUIT_EXTRACT;XIRECS;5234.0;6
68100;BOT_MAKER;BOT_TAKER;HYDROGEL_PACK;XIRECS;9929.0;2
68100;BOT_TAKER;BOT_MAKER;VEV_6000;XIRECS;1.0;2
68300;BOT_TAKER;BOT_MAKER;HYDROGEL_PACK;XIRECS;9943.0;3
68300;BOT_TAKER;BOT_MAKER;VEV_4000;XIRECS;1242.0;2
68300;SUBMISSION;BOT_TAKER;VELVETFRUIT_EXTRACT;XIRECS;5235.0;5
68300;BOT_MAKER;BOT_TAKER;VELVETFRUIT_EXTRACT;XIRECS;5234.0;5
68400;BOT_TAKER;BOT_MAKER;VELVETFRUIT_EXTRACT;XIRECS;5240.0;7
68400;SUBMISSION;BOT_TAKER;VELVETFRUIT_EXTRACT;XIRECS;5236.0;5
68400;BOT_MAKER;BOT_TAKER;VELVETFRUIT_EXTRACT;XIRECS;5235.0;3
68500;BOT_MAKER;BOT_TAKER;VELVETFRUIT_EXTRACT;XIRECS;5233.0;13
68500;BOT_MAKER;BOT_TAKER;VEV_4000;XIRECS;1219.0;3
68600;BOT_TAKER;BOT_MAKER;VEV_4000;XIRECS;1240.0;2
68700;BOT_TAKER;BOT_MAKER;VELVETFRUIT_EXTRACT;XIRECS;5238.0;8
68800;BOT_TAKER;BOT_MAKER;HYDROGEL_PACK;XIRECS;9947.0;3
68800;BOT_MAKER;BOT_TAKER;VEV_4000;XIRECS;1221.0;2
69100;BOT_MAKER;BOT_TAKER;HYDROGEL_PACK;XIRECS;9931.0;4
69100;BOT_TAKER;BOT_MAKER;VEV_4000;XIRECS;1242.0;3
69200;BOT_TAKER;BOT_MAKER;HYDROGEL_PACK;XIRECS;9943.0;6
69200;BOT_MAKER;BOT_TAKER;VELVETFRUIT_EXTRACT;XIRECS;5233.0;4
69200;BOT_MAKER;BOT_TAKER;VEV_6500;XIRECS;0.0;4
69300;BOT_MAKER;BOT_TAKER;VELVETFRUIT_EXTRACT;XIRECS;5234.0;3
69400;BOT_MAKER;BOT_TAKER;VELVETFRUIT_EXTRACT;XIRECS;5233.0;8
69500;BOT_TAKER;BOT_MAKER;HYDROGEL_PACK;XIRECS;9943.0;6
69500;BOT_TAKER;BOT_MAKER;VEV_4000;XIRECS;1244.0;1
69500;BOT_TAKER;SUBMISSION;VEV_4000;XIRECS;1243.0;1
69600;BOT_MAKER;BOT_TAKER;HYDROGEL_PACK;XIRECS;9927.0;4
69600;BOT_TAKER;BOT_MAKER;VELVETFRUIT_EXTRACT;XIRECS;5238.0;3
69600;BOT_MAKER;BOT_TAKER;VEV_5300;XIRECS;51.0;5
69700;BOT_TAKER;BOT_MAKER;VELVETFRUIT_EXTRACT;XIRECS;5239.0;5
69700;BOT_TAKER;BOT_MAKER;VEV_5400;XIRECS;20.0;4
69900;BOT_TAKER;BOT_MAKER;VELVETFRUIT_EXTRACT;XIRECS;5237.0;6
69900;BOT_TAKER;SUBMISSION;HYDROGEL_PACK;XIRECS;9943.0;5
69900;BOT_TAKER;BOT_MAKER;HYDROGEL_PACK;XIRECS;9944.0;1
70000;BOT_MAKER;BOT_TAKER;HYDROGEL_PACK;XIRECS;9930.0;5
70000;BOT_TAKER;SUBMISSION;VEV_4000;XIRECS;1245.0;3
70100;BOT_MAKER;BOT_TAKER;HYDROGEL_PACK;XIRECS;9930.0;6
70100;BOT_TAKER;BOT_MAKER;VEV_6000;XIRECS;1.0;5
70200;BOT_MAKER;BOT_TAKER;VEV_6000;XIRECS;0.0;2
70200;BOT_TAKER;BOT_MAKER;VEV_6000;XIRECS;1.0;5
70300;BOT_MAKER;BOT_TAKER;HYDROGEL_PACK;XIRECS;9929.0;4
70400;BOT_TAKER;BOT_MAKER;VELVETFRUIT_EXTRACT;XIRECS;5235.0;5
70700;BOT_TAKER;BOT_MAKER;VEV_6000;XIRECS;1.0;4
70800;BOT_TAKER;BOT_MAKER;VELVETFRUIT_EXTRACT;XIRECS;5235.0;6
70800;BOT_MAKER;BOT_TAKER;VELVETFRUIT_EXTRACT;XIRECS;5231.0;5
70800;BOT_MAKER;BOT_TAKER;VEV_6500;XIRECS;0.0;4
70800;SUBMISSION;BOT_TAKER;VEV_4000;XIRECS;1224.0;1
71100;BOT_MAKER;BOT_TAKER;VEV_4000;XIRECS;1225.0;1
71200;BOT_MAKER;BOT_TAKER;VEV_4000;XIRECS;1226.0;1
71200;BOT_TAKER;BOT_MAKER;VEV_5500;XIRECS;6.0;2
71300;BOT_TAKER;BOT_MAKER;VELVETFRUIT_EXTRACT;XIRECS;5235.0;3
71300;BOT_TAKER;BOT_MAKER;VEV_5500;XIRECS;6.0;4
71400;BOT_MAKER;BOT_TAKER;HYDROGEL_PACK;XIRECS;9927.0;2
71500;BOT_MAKER;BOT_TAKER;VELVETFRUIT_EXTRACT;XIRECS;5228.0;6
71500;BOT_TAKER;BOT_MAKER;VEV_5500;XIRECS;6.0;5
71500;BOT_TAKER;BOT_MAKER;VEV_6000;XIRECS;1.0;2
71600;BOT_TAKER;BOT_MAKER;VELVETFRUIT_EXTRACT;XIRECS;5234.0;6
71600;BOT_MAKER;BOT_TAKER;VEV_4000;XIRECS;1225.0;1
71700;BOT_MAKER;BOT_TAKER;HYDROGEL_PACK;XIRECS;9927.0;2
71800;BOT_MAKER;BOT_TAKER;HYDROGEL_PACK;XIRECS;9924.0;6
71800;BOT_TAKER;BOT_MAKER;VELVETFRUIT_EXTRACT;XIRECS;5236.0;7
71800;BOT_MAKER;BOT_TAKER;VELVETFRUIT_EXTRACT;XIRECS;5230.0;8
71800;BOT_TAKER;SUBMISSION;VEV_5400;XIRECS;20.0;5
71900;BOT_MAKER;BOT_TAKER;HYDROGEL_PACK;XIRECS;9923.0;2
71900;BOT_TAKER;BOT_MAKER;VELVETFRUIT_EXTRACT;XIRECS;5236.0;8
71900;BOT_MAKER;BOT_TAKER;VEV_6000;XIRECS;0.0;5
71900;BOT_TAKER;BOT_MAKER;VEV_6500;XIRECS;1.0;2
71900;SUBMISSION;BOT_TAKER;VELVETFRUIT_EXTRACT;XIRECS;5233.0;5
71900;BOT_MAKER;BOT_TAKER;VELVETFRUIT_EXTRACT;XIRECS;5232.0;1
72000;BOT_MAKER;BOT_TAKER;VELVETFRUIT_EXTRACT;XIRECS;5232.0;4
72100;BOT_MAKER;BOT_TAKER;VELVETFRUIT_EXTRACT;XIRECS;5230.0;3
72200;BOT_MAKER;BOT_TAKER;HYDROGEL_PACK;XIRECS;9922.0;4
72200;BOT_TAKER;BOT_MAKER;VELVETFRUIT_EXTRACT;XIRECS;5236.0;8
72200;BOT_MAKER;BOT_TAKER;VEV_5300;XIRECS;51.0;4
72300;BOT_TAKER;BOT_MAKER;VEV_4000;XIRECS;1247.0;3
72300;BOT_TAKER;BOT_MAKER;VEV_5300;XIRECS;53.0;5
72400;BOT_TAKER;BOT_MAKER;VELVETFRUIT_EXTRACT;XIRECS;5236.0;8
72400;BOT_TAKER;SUBMISSION;VELVETFRUIT_EXTRACT;XIRECS;5235.0;3
72500;BOT_TAKER;BOT_MAKER;VEV_6500;XIRECS;1.0;3
72700;BOT_TAKER;BOT_MAKER;HYDROGEL_PACK;XIRECS;9938.0;4
72700;BOT_TAKER;BOT_MAKER;VEV_4000;XIRECS;1245.0;2
72700;BOT_TAKER;SUBMISSION;VEV_5300;XIRECS;52.0;2
72900;BOT_TAKER;BOT_MAKER;HYDROGEL_PACK;XIRECS;9939.0;4
72900;BOT_MAKER;BOT_TAKER;VEV_5500;XIRECS;5.0;5
73000;BOT_MAKER;BOT_TAKER;HYDROGEL_PACK;XIRECS;9920.0;6
73100;BOT_TAKER;BOT_MAKER;HYDROGEL_PACK;XIRECS;9936.0;2
73200;BOT_TAKER;BOT_MAKER;HYDROGEL_PACK;XIRECS;9935.0;5
73200;BOT_MAKER;BOT_TAKER;VELVETFRUIT_EXTRACT;XIRECS;5232.0;6
73200;BOT_TAKER;BOT_MAKER;VELVETFRUIT_EXTRACT;XIRECS;5237.0;5
73400;BOT_TAKER;BOT_MAKER;VELVETFRUIT_EXTRACT;XIRECS;5237.0;6
73400;BOT_TAKER;BOT_MAKER;VELVETFRUIT_EXTRACT;XIRECS;5237.0;7
73400;BOT_MAKER;BOT_TAKER;VEV_5400;XIRECS;18.0;2
73400;BOT_TAKER;BOT_MAKER;VEV_6500;XIRECS;1.0;4
73400;BOT_TAKER;SUBMISSION;VELVETFRUIT_EXTRACT;XIRECS;5236.0;3
73600;BOT_TAKER;BOT_MAKER;VELVETFRUIT_EXTRACT;XIRECS;5235.0;6
73600;BOT_MAKER;BOT_TAKER;VEV_5500;XIRECS;5.0;5
73600;SUBMISSION;BOT_TAKER;VELVETFRUIT_EXTRACT;XIRECS;5231.0;5
73600;BOT_MAKER;BOT_TAKER;VELVETFRUIT_EXTRACT;XIRECS;5230.0;1
73700;BOT_TAKER;BOT_MAKER;VEV_5400;XIRECS;20.0;4
73800;BOT_TAKER;BOT_MAKER;VELVETFRUIT_EXTRACT;XIRECS;5235.0;8
73900;BOT_MAKER;BOT_TAKER;VEV_6000;XIRECS;0.0;3
73900;BOT_MAKER;BOT_TAKER;VEV_6500;XIRECS;0.0;5
74100;BOT_TAKER;BOT_MAKER;VELVETFRUIT_EXTRACT;XIRECS;5231.0;8
74200;BOT_MAKER;BOT_TAKER;HYDROGEL_PACK;XIRECS;9924.0;3
74200;BOT_MAKER;BOT_TAKER;VELVETFRUIT_EXTRACT;XIRECS;5225.0;5
74200;BOT_MAKER;BOT_TAKER;VEV_4000;XIRECS;1221.0;2
74200;BOT_MAKER;BOT_TAKER;VEV_6000;XIRECS;0.0;4
74300;BOT_TAKER;BOT_MAKER;VEV_6000;XIRECS;1.0;2
74400;BOT_TAKER;BOT_MAKER;VELVETFRUIT_EXTRACT;XIRECS;5229.0;4
74400;BOT_TAKER;BOT_MAKER;VEV_5500;XIRECS;6.0;5
74400;BOT_TAKER;BOT_MAKER;VEV_6500;XIRECS;1.0;3
74500;BOT_MAKER;BOT_TAKER;VELVETFRUIT_EXTRACT;XIRECS;5224.0;8
74600;BOT_MAKER;BOT_TAKER;HYDROGEL_PACK;XIRECS;9919.0;4
74600;BOT_MAKER;BOT_TAKER;VELVETFRUIT_EXTRACT;XIRECS;5224.0;8
74700;BOT_TAKER;BOT_MAKER;VELVETFRUIT_EXTRACT;XIRECS;5227.0;3
74800;BOT_TAKER;BOT_MAKER;HYDROGEL_PACK;XIRECS;9930.0;2
75000;BOT_TAKER;BOT_MAKER;HYDROGEL_PACK;XIRECS;9930.0;6
75000;BOT_MAKER;BOT_TAKER;VEV_4000;XIRECS;1220.0;3
75100;BOT_TAKER;BOT_MAKER;VELVETFRUIT_EXTRACT;XIRECS;5231.0;6
75200;BOT_MAKER;BOT_TAKER;HYDROGEL_PACK;XIRECS;9913.0;3
75200;BOT_TAKER;BOT_MAKER;VEV_4000;XIRECS;1238.0;3
75300;BOT_TAKER;BOT_MAKER;HYDROGEL_PACK;XIRECS;9928.0;6
75500;BOT_MAKER;BOT_TAKER;VELVETFRUIT_EXTRACT;XIRECS;5225.0;7
75600;BOT_TAKER;BOT_MAKER;VELVETFRUIT_EXTRACT;XIRECS;5229.0;6
75700;BOT_MAKER;BOT_TAKER;HYDROGEL_PACK;XIRECS;9914.0;6
75800;BOT_TAKER;BOT_MAKER;VELVETFRUIT_EXTRACT;XIRECS;5231.0;7
75900;BOT_TAKER;BOT_MAKER;VELVETFRUIT_EXTRACT;XIRECS;5230.0;11
75900;BOT_MAKER;BOT_TAKER;VEV_4000;XIRECS;1218.0;1
75900;BOT_MAKER;BOT_TAKER;VEV_6500;XIRECS;0.0;3
76000;BOT_MAKER;BOT_TAKER;VELVETFRUIT_EXTRACT;XIRECS;5224.0;5
76000;BOT_MAKER;BOT_TAKER;VELVETFRUIT_EXTRACT;XIRECS;5224.0;7
76000;BOT_TAKER;BOT_MAKER;VEV_5400;XIRECS;19.0;4
76000;BOT_MAKER;BOT_TAKER;VEV_6500;XIRECS;0.0;5
76300;BOT_TAKER;BOT_MAKER;VEV_5500;XIRECS;5.0;2
76300;BOT_TAKER;BOT_MAKER;VEV_5500;XIRECS;5.0;4
76400;BOT_TAKER;BOT_MAKER;HYDROGEL_PACK;XIRECS;9929.0;5
76400;BOT_TAKER;BOT_MAKER;VEV_4000;XIRECS;1241.0;2
76500;BOT_MAKER;BOT_TAKER;HYDROGEL_PACK;XIRECS;9913.0;5
76800;BOT_MAKER;BOT_TAKER;VEV_4000;XIRECS;1218.0;2
76900;BOT_MAKER;BOT_TAKER;HYDROGEL_PACK;XIRECS;9913.0;3
76900;BOT_TAKER;BOT_MAKER;VELVETFRUIT_EXTRACT;XIRECS;5231.0;7
77000;BOT_TAKER;BOT_MAKER;HYDROGEL_PACK;XIRECS;9928.0;4
77000;BOT_TAKER;BOT_MAKER;VELVETFRUIT_EXTRACT;XIRECS;5230.0;6
77000;BOT_MAKER;BOT_TAKER;VEV_4000;XIRECS;1216.0;3
77000;BOT_MAKER;BOT_TAKER;VEV_5400;XIRECS;17.0;2
77000;SUBMISSION;BOT_TAKER;HYDROGEL_PACK;XIRECS;9913.0;5
77000;BOT_MAKER;BOT_TAKER;HYDROGEL_PACK;XIRECS;9912.0;1
77200;BOT_MAKER;BOT_TAKER;VELVETFRUIT_EXTRACT;XIRECS;5224.0;6
77200;BOT_TAKER;BOT_MAKER;VEV_4000;XIRECS;1239.0;1
77300;BOT_TAKER;BOT_MAKER;VELVETFRUIT_EXTRACT;XIRECS;5231.0;6
77400;BOT_TAKER;BOT_MAKER;HYDROGEL_PACK;XIRECS;9927.0;3
77400;BOT_MAKER;BOT_TAKER;VELVETFRUIT_EXTRACT;XIRECS;5226.0;8
77500;BOT_MAKER;BOT_TAKER;VEV_5500;XIRECS;5.0;4
77600;BOT_MAKER;BOT_TAKER;HYDROGEL_PACK;XIRECS;9915.0;6
77600;BOT_MAKER;BOT_TAKER;VELVETFRUIT_EXTRACT;XIRECS;5228.0;4
77800;BOT_MAKER;BOT_TAKER;HYDROGEL_PACK;XIRECS;9911.0;2
77800;BOT_MAKER;BOT_TAKER;VELVETFRUIT_EXTRACT;XIRECS;5226.0;6
77900;BOT_TAKER;BOT_MAKER;VEV_4000;XIRECS;1237.0;2
77900;BOT_TAKER;SUBMISSION;VELVETFRUIT_EXTRACT;XIRECS;5229.0;5
77900;BOT_TAKER;BOT_MAKER;VELVETFRUIT_EXTRACT;XIRECS;5230.0;2
78000;BOT_MAKER;BOT_TAKER;HYDROGEL_PACK;XIRECS;9911.0;6
78000;BOT_TAKER;BOT_MAKER;VEV_5400;XIRECS;17.0;4
78200;BOT_TAKER;BOT_MAKER;HYDROGEL_PACK;XIRECS;9928.0;5
78200;BOT_TAKER;BOT_MAKER;VELVETFRUIT_EXTRACT;XIRECS;5232.0;3
78200;BOT_TAKER;BOT_MAKER;VEV_6000;XIRECS;1.0;5
78400;BOT_TAKER;BOT_MAKER;HYDROGEL_PACK;XIRECS;9927.0;3
78400;BOT_TAKER;BOT_MAKER;VELVETFRUIT_EXTRACT;XIRECS;5230.0;8
78500;BOT_TAKER;BOT_MAKER;HYDROGEL_PACK;XIRECS;9929.0;5
78500;BOT_TAKER;BOT_MAKER;VEV_6000;XIRECS;1.0;2
78500;SUBMISSION;BOT_TAKER;VELVETFRUIT_EXTRACT;XIRECS;5227.0;5
78500;BOT_MAKER;BOT_TAKER;VELVETFRUIT_EXTRACT;XIRECS;5226.0;2
78500;SUBMISSION;BOT_TAKER;VEV_5400;XIRECS;18.0;4
78700;BOT_MAKER;BOT_TAKER;HYDROGEL_PACK;XIRECS;9912.0;4
78700;BOT_TAKER;BOT_MAKER;VELVETFRUIT_EXTRACT;XIRECS;5232.0;4
78700;BOT_MAKER;BOT_TAKER;VEV_4000;XIRECS;1216.0;1
78800;BOT_TAKER;BOT_MAKER;HYDROGEL_PACK;XIRECS;9925.0;5
78800;BOT_MAKER;BOT_TAKER;VELVETFRUIT_EXTRACT;XIRECS;5228.0;13
78800;SUBMISSION;BOT_TAKER;VELVETFRUIT_EXTRACT;XIRECS;5229.0;5
78800;BOT_MAKER;BOT_TAKER;VELVETFRUIT_EXTRACT;XIRECS;5228.0;2
78800;BOT_MAKER;BOT_TAKER;VELVETFRUIT_EXTRACT;XIRECS;5227.0;1
78900;BOT_TAKER;BOT_MAKER;VELVETFRUIT_EXTRACT;XIRECS;5231.0;8
78900;BOT_MAKER;BOT_TAKER;VELVETFRUIT_EXTRACT;XIRECS;5227.0;7
78900;BOT_MAKER;BOT_TAKER;VEV_4000;XIRECS;1213.0;2
78900;BOT_TAKER;BOT_MAKER;VEV_6000;XIRECS;1.0;5
79000;BOT_TAKER;BOT_MAKER;HYDROGEL_PACK;XIRECS;9927.0;2
79200;BOT_TAKER;BOT_MAKER;VELVETFRUIT_EXTRACT;XIRECS;5234.0;7
79300;BOT_MAKER;BOT_TAKER;HYDROGEL_PACK;XIRECS;9909.0;2
79400;BOT_MAKER;BOT_TAKER;HYDROGEL_PACK;XIRECS;9906.0;6
79500;BOT_TAKER;BOT_MAKER;HYDROGEL_PACK;XIRECS;9922.0;3
79500;BOT_TAKER;BOT_MAKER;VELVETFRUIT_EXTRACT;XIRECS;5232.0;4
79500;BOT_TAKER;BOT_MAKER;VEV_5300;XIRECS;54.0;3
79500;BOT_MAKER;BOT_TAKER;VEV_5500;XIRECS;5.0;4
79500;BOT_MAKER;BOT_TAKER;VEV_6500;XIRECS;0.0;2
79600;BOT_TAKER;SUBMISSION;VELVETFRUIT_EXTRACT;XIRECS;5231.0;3
79700;BOT_TAKER;BOT_MAKER;HYDROGEL_PACK;XIRECS;9927.0;6
79700;BOT_TAKER;BOT_MAKER;VEV_6000;XIRECS;1.0;4
79900;BOT_TAKER;BOT_MAKER;HYDROGEL_PACK;XIRECS;9920.0;4
79900;BOT_MAKER;BOT_TAKER;VELVETFRUIT_EXTRACT;XIRECS;5226.0;5
79900;SUBMISSION;BOT_TAKER;HYDROGEL_PACK;XIRECS;9905.0;5
80100;BOT_TAKER;BOT_MAKER;HYDROGEL_PACK;XIRECS;9921.0;3
80100;BOT_TAKER;BOT_MAKER;VELVETFRUIT_EXTRACT;XIRECS;5233.0;14
80100;BOT_TAKER;BOT_MAKER;VEV_6500;XIRECS;1.0;2
80200;BOT_TAKER;BOT_MAKER;VEV_4000;XIRECS;1234.0;1
80200;SUBMISSION;BOT_TAKER;VELVETFRUIT_EXTRACT;XIRECS;5226.0;5
80200;BOT_MAKER;BOT_TAKER;VELVETFRUIT_EXTRACT;XIRECS;5225.0;3
80300;BOT_MAKER;BOT_TAKER;HYDROGEL_PACK;XIRECS;9904.0;6
80300;BOT_MAKER;BOT_TAKER;VEV_6500;XIRECS;0.0;5
80400;BOT_TAKER;BOT_MAKER;HYDROGEL_PACK;XIRECS;9920.0;6
80400;BOT_MAKER;BOT_TAKER;VELVETFRUIT_EXTRACT;XIRECS;5224.0;8
80600;BOT_MAKER;BOT_TAKER;VELVETFRUIT_EXTRACT;XIRECS;5222.0;3
80600;BOT_MAKER;BOT_TAKER;VEV_6000;XIRECS;0.0;4
80600;SUBMISSION;BOT_TAKER;HYDROGEL_PACK;XIRECS;9904.0;5
80600;BOT_MAKER;BOT_TAKER;HYDROGEL_PACK;XIRECS;9903.0;1
80700;BOT_TAKER;BOT_MAKER;HYDROGEL_PACK;XIRECS;9920.0;4
80700;BOT_MAKER;BOT_TAKER;VEV_4000;XIRECS;1211.0;3
80700;BOT_TAKER;SUBMISSION;VELVETFRUIT_EXTRACT;XIRECS;5225.0;3
80800;BOT_MAKER;BOT_TAKER;VEV_5500;XIRECS;4.0;2
80800;BOT_TAKER;SUBMISSION;VELVETFRUIT_EXTRACT;XIRECS;5224.0;5
80800;BOT_TAKER;BOT_MAKER;VELVETFRUIT_EXTRACT;XIRECS;5225.0;3
80900;BOT_TAKER;BOT_MAKER;HYDROGEL_PACK;XIRECS;9924.0;4
80900;SUBMISSION;BOT_TAKER;VEV_4000;XIRECS;1211.0;3
81000;BOT_MAKER;BOT_TAKER;HYDROGEL_PACK;XIRECS;9908.0;6
81000;BOT_TAKER;BOT_MAKER;VELVETFRUIT_EXTRACT;XIRECS;5228.0;7
81100;BOT_TAKER;BOT_MAKER;VELVETFRUIT_EXTRACT;XIRECS;5227.0;10
81100;BOT_MAKER;BOT_TAKER;VEV_5300;XIRECS;51.0;5
81200;BOT_MAKER;BOT_TAKER;VELVETFRUIT_EXTRACT;XIRECS;5220.0;7
81200;BOT_MAKER;BOT_TAKER;VELVETFRUIT_EXTRACT;XIRECS;5220.0;4
81300;BOT_TAKER;BOT_MAKER;VEV_5300;XIRECS;55.0;2
81400;BOT_TAKER;BOT_MAKER;HYDROGEL_PACK;XIRECS;9919.0;6
81400;BOT_MAKER;BOT_TAKER;VEV_5500;XIRECS;4.0;3
81500;BOT_TAKER;BOT_MAKER;HYDROGEL_PACK;XIRECS;9921.0;5
81500;BOT_TAKER;BOT_MAKER;VELVETFRUIT_EXTRACT;XIRECS;5226.0;4
81500;BOT_TAKER;BOT_MAKER;VEV_5400;XIRECS;19.0;4
81600;BOT_MAKER;BOT_TAKER;VELVETFRUIT_EXTRACT;XIRECS;5223.0;5
81600;BOT_MAKER;BOT_TAKER;VEV_6500;XIRECS;0.0;4
81700;BOT_TAKER;BOT_MAKER;VELVETFRUIT_EXTRACT;XIRECS;5227.0;3
81800;BOT_TAKER;SUBMISSION;VELVETFRUIT_EXTRACT;XIRECS;5226.0;3
81900;BOT_MAKER;BOT_TAKER;VELVETFRUIT_EXTRACT;XIRECS;5222.0;6
82000;BOT_TAKER;BOT_MAKER;HYDROGEL_PACK;XIRECS;9916.0;5
82000;BOT_MAKER;BOT_TAKER;VEV_4000;XIRECS;1214.0;1
82100;BOT_MAKER;BOT_TAKER;HYDROGEL_PACK;XIRECS;9900.0;6
82100;BOT_TAKER;BOT_MAKER;VELVETFRUIT_EXTRACT;XIRECS;5230.0;7
82200;BOT_TAKER;BOT_MAKER;HYDROGEL_PACK;XIRECS;9916.0;2
82200;BOT_MAKER;BOT_TAKER;VELVETFRUIT_EXTRACT;XIRECS;5224.0;7
82200;BOT_MAKER;BOT_TAKER;VEV_4000;XIRECS;1212.0;1
82300;BOT_TAKER;BOT_MAKER;HYDROGEL_PACK;XIRECS;9916.0;3
82500;BOT_TAKER;BOT_MAKER;VEV_4000;XIRECS;1233.0;1
82500;BOT_MAKER;BOT_TAKER;VEV_6000;XIRECS;0.0;4
82500;SUBMISSION;BOT_TAKER;VELVETFRUIT_EXTRACT;XIRECS;5224.0;5
82500;BOT_MAKER;BOT_TAKER;VELVETFRUIT_EXTRACT;XIRECS;5223.0;3
82500;SUBMISSION;BOT_TAKER;VEV_4000;XIRECS;1213.0;3
82600;BOT_MAKER;BOT_TAKER;HYDROGEL_PACK;XIRECS;9902.0;5
82600;BOT_TAKER;BOT_MAKER;VELVETFRUIT_EXTRACT;XIRECS;5229.0;3
82600;BOT_MAKER;BOT_TAKER;VEV_6500;XIRECS;0.0;2
82800;BOT_TAKER;BOT_MAKER;HYDROGEL_PACK;XIRECS;9922.0;5
82800;BOT_MAKER;BOT_TAKER;VELVETFRUIT_EXTRACT;XIRECS;5223.0;10
82800;BOT_TAKER;BOT_MAKER;VEV_5500;XIRECS;6.0;3
82900;BOT_TAKER;BOT_MAKER;HYDROGEL_PACK;XIRECS;9922.0;3
82900;BOT_TAKER;BOT_MAKER;VELVETFRUIT_EXTRACT;XIRECS;5228.0;13
83000;BOT_MAKER;BOT_TAKER;VELVETFRUIT_EXTRACT;XIRECS;5222.0;7
83000;BOT_MAKER;BOT_TAKER;VEV_4000;XIRECS;1208.0;1
83000;BOT_TAKER;BOT_MAKER;VEV_5300;XIRECS;53.0;2
83300;BOT_TAKER;BOT_MAKER;VELVETFRUIT_EXTRACT;XIRECS;5224.0;5
83300;BOT_MAKER;BOT_TAKER;VEV_5300;XIRECS;50.0;5
83400;BOT_TAKER;BOT_MAKER;VELVETFRUIT_EXTRACT;XIRECS;5224.0;3
83400;BOT_MAKER;BOT_TAKER;VEV_4000;XIRECS;1206.0;2
83500;BOT_MAKER;BOT_TAKER;HYDROGEL_PACK;XIRECS;9893.0;5
83500;BOT_TAKER;SUBMISSION;VELVETFRUIT_EXTRACT;XIRECS;5222.0;4
83600;BOT_MAKER;BOT_TAKER;VELVETFRUIT_EXTRACT;XIRECS;5220.0;10
83600;BOT_MAKER;BOT_TAKER;VEV_4000;XIRECS;1204.0;1
83700;BOT_MAKER;BOT_TAKER;HYDROGEL_PACK;XIRECS;9891.0;2
83800;BOT_TAKER;BOT_MAKER;VELVETFRUIT_EXTRACT;XIRECS;5222.0;8
83900;BOT_TAKER;BOT_MAKER;HYDROGEL_PACK;XIRECS;9910.0;2
83900;BOT_MAKER;BOT_TAKER;VEV_5400;XIRECS;18.0;4
84000;BOT_TAKER;BOT_MAKER;HYDROGEL_PACK;XIRECS;9913.0;6
84000;BOT_MAKER;BOT_TAKER;VEV_4000;XIRECS;1205.0;3
84100;BOT_MAKER;BOT_TAKER;VEV_6500;XIRECS;0.0;4
84200;BOT_MAKER;BOT_TAKER;VELVETFRUIT_EXTRACT;XIRECS;5220.0;3
84200;BOT_TAKER;BOT_MAKER;VEV_4000;XIRECS;1225.0;3
84300;BOT_MAKER;BOT_TAKER;HYDROGEL_PACK;XIRECS;9898.0;4
84300;BOT_TAKER;SUBMISSION;VELVETFRUIT_EXTRACT;XIRECS;5224.0;5
84300;BOT_TAKER;BOT_MAKER;VELVETFRUIT_EXTRACT;XIRECS;5225.0;3
84500;BOT_TAKER;BOT_MAKER;VELVETFRUIT_EXTRACT;XIRECS;5227.0;7
84500;BOT_TAKER;BOT_MAKER;VEV_6500;XIRECS;1.0;4
84600;BOT_MAKER;BOT_TAKER;HYDROGEL_PACK;XIRECS;9899.0;3
84600;SUBMISSION;BOT_TAKER;VEV_4000;XIRECS;1205.0;2
84700;BOT_MAKER;BOT_TAKER;VEV_4000;XIRECS;1204.0;3
84700;BOT_MAKER;BOT_TAKER;VEV_5500;XIRECS;6.0;5
84700;BOT_TAKER;BOT_MAKER;VEV_6000;XIRECS;1.0;2
84800;BOT_MAKER;BOT_TAKER;VELVETFRUIT_EXTRACT;XIRECS;5224.0;6
84800;BOT_MAKER;BOT_TAKER;VEV_4000;XIRECS;1205.0;3
84900;BOT_TAKER;BOT_MAKER;VELVETFRUIT_EXTRACT;XIRECS;5228.0;4
85000;BOT_TAKER;BOT_MAKER;HYDROGEL_PACK;XIRECS;9921.0;3
85000;BOT_TAKER;BOT_MAKER;VEV_4000;XIRECS;1224.0;2
85000;BOT_TAKER;BOT_MAKER;VEV_5400;XIRECS;19.0;2
85000;BOT_TAKER;BOT_MAKER;VEV_5500;XIRECS;7.0;2
85100;BOT_MAKER;BOT_TAKER;VELVETFRUIT_EXTRACT;XIRECS;5222.0;5
85100;BOT_MAKER;BOT_TAKER;VEV_4000;XIRECS;1204.0;3
85200;BOT_MAKER;BOT_TAKER;VEV_5500;XIRECS;6.0;5
85300;BOT_TAKER;BOT_MAKER;VELVETFRUIT_EXTRACT;XIRECS;5232.0;5
85500;SUBMISSION;BOT_TAKER;VEV_5400;XIRECS;18.0;3
85700;SUBMISSION;BOT_TAKER;VELVETFRUIT_EXTRACT;XIRECS;5231.0;5
85700;BOT_MAKER;BOT_TAKER;VELVETFRUIT_EXTRACT;XIRECS;5230.0;3
86000;BOT_MAKER;BOT_TAKER;HYDROGEL_PACK;XIRECS;9904.0;6
86000;BOT_MAKER;BOT_TAKER;VELVETFRUIT_EXTRACT;XIRECS;5228.0;5
86000;BOT_TAKER;BOT_MAKER;VEV_5500;XIRECS;7.0;5
86000;SUBMISSION;BOT_TAKER;HYDROGEL_PACK;XIRECS;9905.0;3
86100;BOT_TAKER;BOT_MAKER;HYDROGEL_PACK;XIRECS;9919.0;3
86300;BOT_TAKER;BOT_MAKER;VELVETFRUIT_EXTRACT;XIRECS;5233.0;8
86400;BOT_TAKER;BOT_MAKER;VELVETFRUIT_EXTRACT;XIRECS;5234.0;3
86400;BOT_TAKER;BOT_MAKER;VEV_4000;XIRECS;1229.0;1
86600;BOT_MAKER;BOT_TAKER;VEV_6000;XIRECS;0.0;5
86600;BOT_TAKER;SUBMISSION;HYDROGEL_PACK;XIRECS;9926.0;3
86800;BOT_TAKER;BOT_MAKER;VELVETFRUIT_EXTRACT;XIRECS;5236.0;8
86800;BOT_TAKER;BOT_MAKER;VEV_5400;XIRECS;19.0;4
86800;BOT_MAKER;BOT_TAKER;VEV_6000;XIRECS;0.0;5
86900;BOT_TAKER;BOT_MAKER;VEV_5500;XIRECS;7.0;5
86900;BOT_TAKER;SUBMISSION;HYDROGEL_PACK;XIRECS;9923.0;4
87000;BOT_TAKER;BOT_MAKER;HYDROGEL_PACK;XIRECS;9925.0;4
87000;BOT_MAKER;BOT_TAKER;VELVETFRUIT_EXTRACT;XIRECS;5231.0;6
87000;BOT_TAKER;BOT_MAKER;VEV_4000;XIRECS;1228.0;2
87000;BOT_MAKER;BOT_TAKER;VEV_5500;XIRECS;6.0;2
87100;BOT_TAKER;BOT_MAKER;HYDROGEL_PACK;XIRECS;9925.0;6
87100;BOT_MAKER;BOT_TAKER;VELVETFRUIT_EXTRACT;XIRECS;5232.0;6
87100;BOT_TAKER;BOT_MAKER;VEV_5400;XIRECS;17.0;3
87100;BOT_TAKER;BOT_MAKER;VEV_5500;XIRECS;7.0;3
87300;BOT_MAKER;BOT_TAKER;HYDROGEL_PACK;XIRECS;9907.0;6
87400;BOT_MAKER;BOT_TAKER;VELVETFRUIT_EXTRACT;XIRECS;5230.0;6
87400;SUBMISSION;BOT_TAKER;HYDROGEL_PACK;XIRECS;9909.0;3
87500;BOT_MAKER;BOT_TAKER;VELVETFRUIT_EXTRACT;XIRECS;5229.0;4
87600;BOT_MAKER;BOT_TAKER;HYDROGEL_PACK;XIRECS;9906.0;5
87600;BOT_MAKER;BOT_TAKER;VEV_5500;XIRECS;6.0;3
87700;BOT_TAKER;BOT_MAKER;HYDROGEL_PACK;XIRECS;9923.0;4
88000;BOT_TAKER;BOT_MAKER;HYDROGEL_PACK;XIRECS;9917.0;3
88000;SUBMISSION;BOT_TAKER;VELVETFRUIT_EXTRACT;XIRECS;5229.0;5
88200;BOT_TAKER;BOT_MAKER;HYDROGEL_PACK;XIRECS;9916.0;3
88200;BOT_MAKER;BOT_TAKER;VEV_4000;XIRECS;1205.0;2
88300;BOT_MAKER;BOT_TAKER;HYDROGEL_PACK;XIRECS;9903.0;3
88300;BOT_TAKER;BOT_MAKER;VELVETFRUIT_EXTRACT;XIRECS;5233.0;3
88300;BOT_TAKER;BOT_MAKER;VEV_5300;XIRECS;50.0;2
88300;BOT_TAKER;BOT_MAKER;VEV_5500;XIRECS;7.0;5
88300;BOT_TAKER;BOT_MAKER;VEV_6000;XIRECS;1.0;2
88400;BOT_TAKER;BOT_MAKER;HYDROGEL_PACK;XIRECS;9923.0;3
88400;BOT_MAKER;BOT_TAKER;HYDROGEL_PACK;XIRECS;9907.0;4
88400;BOT_TAKER;BOT_MAKER;VEV_4000;XIRECS;1227.0;1
88400;BOT_MAKER;BOT_TAKER;VEV_6000;XIRECS;0.0;3
88600;BOT_MAKER;BOT_TAKER;VELVETFRUIT_EXTRACT;XIRECS;5230.0;8
88600;BOT_TAKER;BOT_MAKER;VEV_5300;XIRECS;50.0;4
88600;BOT_MAKER;BOT_TAKER;VEV_6500;XIRECS;0.0;2
88600;BOT_TAKER;BOT_MAKER;VEV_6500;XIRECS;1.0;2
88700;SUBMISSION;BOT_TAKER;VEV_4000;XIRECS;1207.0;2
88800;BOT_MAKER;BOT_TAKER;VELVETFRUIT_EXTRACT;XIRECS;5228.0;8
88900;BOT_MAKER;BOT_TAKER;HYDROGEL_PACK;XIRECS;9910.0;5
89200;BOT_MAKER;BOT_TAKER;VEV_5500;XIRECS;6.0;3
89300;BOT_MAKER;BOT_TAKER;VEV_5400;XIRECS;16.0;2
89300;BOT_TAKER;BOT_MAKER;VEV_6500;XIRECS;1.0;4
89400;BOT_TAKER;BOT_MAKER;VEV_6500;XIRECS;1.0;3
89500;BOT_TAKER;BOT_MAKER;VELVETFRUIT_EXTRACT;XIRECS;5232.0;4
89600;BOT_TAKER;BOT_MAKER;VELVETFRUIT_EXTRACT;XIRECS;5233.0;5
89600;BOT_TAKER;BOT_MAKER;VEV_5500;XIRECS;7.0;4
89700;BOT_MAKER;BOT_TAKER;HYDROGEL_PACK;XIRECS;9915.0;4
89700;BOT_TAKER;BOT_MAKER;VEV_4000;XIRECS;1225.0;1
89800;BOT_MAKER;BOT_TAKER;HYDROGEL_PACK;XIRECS;9912.0;6
89800;BOT_MAKER;BOT_TAKER;VEV_4000;XIRECS;1203.0;1
89800;SUBMISSION;BOT_TAKER;VELVETFRUIT_EXTRACT;XIRECS;5227.0;5
89900;BOT_MAKER;BOT_TAKER;VELVETFRUIT_EXTRACT;XIRECS;5225.0;3
89900;BOT_TAKER;BOT_MAKER;VEV_4000;XIRECS;1224.0;2
90000;BOT_MAKER;BOT_TAKER;VELVETFRUIT_EXTRACT;XIRECS;5226.0;3
90000;BOT_MAKER;BOT_TAKER;VEV_5500;XIRECS;6.0;2
90000;SUBMISSION;BOT_TAKER;VEV_4000;XIRECS;1204.0;1
90100;SUBMISSION;BOT_TAKER;VELVETFRUIT_EXTRACT;XIRECS;5227.0;5
90200;BOT_TAKER;BOT_MAKER;VELVETFRUIT_EXTRACT;XIRECS;5230.0;4
90300;BOT_TAKER;BOT_MAKER;VELVETFRUIT_EXTRACT;XIRECS;5230.0;7
90400;BOT_MAKER;BOT_TAKER;VEV_4000;XIRECS;1202.0;3
90500;BOT_MAKER;BOT_TAKER;VELVETFRUIT_EXTRACT;XIRECS;5223.0;12
90600;BOT_TAKER;BOT_MAKER;VELVETFRUIT_EXTRACT;XIRECS;5229.0;3
90600;BOT_MAKER;BOT_TAKER;VEV_5500;XIRECS;6.0;2
90600;SUBMISSION;BOT_TAKER;VELVETFRUIT_EXTRACT;XIRECS;5226.0;5
90600;BOT_MAKER;BOT_TAKER;VELVETFRUIT_EXTRACT;XIRECS;5225.0;3
90900;BOT_TAKER;BOT_MAKER;HYDROGEL_PACK;XIRECS;9927.0;6
90900;BOT_TAKER;BOT_MAKER;VELVETFRUIT_EXTRACT;XIRECS;5227.0;7
90900;BOT_MAKER;BOT_TAKER;VEV_6000;XIRECS;0.0;5
90900;BOT_MAKER;BOT_TAKER;VEV_6500;XIRECS;0.0;3
90900;BOT_TAKER;SUBMISSION;VEV_4000;XIRECS;1220.0;2
91000;BOT_TAKER;BOT_MAKER;VEV_5400;XIRECS;18.0;2
91100;BOT_TAKER;BOT_MAKER;HYDROGEL_PACK;XIRECS;9930.0;6
91100;BOT_MAKER;BOT_TAKER;VELVETFRUIT_EXTRACT;XIRECS;5221.0;5
91100;BOT_TAKER;BOT_MAKER;VEV_5400;XIRECS;17.0;4
91200;BOT_TAKER;BOT_MAKER;HYDROGEL_PACK;XIRECS;9927.0;4
91200;BOT_MAKER;BOT_TAKER;VEV_6500;XIRECS;0.0;5
91300;SUBMISSION;BOT_TAKER;VEV_5300;XIRECS;49.0;4
91400;BOT_MAKER;BOT_TAKER;HYDROGEL_PACK;XIRECS;9910.0;4
91400;BOT_MAKER;BOT_TAKER;VELVETFRUIT_EXTRACT;XIRECS;5221.0;6
91400;BOT_TAKER;BOT_MAKER;VEV_5300;XIRECS;50.0;2
91400;BOT_MAKER;BOT_TAKER;VEV_6000;XIRECS;0.0;4
91500;BOT_MAKER;BOT_TAKER;VELVETFRUIT_EXTRACT;XIRECS;5223.0;8
91600;BOT_MAKER;BOT_TAKER;VELVETFRUIT_EXTRACT;XIRECS;5223.0;4
91600;BOT_MAKER;BOT_TAKER;VEV_5400;XIRECS;17.0;4
91600;BOT_TAKER;BOT_MAKER;VEV_5500;XIRECS;7.0;2
91700;BOT_TAKER;BOT_MAKER;HYDROGEL_PACK;XIRECS;9928.0;3
91700;BOT_TAKER;BOT_MAKER;VELVETFRUIT_EXTRACT;XIRECS;5229.0;6
91900;BOT_MAKER;BOT_TAKER;VELVETFRUIT_EXTRACT;XIRECS;5225.0;8
91900;BOT_TAKER;BOT_MAKER;VEV_5400;XIRECS;17.0;2
91900;BOT_TAKER;BOT_MAKER;VEV_5400;XIRECS;17.0;3
92000;BOT_MAKER;BOT_TAKER;HYDROGEL_PACK;XIRECS;9910.0;4
92000;BOT_TAKER;BOT_MAKER;VEV_6000;XIRECS;1.0;4
92000;BOT_MAKER;BOT_TAKER;VEV_6500;XIRECS;0.0;4
92100;BOT_MAKER;BOT_TAKER;HYDROGEL_PACK;XIRECS;9908.0;5
92100;BOT_TAKER;BOT_MAKER;VEV_6000;XIRECS;1.0;2
92200;BOT_TAKER;BOT_MAKER;VELVETFRUIT_EXTRACT;XIRECS;5230.0;3
92200;BOT_TAKER;SUBMISSION;VEV_4000;XIRECS;1225.0;2
92300;BOT_MAKER;BOT_TAKER;HYDROGEL_PACK;XIRECS;9910.0;2
92400;BOT_TAKER;BOT_MAKER;VELVETFRUIT_EXTRACT;XIRECS;5229.0;6
92400;BOT_MAKER;BOT_TAKER;VEV_5500;XIRECS;6.0;4
92500;BOT_MAKER;BOT_TAKER;VELVETFRUIT_EXTRACT;XIRECS;5223.0;7
92500;BOT_MAKER;BOT_TAKER;VEV_5400;XIRECS;16.0;5
92600;BOT_MAKER;BOT_TAKER;VEV_4000;XIRECS;1207.0;1
92700;BOT_MAKER;BOT_TAKER;VELVETFRUIT_EXTRACT;XIRECS;5224.0;7
92800;BOT_MAKER;BOT_TAKER;VEV_5500;XIRECS;6.0;2
92900;BOT_MAKER;BOT_TAKER;HYDROGEL_PACK;XIRECS;9904.0;5
93000;BOT_MAKER;BOT_TAKER;VELVETFRUIT_EXTRACT;XIRECS;5222.0;3
93100;BOT_MAKER;BOT_TAKER;HYDROGEL_PACK;XIRECS;9906.0;6
93100;BOT_TAKER;BOT_MAKER;VEV_5500;XIRECS;7.0;5
93200;BOT_MAKER;BOT_TAKER;VELVETFRUIT_EXTRACT;XIRECS;5222.0;8
93200;BOT_MAKER;BOT_TAKER;VEV_4000;XIRECS;1212.0;1
93300;BOT_MAKER;BOT_TAKER;HYDROGEL_PACK;XIRECS;9907.0;3
93300;BOT_TAKER;BOT_MAKER;VELVETFRUIT_EXTRACT;XIRECS;5227.0;3
93300;BOT_TAKER;BOT_MAKER;VEV_5500;XIRECS;7.0;5
93300;SUBMISSION;BOT_TAKER;VEV_4000;XIRECS;1213.0;1
93400;BOT_TAKER;BOT_MAKER;VEV_6500;XIRECS;1.0;5
93500;BOT_MAKER;BOT_TAKER;HYDROGEL_PACK;XIRECS;9906.0;3
93700;BOT_MAKER;BOT_TAKER;HYDROGEL_PACK;XIRECS;9905.0;6
93700;BOT_TAKER;BOT_MAKER;VELVETFRUIT_EXTRACT;XIRECS;5230.0;4
93700;BOT_MAKER;BOT_TAKER;VEV_4000;XIRECS;1211.0;3
93700;SUBMISSION;BOT_TAKER;VELVETFRUIT_EXTRACT;XIRECS;5226.0;5
93700;BOT_MAKER;BOT_TAKER;VELVETFRUIT_EXTRACT;XIRECS;5225.0;3
93900;BOT_MAKER;BOT_TAKER;VELVETFRUIT_EXTRACT;XIRECS;5224.0;5
93900;BOT_TAKER;BOT_MAKER;VEV_6000;XIRECS;1.0;2
94100;BOT_MAKER;BOT_TAKER;VELVETFRUIT_EXTRACT;XIRECS;5224.0;5
94100;BOT_TAKER;BOT_MAKER;VELVETFRUIT_EXTRACT;XIRECS;5230.0;5
94100;BOT_MAKER;BOT_TAKER;VEV_4000;XIRECS;1207.0;2
94200;BOT_TAKER;BOT_MAKER;HYDROGEL_PACK;XIRECS;9929.0;5
94200;BOT_MAKER;BOT_TAKER;VELVETFRUIT_EXTRACT;XIRECS;5224.0;8
94200;BOT_MAKER;BOT_TAKER;VEV_5500;XIRECS;6.0;4
94400;BOT_TAKER;BOT_MAKER;VEV_4000;XIRECS;1227.0;2
94400;BOT_MAKER;BOT_TAKER;VEV_5400;XIRECS;16.0;4
94500;BOT_MAKER;BOT_TAKER;HYDROGEL_PACK;XIRECS;9908.0;3
94600;BOT_MAKER;BOT_TAKER;VELVETFRUIT_EXTRACT;XIRECS;5225.0;4
94800;SUBMISSION;BOT_TAKER;HYDROGEL_PACK;XIRECS;9914.0;5
94800;BOT_MAKER;BOT_TAKER;HYDROGEL_PACK;XIRECS;9913.0;1
94900;BOT_TAKER;BOT_MAKER;VELVETFRUIT_EXTRACT;XIRECS;5228.0;3
95100;BOT_MAKER;BOT_TAKER;HYDROGEL_PACK;XIRECS;9914.0;6
95200;BOT_TAKER;BOT_MAKER;HYDROGEL_PACK;XIRECS;9929.0;2
95200;BOT_MAKER;BOT_TAKER;VELVETFRUIT_EXTRACT;XIRECS;5224.0;3
95400;BOT_TAKER;BOT_MAKER;VELVETFRUIT_EXTRACT;XIRECS;5228.0;5
95400;BOT_TAKER;BOT_MAKER;VEV_4000;XIRECS;1224.0;1
95400;BOT_TAKER;BOT_MAKER;VEV_5400;XIRECS;16.0;4
95400;BOT_TAKER;BOT_MAKER;VEV_5500;XIRECS;7.0;5
95400;BOT_TAKER;SUBMISSION;HYDROGEL_PACK;XIRECS;9928.0;4
95500;BOT_TAKER;BOT_MAKER;VELVETFRUIT_EXTRACT;XIRECS;5228.0;6
95600;BOT_MAKER;BOT_TAKER;HYDROGEL_PACK;XIRECS;9913.0;3
95600;SUBMISSION;BOT_TAKER;HYDROGEL_PACK;XIRECS;9914.0;2
95700;BOT_TAKER;BOT_MAKER;VEV_5400;XIRECS;16.0;2
95900;BOT_MAKER;BOT_TAKER;VELVETFRUIT_EXTRACT;XIRECS;5221.0;3
95900;BOT_MAKER;BOT_TAKER;VEV_4000;XIRECS;1206.0;2
95900;BOT_MAKER;BOT_TAKER;VEV_6000;XIRECS;0.0;5
96200;BOT_MAKER;BOT_TAKER;VELVETFRUIT_EXTRACT;XIRECS;5221.0;8
96300;BOT_MAKER;BOT_TAKER;HYDROGEL_PACK;XIRECS;9908.0;2
96300;BOT_MAKER;BOT_TAKER;VELVETFRUIT_EXTRACT;XIRECS;5221.0;3
96300;BOT_TAKER;BOT_MAKER;VEV_6000;XIRECS;1.0;4
96500;BOT_MAKER;BOT_TAKER;HYDROGEL_PACK;XIRECS;9905.0;6
96500;BOT_TAKER;BOT_MAKER;VEV_6000;XIRECS;1.0;5
96600;BOT_TAKER;BOT_MAKER;VELVETFRUIT_EXTRACT;XIRECS;5226.0;8
96600;BOT_TAKER;BOT_MAKER;VELVETFRUIT_EXTRACT;XIRECS;5226.0;7
96700;BOT_TAKER;BOT_MAKER;VELVETFRUIT_EXTRACT;XIRECS;5226.0;7
96800;BOT_MAKER;BOT_TAKER;HYDROGEL_PACK;XIRECS;9906.0;6
96800;BOT_MAKER;BOT_TAKER;VEV_4000;XIRECS;1211.0;1
96800;BOT_MAKER;BOT_TAKER;VEV_5500;XIRECS;6.0;2
96900;BOT_TAKER;BOT_MAKER;HYDROGEL_PACK;XIRECS;9922.0;3
96900;BOT_MAKER;BOT_TAKER;VELVETFRUIT_EXTRACT;XIRECS;5221.0;4
97000;BOT_TAKER;BOT_MAKER;HYDROGEL_PACK;XIRECS;9917.0;3
97000;BOT_TAKER;BOT_MAKER;VELVETFRUIT_EXTRACT;XIRECS;5227.0;4
97000;BOT_MAKER;BOT_TAKER;VEV_4000;XIRECS;1211.0;1
97000;BOT_TAKER;BOT_MAKER;VEV_5400;XIRECS;15.0;2
97000;SUBMISSION;BOT_TAKER;HYDROGEL_PACK;XIRECS;9902.0;5
97200;BOT_MAKER;BOT_TAKER;VELVETFRUIT_EXTRACT;XIRECS;5223.0;5
97200;BOT_MAKER;BOT_TAKER;VEV_5400;XIRECS;13.0;2
97200;SUBMISSION;BOT_TAKER;VELVETFRUIT_EXTRACT;XIRECS;5224.0;4
97300;BOT_MAKER;BOT_TAKER;VELVETFRUIT_EXTRACT;XIRECS;5223.0;6
97400;BOT_MAKER;BOT_TAKER;HYDROGEL_PACK;XIRECS;9903.0;5
97400;SUBMISSION;BOT_TAKER;VEV_4000;XIRECS;1212.0;3
97500;BOT_MAKER;BOT_TAKER;VELVETFRUIT_EXTRACT;XIRECS;5223.0;4
97600;BOT_MAKER;BOT_TAKER;HYDROGEL_PACK;XIRECS;9903.0;5
97600;BOT_TAKER;BOT_MAKER;VEV_4000;XIRECS;1230.0;3
97600;BOT_TAKER;BOT_MAKER;VEV_5400;XIRECS;15.0;2
97700;BOT_MAKER;BOT_TAKER;HYDROGEL_PACK;XIRECS;9904.0;3
97800;BOT_MAKER;BOT_TAKER;VELVETFRUIT_EXTRACT;XIRECS;5224.0;6
97800;BOT_MAKER;BOT_TAKER;VEV_4000;XIRECS;1209.0;2
97900;BOT_MAKER;BOT_TAKER;VELVETFRUIT_EXTRACT;XIRECS;5223.0;5
97900;SUBMISSION;BOT_TAKER;VELVETFRUIT_EXTRACT;XIRECS;5224.0;5
97900;BOT_MAKER;BOT_TAKER;VELVETFRUIT_EXTRACT;XIRECS;5223.0;1
98000;BOT_TAKER;BOT_MAKER;VEV_4000;XIRECS;1228.0;2
98000;BOT_MAKER;BOT_TAKER;VEV_5400;XIRECS;13.0;3
98000;SUBMISSION;BOT_TAKER;VEV_5400;XIRECS;14.0;2
98100;BOT_TAKER;BOT_MAKER;HYDROGEL_PACK;XIRECS;9916.0;5
98100;BOT_MAKER;BOT_TAKER;VELVETFRUIT_EXTRACT;XIRECS;5222.0;6
98100;BOT_MAKER;BOT_TAKER;VEV_5300;XIRECS;45.0;5
98200;BOT_MAKER;BOT_TAKER;VELVETFRUIT_EXTRACT;XIRECS;5221.0;4
98300;BOT_TAKER;BOT_MAKER;VELVETFRUIT_EXTRACT;XIRECS;5227.0;10
98400;BOT_MAKER;BOT_TAKER;VELVETFRUIT_EXTRACT;XIRECS;5223.0;10
98400;BOT_TAKER;BOT_MAKER;VELVETFRUIT_EXTRACT;XIRECS;5228.0;4
98400;BOT_TAKER;BOT_MAKER;VEV_6500;XIRECS;1.0;4
98500;BOT_TAKER;BOT_MAKER;VEV_6500;XIRECS;1.0;2
98600;BOT_TAKER;BOT_MAKER;VELVETFRUIT_EXTRACT;XIRECS;5228.0;8
98600;BOT_TAKER;SUBMISSION;HYDROGEL_PACK;XIRECS;9917.0;5
98700;BOT_MAKER;BOT_TAKER;VEV_5300;XIRECS;46.0;3
99000;BOT_MAKER;BOT_TAKER;VELVETFRUIT_EXTRACT;XIRECS;5223.0;8
99000;BOT_TAKER;BOT_MAKER;VELVETFRUIT_EXTRACT;XIRECS;5227.0;7
99100;BOT_MAKER;BOT_TAKER;VEV_5500;XIRECS;6.0;5
99400;BOT_TAKER;BOT_MAKER;VELVETFRUIT_EXTRACT;XIRECS;5225.0;6
99400;SUBMISSION;BOT_TAKER;HYDROGEL_PACK;XIRECS;9901.0;5
99400;BOT_MAKER;BOT_TAKER;HYDROGEL_PACK;XIRECS;9900.0;1
99500;BOT_TAKER;BOT_MAKER;HYDROGEL_PACK;XIRECS;9916.0;4
99600;BOT_TAKER;BOT_MAKER;VELVETFRUIT_EXTRACT;XIRECS;5225.0;6
99600;BOT_MAKER;BOT_TAKER;VEV_4000;XIRECS;1211.0;1
99700;BOT_MAKER;BOT_TAKER;VEV_4000;XIRECS;1209.0;3
99800;BOT_TAKER;BOT_MAKER;VELVETFRUIT_EXTRACT;XIRECS;5224.0;8
99900;BOT_TAKER;BOT_MAKER;HYDROGEL_PACK;XIRECS;9912.0;4
99900;BOT_TAKER;BOT_MAKER;VEV_5200;XIRECS;103.0;3
100000;BOT_MAKER;BOT_TAKER;VEV_6000;XIRECS;0.0;3
100000;BOT_MAKER;BOT_TAKER;VEV_6500;XIRECS;0.0;2
100100;BOT_TAKER;BOT_MAKER;VELVETFRUIT_EXTRACT;XIRECS;5226.0;7
100100;BOT_TAKER;BOT_MAKER;VEV_5500;XIRECS;7.0;5
100100;BOT_MAKER;BOT_TAKER;VEV_6000;XIRECS;0.0;3
100200;BOT_TAKER;BOT_MAKER;VELVETFRUIT_EXTRACT;XIRECS;5225.0;4
100200;BOT_TAKER;BOT_MAKER;VEV_6500;XIRECS;1.0;2
100300;BOT_MAKER;BOT_TAKER;VELVETFRUIT_EXTRACT;XIRECS;5219.0;9
100300;BOT_MAKER;BOT_TAKER;VEV_5400;XIRECS;14.0;2
100300;SUBMISSION;BOT_TAKER;VELVETFRUIT_EXTRACT;XIRECS;5220.0;5
100400;BOT_TAKER;BOT_MAKER;VELVETFRUIT_EXTRACT;XIRECS;5224.0;3
100500;BOT_TAKER;BOT_MAKER;HYDROGEL_PACK;XIRECS;9912.0;3
100500;BOT_TAKER;BOT_MAKER;VELVETFRUIT_EXTRACT;XIRECS;5224.0;6
100500;BOT_MAKER;BOT_TAKER;VEV_6000;XIRECS;0.0;5
100600;BOT_MAKER;BOT_TAKER;VEV_5500;XIRECS;6.0;2
100600;BOT_TAKER;BOT_MAKER;VEV_6500;XIRECS;1.0;4
100700;BOT_TAKER;BOT_MAKER;VELVETFRUIT_EXTRACT;XIRECS;5225.0;7
100700;BOT_MAKER;BOT_TAKER;VEV_4000;XIRECS;1208.0;3
100800;BOT_MAKER;BOT_TAKER;HYDROGEL_PACK;XIRECS;9899.0;5
100800;BOT_TAKER;BOT_MAKER;VEV_5400;XIRECS;15.0;2
100900;BOT_MAKER;BOT_TAKER;HYDROGEL_PACK;XIRECS;9899.0;6
101000;BOT_TAKER;BOT_MAKER;VELVETFRUIT_EXTRACT;XIRECS;5227.0;4
101000;BOT_TAKER;BOT_MAKER;VELVETFRUIT_EXTRACT;XIRECS;5227.0;8
101000;SUBMISSION;BOT_TAKER;HYDROGEL_PACK;XIRECS;9902.0;4
101200;BOT_MAKER;BOT_TAKER;HYDROGEL_PACK;XIRECS;9905.0;5
101300;BOT_TAKER;BOT_MAKER;VEV_4000;XIRECS;1227.0;2
101500;BOT_TAKER;BOT_MAKER;VEV_4000;XIRECS;1227.0;3
101600;BOT_MAKER;BOT_TAKER;HYDROGEL_PACK;XIRECS;9905.0;5
101600;BOT_TAKER;BOT_MAKER;VELVETFRUIT_EXTRACT;XIRECS;5229.0;3
101600;BOT_MAKER;BOT_TAKER;VEV_5500;XIRECS;6.0;4
101700;SUBMISSION;BOT_TAKER;VEV_4000;XIRECS;1208.0;3
101800;BOT_MAKER;BOT_TAKER;VELVETFRUIT_EXTRACT;XIRECS;5224.0;5
101800;BOT_TAKER;BOT_MAKER;VEV_4000;XIRECS;1228.0;3
101800;BOT_TAKER;BOT_MAKER;VEV_5500;XIRECS;7.0;4
101900;BOT_TAKER;BOT_MAKER;VELVETFRUIT_EXTRACT;XIRECS;5231.0;4
102000;BOT_TAKER;BOT_MAKER;VELVETFRUIT_EXTRACT;XIRECS;5229.0;5
102100;BOT_MAKER;BOT_TAKER;HYDROGEL_PACK;XIRECS;9905.0;4
102200;BOT_TAKER;BOT_MAKER;VEV_4000;XIRECS;1231.0;3
102300;BOT_MAKER;BOT_TAKER;VELVETFRUIT_EXTRACT;XIRECS;5226.0;4
102300;BOT_TAKER;BOT_MAKER;VEV_5400;XIRECS;16.0;4
102300;BOT_TAKER;BOT_MAKER;VEV_5500;XIRECS;7.0;3
102400;BOT_TAKER;BOT_MAKER;VEV_6000;XIRECS;1.0;4
102500;BOT_MAKER;BOT_TAKER;HYDROGEL_PACK;XIRECS;9901.0;6
102500;BOT_MAKER;BOT_TAKER;VELVETFRUIT_EXTRACT;XIRECS;5226.0;8
102600;BOT_MAKER;BOT_TAKER;VEV_4000;XIRECS;1209.0;2
102700;BOT_MAKER;BOT_TAKER;VELVETFRUIT_EXTRACT;XIRECS;5229.0;3
102700;BOT_TAKER;BOT_MAKER;VEV_4000;XIRECS;1230.0;3
102700;BOT_MAKER;BOT_TAKER;VEV_4000;XIRECS;1209.0;1
102700;BOT_MAKER;BOT_TAKER;VEV_6000;XIRECS;0.0;5
102800;BOT_TAKER;BOT_MAKER;VELVETFRUIT_EXTRACT;XIRECS;5236.0;12
102800;SUBMISSION;BOT_TAKER;HYDROGEL_PACK;XIRECS;9903.0;4
102900;BOT_MAKER;BOT_TAKER;HYDROGEL_PACK;XIRECS;9905.0;5
102900;BOT_MAKER;BOT_TAKER;VELVETFRUIT_EXTRACT;XIRECS;5231.0;6
103100;BOT_TAKER;BOT_MAKER;HYDROGEL_PACK;XIRECS;9919.0;2
103100;BOT_TAKER;BOT_MAKER;VELVETFRUIT_EXTRACT;XIRECS;5234.0;6
103100;BOT_TAKER;BOT_MAKER;VEV_4000;XIRECS;1230.0;2
103100;SUBMISSION;BOT_TAKER;VELVETFRUIT_EXTRACT;XIRECS;5231.0;4
103200;BOT_MAKER;BOT_TAKER;HYDROGEL_PACK;XIRECS;9905.0;6
103200;BOT_TAKER;BOT_MAKER;VELVETFRUIT_EXTRACT;XIRECS;5235.0;10
103200;BOT_TAKER;SUBMISSION;VELVETFRUIT_EXTRACT;XIRECS;5234.0;3
103400;BOT_TAKER;BOT_MAKER;HYDROGEL_PACK;XIRECS;9925.0;3
103400;BOT_TAKER;BOT_MAKER;VELVETFRUIT_EXTRACT;XIRECS;5236.0;8
103500;BOT_MAKER;BOT_TAKER;VEV_5500;XIRECS;6.0;3
103600;BOT_MAKER;BOT_TAKER;HYDROGEL_PACK;XIRECS;9912.0;5
103600;BOT_TAKER;BOT_MAKER;VELVETFRUIT_EXTRACT;XIRECS;5236.0;8
103600;BOT_TAKER;BOT_MAKER;VEV_5500;XIRECS;7.0;2
103700;BOT_MAKER;BOT_TAKER;HYDROGEL_PACK;XIRECS;9913.0;5
103800;BOT_MAKER;BOT_TAKER;HYDROGEL_PACK;XIRECS;9912.0;2
103800;BOT_MAKER;BOT_TAKER;VELVETFRUIT_EXTRACT;XIRECS;5228.0;7
103800;BOT_TAKER;BOT_MAKER;VEV_4000;XIRECS;1232.0;3
103800;BOT_TAKER;BOT_MAKER;VEV_6000;XIRECS;1.0;3
103800;BOT_MAKER;BOT_TAKER;VEV_6500;XIRECS;0.0;5
103800;BOT_TAKER;SUBMISSION;HYDROGEL_PACK;XIRECS;9927.0;3
103900;BOT_TAKER;BOT_MAKER;VELVETFRUIT_EXTRACT;XIRECS;5233.0;8
103900;BOT_MAKER;BOT_TAKER;VEV_4000;XIRECS;1211.0;2
104000;BOT_MAKER;BOT_TAKER;HYDROGEL_PACK;XIRECS;9916.0;2
104000;BOT_MAKER;BOT_TAKER;VELVETFRUIT_EXTRACT;XIRECS;5226.0;8
104200;BOT_MAKER;BOT_TAKER;VELVETFRUIT_EXTRACT;XIRECS;5227.0;7
104300;BOT_MAKER;BOT_TAKER;VELVETFRUIT_EXTRACT;XIRECS;5227.0;6
104300;BOT_TAKER;BOT_MAKER;VELVETFRUIT_EXTRACT;XIRECS;5232.0;3
104600;BOT_MAKER;BOT_TAKER;VELVETFRUIT_EXTRACT;XIRECS;5228.0;8
104700;BOT_MAKER;BOT_TAKER;VELVETFRUIT_EXTRACT;XIRECS;5232.0;5
104700;BOT_TAKER;BOT_MAKER;VEV_5500;XIRECS;7.0;5
104800;BOT_MAKER;BOT_TAKER;VEV_4000;XIRECS;1214.0;2
104900;BOT_TAKER;BOT_MAKER;HYDROGEL_PACK;XIRECS;9938.0;2
104900;BOT_TAKER;BOT_MAKER;VELVETFRUIT_EXTRACT;XIRECS;5235.0;7
104900;BOT_TAKER;BOT_MAKER;VELVETFRUIT_EXTRACT;XIRECS;5235.0;3
104900;BOT_TAKER;BOT_MAKER;VEV_4000;XIRECS;1235.0;1
105000;BOT_MAKER;BOT_TAKER;VELVETFRUIT_EXTRACT;XIRECS;5230.0;5
105000;BOT_TAKER;BOT_MAKER;VEV_5500;XIRECS;7.0;2
105100;SUBMISSION;BOT_TAKER;VELVETFRUIT_EXTRACT;XIRECS;5232.0;5
105100;BOT_MAKER;BOT_TAKER;VELVETFRUIT_EXTRACT;XIRECS;5231.0;1
105200;BOT_TAKER;BOT_MAKER;VELVETFRUIT_EXTRACT;XIRECS;5236.0;4
105200;BOT_TAKER;SUBMISSION;VELVETFRUIT_EXTRACT;XIRECS;5235.0;5
105200;BOT_TAKER;BOT_MAKER;VELVETFRUIT_EXTRACT;XIRECS;5236.0;1
105300;BOT_MAKER;BOT_TAKER;HYDROGEL_PACK;XIRECS;9924.0;2
105300;BOT_TAKER;BOT_MAKER;VEV_5400;XIRECS;15.0;3
105400;BOT_MAKER;BOT_TAKER;VEV_5400;XIRECS;14.0;5
105500;BOT_TAKER;BOT_MAKER;VELVETFRUIT_EXTRACT;XIRECS;5234.0;6
105600;BOT_TAKER;BOT_MAKER;HYDROGEL_PACK;XIRECS;9941.0;3
105700;BOT_MAKER;BOT_TAKER;VELVETFRUIT_EXTRACT;XIRECS;5225.0;8
105700;BOT_MAKER;BOT_TAKER;VEV_4000;XIRECS;1215.0;1
105800;BOT_TAKER;BOT_MAKER;HYDROGEL_PACK;XIRECS;9942.0;3
105800;BOT_MAKER;BOT_TAKER;HYDROGEL_PACK;XIRECS;9926.0;6
105800;BOT_MAKER;BOT_TAKER;VELVETFRUIT_EXTRACT;XIRECS;5225.0;6
105900;BOT_TAKER;BOT_MAKER;VELVETFRUIT_EXTRACT;XIRECS;5230.0;8
105900;BOT_TAKER;BOT_MAKER;VEV_4000;XIRECS;1236.0;2
105900;BOT_TAKER;BOT_MAKER;VEV_5500;XIRECS;7.0;2
106000;BOT_MAKER;BOT_TAKER;VELVETFRUIT_EXTRACT;XIRECS;5227.0;3
106000;BOT_TAKER;BOT_MAKER;VEV_4000;XIRECS;1236.0;3
106100;BOT_MAKER;BOT_TAKER;VELVETFRUIT_EXTRACT;XIRECS;5225.0;6
106100;BOT_TAKER;BOT_MAKER;VEV_6000;XIRECS;1.0;5
106100;BOT_TAKER;SUBMISSION;VEV_5300;XIRECS;48.0;4
106400;BOT_TAKER;BOT_MAKER;VELVETFRUIT_EXTRACT;XIRECS;5231.0;3
106500;BOT_MAKER;BOT_TAKER;VELVETFRUIT_EXTRACT;XIRECS;5224.0;7
106600;BOT_TAKER;BOT_MAKER;VEV_6500;XIRECS;1.0;2
106700;BOT_MAKER;BOT_TAKER;VEV_4000;XIRECS;1218.0;1
106700;BOT_MAKER;BOT_TAKER;VEV_5500;XIRECS;6.0;5
106800;BOT_TAKER;BOT_MAKER;HYDROGEL_PACK;XIRECS;9938.0;3
106900;BOT_TAKER;BOT_MAKER;VELVETFRUIT_EXTRACT;XIRECS;5234.0;5
107000;BOT_MAKER;BOT_TAKER;VELVETFRUIT_EXTRACT;XIRECS;5227.0;6
107000;BOT_TAKER;SUBMISSION;HYDROGEL_PACK;XIRECS;9935.0;3
107000;SUBMISSION;BOT_TAKER;VELVETFRUIT_EXTRACT;XIRECS;5228.0;5
107000;BOT_MAKER;BOT_TAKER;VELVETFRUIT_EXTRACT;XIRECS;5227.0;4
107100;BOT_TAKER;BOT_MAKER;HYDROGEL_PACK;XIRECS;9930.0;4
107100;BOT_MAKER;BOT_TAKER;VEV_4000;XIRECS;1217.0;2
107100;BOT_MAKER;BOT_TAKER;VEV_5300;XIRECS;47.0;5
107200;BOT_MAKER;BOT_TAKER;HYDROGEL_PACK;XIRECS;9913.0;6
107200;BOT_TAKER;BOT_MAKER;VEV_6500;XIRECS;1.0;5
107300;BOT_TAKER;BOT_MAKER;VELVETFRUIT_EXTRACT;XIRECS;5231.0;8
107300;BOT_TAKER;BOT_MAKER;VEV_4000;XIRECS;1239.0;3
107400;BOT_TAKER;BOT_MAKER;VEV_5500;XIRECS;7.0;2
107500;BOT_TAKER;BOT_MAKER;VELVETFRUIT_EXTRACT;XIRECS;5229.0;8
107600;BOT_TAKER;BOT_MAKER;HYDROGEL_PACK;XIRECS;9939.0;5
107700;BOT_MAKER;BOT_TAKER;VELVETFRUIT_EXTRACT;XIRECS;5223.0;5
107700;BOT_TAKER;BOT_MAKER;VEV_5500;XIRECS;7.0;4
107800;BOT_MAKER;BOT_TAKER;VELVETFRUIT_EXTRACT;XIRECS;5222.0;3
107900;BOT_TAKER;BOT_MAKER;VELVETFRUIT_EXTRACT;XIRECS;5227.0;5
107900;BOT_TAKER;SUBMISSION;HYDROGEL_PACK;XIRECS;9939.0;4
107900;SUBMISSION;BOT_TAKER;VEV_5300;XIRECS;47.0;4
108000;BOT_TAKER;BOT_MAKER;HYDROGEL_PACK;XIRECS;9939.0;4
108100;BOT_TAKER;BOT_MAKER;VELVETFRUIT_EXTRACT;XIRECS;5228.0;8
108100;BOT_MAKER;BOT_TAKER;VEV_4000;XIRECS;1217.0;1
108200;BOT_TAKER;BOT_MAKER;HYDROGEL_PACK;XIRECS;9935.0;3
108200;BOT_TAKER;BOT_MAKER;VELVETFRUIT_EXTRACT;XIRECS;5228.0;8
108300;BOT_MAKER;BOT_TAKER;VEV_5300;XIRECS;48.0;3
108300;BOT_MAKER;BOT_TAKER;VEV_5500;XIRECS;6.0;5
108300;BOT_TAKER;BOT_MAKER;VEV_6000;XIRECS;1.0;2
108300;BOT_TAKER;BOT_MAKER;VEV_6500;XIRECS;1.0;5
108400;BOT_TAKER;BOT_MAKER;HYDROGEL_PACK;XIRECS;9940.0;6
108400;BOT_TAKER;BOT_MAKER;VELVETFRUIT_EXTRACT;XIRECS;5229.0;8
108400;BOT_MAKER;BOT_TAKER;VEV_6000;XIRECS;0.0;5
108600;BOT_TAKER;BOT_MAKER;VELVETFRUIT_EXTRACT;XIRECS;5229.0;8
108600;BOT_TAKER;BOT_MAKER;VEV_5400;XIRECS;18.0;3
108600;BOT_MAKER;BOT_TAKER;VEV_5500;XIRECS;6.0;4
108600;BOT_TAKER;BOT_MAKER;VEV_6000;XIRECS;1.0;4
108600;BOT_TAKER;BOT_MAKER;VEV_6500;XIRECS;1.0;5
108600;BOT_TAKER;SUBMISSION;HYDROGEL_PACK;XIRECS;9944.0;5
108600;BOT_TAKER;BOT_MAKER;HYDROGEL_PACK;XIRECS;9945.0;1
108700;BOT_TAKER;BOT_MAKER;VELVETFRUIT_EXTRACT;XIRECS;5230.0;6
108800;BOT_MAKER;BOT_TAKER;HYDROGEL_PACK;XIRECS;9924.0;5
108800;BOT_TAKER;BOT_MAKER;VELVETFRUIT_EXTRACT;XIRECS;5229.0;6
108900;BOT_MAKER;BOT_TAKER;HYDROGEL_PACK;XIRECS;9923.0;2
108900;BOT_MAKER;BOT_TAKER;VELVETFRUIT_EXTRACT;XIRECS;5223.0;7
108900;BOT_TAKER;BOT_MAKER;VEV_5400;XIRECS;18.0;2
108900;BOT_TAKER;BOT_MAKER;VEV_6000;XIRECS;1.0;4
109000;BOT_TAKER;BOT_MAKER;HYDROGEL_PACK;XIRECS;9939.0;3
109000;BOT_TAKER;BOT_MAKER;VELVETFRUIT_EXTRACT;XIRECS;5231.0;3
109000;BOT_MAKER;BOT_TAKER;VEV_6500;XIRECS;0.0;2
109100;BOT_MAKER;BOT_TAKER;HYDROGEL_PACK;XIRECS;9925.0;2
109100;SUBMISSION;BOT_TAKER;HYDROGEL_PACK;XIRECS;9926.0;2
109200;BOT_MAKER;BOT_TAKER;VELVETFRUIT_EXTRACT;XIRECS;5227.0;4
109300;BOT_MAKER;BOT_TAKER;VELVETFRUIT_EXTRACT;XIRECS;5227.0;8
109300;BOT_MAKER;BOT_TAKER;VEV_5400;XIRECS;17.0;3
109400;BOT_TAKER;BOT_MAKER;HYDROGEL_PACK;XIRECS;9940.0;2
109400;BOT_MAKER;BOT_TAKER;VELVETFRUIT_EXTRACT;XIRECS;5227.0;8
109500;BOT_MAKER;BOT_TAKER;VELVETFRUIT_EXTRACT;XIRECS;5227.0;6
109500;BOT_MAKER;BOT_TAKER;VEV_6500;XIRECS;0.0;3
109600;BOT_TAKER;BOT_MAKER;VELVETFRUIT_EXTRACT;XIRECS;5232.0;3
109700;BOT_TAKER;BOT_MAKER;VELVETFRUIT_EXTRACT;XIRECS;5231.0;8
109700;BOT_MAKER;BOT_TAKER;VEV_5400;XIRECS;16.0;3
109800;BOT_TAKER;BOT_MAKER;HYDROGEL_PACK;XIRECS;9938.0;3
109900;BOT_MAKER;BOT_TAKER;HYDROGEL_PACK;XIRECS;9919.0;5
109900;BOT_TAKER;BOT_MAKER;VELVETFRUIT_EXTRACT;XIRECS;5233.0;4
110000;BOT_MAKER;BOT_TAKER;HYDROGEL_PACK;XIRECS;9919.0;6
110100;BOT_MAKER;BOT_TAKER;VELVETFRUIT_EXTRACT;XIRECS;5229.0;6
110200;BOT_MAKER;BOT_TAKER;HYDROGEL_PACK;XIRECS;9924.0;5
110200;BOT_MAKER;BOT_TAKER;VELVETFRUIT_EXTRACT;XIRECS;5229.0;5
110400;BOT_MAKER;BOT_TAKER;HYDROGEL_PACK;XIRECS;9926.0;5
110400;BOT_MAKER;BOT_TAKER;VEV_5500;XIRECS;5.0;5
110400;BOT_TAKER;SUBMISSION;HYDROGEL_PACK;XIRECS;9941.0;4
110500;BOT_MAKER;BOT_TAKER;VEV_6500;XIRECS;0.0;4
110600;BOT_TAKER;BOT_MAKER;VELVETFRUIT_EXTRACT;XIRECS;5235.0;4
110600;SUBMISSION;BOT_TAKER;VELVETFRUIT_EXTRACT;XIRECS;5231.0;5
110600;BOT_MAKER;BOT_TAKER;VELVETFRUIT_EXTRACT;XIRECS;5230.0;2
110700;BOT_MAKER;BOT_TAKER;HYDROGEL_PACK;XIRECS;9925.0;6
110800;BOT_MAKER;BOT_TAKER;HYDROGEL_PACK;XIRECS;9923.0;5
110900;BOT_MAKER;BOT_TAKER;HYDROGEL_PACK;XIRECS;9923.0;6
