timestamp;buyer;seller;symbol;currency;price;quantity
0;BOT_TAKER;BOT_MAKER;HYDROGEL_PACK;XIRECS;9987.0;2
0;BOT_MAKER;BOT_TAKER;VELVETFRUIT_EXTRACT;XIRECS;5260.0;4
0;BOT_MAKER;BOT_TAKER;VEV_5300;XIRECS;49.0;4
0;BOT_MAKER;BOT_TAKER;VEV_6000;XIRECS;0.0;3
300;BOT_MAKER;BOT_TAKER;VELVETFRUIT_EXTRACT;XIRECS;5260.0;8
300;SUBMISSION;BOT_TAKER;HYDROGEL_PACK;XIRECS;9974.0;5
300;BOT_MAKER;BOT_TAKER;HYDROGEL_PACK;XIRECS;9973.0;1
400;BOT_TAKER;BOT_MAKER;VEV_6000;XIRECS;1.0;5
400;SUBMISSION;BOT_TAKER;VELVETFRUIT_EXTRACT;XIRECS;5261.0;5
400;BOT_MAKER;BOT_TAKER;VELVETFRUIT_EXTRACT;XIRECS;5260.0;1
500;BOT_TAKER;BOT_MAKER;VEV_4000;XIRECS;1273.0;1
600;BOT_TAKER;BOT_MAKER;VELVETFRUIT_EXTRACT;XIRECS;5267.0;13
700;BOT_TAKER;BOT_MAKER;VELVETFRUIT_EXTRACT;XIRECS;5267.0;8
800;BOT_TAKER;BOT_MAKER;VELVETFRUIT_EXTRACT;XIRECS;5267.0;7
800;BOT_MAKER;BOT_TAKER;VEV_5300;XIRECS;50.0;2
900;BOT_MAKER;BOT_TAKER;VELVETFRUIT_EXTRACT;XIRECS;5263.0;8
1000;BOT_TAKER;BOT_MAKER;HYDROGEL_PACK;XIRECS;9988.0;3
1100;BOT_MAKER;BOT_TAKER;HYDROGEL_PACK;XIRECS;9973.0;6
1100;BOT_MAKER;BOT_TAKER;VELVETFRUIT_EXTRACT;XIRECS;5263.0;8
1100;BOT_MAKER;BOT_TAKER;VEV_5400;XIRECS;17.0;2
1200;BOT_MAKER;BOT_TAKER;HYDROGEL_PACK;XIRECS;9978.0;3
1200;BOT_TAKER;SUBMISSION;VELVETFRUIT_EXTRACT;XIRECS;5266.0;4
1400;BOT_TAKER;BOT_MAKER;HYDROGEL_PACK;XIRECS;9993.0;5
1400;BOT_TAKER;BOT_MAKER;VELVETFRUIT_EXTRACT;XIRECS;5270.0;8
1400;BOT_TAKER;BOT_MAKER;VEV_5300;XIRECS;52.0;5
1400;SUBMISSION;BOT_TAKER;VELVETFRUIT_EXTRACT;XIRECS;5265.0;5
1400;BOT_MAKER;BOT_TAKER;VELVETFRUIT_EXTRACT;XIRECS;5264.0;1
1500;BOT_MAKER;BOT_TAKER;HYDROGEL_PACK;XIRECS;9976.0;2
1500;BOT_TAKER;BOT_MAKER;VELVETFRUIT_EXTRACT;XIRECS;5270.0;6
1600;BOT_TAKER;BOT_MAKER;VELVETFRUIT_EXTRACT;XIRECS;5270.0;8
1700;BOT_TAKER;BOT_MAKER;HYDROGEL_PACK;XIRECS;9998.0;6
1700;BOT_MAKER;BOT_TAKER;VELVETFRUIT_EXTRACT;XIRECS;5263.0;7
1700;BOT_MAKER;BOT_TAKER;VEV_5400;XIRECS;16.0;2
1800;BOT_MAKER;BOT_TAKER;VELVETFRUIT_EXTRACT;XIRECS;5264.0;6
1900;BOT_MAKER;BOT_TAKER;VELVETFRUIT_EXTRACT;XIRECS;5263.0;6
1900;BOT_TAKER;BOT_MAKER;VEV_6000;XIRECS;1.0;5
2000;BOT_MAKER;BOT_TAKER;VEV_6000;XIRECS;0.0;2
2100;BOT_TAKER;BOT_MAKER;HYDROGEL_PACK;XIRECS;9995.0;4
2100;BOT_MAKER;BOT_TAKER;VELVETFRUIT_EXTRACT;XIRECS;5263.0;6
2100;BOT_MAKER;BOT_TAKER;VEV_4000;XIRECS;1254.0;1
2200;BOT_MAKER;BOT_TAKER;VELVETFRUIT_EXTRACT;XIRECS;5262.0;5
2200;BOT_MAKER;BOT_TAKER;VEV_6500;XIRECS;0.0;2
2300;BOT_MAKER;BOT_TAKER;HYDROGEL_PACK;XIRECS;9982.0;5
2300;BOT_TAKER;BOT_MAKER;VEV_4000;XIRECS;1274.0;1
2400;BOT_TAKER;BOT_MAKER;HYDROGEL_PACK;XIRECS;9998.0;5
2500;BOT_TAKER;BOT_MAKER;HYDROGEL_PACK;XIRECS;9999.0;6
2500;BOT_TAKER;BOT_MAKER;VELVETFRUIT_EXTRACT;XIRECS;5266.0;5
2500;BOT_MAKER;BOT_TAKER;VEV_6000;XIRECS;0.0;5
2500;SUBMISSION;BOT_TAKER;HYDROGEL_PACK;XIRECS;9984.0;5
2600;BOT_TAKER;BOT_MAKER;VELVETFRUIT_EXTRACT;XIRECS;5265.0;4
2600;SUBMISSION;BOT_TAKER;HYDROGEL_PACK;XIRECS;9983.0;2
2700;BOT_TAKER;BOT_MAKER;VEV_4000;XIRECS;1274.0;1
2800;BOT_TAKER;BOT_MAKER;VEV_6000;XIRECS;1.0;3
2900;BOT_MAKER;BOT_TAKER;HYDROGEL_PACK;XIRECS;9983.0;2
2900;BOT_MAKER;BOT_TAKER;VELVETFRUIT_EXTRACT;XIRECS;5261.0;4
3000;BOT_MAKER;BOT_TAKER;VEV_5500;XIRECS;5.0;5
3100;BOT_MAKER;BOT_TAKER;HYDROGEL_PACK;XIRECS;9986.0;2
3300;BOT_TAKER;BOT_MAKER;VELVETFRUIT_EXTRACT;XIRECS;5264.0;5
3300;BOT_TAKER;BOT_MAKER;VEV_5400;XIRECS;19.0;3
3300;SUBMISSION;BOT_TAKER;HYDROGEL_PACK;XIRECS;9985.0;4
3400;BOT_TAKER;BOT_MAKER;HYDROGEL_PACK;XIRECS;10001.0;4
3400;BOT_TAKER;BOT_MAKER;VEV_4000;XIRECS;1272.0;2
3500;BOT_TAKER;BOT_MAKER;VELVETFRUIT_EXTRACT;XIRECS;5265.0;5
3500;SUBMISSION;BOT_TAKER;HYDROGEL_PACK;XIRECS;9987.0;5
3600;BOT_TAKER;BOT_MAKER;VELVETFRUIT_EXTRACT;XIRECS;5266.0;7
3700;BOT_TAKER;BOT_MAKER;VELVETFRUIT_EXTRACT;XIRECS;5265.0;4
3800;BOT_MAKER;BOT_TAKER;VEV_4000;XIRECS;1247.0;3
3800;BOT_MAKER;BOT_TAKER;VEV_6500;XIRECS;0.0;2
3900;BOT_TAKER;BOT_MAKER;HYDROGEL_PACK;XIRECS;9996.0;6
3900;BOT_TAKER;BOT_MAKER;HYDROGEL_PACK;XIRECS;9996.0;6
3900;BOT_MAKER;BOT_TAKER;VELVETFRUIT_EXTRACT;XIRECS;5259.0;7
3900;BOT_MAKER;BOT_TAKER;VEV_6000;XIRECS;0.0;3
3900;BOT_TAKER;SUBMISSION;VELVETFRUIT_EXTRACT;XIRECS;5264.0;5
3900;BOT_TAKER;BOT_MAKER;VELVETFRUIT_EXTRACT;XIRECS;5265.0;1
4000;BOT_TAKER;BOT_MAKER;HYDROGEL_PACK;XIRECS;9996.0;5
4000;BOT_MAKER;BOT_TAKER;VELVETFRUIT_EXTRACT;XIRECS;5260.0;7
4000;BOT_TAKER;BOT_MAKER;VEV_4000;XIRECS;1268.0;2
4200;BOT_TAKER;BOT_MAKER;VELVETFRUIT_EXTRACT;XIRECS;5265.0;7
4300;BOT_MAKER;BOT_TAKER;HYDROGEL_PACK;XIRECS;9980.0;4
4300;BOT_MAKER;BOT_TAKER;VEV_4000;XIRECS;1247.0;3
4300;BOT_TAKER;BOT_MAKER;VEV_5300;XIRECS;51.0;4
4400;BOT_MAKER;BOT_TAKER;HYDROGEL_PACK;XIRECS;9980.0;5
4400;BOT_TAKER;BOT_MAKER;VELVETFRUIT_EXTRACT;XIRECS;5263.0;4
4500;BOT_TAKER;BOT_MAKER;VEV_6500;XIRECS;1.0;5
4600;BOT_MAKER;BOT_TAKER;VELVETFRUIT_EXTRACT;XIRECS;5258.0;4
4700;BOT_TAKER;BOT_MAKER;HYDROGEL_PACK;XIRECS;10000.0;6
4700;BOT_MAKER;BOT_TAKER;VELVETFRUIT_EXTRACT;XIRECS;5258.0;12
4800;BOT_MAKER;BOT_TAKER;VEV_4000;XIRECS;1244.0;1
4900;BOT_MAKER;BOT_TAKER;VELVETFRUIT_EXTRACT;XIRECS;5257.0;7
4900;BOT_MAKER;BOT_TAKER;VEV_6000;XIRECS;0.0;4
5100;BOT_MAKER;BOT_TAKER;VEV_6000;XIRECS;0.0;5
5200;BOT_TAKER;BOT_MAKER;VELVETFRUIT_EXTRACT;XIRECS;5261.0;6
5300;BOT_TAKER;BOT_MAKER;VEV_6000;XIRECS;1.0;4
5300;BOT_TAKER;BOT_MAKER;VEV_6500;XIRECS;1.0;5
5500;BOT_MAKER;BOT_TAKER;VEV_5300;XIRECS;52.0;5
5600;BOT_TAKER;BOT_MAKER;VEV_4000;XIRECS;1268.0;2
5600;BOT_TAKER;BOT_MAKER;VEV_5400;XIRECS;20.0;5
5600;BOT_TAKER;SUBMISSION;VELVETFRUIT_EXTRACT;XIRECS;5261.0;3
5700;BOT_TAKER;BOT_MAKER;HYDROGEL_PACK;XIRECS;10007.0;3
5700;BOT_TAKER;BOT_MAKER;VELVETFRUIT_EXTRACT;XIRECS;5263.0;4
5800;BOT_TAKER;BOT_MAKER;HYDROGEL_PACK;XIRECS;10007.0;2
5800;BOT_MAKER;BOT_TAKER;VELVETFRUIT_EXTRACT;XIRECS;5258.0;9
5900;BOT_MAKER;BOT_TAKER;VELVETFRUIT_EXTRACT;XIRECS;5257.0;7
5900;BOT_MAKER;BOT_TAKER;VEV_4000;XIRECS;1248.0;3
5900;BOT_MAKER;BOT_TAKER;VEV_6000;XIRECS;0.0;5
6100;BOT_MAKER;BOT_TAKER;VELVETFRUIT_EXTRACT;XIRECS;5258.0;6
6200;BOT_MAKER;BOT_TAKER;HYDROGEL_PACK;XIRECS;9996.0;5
6300;BOT_TAKER;BOT_MAKER;VEV_4000;XIRECS;1265.0;3
6400;BOT_TAKER;BOT_MAKER;HYDROGEL_PACK;XIRECS;10010.0;4
6400;BOT_TAKER;BOT_MAKER;VEV_4000;XIRECS;1265.0;2
6400;BOT_TAKER;SUBMISSION;VEV_4000;XIRECS;1264.0;1
6500;BOT_TAKER;BOT_MAKER;VELVETFRUIT_EXTRACT;XIRECS;5263.0;4
6500;BOT_MAKER;BOT_TAKER;VEV_4000;XIRECS;1243.0;3
6600;BOT_TAKER;BOT_MAKER;HYDROGEL_PACK;XIRECS;10008.0;5
6600;SUBMISSION;BOT_TAKER;VEV_5300;XIRECS;53.0;4
6700;BOT_MAKER;BOT_TAKER;HYDROGEL_PACK;XIRECS;9993.0;4
6700;BOT_TAKER;BOT_MAKER;VEV_5500;XIRECS;7.0;4
6900;BOT_MAKER;BOT_TAKER;VEV_6000;XIRECS;0.0;5
7000;BOT_TAKER;SUBMISSION;VELVETFRUIT_EXTRACT;XIRECS;5261.0;3
7100;BOT_TAKER;BOT_MAKER;HYDROGEL_PACK;XIRECS;10003.0;2
7200;BOT_TAKER;BOT_MAKER;VELVETFRUIT_EXTRACT;XIRECS;5263.0;5
7400;BOT_TAKER;BOT_MAKER;HYDROGEL_PACK;XIRECS;10002.0;6
7500;BOT_TAKER;BOT_MAKER;HYDROGEL_PACK;XIRECS;10000.0;4
7500;BOT_MAKER;BOT_TAKER;VELVETFRUIT_EXTRACT;XIRECS;5257.0;4
7500;BOT_TAKER;BOT_MAKER;VEV_6500;XIRECS;1.0;2
7600;BOT_TAKER;BOT_MAKER;HYDROGEL_PACK;XIRECS;10003.0;6
7600;SUBMISSION;BOT_TAKER;HYDROGEL_PACK;XIRECS;9988.0;3
7700;BOT_TAKER;BOT_MAKER;VEV_5400;XIRECS;20.0;4
7700;SUBMISSION;BOT_TAKER;VELVETFRUIT_EXTRACT;XIRECS;5259.0;5
7800;BOT_TAKER;BOT_MAKER;VEV_6000;XIRECS;1.0;3
8000;BOT_TAKER;BOT_MAKER;HYDROGEL_PACK;XIRECS;10002.0;2
8000;BOT_MAKER;BOT_TAKER;VELVETFRUIT_EXTRACT;XIRECS;5257.0;6
8000;BOT_MAKER;BOT_TAKER;VEV_5400;XIRECS;18.0;3
8100;BOT_TAKER;BOT_MAKER;VELVETFRUIT_EXTRACT;XIRECS;5262.0;7
8200;BOT_MAKER;BOT_TAKER;VELVETFRUIT_EXTRACT;XIRECS;5258.0;7
8200;BOT_MAKER;BOT_TAKER;VEV_5300;XIRECS;53.0;3
8300;BOT_MAKER;BOT_TAKER;VELVETFRUIT_EXTRACT;XIRECS;5257.0;6
8400;BOT_MAKER;BOT_TAKER;HYDROGEL_PACK;XIRECS;9987.0;2
8400;BOT_MAKER;BOT_TAKER;VELVETFRUIT_EXTRACT;XIRECS;5257.0;5
8400;BOT_MAKER;BOT_TAKER;VEV_4000;XIRECS;1237.0;2
8500;BOT_TAKER;BOT_MAKER;HYDROGEL_PACK;XIRECS;10005.0;3
8600;BOT_TAKER;BOT_MAKER;VELVETFRUIT_EXTRACT;XIRECS;5262.0;3
8600;SUBMISSION;BOT_TAKER;VEV_4000;XIRECS;1238.0;2
8800;BOT_MAKER;BOT_TAKER;HYDROGEL_PACK;XIRECS;9984.0;6
9000;BOT_MAKER;BOT_TAKER;HYDROGEL_PACK;XIRECS;9987.0;3
9200;BOT_TAKER;BOT_MAKER;VEV_4000;XIRECS;1258.0;2
9300;BOT_TAKER;SUBMISSION;HYDROGEL_PACK;XIRECS;9998.0;3
9400;BOT_MAKER;BOT_TAKER;HYDROGEL_PACK;XIRECS;9984.0;6
9400;BOT_TAKER;BOT_MAKER;VELVETFRUIT_EXTRACT;XIRECS;5259.0;8
9400;BOT_TAKER;BOT_MAKER;VELVETFRUIT_EXTRACT;XIRECS;5259.0;3
9400;BOT_MAKER;BOT_TAKER;VEV_5500;XIRECS;7.0;2
9500;BOT_TAKER;SUBMISSION;VEV_4000;XIRECS;1257.0;3
9700;BOT_TAKER;BOT_MAKER;VELVETFRUIT_EXTRACT;XIRECS;5258.0;4
9700;BOT_TAKER;BOT_MAKER;VEV_5400;XIRECS;20.0;3
9700;BOT_MAKER;BOT_TAKER;VEV_6000;XIRECS;0.0;5
9800;BOT_TAKER;BOT_MAKER;HYDROGEL_PACK;XIRECS;10003.0;3
9800;BOT_TAKER;BOT_MAKER;VEV_6500;XIRECS;1.0;5
9800;BOT_TAKER;SUBMISSION;VELVETFRUIT_EXTRACT;XIRECS;5258.0;5
9800;BOT_TAKER;BOT_MAKER;VELVETFRUIT_EXTRACT;XIRECS;5259.0;2
9900;BOT_MAKER;BOT_TAKER;HYDROGEL_PACK;XIRECS;9984.0;2
9900;BOT_TAKER;BOT_MAKER;VEV_5500;XIRECS;8.0;4
9900;SUBMISSION;BOT_TAKER;HYDROGEL_PACK;XIRECS;9985.0;4
10100;BOT_TAKER;BOT_MAKER;VELVETFRUIT_EXTRACT;XIRECS;5259.0;3
10100;BOT_MAKER;BOT_TAKER;VEV_5500;XIRECS;7.0;3
10200;BOT_TAKER;BOT_MAKER;VELVETFRUIT_EXTRACT;XIRECS;5261.0;14
10200;SUBMISSION;BOT_TAKER;VELVETFRUIT_EXTRACT;XIRECS;5257.0;5
10400;BOT_TAKER;BOT_MAKER;VELVETFRUIT_EXTRACT;XIRECS;5259.0;7
10400;BOT_MAKER;BOT_TAKER;VEV_6000;XIRECS;0.0;2
10500;BOT_TAKER;BOT_MAKER;HYDROGEL_PACK;XIRECS;10007.0;2
10500;BOT_MAKER;BOT_TAKER;VEV_4000;XIRECS;1239.0;2
10600;BOT_MAKER;BOT_TAKER;VELVETFRUIT_EXTRACT;XIRECS;5254.0;8
10800;BOT_MAKER;BOT_TAKER;VEV_6500;XIRECS;0.0;4
10800;SUBMISSION;BOT_TAKER;VELVETFRUIT_EXTRACT;XIRECS;5255.0;5
10800;BOT_MAKER;BOT_TAKER;VELVETFRUIT_EXTRACT;XIRECS;5254.0;3
10900;BOT_TAKER;BOT_MAKER;VEV_5400;XIRECS;19.0;4
10900;BOT_MAKER;BOT_TAKER;VEV_6000;XIRECS;0.0;3
11000;BOT_MAKER;BOT_TAKER;VELVETFRUIT_EXTRACT;XIRECS;5254.0;6
11000;SUBMISSION;BOT_TAKER;VEV_4000;XIRECS;1241.0;3
11200;BOT_MAKER;BOT_TAKER;HYDROGEL_PACK;XIRECS;9995.0;4
11200;BOT_TAKER;BOT_MAKER;VELVETFRUIT_EXTRACT;XIRECS;5260.0;5
11300;BOT_TAKER;BOT_MAKER;VELVETFRUIT_EXTRACT;XIRECS;5260.0;7
11400;BOT_MAKER;BOT_TAKER;VEV_5500;XIRECS;7.0;4
11400;BOT_TAKER;BOT_MAKER;VEV_6500;XIRECS;1.0;5
11500;BOT_MAKER;BOT_TAKER;HYDROGEL_PACK;XIRECS;9996.0;2
11600;BOT_TAKER;BOT_MAKER;HYDROGEL_PACK;XIRECS;10015.0;2
11600;BOT_MAKER;BOT_TAKER;VELVETFRUIT_EXTRACT;XIRECS;5255.0;3
11600;SUBMISSION;BOT_TAKER;HYDROGEL_PACK;XIRECS;10000.0;5
11700;BOT_MAKER;BOT_TAKER;HYDROGEL_PACK;XIRECS;10001.0;5
11700;BOT_MAKER;BOT_TAKER;VEV_5400;XIRECS;19.0;5
11800;BOT_TAKER;BOT_MAKER;VELVETFRUIT_EXTRACT;XIRECS;5261.0;7
11900;BOT_TAKER;BOT_MAKER;HYDROGEL_PACK;XIRECS;10016.0;6
11900;BOT_TAKER;BOT_MAKER;VELVETFRUIT_EXTRACT;XIRECS;5261.0;3
11900;BOT_MAKER;BOT_TAKER;VEV_6500;XIRECS;0.0;3
12000;BOT_TAKER;BOT_MAKER;VELVETFRUIT_EXTRACT;XIRECS;5261.0;3
12000;BOT_TAKER;BOT_MAKER;VEV_6500;XIRECS;1.0;4
12100;BOT_MAKER;BOT_TAKER;HYDROGEL_PACK;XIRECS;10002.0;4
12100;BOT_TAKER;SUBMISSION;HYDROGEL_PACK;XIRECS;10017.0;2
12200;BOT_MAKER;BOT_TAKER;HYDROGEL_PACK;XIRECS;10001.0;4
12200;BOT_MAKER;BOT_TAKER;VELVETFRUIT_EXTRACT;XIRECS;5256.0;4
12200;BOT_MAKER;BOT_TAKER;VEV_4000;XIRECS;1237.0;1
12300;BOT_MAKER;BOT_TAKER;VELVETFRUIT_EXTRACT;XIRECS;5256.0;8
12400;BOT_MAKER;BOT_TAKER;HYDROGEL_PACK;XIRECS;10001.0;2
12400;BOT_MAKER;BOT_TAKER;VELVETFRUIT_EXTRACT;XIRECS;5257.0;6
12500;BOT_MAKER;BOT_TAKER;VELVETFRUIT_EXTRACT;XIRECS;5257.0;4
12500;BOT_TAKER;BOT_MAKER;VEV_5400;XIRECS;21.0;2
12600;BOT_MAKER;BOT_TAKER;HYDROGEL_PACK;XIRECS;10000.0;5
12700;BOT_MAKER;BOT_TAKER;HYDROGEL_PACK;XIRECS;10000.0;4
12800;BOT_MAKER;BOT_TAKER;VEV_5500;XIRECS;6.0;5
13000;BOT_MAKER;BOT_TAKER;VELVETFRUIT_EXTRACT;XIRECS;5257.0;8
13000;BOT_TAKER;BOT_MAKER;VEV_6500;XIRECS;1.0;3
13000;BOT_TAKER;SUBMISSION;HYDROGEL_PACK;XIRECS;10020.0;5
13000;BOT_TAKER;SUBMISSION;VELVETFRUIT_EXTRACT;XIRECS;5261.0;5
13000;BOT_TAKER;BOT_MAKER;VELVETFRUIT_EXTRACT;XIRECS;5262.0;2
13100;BOT_TAKER;BOT_MAKER;VELVETFRUIT_EXTRACT;XIRECS;5263.0;6
13200;BOT_MAKER;BOT_TAKER;VELVETFRUIT_EXTRACT;XIRECS;5257.0;5
13200;BOT_TAKER;BOT_MAKER;VEV_4000;XIRECS;1260.0;2
13300;BOT_MAKER;BOT_TAKER;HYDROGEL_PACK;XIRECS;10009.0;3
13400;BOT_MAKER;BOT_TAKER;HYDROGEL_PACK;XIRECS;10010.0;3
13500;BOT_TAKER;BOT_MAKER;VELVETFRUIT_EXTRACT;XIRECS;5263.0;6
13500;BOT_MAKER;BOT_TAKER;VEV_5400;XIRECS;19.0;4
13500;BOT_MAKER;BOT_TAKER;VEV_5500;XIRECS;6.0;2
13500;BOT_TAKER;BOT_MAKER;VEV_6500;XIRECS;1.0;3
13700;BOT_MAKER;BOT_TAKER;VELVETFRUIT_EXTRACT;XIRECS;5259.0;8
13700;BOT_TAKER;BOT_MAKER;VEV_4000;XIRECS;1261.0;3
13800;BOT_MAKER;BOT_TAKER;HYDROGEL_PACK;XIRECS;10000.0;3
13800;BOT_MAKER;BOT_TAKER;VEV_4000;XIRECS;1239.0;3
13800;SUBMISSION;BOT_TAKER;VELVETFRUIT_EXTRACT;XIRECS;5262.0;5
13900;BOT_TAKER;SUBMISSION;VELVETFRUIT_EXTRACT;XIRECS;5266.0;3
14100;BOT_TAKER;BOT_MAKER;HYDROGEL_PACK;XIRECS;10012.0;2
14100;BOT_MAKER;BOT_TAKER;VELVETFRUIT_EXTRACT;XIRECS;5263.0;3
14100;BOT_TAKER;BOT_MAKER;VEV_4000;XIRECS;1260.0;3
14200;BOT_MAKER;BOT_TAKER;VEV_6500;XIRECS;0.0;2
14300;BOT_TAKER;BOT_MAKER;HYDROGEL_PACK;XIRECS;10007.0;3
14300;BOT_MAKER;BOT_TAKER;VELVETFRUIT_EXTRACT;XIRECS;5262.0;8
14400;BOT_TAKER;BOT_MAKER;VELVETFRUIT_EXTRACT;XIRECS;5266.0;4
14400;BOT_TAKER;BOT_MAKER;VEV_6500;XIRECS;1.0;3
14600;BOT_TAKER;BOT_MAKER;HYDROGEL_PACK;XIRECS;10005.0;6
14700;BOT_TAKER;BOT_MAKER;VELVETFRUIT_EXTRACT;XIRECS;5267.0;8
14700;BOT_MAKER;BOT_TAKER;VEV_6500;XIRECS;0.0;4
14800;BOT_MAKER;BOT_TAKER;HYDROGEL_PACK;XIRECS;9987.0;4
14800;BOT_TAKER;BOT_MAKER;VELVETFRUIT_EXTRACT;XIRECS;5268.0;6
14900;BOT_MAKER;BOT_TAKER;VELVETFRUIT_EXTRACT;XIRECS;5264.0;5
15000;BOT_TAKER;BOT_MAKER;HYDROGEL_PACK;XIRECS;10000.0;5
15100;BOT_MAKER;BOT_TAKER;HYDROGEL_PACK;XIRECS;9984.0;5
15100;BOT_MAKER;BOT_TAKER;VEV_5500;XIRECS;6.0;5
15100;BOT_MAKER;BOT_TAKER;VEV_6000;XIRECS;0.0;4
15200;BOT_TAKER;BOT_MAKER;VELVETFRUIT_EXTRACT;XIRECS;5269.0;8
15200;BOT_MAKER;BOT_TAKER;VEV_4000;XIRECS;1241.0;2
15200;BOT_TAKER;SUBMISSION;VELVETFRUIT_EXTRACT;XIRECS;5268.0;5
15300;BOT_MAKER;BOT_TAKER;HYDROGEL_PACK;XIRECS;9981.0;5
15300;BOT_MAKER;BOT_TAKER;VELVETFRUIT_EXTRACT;XIRECS;5266.0;3
15300;BOT_TAKER;SUBMISSION;VEV_5300;XIRECS;56.0;4
15400;BOT_MAKER;BOT_TAKER;VEV_5400;XIRECS;20.0;3
15500;BOT_TAKER;BOT_MAKER;HYDROGEL_PACK;XIRECS;10004.0;2
15700;BOT_TAKER;BOT_MAKER;HYDROGEL_PACK;XIRECS;10009.0;5
15700;BOT_MAKER;BOT_TAKER;VELVETFRUIT_EXTRACT;XIRECS;5266.0;3
15700;BOT_TAKER;BOT_MAKER;VEV_6500;XIRECS;1.0;2
15800;BOT_MAKER;BOT_TAKER;VELVETFRUIT_EXTRACT;XIRECS;5267.0;6
15800;BOT_MAKER;BOT_TAKER;VELVETFRUIT_EXTRACT;XIRECS;5267.0;5
15900;BOT_TAKER;BOT_MAKER;HYDROGEL_PACK;XIRECS;10012.0;4
15900;BOT_MAKER;BOT_TAKER;VELVETFRUIT_EXTRACT;XIRECS;5265.0;6
15900;BOT_TAKER;BOT_MAKER;VEV_5500;XIRECS;8.0;5
16000;BOT_TAKER;BOT_MAKER;VELVETFRUIT_EXTRACT;XIRECS;5267.0;7
16000;BOT_TAKER;SUBMISSION;HYDROGEL_PACK;XIRECS;10010.0;3
16100;BOT_TAKER;BOT_MAKER;VELVETFRUIT_EXTRACT;XIRECS;5269.0;4
16100;BOT_MAKER;BOT_TAKER;VEV_5500;XIRECS;7.0;5
16100;BOT_MAKER;BOT_TAKER;VEV_6500;XIRECS;0.0;4
16200;BOT_TAKER;BOT_MAKER;HYDROGEL_PACK;XIRECS;10008.0;3
16200;BOT_MAKER;BOT_TAKER;VELVETFRUIT_EXTRACT;XIRECS;5263.0;7
16200;BOT_TAKER;BOT_MAKER;VEV_4000;XIRECS;1260.0;1
16200;BOT_TAKER;SUBMISSION;VELVETFRUIT_EXTRACT;XIRECS;5267.0;5
16200;BOT_TAKER;BOT_MAKER;VELVETFRUIT_EXTRACT;XIRECS;5268.0;3
16300;BOT_MAKER;BOT_TAKER;HYDROGEL_PACK;XIRECS;9993.0;3
16300;BOT_TAKER;BOT_MAKER;VEV_4000;XIRECS;1261.0;2
16300;BOT_MAKER;BOT_TAKER;VEV_6000;XIRECS;0.0;3
16400;BOT_TAKER;BOT_MAKER;HYDROGEL_PACK;XIRECS;10009.0;6
16400;BOT_TAKER;BOT_MAKER;VELVETFRUIT_EXTRACT;XIRECS;5266.0;8
16500;BOT_TAKER;BOT_MAKER;VELVETFRUIT_EXTRACT;XIRECS;5267.0;8
16500;SUBMISSION;BOT_TAKER;HYDROGEL_PACK;XIRECS;9994.0;5
16600;BOT_MAKER;BOT_TAKER;HYDROGEL_PACK;XIRECS;9991.0;3
16600;BOT_TAKER;BOT_MAKER;VEV_5500;XIRECS;8.0;2
16700;BOT_MAKER;BOT_TAKER;HYDROGEL_PACK;XIRECS;9992.0;4
16700;BOT_TAKER;BOT_MAKER;VELVETFRUIT_EXTRACT;XIRECS;5267.0;6
16700;BOT_MAKER;BOT_TAKER;VEV_4000;XIRECS;1242.0;3
16800;BOT_MAKER;BOT_TAKER;VELVETFRUIT_EXTRACT;XIRECS;5260.0;5
16900;BOT_MAKER;BOT_TAKER;VELVETFRUIT_EXTRACT;XIRECS;5261.0;3
17000;BOT_TAKER;BOT_MAKER;VELVETFRUIT_EXTRACT;XIRECS;5265.0;8
17100;BOT_TAKER;BOT_MAKER;HYDROGEL_PACK;XIRECS;10001.0;6
17100;BOT_MAKER;BOT_TAKER;VELVETFRUIT_EXTRACT;XIRECS;5259.0;7
17100;BOT_TAKER;BOT_MAKER;VEV_6000;XIRECS;1.0;2
17300;BOT_MAKER;BOT_TAKER;HYDROGEL_PACK;XIRECS;9987.0;2
17300;BOT_MAKER;BOT_TAKER;VEV_4000;XIRECS;1244.0;1
17400;BOT_TAKER;BOT_MAKER;HYDROGEL_PACK;XIRECS;10004.0;2
17400;BOT_TAKER;BOT_MAKER;VELVETFRUIT_EXTRACT;XIRECS;5264.0;7
17500;BOT_MAKER;BOT_TAKER;VELVETFRUIT_EXTRACT;XIRECS;5258.0;5
17600;BOT_TAKER;BOT_MAKER;VELVETFRUIT_EXTRACT;XIRECS;5265.0;6
17600;BOT_TAKER;SUBMISSION;VELVETFRUIT_EXTRACT;XIRECS;5264.0;3
17700;BOT_MAKER;BOT_TAKER;VELVETFRUIT_EXTRACT;XIRECS;5259.0;6
17700;BOT_TAKER;BOT_MAKER;VELVETFRUIT_EXTRACT;XIRECS;5263.0;6
17700;BOT_TAKER;BOT_MAKER;VEV_5500;XIRECS;8.0;3
17800;BOT_MAKER;BOT_TAKER;VELVETFRUIT_EXTRACT;XIRECS;5258.0;3
17800;BOT_TAKER;BOT_MAKER;VELVETFRUIT_EXTRACT;XIRECS;5263.0;3
17900;BOT_MAKER;BOT_TAKER;VEV_5300;XIRECS;54.0;5
17900;BOT_MAKER;BOT_TAKER;VEV_5500;XIRECS;6.0;2
17900;SUBMISSION;BOT_TAKER;VELVETFRUIT_EXTRACT;XIRECS;5259.0;3
18100;BOT_MAKER;BOT_TAKER;VELVETFRUIT_EXTRACT;XIRECS;5257.0;3
18200;BOT_MAKER;BOT_TAKER;HYDROGEL_PACK;XIRECS;9988.0;5
18200;BOT_TAKER;BOT_MAKER;VELVETFRUIT_EXTRACT;XIRECS;5262.0;5
18200;BOT_MAKER;BOT_TAKER;VELVETFRUIT_EXTRACT;XIRECS;5256.0;5
18400;BOT_TAKER;BOT_MAKER;VEV_6000;XIRECS;1.0;4
18500;BOT_MAKER;BOT_TAKER;VEV_6000;XIRECS;0.0;3
18600;BOT_MAKER;BOT_TAKER;HYDROGEL_PACK;XIRECS;9992.0;3
18600;BOT_TAKER;BOT_MAKER;VELVETFRUIT_EXTRACT;XIRECS;5262.0;6
18600;BOT_MAKER;BOT_TAKER;VEV_5500;XIRECS;6.0;3
18700;BOT_TAKER;BOT_MAKER;VELVETFRUIT_EXTRACT;XIRECS;5263.0;7
18700;BOT_TAKER;BOT_MAKER;VEV_5500;XIRECS;7.0;5
18700;BOT_MAKER;BOT_TAKER;VEV_5500;XIRECS;6.0;4
18800;BOT_MAKER;BOT_TAKER;HYDROGEL_PACK;XIRECS;10001.0;6
18800;BOT_TAKER;BOT_MAKER;HYDROGEL_PACK;XIRECS;10017.0;2
18800;BOT_TAKER;BOT_MAKER;VEV_6000;XIRECS;1.0;2
18900;BOT_TAKER;BOT_MAKER;VELVETFRUIT_EXTRACT;XIRECS;5264.0;5
18900;BOT_TAKER;SUBMISSION;HYDROGEL_PACK;XIRECS;10014.0;2
18900;SUBMISSION;BOT_TAKER;VELVETFRUIT_EXTRACT;XIRECS;5260.0;5
19000;BOT_TAKER;BOT_MAKER;VELVETFRUIT_EXTRACT;XIRECS;5263.0;6
19100;BOT_MAKER;BOT_TAKER;HYDROGEL_PACK;XIRECS;10001.0;6
19100;BOT_TAKER;BOT_MAKER;VELVETFRUIT_EXTRACT;XIRECS;5262.0;6
19200;BOT_MAKER;BOT_TAKER;VELVETFRUIT_EXTRACT;XIRECS;5258.0;3
19200;BOT_TAKER;BOT_MAKER;VEV_6500;XIRECS;1.0;3
19300;BOT_TAKER;BOT_MAKER;HYDROGEL_PACK;XIRECS;10011.0;6
19300;BOT_TAKER;BOT_MAKER;VELVETFRUIT_EXTRACT;XIRECS;5260.0;8
19300;BOT_MAKER;BOT_TAKER;VEV_5500;XIRECS;6.0;5
19300;BOT_MAKER;BOT_TAKER;VEV_6000;XIRECS;0.0;4
19400;BOT_MAKER;BOT_TAKER;HYDROGEL_PACK;XIRECS;9994.0;2
19400;BOT_TAKER;BOT_MAKER;VEV_5500;XIRECS;7.0;2
19400;BOT_MAKER;BOT_TAKER;VEV_6500;XIRECS;0.0;5
19500;BOT_TAKER;BOT_MAKER;VEV_4000;XIRECS;1260.0;2
19500;SUBMISSION;BOT_TAKER;VELVETFRUIT_EXTRACT;XIRECS;5259.0;5
19500;BOT_MAKER;BOT_TAKER;VELVETFRUIT_EXTRACT;XIRECS;5258.0;2
19600;BOT_MAKER;BOT_TAKER;VEV_5400;XIRECS;18.0;2
19800;BOT_MAKER;BOT_TAKER;HYDROGEL_PACK;XIRECS;9998.0;6
19900;BOT_TAKER;BOT_MAKER;VEV_6500;XIRECS;1.0;5
20000;BOT_MAKER;BOT_TAKER;VEV_4000;XIRECS;1239.0;2
20000;BOT_MAKER;BOT_TAKER;VEV_6500;XIRECS;0.0;3
20100;BOT_TAKER;BOT_MAKER;HYDROGEL_PACK;XIRECS;10024.0;3
20100;BOT_MAKER;BOT_TAKER;VELVETFRUIT_EXTRACT;XIRECS;5259.0;5
20100;BOT_TAKER;BOT_MAKER;VEV_4000;XIRECS;1259.0;1
20200;BOT_TAKER;BOT_MAKER;VEV_4000;XIRECS;1259.0;1
20200;BOT_TAKER;BOT_MAKER;VEV_6500;XIRECS;1.0;4
20300;BOT_TAKER;BOT_MAKER;VELVETFRUIT_EXTRACT;XIRECS;5265.0;5
20300;BOT_MAKER;BOT_TAKER;VEV_5300;XIRECS;56.0;2
20300;BOT_TAKER;BOT_MAKER;VEV_5300;XIRECS;58.0;4
20300;BOT_TAKER;BOT_MAKER;VEV_5500;XIRECS;7.0;5
20300;BOT_TAKER;SUBMISSION;HYDROGEL_PACK;XIRECS;10026.0;5
20400;BOT_MAKER;BOT_TAKER;VELVETFRUIT_EXTRACT;XIRECS;5259.0;3
20400;BOT_TAKER;BOT_MAKER;VEV_5500;XIRECS;7.0;5
20500;BOT_MAKER;BOT_TAKER;HYDROGEL_PACK;XIRECS;10010.0;2
20500;BOT_MAKER;BOT_TAKER;VELVETFRUIT_EXTRACT;XIRECS;5259.0;3
20600;BOT_MAKER;BOT_TAKER;VELVETFRUIT_EXTRACT;XIRECS;5257.0;3
20700;BOT_MAKER;BOT_TAKER;VELVETFRUIT_EXTRACT;XIRECS;5257.0;4
20900;BOT_MAKER;BOT_TAKER;VEV_5400;XIRECS;19.0;2
20900;BOT_TAKER;SUBMISSION;VELVETFRUIT_EXTRACT;XIRECS;5261.0;5
21000;BOT_TAKER;BOT_MAKER;VELVETFRUIT_EXTRACT;XIRECS;5262.0;8
21000;BOT_TAKER;BOT_MAKER;VEV_5500;XIRECS;7.0;5
21000;BOT_MAKER;BOT_TAKER;VEV_6500;XIRECS;0.0;2
21200;BOT_TAKER;BOT_MAKER;HYDROGEL_PACK;XIRECS;10023.0;5
21300;BOT_TAKER;BOT_MAKER;HYDROGEL_PACK;XIRECS;10022.0;6
21300;BOT_TAKER;SUBMISSION;VEV_4000;XIRECS;1256.0;3
21400;BOT_MAKER;BOT_TAKER;VELVETFRUIT_EXTRACT;XIRECS;5256.0;5
21400;BOT_TAKER;BOT_MAKER;VEV_6000;XIRECS;1.0;5
21400;SUBMISSION;BOT_TAKER;VELVETFRUIT_EXTRACT;XIRECS;5257.0;4
21500;BOT_TAKER;BOT_MAKER;VELVETFRUIT_EXTRACT;XIRECS;5262.0;7
21500;BOT_MAKER;BOT_TAKER;VEV_5500;XIRECS;7.0;4
21600;BOT_TAKER;BOT_MAKER;VELVETFRUIT_EXTRACT;XIRECS;5262.0;7
21600;BOT_TAKER;BOT_MAKER;VEV_5400;XIRECS;20.0;3
21600;SUBMISSION;BOT_TAKER;HYDROGEL_PACK;XIRECS;10012.0;5
21600;BOT_MAKER;BOT_TAKER;HYDROGEL_PACK;XIRECS;10011.0;1
21700;BOT_MAKER;BOT_TAKER;HYDROGEL_PACK;XIRECS;10010.0;4
21800;BOT_MAKER;BOT_TAKER;VELVETFRUIT_EXTRACT;XIRECS;5256.0;7
21800;BOT_MAKER;BOT_TAKER;VEV_4000;XIRECS;1237.0;3
21900;BOT_TAKER;SUBMISSION;VEV_4000;XIRECS;1257.0;3
22000;BOT_TAKER;BOT_MAKER;VELVETFRUIT_EXTRACT;XIRECS;5263.0;7
22100;BOT_TAKER;BOT_MAKER;VELVETFRUIT_EXTRACT;XIRECS;5263.0;7
22100;BOT_TAKER;BOT_MAKER;VEV_5400;XIRECS;21.0;5
22100;BOT_TAKER;BOT_MAKER;VEV_6500;XIRECS;1.0;5
22200;BOT_MAKER;BOT_TAKER;HYDROGEL_PACK;XIRECS;10011.0;6
22300;BOT_MAKER;BOT_TAKER;HYDROGEL_PACK;XIRECS;10012.0;5
22300;BOT_TAKER;BOT_MAKER;VELVETFRUIT_EXTRACT;XIRECS;5262.0;4
22300;BOT_TAKER;BOT_MAKER;VEV_6500;XIRECS;1.0;3
22400;BOT_TAKER;BOT_MAKER;HYDROGEL_PACK;XIRECS;10026.0;5
22400;BOT_MAKER;BOT_TAKER;VEV_5300;XIRECS;56.0;4
22500;BOT_TAKER;BOT_MAKER;VELVETFRUIT_EXTRACT;XIRECS;5262.0;4
22500;BOT_TAKER;BOT_MAKER;VEV_6500;XIRECS;1.0;4
22600;BOT_TAKER;BOT_MAKER;VELVETFRUIT_EXTRACT;XIRECS;5262.0;6
22700;BOT_TAKER;BOT_MAKER;VEV_4000;XIRECS;1260.0;1
22700;BOT_TAKER;BOT_MAKER;VEV_5400;XIRECS;21.0;4
22800;BOT_MAKER;BOT_TAKER;VEV_5400;XIRECS;20.0;2
22900;BOT_TAKER;BOT_MAKER;VEV_4000;XIRECS;1260.0;2
22900;BOT_TAKER;BOT_MAKER;VEV_6000;XIRECS;1.0;3
23000;BOT_TAKER;BOT_MAKER;HYDROGEL_PACK;XIRECS;10023.0;6
23000;BOT_MAKER;BOT_TAKER;VELVETFRUIT_EXTRACT;XIRECS;5257.0;6
23000;BOT_TAKER;SUBMISSION;VELVETFRUIT_EXTRACT;XIRECS;5261.0;5
23100;BOT_MAKER;BOT_TAKER;VEV_4000;XIRECS;1239.0;3
23100;SUBMISSION;BOT_TAKER;HYDROGEL_PACK;XIRECS;10007.0;5
23100;BOT_MAKER;BOT_TAKER;HYDROGEL_PACK;XIRECS;10006.0;1
23200;BOT_TAKER;BOT_MAKER;VEV_5500;XIRECS;7.0;3
23300;BOT_MAKER;BOT_TAKER;HYDROGEL_PACK;XIRECS;10004.0;6
23300;BOT_TAKER;BOT_MAKER;VELVETFRUIT_EXTRACT;XIRECS;5262.0;4
23300;BOT_TAKER;BOT_MAKER;VEV_6000;XIRECS;1.0;5
23400;BOT_TAKER;BOT_MAKER;HYDROGEL_PACK;XIRECS;10021.0;2
23400;BOT_TAKER;BOT_MAKER;VELVETFRUIT_EXTRACT;XIRECS;5262.0;8
23500;BOT_TAKER;BOT_MAKER;VELVETFRUIT_EXTRACT;XIRECS;5261.0;8
23500;BOT_TAKER;BOT_MAKER;VEV_6500;XIRECS;1.0;3
23700;BOT_TAKER;BOT_MAKER;VEV_4000;XIRECS;1261.0;2
23900;BOT_TAKER;BOT_MAKER;VEV_5400;XIRECS;20.0;5
24000;BOT_TAKER;BOT_MAKER;VELVETFRUIT_EXTRACT;XIRECS;5262.0;3
24100;BOT_MAKER;BOT_TAKER;VELVETFRUIT_EXTRACT;XIRECS;5257.0;13
24200;BOT_TAKER;BOT_MAKER;HYDROGEL_PACK;XIRECS;10020.0;6
24200;BOT_TAKER;BOT_MAKER;VEV_6000;XIRECS;1.0;2
24500;BOT_TAKER;BOT_MAKER;VELVETFRUIT_EXTRACT;XIRECS;5264.0;5
24700;BOT_TAKER;BOT_MAKER;VELVETFRUIT_EXTRACT;XIRECS;5265.0;8
24900;BOT_TAKER;BOT_MAKER;VEV_4000;XIRECS;1264.0;3
24900;BOT_TAKER;BOT_MAKER;VEV_5400;XIRECS;22.0;3
24900;SUBMISSION;BOT_TAKER;HYDROGEL_PACK;XIRECS;9999.0;4
25000;BOT_TAKER;BOT_MAKER;VEV_4000;XIRECS;1263.0;2
25000;BOT_MAKER;BOT_TAKER;VEV_5400;XIRECS;20.0;4
25100;BOT_MAKER;BOT_TAKER;HYDROGEL_PACK;XIRECS;10006.0;6
25200;SUBMISSION;BOT_TAKER;VELVETFRUIT_EXTRACT;XIRECS;5262.0;5
25500;BOT_MAKER;BOT_TAKER;VEV_4000;XIRECS;1243.0;1
25500;BOT_MAKER;BOT_TAKER;VEV_5300;XIRECS;56.0;5
25600;BOT_MAKER;BOT_TAKER;VEV_5500;XIRECS;6.0;2
25700;BOT_TAKER;BOT_MAKER;HYDROGEL_PACK;XIRECS;10021.0;4
25700;BOT_MAKER;BOT_TAKER;VELVETFRUIT_EXTRACT;XIRECS;5259.0;6
25700;BOT_MAKER;BOT_TAKER;VEV_4000;XIRECS;1243.0;3
25700;BOT_TAKER;BOT_MAKER;VEV_5500;XIRECS;7.0;4
25800;BOT_TAKER;BOT_MAKER;HYDROGEL_PACK;XIRECS;10023.0;5
25800;BOT_TAKER;BOT_MAKER;VEV_5500;XIRECS;7.0;3
25800;BOT_MAKER;BOT_TAKER;VEV_6000;XIRECS;0.0;2
25900;BOT_MAKER;BOT_TAKER;VEV_6500;XIRECS;0.0;4
26000;BOT_MAKER;BOT_TAKER;HYDROGEL_PACK;XIRECS;10006.0;6
26000;BOT_TAKER;BOT_MAKER;VEV_6500;XIRECS;1.0;4
26100;BOT_MAKER;BOT_TAKER;HYDROGEL_PACK;XIRECS;10005.0;6
26100;BOT_MAKER;BOT_TAKER;VEV_4000;XIRECS;1246.0;1
26200;BOT_TAKER;BOT_MAKER;VEV_4000;XIRECS;1268.0;3
26300;BOT_MAKER;BOT_TAKER;VEV_6500;XIRECS;0.0;3
26300;BOT_TAKER;SUBMISSION;HYDROGEL_PACK;XIRECS;10023.0;4
26400;BOT_TAKER;BOT_MAKER;VELVETFRUIT_EXTRACT;XIRECS;5265.0;6
26400;BOT_MAKER;BOT_TAKER;VEV_6000;XIRECS;0.0;5
26400;SUBMISSION;BOT_TAKER;VELVETFRUIT_EXTRACT;XIRECS;5262.0;4
26400;SUBMISSION;BOT_TAKER;VEV_4000;XIRECS;1245.0;1
26500;BOT_TAKER;BOT_MAKER;HYDROGEL_PACK;XIRECS;10026.0;6
26500;BOT_TAKER;BOT_MAKER;VELVETFRUIT_EXTRACT;XIRECS;5266.0;5
26500;BOT_TAKER;BOT_MAKER;VEV_6000;XIRECS;1.0;3
26600;BOT_TAKER;SUBMISSION;HYDROGEL_PACK;XIRECS;10027.0;2
26700;BOT_TAKER;BOT_MAKER;VELVETFRUIT_EXTRACT;XIRECS;5267.0;10
26800;BOT_TAKER;BOT_MAKER;VEV_6500;XIRECS;1.0;2
27000;BOT_TAKER;BOT_MAKER;VELVETFRUIT_EXTRACT;XIRECS;5267.0;8
27100;BOT_MAKER;BOT_TAKER;VELVETFRUIT_EXTRACT;XIRECS;5261.0;4
27200;BOT_MAKER;BOT_TAKER;VELVETFRUIT_EXTRACT;XIRECS;5261.0;3
27300;BOT_TAKER;BOT_MAKER;VELVETFRUIT_EXTRACT;XIRECS;5266.0;7
27300;BOT_TAKER;BOT_MAKER;VEV_4000;XIRECS;1267.0;1
27400;BOT_TAKER;BOT_MAKER;HYDROGEL_PACK;XIRECS;10031.0;2
27400;BOT_MAKER;BOT_TAKER;VEV_5500;XIRECS;6.0;4
27500;BOT_TAKER;BOT_MAKER;VELVETFRUIT_EXTRACT;XIRECS;5267.0;4
27500;BOT_TAKER;BOT_MAKER;VEV_5500;XIRECS;7.0;5
27600;BOT_TAKER;BOT_MAKER;VEV_4000;XIRECS;1268.0;3
27600;BOT_TAKER;BOT_MAKER;VEV_6500;XIRECS;1.0;4
27700;SUBMISSION;BOT_TAKER;VELVETFRUIT_EXTRACT;XIRECS;5263.0;5
27800;BOT_MAKER;BOT_TAKER;VEV_5400;XIRECS;19.0;2
27900;BOT_TAKER;BOT_MAKER;VELVETFRUIT_EXTRACT;XIRECS;5267.0;7
27900;SUBMISSION;BOT_TAKER;HYDROGEL_PACK;XIRECS;10013.0;5
27900;BOT_MAKER;BOT_TAKER;HYDROGEL_PACK;XIRECS;10012.0;1
28000;BOT_TAKER;BOT_MAKER;VEV_5400;XIRECS;21.0;2
28100;BOT_TAKER;BOT_MAKER;HYDROGEL_PACK;XIRECS;10029.0;6
28200;BOT_MAKER;BOT_TAKER;VELVETFRUIT_EXTRACT;XIRECS;5263.0;8
28200;BOT_MAKER;BOT_TAKER;VEV_4000;XIRECS;1248.0;2
28200;SUBMISSION;BOT_TAKER;VEV_4000;XIRECS;1249.0;3
28400;BOT_MAKER;BOT_TAKER;HYDROGEL_PACK;XIRECS;10007.0;3
28400;BOT_TAKER;BOT_MAKER;VELVETFRUIT_EXTRACT;XIRECS;5268.0;4
28400;BOT_TAKER;BOT_MAKER;VEV_6000;XIRECS;1.0;5
28500;BOT_TAKER;BOT_MAKER;HYDROGEL_PACK;XIRECS;10027.0;3
28500;BOT_TAKER;BOT_MAKER;VEV_6500;XIRECS;1.0;2
28500;SUBMISSION;BOT_TAKER;VELVETFRUIT_EXTRACT;XIRECS;5264.0;5
28500;BOT_MAKER;BOT_TAKER;VELVETFRUIT_EXTRACT;XIRECS;5263.0;1
28600;BOT_TAKER;BOT_MAKER;VELVETFRUIT_EXTRACT;XIRECS;5270.0;8
28600;SUBMISSION;BOT_TAKER;HYDROGEL_PACK;XIRECS;10010.0;5
28700;BOT_MAKER;BOT_TAKER;VEV_5400;XIRECS;19.0;4
28700;BOT_TAKER;BOT_MAKER;VEV_6000;XIRECS;1.0;2
28800;BOT_TAKER;BOT_MAKER;HYDROGEL_PACK;XIRECS;10025.0;5
28800;BOT_MAKER;BOT_TAKER;VELVETFRUIT_EXTRACT;XIRECS;5262.0;6
28800;BOT_TAKER;SUBMISSION;VELVETFRUIT_EXTRACT;XIRECS;5266.0;5
28800;BOT_TAKER;BOT_MAKER;VELVETFRUIT_EXTRACT;XIRECS;5267.0;1
28900;BOT_TAKER;BOT_MAKER;HYDROGEL_PACK;XIRECS;10028.0;5
29100;BOT_MAKER;BOT_TAKER;HYDROGEL_PACK;XIRECS;10010.0;2
29100;BOT_TAKER;BOT_MAKER;VEV_5400;XIRECS;21.0;5
29200;BOT_TAKER;BOT_MAKER;VELVETFRUIT_EXTRACT;XIRECS;5270.0;6
29400;BOT_MAKER;BOT_TAKER;HYDROGEL_PACK;XIRECS;10011.0;3
29500;BOT_TAKER;BOT_MAKER;HYDROGEL_PACK;XIRECS;10032.0;3
29500;BOT_MAKER;BOT_TAKER;VELVETFRUIT_EXTRACT;XIRECS;5265.0;7
29600;BOT_TAKER;BOT_MAKER;VELVETFRUIT_EXTRACT;XIRECS;5272.0;5
29700;BOT_TAKER;BOT_MAKER;HYDROGEL_PACK;XIRECS;10029.0;4
29700;BOT_TAKER;BOT_MAKER;VELVETFRUIT_EXTRACT;XIRECS;5272.0;3
29700;SUBMISSION;BOT_TAKER;HYDROGEL_PACK;XIRECS;10014.0;4
29800;BOT_TAKER;BOT_MAKER;VELVETFRUIT_EXTRACT;XIRECS;5273.0;5
29800;BOT_MAKER;BOT_TAKER;VEV_4000;XIRECS;1248.0;1
29900;BOT_MAKER;BOT_TAKER;HYDROGEL_PACK;XIRECS;10012.0;4
29900;BOT_TAKER;BOT_MAKER;VELVETFRUIT_EXTRACT;XIRECS;5274.0;3
29900;SUBMISSION;BOT_TAKER;VELVETFRUIT_EXTRACT;XIRECS;5269.0;5
29900;BOT_MAKER;BOT_TAKER;VELVETFRUIT_EXTRACT;XIRECS;5268.0;1
30000;BOT_MAKER;BOT_TAKER;VELVETFRUIT_EXTRACT;XIRECS;5269.0;6
30000;BOT_MAKER;BOT_TAKER;VEV_4000;XIRECS;1249.0;3
30000;BOT_MAKER;BOT_TAKER;VEV_6000;XIRECS;0.0;4
30100;BOT_MAKER;BOT_TAKER;HYDROGEL_PACK;XIRECS;10013.0;3
30100;BOT_MAKER;BOT_TAKER;VELVETFRUIT_EXTRACT;XIRECS;5267.0;6
30100;BOT_TAKER;SUBMISSION;HYDROGEL_PACK;XIRECS;10028.0;4
30200;SUBMISSION;BOT_TAKER;VELVETFRUIT_EXTRACT;XIRECS;5268.0;4
30300;BOT_TAKER;BOT_MAKER;VEV_4000;XIRECS;1271.0;1
30300;BOT_TAKER;SUBMISSION;VEV_5300;XIRECS;58.0;2
30400;BOT_MAKER;BOT_TAKER;VEV_4000;XIRECS;1251.0;1
30500;BOT_MAKER;BOT_TAKER;HYDROGEL_PACK;XIRECS;10007.0;3
30500;BOT_TAKER;BOT_MAKER;VELVETFRUIT_EXTRACT;XIRECS;5272.0;6
30600;BOT_TAKER;BOT_MAKER;VEV_4000;XIRECS;1272.0;2
30800;BOT_MAKER;BOT_TAKER;HYDROGEL_PACK;XIRECS;10005.0;6
30900;BOT_MAKER;BOT_TAKER;HYDROGEL_PACK;XIRECS;10007.0;5
31000;BOT_TAKER;BOT_MAKER;VELVETFRUIT_EXTRACT;XIRECS;5275.0;5
31000;BOT_TAKER;BOT_MAKER;VEV_5300;XIRECS;60.0;5
31300;BOT_MAKER;BOT_TAKER;VELVETFRUIT_EXTRACT;XIRECS;5269.0;6
31300;BOT_MAKER;BOT_TAKER;VEV_5500;XIRECS;5.0;3
31400;BOT_MAKER;BOT_TAKER;HYDROGEL_PACK;XIRECS;10011.0;2
31500;BOT_TAKER;BOT_MAKER;VEV_6500;XIRECS;1.0;4
31500;SUBMISSION;BOT_TAKER;HYDROGEL_PACK;XIRECS;10010.0;4
31700;BOT_TAKER;BOT_MAKER;VEV_4000;XIRECS;1272.0;1
31700;BOT_MAKER;BOT_TAKER;VEV_6000;XIRECS;0.0;5
31800;BOT_TAKER;BOT_MAKER;VELVETFRUIT_EXTRACT;XIRECS;5273.0;8
31800;BOT_TAKER;BOT_MAKER;VEV_5400;XIRECS;21.0;3
31900;BOT_TAKER;BOT_MAKER;HYDROGEL_PACK;XIRECS;10017.0;4
31900;BOT_MAKER;BOT_TAKER;VEV_5300;XIRECS;58.0;4
32000;BOT_MAKER;BOT_TAKER;HYDROGEL_PACK;XIRECS;10002.0;2
32100;BOT_TAKER;BOT_MAKER;VELVETFRUIT_EXTRACT;XIRECS;5274.0;3
32200;BOT_MAKER;BOT_TAKER;HYDROGEL_PACK;XIRECS;10004.0;2
32200;BOT_TAKER;BOT_MAKER;VEV_6000;XIRECS;1.0;2
32300;BOT_TAKER;BOT_MAKER;HYDROGEL_PACK;XIRECS;10025.0;3
32300;BOT_TAKER;BOT_MAKER;VEV_5400;XIRECS;20.0;3
32400;BOT_TAKER;BOT_MAKER;VELVETFRUIT_EXTRACT;XIRECS;5273.0;8
32400;BOT_MAKER;BOT_TAKER;VEV_6000;XIRECS;0.0;5
32500;BOT_MAKER;BOT_TAKER;VELVETFRUIT_EXTRACT;XIRECS;5270.0;8
32500;BOT_MAKER;BOT_TAKER;VEV_4000;XIRECS;1251.0;2
32500;SUBMISSION;BOT_TAKER;VEV_4000;XIRECS;1252.0;1
32600;BOT_MAKER;BOT_TAKER;VELVETFRUIT_EXTRACT;XIRECS;5270.0;5
32600;BOT_TAKER;BOT_MAKER;VEV_4000;XIRECS;1272.0;2
32700;BOT_TAKER;BOT_MAKER;HYDROGEL_PACK;XIRECS;10017.0;2
32800;BOT_TAKER;BOT_MAKER;HYDROGEL_PACK;XIRECS;10020.0;6
32800;BOT_TAKER;BOT_MAKER;VELVETFRUIT_EXTRACT;XIRECS;5276.0;5
33000;BOT_TAKER;BOT_MAKER;VEV_4000;XIRECS;1271.0;1
33000;BOT_TAKER;BOT_MAKER;VEV_5300;XIRECS;63.0;2
33100;BOT_TAKER;BOT_MAKER;VEV_4000;XIRECS;1271.0;3
33300;BOT_MAKER;BOT_TAKER;VELVETFRUIT_EXTRACT;XIRECS;5268.0;6
33300;BOT_TAKER;BOT_MAKER;VEV_4000;XIRECS;1273.0;2
33300;BOT_TAKER;BOT_MAKER;VEV_6500;XIRECS;1.0;5
33300;BOT_TAKER;SUBMISSION;VEV_4000;XIRECS;1272.0;3
33400;BOT_TAKER;BOT_MAKER;VELVETFRUIT_EXTRACT;XIRECS;5274.0;4
33400;SUBMISSION;BOT_TAKER;VEV_4000;XIRECS;1253.0;2
33600;BOT_TAKER;BOT_MAKER;VELVETFRUIT_EXTRACT;XIRECS;5273.0;5
33600;BOT_MAKER;BOT_TAKER;VEV_6500;XIRECS;0.0;4
33700;BOT_TAKER;BOT_MAKER;VELVETFRUIT_EXTRACT;XIRECS;5273.0;7
33700;BOT_MAKER;BOT_TAKER;VEV_4000;XIRECS;1249.0;3
33800;BOT_TAKER;BOT_MAKER;VELVETFRUIT_EXTRACT;XIRECS;5272.0;7
33800;BOT_MAKER;BOT_TAKER;VEV_4000;XIRECS;1249.0;2
33800;SUBMISSION;BOT_TAKER;VELVETFRUIT_EXTRACT;XIRECS;5267.0;5
33900;BOT_TAKER;BOT_MAKER;HYDROGEL_PACK;XIRECS;10010.0;5
34000;BOT_TAKER;BOT_MAKER;VELVETFRUIT_EXTRACT;XIRECS;5272.0;8
34000;SUBMISSION;BOT_TAKER;HYDROGEL_PACK;XIRECS;9991.0;4
34100;BOT_TAKER;BOT_MAKER;VELVETFRUIT_EXTRACT;XIRECS;5273.0;6
34100;BOT_TAKER;SUBMISSION;HYDROGEL_PACK;XIRECS;10007.0;5
34100;BOT_TAKER;BOT_MAKER;HYDROGEL_PACK;XIRECS;10008.0;1
34200;BOT_TAKER;BOT_MAKER;HYDROGEL_PACK;XIRECS;10009.0;3
34300;BOT_TAKER;BOT_MAKER;VELVETFRUIT_EXTRACT;XIRECS;5275.0;6
34400;BOT_TAKER;BOT_MAKER;VEV_5400;XIRECS;21.0;3
34500;BOT_TAKER;BOT_MAKER;VELVETFRUIT_EXTRACT;XIRECS;5273.0;4
34500;BOT_MAKER;BOT_TAKER;VEV_6000;XIRECS;0.0;4
34600;BOT_TAKER;BOT_MAKER;VELVETFRUIT_EXTRACT;XIRECS;5273.0;5
34600;BOT_TAKER;BOT_MAKER;VEV_4000;XIRECS;1268.0;2
34800;BOT_MAKER;BOT_TAKER;VELVETFRUIT_EXTRACT;XIRECS;5270.0;4
34800;BOT_MAKER;BOT_TAKER;VELVETFRUIT_EXTRACT;XIRECS;5270.0;7
34800;BOT_TAKER;SUBMISSION;HYDROGEL_PACK;XIRECS;10004.0;5
34900;BOT_MAKER;BOT_TAKER;HYDROGEL_PACK;XIRECS;9987.0;2
34900;BOT_TAKER;BOT_MAKER;VELVETFRUIT_EXTRACT;XIRECS;5275.0;8
35100;BOT_TAKER;BOT_MAKER;VELVETFRUIT_EXTRACT;XIRECS;5276.0;7
35200;BOT_MAKER;BOT_TAKER;HYDROGEL_PACK;XIRECS;9988.0;6
35300;BOT_MAKER;BOT_TAKER;HYDROGEL_PACK;XIRECS;9987.0;6
35300;BOT_TAKER;BOT_MAKER;VEV_4000;XIRECS;1274.0;1
35600;BOT_MAKER;BOT_TAKER;HYDROGEL_PACK;XIRECS;9989.0;3
35600;BOT_MAKER;BOT_TAKER;VELVETFRUIT_EXTRACT;XIRECS;5269.0;6
35700;BOT_TAKER;BOT_MAKER;VEV_6500;XIRECS;1.0;2
35700;SUBMISSION;BOT_TAKER;VEV_4000;XIRECS;1253.0;2
35800;BOT_MAKER;BOT_TAKER;VELVETFRUIT_EXTRACT;XIRECS;5268.0;5
35800;BOT_MAKER;BOT_TAKER;VEV_4000;XIRECS;1252.0;1
35800;BOT_TAKER;SUBMISSION;VELVETFRUIT_EXTRACT;XIRECS;5272.0;5
35800;BOT_TAKER;BOT_MAKER;VELVETFRUIT_EXTRACT;XIRECS;5273.0;3
36000;BOT_TAKER;BOT_MAKER;VELVETFRUIT_EXTRACT;XIRECS;5275.0;5
36100;BOT_TAKER;BOT_MAKER;VELVETFRUIT_EXTRACT;XIRECS;5273.0;8
36300;BOT_TAKER;BOT_MAKER;HYDROGEL_PACK;XIRECS;10000.0;2
36300;BOT_MAKER;BOT_TAKER;VELVETFRUIT_EXTRACT;XIRECS;5267.0;6
36300;BOT_MAKER;BOT_TAKER;VEV_5500;XIRECS;6.0;5
36300;BOT_TAKER;BOT_MAKER;VEV_6000;XIRECS;1.0;5
36300;BOT_MAKER;BOT_TAKER;VEV_6500;XIRECS;0.0;3
36400;BOT_TAKER;BOT_MAKER;VEV_5500;XIRECS;7.0;5
36500;BOT_TAKER;BOT_MAKER;VELVETFRUIT_EXTRACT;XIRECS;5271.0;7
36600;BOT_MAKER;BOT_TAKER;VELVETFRUIT_EXTRACT;XIRECS;5266.0;11
36800;BOT_MAKER;BOT_TAKER;HYDROGEL_PACK;XIRECS;9980.0;5
36800;BOT_MAKER;BOT_TAKER;VEV_5300;XIRECS;63.0;4
37000;BOT_TAKER;BOT_MAKER;VELVETFRUIT_EXTRACT;XIRECS;5274.0;4
37100;BOT_TAKER;BOT_MAKER;VELVETFRUIT_EXTRACT;XIRECS;5275.0;4
37400;BOT_TAKER;BOT_MAKER;HYDROGEL_PACK;XIRECS;10003.0;2
37500;BOT_MAKER;BOT_TAKER;HYDROGEL_PACK;XIRECS;9987.0;4
37600;BOT_TAKER;BOT_MAKER;HYDROGEL_PACK;XIRECS;9999.0;5
37600;BOT_MAKER;BOT_TAKER;VELVETFRUIT_EXTRACT;XIRECS;5269.0;4
37600;BOT_MAKER;BOT_TAKER;VEV_6500;XIRECS;0.0;5
37700;BOT_TAKER;BOT_MAKER;HYDROGEL_PACK;XIRECS;10001.0;4
37700;BOT_TAKER;BOT_MAKER;VELVETFRUIT_EXTRACT;XIRECS;5274.0;7
37700;BOT_TAKER;BOT_MAKER;VEV_6500;XIRECS;1.0;3
37800;BOT_TAKER;SUBMISSION;VEV_4000;XIRECS;1271.0;2
37900;BOT_MAKER;BOT_TAKER;VELVETFRUIT_EXTRACT;XIRECS;5269.0;7
37900;BOT_MAKER;BOT_TAKER;VEV_5500;XIRECS;6.0;3
38000;BOT_MAKER;BOT_TAKER;VELVETFRUIT_EXTRACT;XIRECS;5268.0;7
38000;BOT_TAKER;BOT_MAKER;VEV_6500;XIRECS;1.0;2
38000;SUBMISSION;BOT_TAKER;VELVETFRUIT_EXTRACT;XIRECS;5269.0;5
38000;BOT_MAKER;BOT_TAKER;VELVETFRUIT_EXTRACT;XIRECS;5268.0;3
38100;BOT_TAKER;BOT_MAKER;VELVETFRUIT_EXTRACT;XIRECS;5274.0;4
38300;BOT_TAKER;BOT_MAKER;HYDROGEL_PACK;XIRECS;9992.0;6
38400;BOT_TAKER;BOT_MAKER;HYDROGEL_PACK;XIRECS;9991.0;4
38500;SUBMISSION;BOT_TAKER;VEV_4000;XIRECS;1252.0;2
38600;BOT_TAKER;BOT_MAKER;VEV_5400;XIRECS;22.0;5
38600;BOT_MAKER;BOT_TAKER;VEV_5400;XIRECS;21.0;3
38700;BOT_MAKER;BOT_TAKER;VEV_5500;XIRECS;5.0;5
38800;BOT_MAKER;BOT_TAKER;VELVETFRUIT_EXTRACT;XIRECS;5264.0;3
38800;BOT_TAKER;BOT_MAKER;VEV_6500;XIRECS;1.0;2
38900;BOT_MAKER;BOT_TAKER;HYDROGEL_PACK;XIRECS;9974.0;2
38900;BOT_TAKER;BOT_MAKER;VELVETFRUIT_EXTRACT;XIRECS;5271.0;6
39000;BOT_TAKER;BOT_MAKER;VEV_6000;XIRECS;1.0;5
39100;BOT_TAKER;BOT_MAKER;VELVETFRUIT_EXTRACT;XIRECS;5270.0;7
39200;BOT_MAKER;BOT_TAKER;VEV_5500;XIRECS;5.0;3
39400;BOT_MAKER;BOT_TAKER;VELVETFRUIT_EXTRACT;XIRECS;5263.0;7
39600;BOT_MAKER;BOT_TAKER;VEV_5500;XIRECS;5.0;5
39700;BOT_MAKER;BOT_TAKER;VELVETFRUIT_EXTRACT;XIRECS;5264.0;7
39800;BOT_MAKER;BOT_TAKER;VELVETFRUIT_EXTRACT;XIRECS;5264.0;7
39900;BOT_MAKER;BOT_TAKER;VEV_5300;XIRECS;62.0;3
39900;SUBMISSION;BOT_TAKER;HYDROGEL_PACK;XIRECS;9984.0;5
39900;SUBMISSION;BOT_TAKER;VEV_4000;XIRECS;1253.0;3
40000;BOT_TAKER;BOT_MAKER;VELVETFRUIT_EXTRACT;XIRECS;5270.0;8
40000;BOT_TAKER;SUBMISSION;VELVETFRUIT_EXTRACT;XIRECS;5269.0;5
40000;BOT_TAKER;BOT_MAKER;VELVETFRUIT_EXTRACT;XIRECS;5270.0;2
40000;BOT_TAKER;SUBMISSION;VEV_4000;XIRECS;1272.0;1
40100;BOT_TAKER;BOT_MAKER;VELVETFRUIT_EXTRACT;XIRECS;5272.0;3
40100;BOT_TAKER;BOT_MAKER;VEV_6500;XIRECS;1.0;5
40200;BOT_TAKER;BOT_MAKER;VELVETFRUIT_EXTRACT;XIRECS;5274.0;4
40200;BOT_MAKER;BOT_TAKER;VEV_4000;XIRECS;1252.0;3
40400;BOT_MAKER;BOT_TAKER;VEV_6000;XIRECS;0.0;3
40400;BOT_MAKER;BOT_TAKER;VEV_6500;XIRECS;0.0;3
40400;SUBMISSION;BOT_TAKER;VEV_5500;XIRECS;6.0;3
40500;BOT_TAKER;BOT_MAKER;HYDROGEL_PACK;XIRECS;10005.0;5
40500;BOT_TAKER;BOT_MAKER;VELVETFRUIT_EXTRACT;XIRECS;5273.0;7
40500;BOT_TAKER;BOT_MAKER;VEV_4000;XIRECS;1273.0;3
40600;BOT_TAKER;BOT_MAKER;VEV_5400;XIRECS;23.0;2
40600;BOT_TAKER;BOT_MAKER;VEV_6000;XIRECS;1.0;2
40800;BOT_MAKER;BOT_TAKER;HYDROGEL_PACK;XIRECS;9995.0;5
40800;BOT_MAKER;BOT_TAKER;VELVETFRUIT_EXTRACT;XIRECS;5269.0;8
40800;BOT_TAKER;BOT_MAKER;VEV_6000;XIRECS;1.0;4
40800;BOT_MAKER;BOT_TAKER;VEV_6000;XIRECS;0.0;3
40900;BOT_MAKER;BOT_TAKER;VELVETFRUIT_EXTRACT;XIRECS;5271.0;3
41000;BOT_TAKER;BOT_MAKER;HYDROGEL_PACK;XIRECS;10012.0;6
41000;BOT_MAKER;BOT_TAKER;VELVETFRUIT_EXTRACT;XIRECS;5272.0;6
41000;BOT_TAKER;BOT_MAKER;VEV_6500;XIRECS;1.0;2
41100;BOT_TAKER;SUBMISSION;HYDROGEL_PACK;XIRECS;10009.0;5
41100;BOT_TAKER;BOT_MAKER;HYDROGEL_PACK;XIRECS;10010.0;1
41400;BOT_MAKER;BOT_TAKER;HYDROGEL_PACK;XIRECS;9989.0;2
41400;BOT_TAKER;BOT_MAKER;VELVETFRUIT_EXTRACT;XIRECS;5279.0;4
41400;BOT_MAKER;BOT_TAKER;VEV_4000;XIRECS;1254.0;3
41400;BOT_MAKER;BOT_TAKER;VEV_5300;XIRECS;62.0;2
41400;BOT_MAKER;BOT_TAKER;VEV_5500;XIRECS;5.0;3
41500;BOT_TAKER;BOT_MAKER;HYDROGEL_PACK;XIRECS;10007.0;2
41500;BOT_TAKER;BOT_MAKER;VEV_4000;XIRECS;1275.0;1
41500;BOT_MAKER;BOT_TAKER;VEV_5400;XIRECS;21.0;4
41600;BOT_MAKER;BOT_TAKER;HYDROGEL_PACK;XIRECS;9987.0;3
41600;BOT_MAKER;BOT_TAKER;VEV_4000;XIRECS;1255.0;2
41600;BOT_TAKER;BOT_MAKER;VEV_5500;XIRECS;7.0;2
41600;SUBMISSION;BOT_TAKER;HYDROGEL_PACK;XIRECS;9988.0;5
41600;BOT_MAKER;BOT_TAKER;HYDROGEL_PACK;XIRECS;9987.0;1
41700;BOT_MAKER;BOT_TAKER;HYDROGEL_PACK;XIRECS;9989.0;4
41700;BOT_TAKER;BOT_MAKER;VELVETFRUIT_EXTRACT;XIRECS;5280.0;3
41700;BOT_TAKER;BOT_MAKER;VEV_6500;XIRECS;1.0;5
41700;SUBMISSION;BOT_TAKER;VELVETFRUIT_EXTRACT;XIRECS;5275.0;5
41700;BOT_MAKER;BOT_TAKER;VELVETFRUIT_EXTRACT;XIRECS;5274.0;3
42000;BOT_MAKER;BOT_TAKER;VELVETFRUIT_EXTRACT;XIRECS;5274.0;3
42100;BOT_TAKER;BOT_MAKER;VELVETFRUIT_EXTRACT;XIRECS;5278.0;8
42200;BOT_MAKER;BOT_TAKER;VELVETFRUIT_EXTRACT;XIRECS;5271.0;7
42200;BOT_TAKER;BOT_MAKER;VEV_6000;XIRECS;1.0;5
42200;SUBMISSION;BOT_TAKER;VELVETFRUIT_EXTRACT;XIRECS;5272.0;4
42400;BOT_TAKER;SUBMISSION;HYDROGEL_PACK;XIRECS;10002.0;2
42400;BOT_TAKER;SUBMISSION;VELVETFRUIT_EXTRACT;XIRECS;5275.0;5
42400;BOT_TAKER;BOT_MAKER;VELVETFRUIT_EXTRACT;XIRECS;5276.0;1
42500;BOT_MAKER;BOT_TAKER;HYDROGEL_PACK;XIRECS;9985.0;5
42500;BOT_MAKER;BOT_TAKER;VELVETFRUIT_EXTRACT;XIRECS;5273.0;3
42600;BOT_TAKER;BOT_MAKER;HYDROGEL_PACK;XIRECS;10001.0;3
42700;BOT_MAKER;BOT_TAKER;VEV_6000;XIRECS;0.0;3
42900;BOT_MAKER;BOT_TAKER;HYDROGEL_PACK;XIRECS;9983.0;4
42900;BOT_TAKER;BOT_MAKER;VELVETFRUIT_EXTRACT;XIRECS;5279.0;6
42900;BOT_TAKER;BOT_MAKER;VEV_4000;XIRECS;1284.0;1
43200;BOT_MAKER;BOT_TAKER;VELVETFRUIT_EXTRACT;XIRECS;5274.0;7
43400;BOT_TAKER;BOT_MAKER;VELVETFRUIT_EXTRACT;XIRECS;5280.0;6
43400;BOT_TAKER;BOT_MAKER;VEV_4000;XIRECS;1281.0;3
43500;BOT_TAKER;BOT_MAKER;HYDROGEL_PACK;XIRECS;10000.0;6
43700;BOT_MAKER;BOT_TAKER;VEV_5300;XIRECS;62.0;5
43800;BOT_TAKER;BOT_MAKER;VEV_4000;XIRECS;1286.0;2
43800;BOT_MAKER;BOT_TAKER;VEV_6000;XIRECS;0.0;3
43900;BOT_MAKER;BOT_TAKER;HYDROGEL_PACK;XIRECS;9983.0;5
43900;BOT_MAKER;BOT_TAKER;VEV_4000;XIRECS;1264.0;2
43900;SUBMISSION;BOT_TAKER;VELVETFRUIT_EXTRACT;XIRECS;5278.0;4
44100;BOT_TAKER;BOT_MAKER;VEV_5500;XIRECS;6.0;2
44100;BOT_MAKER;BOT_TAKER;VEV_6000;XIRECS;0.0;5
44100;SUBMISSION;BOT_TAKER;HYDROGEL_PACK;XIRECS;9980.0;5
44200;BOT_MAKER;BOT_TAKER;HYDROGEL_PACK;XIRECS;9981.0;4
44300;BOT_MAKER;BOT_TAKER;VEV_5400;XIRECS;20.0;2
44300;BOT_TAKER;SUBMISSION;HYDROGEL_PACK;XIRECS;9996.0;3
44400;SUBMISSION;BOT_TAKER;VEV_4000;XIRECS;1267.0;1
44500;BOT_MAKER;BOT_TAKER;VEV_4000;XIRECS;1266.0;1
44500;BOT_TAKER;BOT_MAKER;VEV_5400;XIRECS;22.0;3
44600;BOT_MAKER;BOT_TAKER;HYDROGEL_PACK;XIRECS;9980.0;4
44600;BOT_MAKER;BOT_TAKER;VEV_5000;XIRECS;260.0;1
44600;BOT_MAKER;BOT_TAKER;VEV_5500;XIRECS;5.0;4
44600;BOT_TAKER;SUBMISSION;VELVETFRUIT_EXTRACT;XIRECS;5281.0;3
44700;BOT_MAKER;BOT_TAKER;VELVETFRUIT_EXTRACT;XIRECS;5278.0;5
44700;SUBMISSION;BOT_TAKER;VELVETFRUIT_EXTRACT;XIRECS;5279.0;5
44800;BOT_MAKER;BOT_TAKER;VEV_5500;XIRECS;5.0;5
44900;BOT_MAKER;BOT_TAKER;VELVETFRUIT_EXTRACT;XIRECS;5276.0;5
44900;BOT_TAKER;BOT_MAKER;VEV_6000;XIRECS;1.0;2
45000;BOT_TAKER;BOT_MAKER;HYDROGEL_PACK;XIRECS;9996.0;4
45000;BOT_TAKER;BOT_MAKER;VEV_5400;XIRECS;21.0;5
45000;BOT_MAKER;BOT_TAKER;VEV_5500;XIRECS;5.0;2
45100;BOT_TAKER;BOT_MAKER;HYDROGEL_PACK;XIRECS;9999.0;3
45100;BOT_TAKER;BOT_MAKER;VEV_5500;XIRECS;6.0;4
45200;BOT_MAKER;BOT_TAKER;VELVETFRUIT_EXTRACT;XIRECS;5275.0;6
45200;BOT_TAKER;BOT_MAKER;VEV_4000;XIRECS;1285.0;3
45200;BOT_MAKER;BOT_TAKER;VEV_6500;XIRECS;0.0;5
45300;BOT_MAKER;BOT_TAKER;HYDROGEL_PACK;XIRECS;9981.0;3
45300;BOT_TAKER;BOT_MAKER;VELVETFRUIT_EXTRACT;XIRECS;5281.0;4
45300;BOT_MAKER;BOT_TAKER;VEV_5500;XIRECS;5.0;5
45300;BOT_TAKER;SUBMISSION;HYDROGEL_PACK;XIRECS;9996.0;4
45400;BOT_TAKER;BOT_MAKER;VEV_5400;XIRECS;21.0;2
45500;BOT_TAKER;BOT_MAKER;VEV_5400;XIRECS;21.0;5
45500;BOT_TAKER;BOT_MAKER;VEV_6500;XIRECS;1.0;3
45700;BOT_TAKER;BOT_MAKER;VEV_5500;XIRECS;6.0;4
45700;SUBMISSION;BOT_TAKER;VELVETFRUIT_EXTRACT;XIRECS;5272.0;4
46000;BOT_TAKER;BOT_MAKER;HYDROGEL_PACK;XIRECS;9991.0;2
46100;BOT_TAKER;BOT_MAKER;VELVETFRUIT_EXTRACT;XIRECS;5276.0;8
46300;BOT_MAKER;BOT_TAKER;VEV_4000;XIRECS;1266.0;1
46300;BOT_MAKER;BOT_TAKER;VEV_5300;XIRECS;62.0;4
46400;BOT_TAKER;BOT_MAKER;HYDROGEL_PACK;XIRECS;9990.0;5
46400;BOT_MAKER;BOT_TAKER;VELVETFRUIT_EXTRACT;XIRECS;5268.0;4
46400;BOT_TAKER;BOT_MAKER;VEV_6500;XIRECS;1.0;5
46600;BOT_MAKER;BOT_TAKER;HYDROGEL_PACK;XIRECS;9974.0;3
46600;BOT_MAKER;BOT_TAKER;VELVETFRUIT_EXTRACT;XIRECS;5268.0;4
46700;BOT_TAKER;BOT_MAKER;HYDROGEL_PACK;XIRECS;9993.0;4
46700;BOT_TAKER;BOT_MAKER;VELVETFRUIT_EXTRACT;XIRECS;5273.0;4
46800;BOT_TAKER;BOT_MAKER;HYDROGEL_PACK;XIRECS;9995.0;2
46900;BOT_MAKER;BOT_TAKER;HYDROGEL_PACK;XIRECS;9979.0;2
47000;BOT_TAKER;BOT_MAKER;HYDROGEL_PACK;XIRECS;9996.0;5
47100;BOT_TAKER;BOT_MAKER;VELVETFRUIT_EXTRACT;XIRECS;5273.0;6
47100;BOT_TAKER;SUBMISSION;VELVETFRUIT_EXTRACT;XIRECS;5272.0;3
47200;BOT_MAKER;BOT_TAKER;VELVETFRUIT_EXTRACT;XIRECS;5267.0;6
47300;BOT_MAKER;BOT_TAKER;VELVETFRUIT_EXTRACT;XIRECS;5267.0;8
47500;BOT_TAKER;BOT_MAKER;VELVETFRUIT_EXTRACT;XIRECS;5273.0;4
47600;BOT_TAKER;BOT_MAKER;VELVETFRUIT_EXTRACT;XIRECS;5273.0;4
47600;BOT_TAKER;BOT_MAKER;VEV_5300;XIRECS;61.0;5
47600;BOT_TAKER;BOT_MAKER;VEV_6000;XIRECS;1.0;4
47600;BOT_MAKER;BOT_TAKER;VEV_6500;XIRECS;0.0;3
47700;BOT_MAKER;BOT_TAKER;HYDROGEL_PACK;XIRECS;9982.0;3
47700;BOT_MAKER;BOT_TAKER;VEV_5500;XIRECS;5.0;2
48100;BOT_TAKER;BOT_MAKER;HYDROGEL_PACK;XIRECS;9995.0;4
48100;SUBMISSION;BOT_TAKER;VELVETFRUIT_EXTRACT;XIRECS;5268.0;3
48200;BOT_TAKER;BOT_MAKER;HYDROGEL_PACK;XIRECS;9995.0;4
48200;BOT_MAKER;BOT_TAKER;VEV_5200;XIRECS;117.0;2
48200;BOT_TAKER;BOT_MAKER;VEV_5500;XIRECS;6.0;5
48300;BOT_TAKER;BOT_MAKER;VELVETFRUIT_EXTRACT;XIRECS;5274.0;8
48400;BOT_TAKER;BOT_MAKER;VELVETFRUIT_EXTRACT;XIRECS;5272.0;3
48500;BOT_TAKER;BOT_MAKER;VELVETFRUIT_EXTRACT;XIRECS;5274.0;5
48500;BOT_TAKER;SUBMISSION;HYDROGEL_PACK;XIRECS;9990.0;5
48500;BOT_TAKER;BOT_MAKER;HYDROGEL_PACK;XIRECS;9991.0;1
48600;BOT_MAKER;BOT_TAKER;VEV_4000;XIRECS;1266.0;2
48600;BOT_MAKER;BOT_TAKER;VEV_6500;XIRECS;0.0;4
48600;BOT_TAKER;SUBMISSION;VELVETFRUIT_EXTRACT;XIRECS;5272.0;5
48600;BOT_TAKER;BOT_MAKER;VELVETFRUIT_EXTRACT;XIRECS;5273.0;3
48700;BOT_TAKER;BOT_MAKER;VELVETFRUIT_EXTRACT;XIRECS;5275.0;7
48700;BOT_TAKER;BOT_MAKER;VEV_4000;XIRECS;1286.0;2
48700;BOT_TAKER;BOT_MAKER;VEV_6000;XIRECS;1.0;5
48800;BOT_TAKER;BOT_MAKER;VELVETFRUIT_EXTRACT;XIRECS;5275.0;8
48900;BOT_MAKER;BOT_TAKER;VELVETFRUIT_EXTRACT;XIRECS;5271.0;7
48900;BOT_TAKER;BOT_MAKER;VEV_6000;XIRECS;1.0;4
49000;BOT_TAKER;SUBMISSION;VELVETFRUIT_EXTRACT;XIRECS;5276.0;5
49000;BOT_TAKER;BOT_MAKER;VELVETFRUIT_EXTRACT;XIRECS;5277.0;1
49100;BOT_TAKER;BOT_MAKER;VEV_6000;XIRECS;1.0;2
49300;BOT_MAKER;BOT_TAKER;HYDROGEL_PACK;XIRECS;9986.0;5
49300;BOT_MAKER;BOT_TAKER;VEV_6000;XIRECS;0.0;5
49400;BOT_MAKER;BOT_TAKER;HYDROGEL_PACK;XIRECS;9986.0;6
49400;BOT_MAKER;BOT_TAKER;VELVETFRUIT_EXTRACT;XIRECS;5272.0;9
49600;BOT_TAKER;BOT_MAKER;HYDROGEL_PACK;XIRECS;10001.0;3
49600;BOT_TAKER;BOT_MAKER;VELVETFRUIT_EXTRACT;XIRECS;5274.0;3
49600;BOT_TAKER;BOT_MAKER;VEV_4000;XIRECS;1286.0;1
49700;BOT_TAKER;BOT_MAKER;HYDROGEL_PACK;XIRECS;9999.0;3
49700;BOT_MAKER;BOT_TAKER;VELVETFRUIT_EXTRACT;XIRECS;5270.0;6
49700;BOT_TAKER;BOT_MAKER;VEV_4000;XIRECS;1286.0;3
49800;BOT_MAKER;BOT_TAKER;VELVETFRUIT_EXTRACT;XIRECS;5269.0;6
49800;BOT_TAKER;SUBMISSION;HYDROGEL_PACK;XIRECS;9996.0;5
49800;BOT_TAKER;BOT_MAKER;HYDROGEL_PACK;XIRECS;9997.0;1
50000;BOT_TAKER;BOT_MAKER;VELVETFRUIT_EXTRACT;XIRECS;5277.0;10
50200;BOT_TAKER;BOT_MAKER;VEV_6500;XIRECS;1.0;2
50700;BOT_MAKER;BOT_TAKER;VEV_6500;XIRECS;0.0;5
50700;BOT_TAKER;SUBMISSION;VELVETFRUIT_EXTRACT;XIRECS;5275.0;5
50700;BOT_TAKER;BOT_MAKER;VELVETFRUIT_EXTRACT;XIRECS;5276.0;2
50900;BOT_TAKER;BOT_MAKER;VELVETFRUIT_EXTRACT;XIRECS;5274.0;4
51000;BOT_TAKER;BOT_MAKER;VELVETFRUIT_EXTRACT;XIRECS;5275.0;13
51000;SUBMISSION;BOT_TAKER;VELVETFRUIT_EXTRACT;XIRECS;5271.0;5
51000;BOT_MAKER;BOT_TAKER;VELVETFRUIT_EXTRACT;XIRECS;5270.0;3
51200;BOT_TAKER;BOT_MAKER;VELVETFRUIT_EXTRACT;XIRECS;5273.0;11
51200;BOT_MAKER;BOT_TAKER;VEV_5400;XIRECS;18.0;3
51300;BOT_TAKER;BOT_MAKER;HYDROGEL_PACK;XIRECS;9988.0;2
51400;BOT_TAKER;BOT_MAKER;HYDROGEL_PACK;XIRECS;9987.0;4
51400;BOT_MAKER;BOT_TAKER;VELVETFRUIT_EXTRACT;XIRECS;5268.0;6
51400;BOT_TAKER;BOT_MAKER;VEV_4000;XIRECS;1288.0;1
51400;BOT_TAKER;BOT_MAKER;VEV_5500;XIRECS;6.0;2
51400;SUBMISSION;BOT_TAKER;VELVETFRUIT_EXTRACT;XIRECS;5269.0;5
51500;BOT_TAKER;BOT_MAKER;VELVETFRUIT_EXTRACT;XIRECS;5275.0;4
51500;BOT_TAKER;BOT_MAKER;VELVETFRUIT_EXTRACT;XIRECS;5275.0;4
51500;BOT_MAKER;BOT_TAKER;VEV_5400;XIRECS;18.0;2
51500;BOT_TAKER;BOT_MAKER;VEV_6500;XIRECS;1.0;2
51700;BOT_MAKER;BOT_TAKER;VELVETFRUIT_EXTRACT;XIRECS;5271.0;7
51800;BOT_TAKER;BOT_MAKER;VEV_5300;XIRECS;57.0;4
51800;BOT_TAKER;SUBMISSION;VELVETFRUIT_EXTRACT;XIRECS;5276.0;5
51800;BOT_TAKER;BOT_MAKER;VELVETFRUIT_EXTRACT;XIRECS;5277.0;1
52000;BOT_MAKER;BOT_TAKER;HYDROGEL_PACK;XIRECS;9968.0;5
52100;BOT_TAKER;BOT_MAKER;HYDROGEL_PACK;XIRECS;9981.0;4
52100;BOT_TAKER;BOT_MAKER;VELVETFRUIT_EXTRACT;XIRECS;5273.0;4
52100;BOT_TAKER;BOT_MAKER;VEV_5500;XIRECS;6.0;2
52200;BOT_MAKER;BOT_TAKER;HYDROGEL_PACK;XIRECS;9966.0;4
52300;BOT_TAKER;BOT_MAKER;HYDROGEL_PACK;XIRECS;9980.0;5
52300;BOT_TAKER;BOT_MAKER;VELVETFRUIT_EXTRACT;XIRECS;5275.0;8
52500;BOT_TAKER;BOT_MAKER;VELVETFRUIT_EXTRACT;XIRECS;5273.0;6
52500;BOT_TAKER;BOT_MAKER;VELVETFRUIT_EXTRACT;XIRECS;5273.0;7
52600;BOT_TAKER;BOT_MAKER;VEV_6500;XIRECS;1.0;5
52700;BOT_TAKER;BOT_MAKER;VELVETFRUIT_EXTRACT;XIRECS;5273.0;4
52700;BOT_MAKER;BOT_TAKER;VEV_6500;XIRECS;0.0;4
52800;BOT_TAKER;BOT_MAKER;VEV_6500;XIRECS;1.0;5
52900;BOT_MAKER;BOT_TAKER;HYDROGEL_PACK;XIRECS;9968.0;4
52900;BOT_TAKER;BOT_MAKER;VELVETFRUIT_EXTRACT;XIRECS;5273.0;5
53100;BOT_MAKER;BOT_TAKER;VEV_6500;XIRECS;0.0;2
53200;BOT_TAKER;BOT_MAKER;HYDROGEL_PACK;XIRECS;9982.0;2
53300;BOT_TAKER;BOT_MAKER;VELVETFRUIT_EXTRACT;XIRECS;5273.0;3
53300;BOT_TAKER;SUBMISSION;HYDROGEL_PACK;XIRECS;9980.0;5
53400;BOT_TAKER;BOT_MAKER;VEV_6000;XIRECS;1.0;2
53400;BOT_TAKER;BOT_MAKER;VEV_6500;XIRECS;1.0;2
53500;BOT_MAKER;BOT_TAKER;VEV_4000;XIRECS;1266.0;2
53500;BOT_TAKER;SUBMISSION;HYDROGEL_PACK;XIRECS;9984.0;5
53600;BOT_TAKER;BOT_MAKER;VELVETFRUIT_EXTRACT;XIRECS;5273.0;3
53600;BOT_TAKER;BOT_MAKER;VEV_4000;XIRECS;1290.0;3
53800;BOT_MAKER;BOT_TAKER;VELVETFRUIT_EXTRACT;XIRECS;5268.0;8
53900;BOT_TAKER;BOT_MAKER;VELVETFRUIT_EXTRACT;XIRECS;5276.0;3
54000;BOT_TAKER;BOT_MAKER;HYDROGEL_PACK;XIRECS;9979.0;4
54000;SUBMISSION;BOT_TAKER;VELVETFRUIT_EXTRACT;XIRECS;5272.0;5
54000;BOT_MAKER;BOT_TAKER;VELVETFRUIT_EXTRACT;XIRECS;5271.0;5
54100;BOT_TAKER;BOT_MAKER;HYDROGEL_PACK;XIRECS;9976.0;2
54100;BOT_TAKER;BOT_MAKER;HYDROGEL_PACK;XIRECS;9976.0;2
54100;BOT_MAKER;BOT_TAKER;VEV_6000;XIRECS;0.0;3
54200;BOT_TAKER;BOT_MAKER;VELVETFRUIT_EXTRACT;XIRECS;5278.0;6
54200;BOT_MAKER;BOT_TAKER;VEV_4000;XIRECS;1269.0;3
54300;BOT_TAKER;BOT_MAKER;VELVETFRUIT_EXTRACT;XIRECS;5279.0;3
54300;BOT_MAKER;BOT_TAKER;VEV_4000;XIRECS;1269.0;2
54400;BOT_TAKER;BOT_MAKER;VELVETFRUIT_EXTRACT;XIRECS;5277.0;3
54500;BOT_TAKER;BOT_MAKER;VELVETFRUIT_EXTRACT;XIRECS;5279.0;12
54700;BOT_MAKER;BOT_TAKER;VELVETFRUIT_EXTRACT;XIRECS;5274.0;4
54700;BOT_TAKER;BOT_MAKER;VEV_4000;XIRECS;1293.0;1
54700;SUBMISSION;BOT_TAKER;HYDROGEL_PACK;XIRECS;9961.0;3
54800;SUBMISSION;BOT_TAKER;HYDROGEL_PACK;XIRECS;9962.0;3
54900;BOT_TAKER;BOT_MAKER;HYDROGEL_PACK;XIRECS;9977.0;4
55000;BOT_TAKER;BOT_MAKER;VELVETFRUIT_EXTRACT;XIRECS;5279.0;8
55000;BOT_MAKER;BOT_TAKER;VEV_6000;XIRECS;0.0;5
55200;BOT_TAKER;BOT_MAKER;VELVETFRUIT_EXTRACT;XIRECS;5280.0;8
55200;BOT_TAKER;SUBMISSION;VELVETFRUIT_EXTRACT;XIRECS;5279.0;5
55200;BOT_TAKER;BOT_MAKER;VELVETFRUIT_EXTRACT;XIRECS;5280.0;3
55300;BOT_MAKER;BOT_TAKER;VELVETFRUIT_EXTRACT;XIRECS;5276.0;9
55400;BOT_TAKER;BOT_MAKER;VELVETFRUIT_EXTRACT;XIRECS;5281.0;3
55400;BOT_TAKER;SUBMISSION;VEV_5400;XIRECS;19.0;3
55500;BOT_TAKER;BOT_MAKER;VELVETFRUIT_EXTRACT;XIRECS;5281.0;6
55500;BOT_TAKER;BOT_MAKER;VEV_5300;XIRECS;56.0;3
55500;BOT_MAKER;BOT_TAKER;VEV_5300;XIRECS;54.0;2
55600;BOT_MAKER;BOT_TAKER;VELVETFRUIT_EXTRACT;XIRECS;5276.0;5
55600;BOT_TAKER;BOT_MAKER;VEV_5500;XIRECS;6.0;5
55700;BOT_MAKER;BOT_TAKER;VEV_4000;XIRECS;1272.0;1
55800;BOT_MAKER;BOT_TAKER;VELVETFRUIT_EXTRACT;XIRECS;5275.0;10
55800;BOT_MAKER;BOT_TAKER;VEV_4000;XIRECS;1271.0;1
55800;BOT_MAKER;BOT_TAKER;VEV_6500;XIRECS;0.0;4
55900;BOT_TAKER;BOT_MAKER;VELVETFRUIT_EXTRACT;XIRECS;5282.0;8
55900;BOT_MAKER;BOT_TAKER;VELVETFRUIT_EXTRACT;XIRECS;5276.0;3
55900;BOT_TAKER;BOT_MAKER;VEV_6500;XIRECS;1.0;3
56000;BOT_MAKER;BOT_TAKER;VEV_6500;XIRECS;0.0;5
56100;BOT_MAKER;BOT_TAKER;VELVETFRUIT_EXTRACT;XIRECS;5275.0;7
56200;BOT_TAKER;SUBMISSION;VEV_4000;XIRECS;1290.0;2
56300;BOT_TAKER;BOT_MAKER;VELVETFRUIT_EXTRACT;XIRECS;5278.0;5
56300;BOT_MAKER;BOT_TAKER;VEV_6500;XIRECS;0.0;4
56500;BOT_MAKER;BOT_TAKER;VELVETFRUIT_EXTRACT;XIRECS;5273.0;8
57000;BOT_MAKER;BOT_TAKER;VELVETFRUIT_EXTRACT;XIRECS;5274.0;5
57100;BOT_MAKER;BOT_TAKER;HYDROGEL_PACK;XIRECS;9964.0;3
57100;BOT_TAKER;BOT_MAKER;VEV_5500;XIRECS;6.0;3
57200;BOT_MAKER;BOT_TAKER;VELVETFRUIT_EXTRACT;XIRECS;5273.0;9
57400;BOT_MAKER;BOT_TAKER;HYDROGEL_PACK;XIRECS;9972.0;5
57400;BOT_TAKER;BOT_MAKER;VEV_6500;XIRECS;1.0;5
57500;SUBMISSION;BOT_TAKER;HYDROGEL_PACK;XIRECS;9975.0;5
57500;SUBMISSION;BOT_TAKER;VELVETFRUIT_EXTRACT;XIRECS;5272.0;5
57500;BOT_MAKER;BOT_TAKER;VELVETFRUIT_EXTRACT;XIRECS;5271.0;3
57600;BOT_TAKER;BOT_MAKER;VEV_4000;XIRECS;1302.0;1
57700;BOT_MAKER;BOT_TAKER;VELVETFRUIT_EXTRACT;XIRECS;5270.0;7
57800;BOT_MAKER;BOT_TAKER;VELVETFRUIT_EXTRACT;XIRECS;5269.0;6
57800;BOT_MAKER;BOT_TAKER;VEV_6500;XIRECS;0.0;5
57900;BOT_TAKER;BOT_MAKER;VELVETFRUIT_EXTRACT;XIRECS;5274.0;5
57900;BOT_MAKER;BOT_TAKER;VEV_5400;XIRECS;20.0;5
57900;BOT_TAKER;BOT_MAKER;VEV_6000;XIRECS;1.0;4
58000;BOT_MAKER;BOT_TAKER;VELVETFRUIT_EXTRACT;XIRECS;5272.0;5
58100;BOT_MAKER;BOT_TAKER;VELVETFRUIT_EXTRACT;XIRECS;5271.0;8
58200;BOT_MAKER;BOT_TAKER;VELVETFRUIT_EXTRACT;XIRECS;5270.0;4
58200;BOT_TAKER;BOT_MAKER;VELVETFRUIT_EXTRACT;XIRECS;5274.0;10
58200;BOT_TAKER;BOT_MAKER;VEV_5500;XIRECS;6.0;4
58300;BOT_TAKER;BOT_MAKER;VELVETFRUIT_EXTRACT;XIRECS;5275.0;8
58500;BOT_TAKER;BOT_MAKER;VELVETFRUIT_EXTRACT;XIRECS;5275.0;4
58500;BOT_TAKER;SUBMISSION;HYDROGEL_PACK;XIRECS;9990.0;3
58700;BOT_TAKER;BOT_MAKER;VEV_4000;XIRECS;1308.0;2
58800;BOT_MAKER;BOT_TAKER;HYDROGEL_PACK;XIRECS;9972.0;6
58800;BOT_TAKER;BOT_MAKER;VELVETFRUIT_EXTRACT;XIRECS;5274.0;15
58900;BOT_MAKER;BOT_TAKER;VELVETFRUIT_EXTRACT;XIRECS;5268.0;4
58900;BOT_TAKER;SUBMISSION;VELVETFRUIT_EXTRACT;XIRECS;5273.0;5
58900;BOT_TAKER;BOT_MAKER;VELVETFRUIT_EXTRACT;XIRECS;5274.0;1
59000;BOT_MAKER;BOT_TAKER;HYDROGEL_PACK;XIRECS;9967.0;5
59000;BOT_MAKER;BOT_TAKER;VEV_6500;XIRECS;0.0;3
59100;BOT_MAKER;BOT_TAKER;VELVETFRUIT_EXTRACT;XIRECS;5270.0;5
59200;BOT_TAKER;BOT_MAKER;HYDROGEL_PACK;XIRECS;9984.0;4
59200;BOT_MAKER;BOT_TAKER;VELVETFRUIT_EXTRACT;XIRECS;5271.0;6
59200;BOT_MAKER;BOT_TAKER;VEV_4000;XIRECS;1288.0;3
59400;BOT_MAKER;BOT_TAKER;VELVETFRUIT_EXTRACT;XIRECS;5270.0;6
59400;SUBMISSION;BOT_TAKER;HYDROGEL_PACK;XIRECS;9966.0;5
59700;BOT_MAKER;BOT_TAKER;VEV_4000;XIRECS;1287.0;2
59800;BOT_MAKER;BOT_TAKER;VELVETFRUIT_EXTRACT;XIRECS;5270.0;3
59800;SUBMISSION;BOT_TAKER;HYDROGEL_PACK;XIRECS;9970.0;3
59900;BOT_MAKER;BOT_TAKER;HYDROGEL_PACK;XIRECS;9970.0;6
59900;BOT_MAKER;BOT_TAKER;VEV_5400;XIRECS;19.0;2
60000;SUBMISSION;BOT_TAKER;VELVETFRUIT_EXTRACT;XIRECS;5273.0;4
60100;BOT_MAKER;BOT_TAKER;HYDROGEL_PACK;XIRECS;9970.0;6
60100;BOT_MAKER;BOT_TAKER;VELVETFRUIT_EXTRACT;XIRECS;5271.0;6
60200;BOT_TAKER;BOT_MAKER;HYDROGEL_PACK;XIRECS;9987.0;5
60200;SUBMISSION;BOT_TAKER;VELVETFRUIT_EXTRACT;XIRECS;5273.0;5
60200;BOT_MAKER;BOT_TAKER;VELVETFRUIT_EXTRACT;XIRECS;5272.0;7
60300;BOT_MAKER;BOT_TAKER;HYDROGEL_PACK;XIRECS;9970.0;2
60300;SUBMISSION;BOT_TAKER;HYDROGEL_PACK;XIRECS;9971.0;2
60400;BOT_MAKER;BOT_TAKER;VEV_6000;XIRECS;0.0;3
60600;BOT_MAKER;BOT_TAKER;VEV_6000;XIRECS;0.0;4
60700;BOT_TAKER;BOT_MAKER;VELVETFRUIT_EXTRACT;XIRECS;5279.0;5
60700;SUBMISSION;BOT_TAKER;HYDROGEL_PACK;XIRECS;9971.0;5
60700;BOT_MAKER;BOT_TAKER;HYDROGEL_PACK;XIRECS;9970.0;1
60800;BOT_MAKER;BOT_TAKER;VELVETFRUIT_EXTRACT;XIRECS;5273.0;3
60800;BOT_MAKER;BOT_TAKER;VEV_5200;XIRECS;124.0;4
60900;BOT_TAKER;BOT_MAKER;HYDROGEL_PACK;XIRECS;9992.0;3
61000;BOT_MAKER;BOT_TAKER;HYDROGEL_PACK;XIRECS;9976.0;5
61100;BOT_MAKER;BOT_TAKER;HYDROGEL_PACK;XIRECS;9977.0;3
61100;BOT_MAKER;BOT_TAKER;VELVETFRUIT_EXTRACT;XIRECS;5274.0;6
61100;BOT_TAKER;BOT_MAKER;VEV_4000;XIRECS;1309.0;1
61200;BOT_TAKER;BOT_MAKER;VELVETFRUIT_EXTRACT;XIRECS;5281.0;7
61300;BOT_TAKER;BOT_MAKER;VEV_5500;XIRECS;6.0;5
61400;BOT_MAKER;BOT_TAKER;VELVETFRUIT_EXTRACT;XIRECS;5276.0;6
61500;BOT_MAKER;BOT_TAKER;VEV_5400;XIRECS;20.0;3
61600;BOT_MAKER;BOT_TAKER;HYDROGEL_PACK;XIRECS;9980.0;2
61600;BOT_TAKER;BOT_MAKER;VELVETFRUIT_EXTRACT;XIRECS;5279.0;3
61700;BOT_TAKER;BOT_MAKER;VELVETFRUIT_EXTRACT;XIRECS;5280.0;7
61700;BOT_MAKER;BOT_TAKER;VEV_6500;XIRECS;0.0;4
61800;BOT_TAKER;BOT_MAKER;VEV_5500;XIRECS;6.0;4
62000;BOT_MAKER;BOT_TAKER;VELVETFRUIT_EXTRACT;XIRECS;5274.0;7
62100;BOT_TAKER;BOT_MAKER;VELVETFRUIT_EXTRACT;XIRECS;5279.0;5
62200;BOT_TAKER;BOT_MAKER;HYDROGEL_PACK;XIRECS;9995.0;6
62200;BOT_MAKER;BOT_TAKER;VELVETFRUIT_EXTRACT;XIRECS;5274.0;10
62200;BOT_MAKER;BOT_TAKER;VEV_5300;XIRECS;49.0;4
62300;BOT_TAKER;BOT_MAKER;VELVETFRUIT_EXTRACT;XIRECS;5281.0;8
62300;BOT_MAKER;BOT_TAKER;VEV_4000;XIRECS;1285.0;3
62400;BOT_MAKER;BOT_TAKER;VEV_6000;XIRECS;0.0;2
62500;SUBMISSION;BOT_TAKER;HYDROGEL_PACK;XIRECS;9983.0;5
62600;BOT_TAKER;BOT_MAKER;HYDROGEL_PACK;XIRECS;9999.0;2
62600;BOT_TAKER;BOT_MAKER;VELVETFRUIT_EXTRACT;XIRECS;5282.0;6
62700;BOT_TAKER;BOT_MAKER;HYDROGEL_PACK;XIRECS;9996.0;3
62700;BOT_TAKER;BOT_MAKER;VEV_4000;XIRECS;1305.0;2
62800;BOT_MAKER;BOT_TAKER;VELVETFRUIT_EXTRACT;XIRECS;5277.0;6
63000;BOT_TAKER;BOT_MAKER;HYDROGEL_PACK;XIRECS;10001.0;2
63100;BOT_MAKER;BOT_TAKER;VEV_5300;XIRECS;49.0;5
63200;BOT_MAKER;BOT_TAKER;VELVETFRUIT_EXTRACT;XIRECS;5276.0;8
63300;BOT_MAKER;BOT_TAKER;VELVETFRUIT_EXTRACT;XIRECS;5276.0;4
63300;BOT_TAKER;BOT_MAKER;VEV_4000;XIRECS;1306.0;2
63500;BOT_MAKER;BOT_TAKER;VEV_5500;XIRECS;5.0;4
63500;SUBMISSION;BOT_TAKER;VELVETFRUIT_EXTRACT;XIRECS;5277.0;5
63600;BOT_TAKER;BOT_MAKER;HYDROGEL_PACK;XIRECS;9998.0;3
63600;BOT_MAKER;BOT_TAKER;VELVETFRUIT_EXTRACT;XIRECS;5276.0;9
63600;BOT_TAKER;SUBMISSION;HYDROGEL_PACK;XIRECS;9997.0;2
63700;BOT_TAKER;BOT_MAKER;HYDROGEL_PACK;XIRECS;9999.0;5
63700;BOT_MAKER;BOT_TAKER;VELVETFRUIT_EXTRACT;XIRECS;5276.0;4
63800;BOT_TAKER;BOT_MAKER;VELVETFRUIT_EXTRACT;XIRECS;5280.0;3
63900;BOT_TAKER;BOT_MAKER;VELVETFRUIT_EXTRACT;XIRECS;5281.0;7
63900;BOT_TAKER;SUBMISSION;VELVETFRUIT_EXTRACT;XIRECS;5280.0;5
63900;BOT_TAKER;BOT_MAKER;VELVETFRUIT_EXTRACT;XIRECS;5281.0;1
64000;BOT_MAKER;BOT_TAKER;VELVETFRUIT_EXTRACT;XIRECS;5276.0;12
64000;BOT_TAKER;BOT_MAKER;VEV_6500;XIRECS;1.0;4
64100;BOT_MAKER;BOT_TAKER;VELVETFRUIT_EXTRACT;XIRECS;5277.0;8
64300;BOT_MAKER;BOT_TAKER;VEV_4000;XIRECS;1287.0;2
64300;BOT_MAKER;BOT_TAKER;VEV_5400;XIRECS;21.0;4
64600;BOT_TAKER;BOT_MAKER;VEV_5500;XIRECS;7.0;5
64600;BOT_TAKER;BOT_MAKER;VEV_6000;XIRECS;1.0;2
64700;BOT_MAKER;BOT_TAKER;HYDROGEL_PACK;XIRECS;9986.0;6
64700;BOT_TAKER;BOT_MAKER;VELVETFRUIT_EXTRACT;XIRECS;5281.0;7
64800;BOT_MAKER;BOT_TAKER;HYDROGEL_PACK;XIRECS;9988.0;6
64800;BOT_MAKER;BOT_TAKER;VELVETFRUIT_EXTRACT;XIRECS;5278.0;4
64800;BOT_MAKER;BOT_TAKER;VELVETFRUIT_EXTRACT;XIRECS;5278.0;3
64900;SUBMISSION;BOT_TAKER;VEV_4000;XIRECS;1287.0;1
65000;BOT_MAKER;BOT_TAKER;VEV_5500;XIRECS;5.0;5
65000;BOT_MAKER;BOT_TAKER;VEV_6000;XIRECS;0.0;5
65100;BOT_TAKER;BOT_MAKER;HYDROGEL_PACK;XIRECS;10002.0;2
65200;BOT_TAKER;BOT_MAKER;VELVETFRUIT_EXTRACT;XIRECS;5285.0;3
65300;BOT_TAKER;BOT_MAKER;VELVETFRUIT_EXTRACT;XIRECS;5286.0;7
65500;BOT_MAKER;BOT_TAKER;VELVETFRUIT_EXTRACT;XIRECS;5283.0;5
65500;BOT_MAKER;BOT_TAKER;VELVETFRUIT_EXTRACT;XIRECS;5283.0;6
65500;BOT_MAKER;BOT_TAKER;VEV_6000;XIRECS;0.0;3
65700;BOT_TAKER;BOT_MAKER;VELVETFRUIT_EXTRACT;XIRECS;5288.0;8
65700;BOT_MAKER;BOT_TAKER;VEV_5500;XIRECS;5.0;3
65700;BOT_TAKER;BOT_MAKER;VEV_6000;XIRECS;1.0;2
65900;BOT_MAKER;BOT_TAKER;VEV_4000;XIRECS;1288.0;2
65900;BOT_TAKER;BOT_MAKER;VEV_5300;XIRECS;50.0;5
66100;BOT_TAKER;BOT_MAKER;HYDROGEL_PACK;XIRECS;9994.0;4
66100;BOT_MAKER;BOT_TAKER;VELVETFRUIT_EXTRACT;XIRECS;5282.0;3
66100;BOT_TAKER;SUBMISSION;VEV_4000;XIRECS;1308.0;3
66200;BOT_TAKER;BOT_MAKER;HYDROGEL_PACK;XIRECS;9997.0;6
66200;BOT_TAKER;BOT_MAKER;VEV_4000;XIRECS;1309.0;2
66200;SUBMISSION;BOT_TAKER;VEV_4000;XIRECS;1288.0;2
66300;BOT_TAKER;BOT_MAKER;VEV_6500;XIRECS;1.0;2
66400;BOT_MAKER;BOT_TAKER;VELVETFRUIT_EXTRACT;XIRECS;5285.0;13
66400;BOT_TAKER;BOT_MAKER;VEV_5500;XIRECS;7.0;5
66600;BOT_TAKER;BOT_MAKER;VELVETFRUIT_EXTRACT;XIRECS;5291.0;4
66700;BOT_TAKER;BOT_MAKER;HYDROGEL_PACK;XIRECS;9994.0;4
66700;BOT_MAKER;BOT_TAKER;VEV_6000;XIRECS;0.0;3
66800;BOT_MAKER;BOT_TAKER;VEV_6000;XIRECS;0.0;2
66800;SUBMISSION;BOT_TAKER;VEV_4000;XIRECS;1286.0;3
66900;BOT_MAKER;BOT_TAKER;HYDROGEL_PACK;XIRECS;9982.0;2
66900;BOT_TAKER;BOT_MAKER;VELVETFRUIT_EXTRACT;XIRECS;5293.0;3
66900;SUBMISSION;BOT_TAKER;VEV_4000;XIRECS;1284.0;2
67000;BOT_TAKER;BOT_MAKER;VELVETFRUIT_EXTRACT;XIRECS;5293.0;8
67000;BOT_MAKER;BOT_TAKER;VEV_4000;XIRECS;1282.0;3
67300;BOT_TAKER;SUBMISSION;HYDROGEL_PACK;XIRECS;10002.0;3
67400;BOT_TAKER;BOT_MAKER;HYDROGEL_PACK;XIRECS;10004.0;3
67500;BOT_TAKER;BOT_MAKER;HYDROGEL_PACK;XIRECS;10004.0;4
67600;BOT_TAKER;BOT_MAKER;HYDROGEL_PACK;XIRECS;10004.0;3
67600;BOT_TAKER;BOT_MAKER;VEV_4000;XIRECS;1304.0;2
67700;BOT_MAKER;BOT_TAKER;HYDROGEL_PACK;XIRECS;9988.0;5
67700;BOT_TAKER;BOT_MAKER;VELVETFRUIT_EXTRACT;XIRECS;5296.0;7
67700;BOT_MAKER;BOT_TAKER;VEV_4000;XIRECS;1283.0;3
67900;BOT_MAKER;BOT_TAKER;HYDROGEL_PACK;XIRECS;9988.0;4
67900;BOT_TAKER;BOT_MAKER;VELVETFRUIT_EXTRACT;XIRECS;5295.0;3
67900;BOT_MAKER;BOT_TAKER;VEV_5500;XIRECS;5.0;5
68000;BOT_TAKER;SUBMISSION;HYDROGEL_PACK;XIRECS;10004.0;5
68000;SUBMISSION;BOT_TAKER;VEV_5500;XIRECS;6.0;3
68100;BOT_MAKER;BOT_TAKER;HYDROGEL_PACK;XIRECS;9987.0;2
68100;BOT_TAKER;BOT_MAKER;VELVETFRUIT_EXTRACT;XIRECS;5292.0;5
68200;BOT_TAKER;BOT_MAKER;VEV_5500;XIRECS;7.0;2
68200;SUBMISSION;BOT_TAKER;VELVETFRUIT_EXTRACT;XIRECS;5287.0;5
68200;BOT_MAKER;BOT_TAKER;VELVETFRUIT_EXTRACT;XIRECS;5286.0;2
68300;BOT_MAKER;BOT_TAKER;VELVETFRUIT_EXTRACT;XIRECS;5283.0;7
68300;SUBMISSION;BOT_TAKER;VEV_4000;XIRECS;1282.0;3
68400;BOT_TAKER;BOT_MAKER;VEV_6000;XIRECS;1.0;5
68500;SUBMISSION;BOT_TAKER;VELVETFRUIT_EXTRACT;XIRECS;5286.0;5
68500;BOT_MAKER;BOT_TAKER;VELVETFRUIT_EXTRACT;XIRECS;5285.0;3
68600;BOT_MAKER;BOT_TAKER;HYDROGEL_PACK;XIRECS;9979.0;2
68600;SUBMISSION;BOT_TAKER;HYDROGEL_PACK;XIRECS;9980.0;3
68700;BOT_MAKER;BOT_TAKER;HYDROGEL_PACK;XIRECS;9976.0;5
68700;BOT_MAKER;BOT_TAKER;VEV_5400;XIRECS;21.0;2
68900;BOT_MAKER;BOT_TAKER;VELVETFRUIT_EXTRACT;XIRECS;5283.0;4
69000;BOT_TAKER;BOT_MAKER;VEV_4000;XIRECS;1302.0;1
69300;BOT_TAKER;BOT_MAKER;HYDROGEL_PACK;XIRECS;9992.0;2
69400;BOT_MAKER;BOT_TAKER;HYDROGEL_PACK;XIRECS;9976.0;4
69400;BOT_TAKER;BOT_MAKER;VELVETFRUIT_EXTRACT;XIRECS;5288.0;6
69400;BOT_TAKER;BOT_MAKER;VEV_4000;XIRECS;1299.0;3
69400;BOT_TAKER;SUBMISSION;VELVETFRUIT_EXTRACT;XIRECS;5287.0;5
69500;BOT_TAKER;BOT_MAKER;VELVETFRUIT_EXTRACT;XIRECS;5289.0;5
69500;BOT_TAKER;SUBMISSION;HYDROGEL_PACK;XIRECS;9993.0;3
69600;BOT_TAKER;BOT_MAKER;HYDROGEL_PACK;XIRECS;9995.0;2
69700;BOT_MAKER;BOT_TAKER;VELVETFRUIT_EXTRACT;XIRECS;5284.0;9
69800;BOT_TAKER;BOT_MAKER;HYDROGEL_PACK;XIRECS;9996.0;2
69800;BOT_MAKER;BOT_TAKER;VEV_5500;XIRECS;5.0;2
69800;SUBMISSION;BOT_TAKER;HYDROGEL_PACK;XIRECS;9981.0;3
69900;BOT_MAKER;BOT_TAKER;HYDROGEL_PACK;XIRECS;9979.0;6
69900;BOT_TAKER;BOT_MAKER;VELVETFRUIT_EXTRACT;XIRECS;5289.0;15
69900;SUBMISSION;BOT_TAKER;HYDROGEL_PACK;XIRECS;9980.0;5
70000;BOT_MAKER;BOT_TAKER;VELVETFRUIT_EXTRACT;XIRECS;5285.0;4
70000;BOT_MAKER;BOT_TAKER;VELVETFRUIT_EXTRACT;XIRECS;5285.0;6
70200;BOT_MAKER;BOT_TAKER;VELVETFRUIT_EXTRACT;XIRECS;5286.0;6
70200;BOT_MAKER;BOT_TAKER;VEV_5300;XIRECS;48.0;5
70200;BOT_TAKER;BOT_MAKER;VEV_5300;XIRECS;50.0;1
70300;BOT_MAKER;BOT_TAKER;HYDROGEL_PACK;XIRECS;9977.0;3
70300;BOT_MAKER;BOT_TAKER;VEV_4000;XIRECS;1280.0;3
70400;BOT_MAKER;BOT_TAKER;HYDROGEL_PACK;XIRECS;9977.0;3
70400;BOT_MAKER;BOT_TAKER;VEV_5500;XIRECS;6.0;4
70500;BOT_MAKER;BOT_TAKER;HYDROGEL_PACK;XIRECS;9976.0;5
70500;BOT_TAKER;BOT_MAKER;VELVETFRUIT_EXTRACT;XIRECS;5290.0;7
70500;BOT_MAKER;BOT_TAKER;VEV_4000;XIRECS;1281.0;2
70600;BOT_MAKER;BOT_TAKER;HYDROGEL_PACK;XIRECS;9975.0;3
70600;BOT_MAKER;BOT_TAKER;VEV_4000;XIRECS;1281.0;3
70600;BOT_TAKER;BOT_MAKER;VEV_6500;XIRECS;1.0;5
70700;BOT_TAKER;BOT_MAKER;VEV_5400;XIRECS;23.0;5
70700;BOT_TAKER;BOT_MAKER;VEV_5500;XIRECS;7.0;2
71000;BOT_MAKER;BOT_TAKER;VELVETFRUIT_EXTRACT;XIRECS;5283.0;8
71100;BOT_MAKER;BOT_TAKER;VEV_5500;XIRECS;6.0;3
71100;BOT_TAKER;BOT_MAKER;VEV_5500;XIRECS;7.0;5
71100;SUBMISSION;BOT_TAKER;HYDROGEL_PACK;XIRECS;9982.0;4
71300;BOT_TAKER;BOT_MAKER;HYDROGEL_PACK;XIRECS;9995.0;4
71300;BOT_TAKER;BOT_MAKER;VELVETFRUIT_EXTRACT;XIRECS;5284.0;10
71300;BOT_TAKER;SUBMISSION;HYDROGEL_PACK;XIRECS;9994.0;4
71400;BOT_TAKER;BOT_MAKER;HYDROGEL_PACK;XIRECS;9994.0;4
71400;BOT_MAKER;BOT_TAKER;VELVETFRUIT_EXTRACT;XIRECS;5278.0;5
71400;BOT_TAKER;BOT_MAKER;VEV_4000;XIRECS;1303.0;2
71400;BOT_MAKER;BOT_TAKER;VEV_5500;XIRECS;6.0;2
71500;BOT_MAKER;BOT_TAKER;VELVETFRUIT_EXTRACT;XIRECS;5279.0;3
71500;BOT_MAKER;BOT_TAKER;VEV_5400;XIRECS;21.0;2
71500;BOT_TAKER;BOT_MAKER;VEV_5500;XIRECS;7.0;5
71700;BOT_MAKER;BOT_TAKER;VEV_5500;XIRECS;6.0;4
71800;BOT_TAKER;BOT_MAKER;HYDROGEL_PACK;XIRECS;10000.0;4
71800;BOT_TAKER;BOT_MAKER;VELVETFRUIT_EXTRACT;XIRECS;5285.0;11
71800;BOT_TAKER;BOT_MAKER;VEV_4000;XIRECS;1305.0;1
71900;BOT_TAKER;BOT_MAKER;VELVETFRUIT_EXTRACT;XIRECS;5284.0;10
71900;BOT_MAKER;BOT_TAKER;VEV_4000;XIRECS;1281.0;2
71900;BOT_TAKER;SUBMISSION;VELVETFRUIT_EXTRACT;XIRECS;5283.0;3
72000;BOT_TAKER;BOT_MAKER;VELVETFRUIT_EXTRACT;XIRECS;5281.0;8
72300;BOT_MAKER;BOT_TAKER;VEV_4000;XIRECS;1282.0;2
72300;BOT_TAKER;BOT_MAKER;VEV_6500;XIRECS;1.0;3
72400;BOT_MAKER;BOT_TAKER;VELVETFRUIT_EXTRACT;XIRECS;5275.0;15
72400;BOT_TAKER;BOT_MAKER;VELVETFRUIT_EXTRACT;XIRECS;5280.0;3
72400;BOT_MAKER;BOT_TAKER;VEV_4000;XIRECS;1282.0;1
72400;BOT_TAKER;BOT_MAKER;VEV_5500;XIRECS;7.0;4
72500;BOT_MAKER;BOT_TAKER;HYDROGEL_PACK;XIRECS;9991.0;6
72600;BOT_MAKER;BOT_TAKER;HYDROGEL_PACK;XIRECS;9992.0;5
72600;BOT_MAKER;BOT_TAKER;VELVETFRUIT_EXTRACT;XIRECS;5277.0;6
72600;BOT_MAKER;BOT_TAKER;VEV_6500;XIRECS;0.0;5
72700;BOT_MAKER;BOT_TAKER;VELVETFRUIT_EXTRACT;XIRECS;5276.0;8
72800;BOT_TAKER;BOT_MAKER;VELVETFRUIT_EXTRACT;XIRECS;5283.0;8
72800;BOT_TAKER;BOT_MAKER;VEV_4000;XIRECS;1307.0;1
73000;BOT_TAKER;BOT_MAKER;VELVETFRUIT_EXTRACT;XIRECS;5281.0;5
73100;BOT_TAKER;BOT_MAKER;VEV_6500;XIRECS;1.0;3
73100;BOT_TAKER;SUBMISSION;VELVETFRUIT_EXTRACT;XIRECS;5280.0;5
73100;BOT_TAKER;BOT_MAKER;VELVETFRUIT_EXTRACT;XIRECS;5281.0;1
73200;BOT_MAKER;BOT_TAKER;HYDROGEL_PACK;XIRECS;9991.0;2
73200;BOT_TAKER;BOT_MAKER;VELVETFRUIT_EXTRACT;XIRECS;5281.0;6
73200;BOT_TAKER;BOT_MAKER;VEV_5500;XIRECS;7.0;2
73300;BOT_MAKER;BOT_TAKER;VELVETFRUIT_EXTRACT;XIRECS;5276.0;10
73400;BOT_MAKER;BOT_TAKER;VEV_6500;XIRECS;0.0;2
73600;BOT_MAKER;BOT_TAKER;HYDROGEL_PACK;XIRECS;9990.0;4
73600;SUBMISSION;BOT_TAKER;VEV_4000;XIRECS;1290.0;3
73800;BOT_TAKER;BOT_MAKER;VEV_5500;XIRECS;7.0;5
73800;SUBMISSION;BOT_TAKER;VELVETFRUIT_EXTRACT;XIRECS;5278.0;3
73900;BOT_TAKER;BOT_MAKER;VELVETFRUIT_EXTRACT;XIRECS;5281.0;7
74000;BOT_MAKER;BOT_TAKER;HYDROGEL_PACK;XIRECS;9984.0;6
74200;BOT_TAKER;BOT_MAKER;VELVETFRUIT_EXTRACT;XIRECS;5281.0;6
74300;BOT_MAKER;BOT_TAKER;VEV_6500;XIRECS;0.0;4
74400;BOT_TAKER;BOT_MAKER;VEV_6500;XIRECS;1.0;2
74500;BOT_TAKER;BOT_MAKER;HYDROGEL_PACK;XIRECS;10001.0;3
74700;BOT_TAKER;BOT_MAKER;VELVETFRUIT_EXTRACT;XIRECS;5282.0;4
74800;BOT_MAKER;BOT_TAKER;VELVETFRUIT_EXTRACT;XIRECS;5277.0;5
75000;BOT_TAKER;BOT_MAKER;VELVETFRUIT_EXTRACT;XIRECS;5284.0;6
75100;BOT_MAKER;BOT_TAKER;VELVETFRUIT_EXTRACT;XIRECS;5277.0;8
75100;BOT_TAKER;BOT_MAKER;VEV_6500;XIRECS;1.0;4
75200;BOT_TAKER;BOT_MAKER;HYDROGEL_PACK;XIRECS;10012.0;6
75200;BOT_TAKER;BOT_MAKER;VELVETFRUIT_EXTRACT;XIRECS;5284.0;7
75200;BOT_TAKER;SUBMISSION;VEV_4000;XIRECS;1307.0;2
75300;SUBMISSION;BOT_TAKER;HYDROGEL_PACK;XIRECS;9999.0;4
75400;BOT_TAKER;BOT_MAKER;VELVETFRUIT_EXTRACT;XIRECS;5279.0;4
75400;BOT_MAKER;BOT_TAKER;VELVETFRUIT_EXTRACT;XIRECS;5274.0;6
75400;BOT_MAKER;BOT_TAKER;VEV_4000;XIRECS;1285.0;2
75400;SUBMISSION;BOT_TAKER;VEV_5500;XIRECS;7.0;3
75500;BOT_TAKER;BOT_MAKER;HYDROGEL_PACK;XIRECS;10013.0;4
75500;BOT_MAKER;BOT_TAKER;VELVETFRUIT_EXTRACT;XIRECS;5274.0;6
75500;BOT_TAKER;BOT_MAKER;VEV_5300;XIRECS;53.0;4
75600;BOT_MAKER;BOT_TAKER;VELVETFRUIT_EXTRACT;XIRECS;5275.0;3
75700;BOT_MAKER;BOT_TAKER;VELVETFRUIT_EXTRACT;XIRECS;5274.0;5
75700;BOT_TAKER;BOT_MAKER;VELVETFRUIT_EXTRACT;XIRECS;5280.0;10
75800;BOT_MAKER;BOT_TAKER;HYDROGEL_PACK;XIRECS;10001.0;6
75800;BOT_TAKER;BOT_MAKER;VEV_4000;XIRECS;1303.0;3
75800;BOT_MAKER;BOT_TAKER;VEV_6000;XIRECS;0.0;2
76000;BOT_TAKER;BOT_MAKER;VEV_4000;XIRECS;1301.0;2
76000;BOT_MAKER;BOT_TAKER;VEV_5300;XIRECS;52.0;5
76000;BOT_MAKER;BOT_TAKER;VEV_6000;XIRECS;0.0;4
76200;BOT_TAKER;BOT_MAKER;VELVETFRUIT_EXTRACT;XIRECS;5278.0;5
76200;SUBMISSION;BOT_TAKER;HYDROGEL_PACK;XIRECS;10005.0;5
76200;BOT_MAKER;BOT_TAKER;HYDROGEL_PACK;XIRECS;10004.0;1
76300;BOT_MAKER;BOT_TAKER;HYDROGEL_PACK;XIRECS;10002.0;6
76300;BOT_MAKER;BOT_TAKER;VELVETFRUIT_EXTRACT;XIRECS;5275.0;4
76300;BOT_MAKER;BOT_TAKER;VEV_6000;XIRECS;0.0;4
76400;BOT_TAKER;BOT_MAKER;HYDROGEL_PACK;XIRECS;10019.0;4
76500;BOT_MAKER;BOT_TAKER;VEV_6000;XIRECS;0.0;4
76600;BOT_TAKER;BOT_MAKER;HYDROGEL_PACK;XIRECS;10021.0;5
76700;BOT_TAKER;BOT_MAKER;HYDROGEL_PACK;XIRECS;10021.0;5
76700;BOT_TAKER;BOT_MAKER;HYDROGEL_PACK;XIRECS;10021.0;4
76700;BOT_MAKER;BOT_TAKER;VELVETFRUIT_EXTRACT;XIRECS;5275.0;6
76700;BOT_MAKER;BOT_TAKER;VEV_4000;XIRECS;1277.0;3
76700;BOT_MAKER;BOT_TAKER;VEV_6500;XIRECS;0.0;4
76800;BOT_MAKER;BOT_TAKER;VELVETFRUIT_EXTRACT;XIRECS;5273.0;4
76800;BOT_MAKER;BOT_TAKER;VEV_5400;XIRECS;19.0;4
76800;BOT_MAKER;BOT_TAKER;VEV_5500;XIRECS;6.0;4
76900;BOT_MAKER;BOT_TAKER;VELVETFRUIT_EXTRACT;XIRECS;5271.0;8
76900;BOT_TAKER;BOT_MAKER;VEV_5500;XIRECS;8.0;5
76900;BOT_TAKER;BOT_MAKER;VEV_5500;XIRECS;8.0;5
77000;BOT_TAKER;SUBMISSION;VELVETFRUIT_EXTRACT;XIRECS;5276.0;4
77300;BOT_MAKER;BOT_TAKER;VELVETFRUIT_EXTRACT;XIRECS;5272.0;8
77400;BOT_MAKER;BOT_TAKER;VELVETFRUIT_EXTRACT;XIRECS;5271.0;7
77500;BOT_MAKER;BOT_TAKER;HYDROGEL_PACK;XIRECS;9999.0;6
77700;BOT_TAKER;BOT_MAKER;HYDROGEL_PACK;XIRECS;10015.0;4
77800;BOT_MAKER;BOT_TAKER;HYDROGEL_PACK;XIRECS;9999.0;4
77800;BOT_TAKER;BOT_MAKER;VELVETFRUIT_EXTRACT;XIRECS;5277.0;5
77800;BOT_TAKER;BOT_MAKER;VEV_6000;XIRECS;1.0;2
77800;BOT_MAKER;BOT_TAKER;VEV_6000;XIRECS;0.0;4
78000;SUBMISSION;BOT_TAKER;VELVETFRUIT_EXTRACT;XIRECS;5274.0;4
78100;BOT_TAKER;BOT_MAKER;HYDROGEL_PACK;XIRECS;10011.0;2
78200;BOT_MAKER;BOT_TAKER;VEV_5400;XIRECS;19.0;2
78300;BOT_TAKER;BOT_MAKER;VEV_5400;XIRECS;21.0;4
78300;BOT_MAKER;BOT_TAKER;VEV_6500;XIRECS;0.0;4
78400;BOT_MAKER;BOT_TAKER;HYDROGEL_PACK;XIRECS;9998.0;2
78500;BOT_TAKER;BOT_MAKER;HYDROGEL_PACK;XIRECS;10013.0;4
78500;BOT_TAKER;BOT_MAKER;VEV_4000;XIRECS;1301.0;2
78600;BOT_MAKER;BOT_TAKER;VEV_4000;XIRECS;1278.0;3
78700;BOT_MAKER;BOT_TAKER;HYDROGEL_PACK;XIRECS;9997.0;5
78700;BOT_MAKER;BOT_TAKER;VELVETFRUIT_EXTRACT;XIRECS;5273.0;8
78800;BOT_MAKER;BOT_TAKER;VELVETFRUIT_EXTRACT;XIRECS;5274.0;6
78800;BOT_TAKER;BOT_MAKER;VELVETFRUIT_EXTRACT;XIRECS;5280.0;4
79100;BOT_MAKER;BOT_TAKER;VELVETFRUIT_EXTRACT;XIRECS;5273.0;8
79100;BOT_TAKER;BOT_MAKER;VEV_4000;XIRECS;1299.0;3
79200;BOT_MAKER;BOT_TAKER;HYDROGEL_PACK;XIRECS;10002.0;6
79200;BOT_MAKER;BOT_TAKER;VELVETFRUIT_EXTRACT;XIRECS;5273.0;8
79200;SUBMISSION;BOT_TAKER;VEV_4000;XIRECS;1278.0;1
79300;BOT_MAKER;BOT_TAKER;HYDROGEL_PACK;XIRECS;10004.0;3
79300;BOT_TAKER;BOT_MAKER;VEV_4000;XIRECS;1299.0;3
79500;BOT_MAKER;BOT_TAKER;HYDROGEL_PACK;XIRECS;10001.0;3
79600;BOT_MAKER;BOT_TAKER;HYDROGEL_PACK;XIRECS;10003.0;5
79700;BOT_TAKER;BOT_MAKER;VELVETFRUIT_EXTRACT;XIRECS;5278.0;6
79700;BOT_MAKER;BOT_TAKER;VEV_5300;XIRECS;46.0;4
79700;BOT_MAKER;BOT_TAKER;VEV_5400;XIRECS;21.0;4
79800;BOT_TAKER;BOT_MAKER;HYDROGEL_PACK;XIRECS;10020.0;6
79800;BOT_TAKER;BOT_MAKER;VELVETFRUIT_EXTRACT;XIRECS;5276.0;3
79900;BOT_TAKER;BOT_MAKER;VELVETFRUIT_EXTRACT;XIRECS;5277.0;7
79900;BOT_TAKER;SUBMISSION;HYDROGEL_PACK;XIRECS;10019.0;5
79900;BOT_TAKER;BOT_MAKER;HYDROGEL_PACK;XIRECS;10020.0;1
80000;BOT_TAKER;BOT_MAKER;VELVETFRUIT_EXTRACT;XIRECS;5279.0;5
80000;BOT_MAKER;BOT_TAKER;VEV_4000;XIRECS;1275.0;1
80200;BOT_TAKER;BOT_MAKER;VELVETFRUIT_EXTRACT;XIRECS;5279.0;3
80300;BOT_MAKER;BOT_TAKER;VELVETFRUIT_EXTRACT;XIRECS;5274.0;7
80300;BOT_TAKER;BOT_MAKER;VEV_5400;XIRECS;23.0;5
80300;SUBMISSION;BOT_TAKER;VELVETFRUIT_EXTRACT;XIRECS;5275.0;3
80500;BOT_TAKER;BOT_MAKER;HYDROGEL_PACK;XIRECS;10023.0;4
80600;BOT_TAKER;BOT_MAKER;HYDROGEL_PACK;XIRECS;10024.0;5
80700;BOT_MAKER;BOT_TAKER;VELVETFRUIT_EXTRACT;XIRECS;5275.0;6
80700;BOT_MAKER;BOT_TAKER;VEV_4000;XIRECS;1280.0;1
80900;BOT_TAKER;BOT_MAKER;VELVETFRUIT_EXTRACT;XIRECS;5283.0;6
80900;BOT_TAKER;BOT_MAKER;VEV_4000;XIRECS;1302.0;1
81000;BOT_TAKER;BOT_MAKER;VELVETFRUIT_EXTRACT;XIRECS;5282.0;9
81100;BOT_MAKER;BOT_TAKER;HYDROGEL_PACK;XIRECS;10000.0;3
81100;BOT_TAKER;BOT_MAKER;VEV_5400;XIRECS;23.0;2
81100;BOT_TAKER;BOT_MAKER;VEV_5500;XIRECS;9.0;2
81300;BOT_TAKER;BOT_MAKER;VELVETFRUIT_EXTRACT;XIRECS;5282.0;3
81300;SUBMISSION;BOT_TAKER;VEV_4000;XIRECS;1283.0;3
81500;BOT_MAKER;BOT_TAKER;HYDROGEL_PACK;XIRECS;10003.0;3
81700;BOT_MAKER;BOT_TAKER;VELVETFRUIT_EXTRACT;XIRECS;5276.0;4
81800;BOT_TAKER;BOT_MAKER;HYDROGEL_PACK;XIRECS;10019.0;3
82000;BOT_MAKER;BOT_TAKER;HYDROGEL_PACK;XIRECS;10005.0;4
82000;BOT_MAKER;BOT_TAKER;VEV_4000;XIRECS;1285.0;1
82100;BOT_MAKER;BOT_TAKER;HYDROGEL_PACK;XIRECS;10004.0;6
82100;BOT_TAKER;BOT_MAKER;VEV_4000;XIRECS;1307.0;3
82200;BOT_TAKER;BOT_MAKER;VELVETFRUIT_EXTRACT;XIRECS;5279.0;4
82200;BOT_TAKER;BOT_MAKER;VEV_5300;XIRECS;48.0;5
82300;BOT_MAKER;BOT_TAKER;VELVETFRUIT_EXTRACT;XIRECS;5272.0;7
82400;BOT_MAKER;BOT_TAKER;VELVETFRUIT_EXTRACT;XIRECS;5272.0;4
82400;BOT_TAKER;BOT_MAKER;VEV_5400;XIRECS;23.0;4
82400;SUBMISSION;BOT_TAKER;VELVETFRUIT_EXTRACT;XIRECS;5273.0;5
82400;BOT_MAKER;BOT_TAKER;VELVETFRUIT_EXTRACT;XIRECS;5272.0;1
82500;BOT_TAKER;SUBMISSION;VEV_4000;XIRECS;1305.0;3
82700;BOT_TAKER;BOT_MAKER;VELVETFRUIT_EXTRACT;XIRECS;5277.0;5
82700;BOT_MAKER;BOT_TAKER;VEV_6000;XIRECS;0.0;3
82900;BOT_TAKER;BOT_MAKER;HYDROGEL_PACK;XIRECS;10022.0;4
82900;BOT_TAKER;BOT_MAKER;VEV_5300;XIRECS;51.0;5
83000;BOT_TAKER;BOT_MAKER;VELVETFRUIT_EXTRACT;XIRECS;5279.0;5
83000;BOT_TAKER;BOT_MAKER;VEV_5500;XIRECS;8.0;5
83000;BOT_MAKER;BOT_TAKER;VEV_6500;XIRECS;0.0;5
83200;BOT_TAKER;BOT_MAKER;VEV_6000;XIRECS;1.0;2
83300;BOT_TAKER;BOT_MAKER;VEV_5400;XIRECS;24.0;4
83300;BOT_TAKER;BOT_MAKER;VEV_6000;XIRECS;1.0;2
83400;BOT_MAKER;BOT_TAKER;HYDROGEL_PACK;XIRECS;10005.0;2
83400;BOT_MAKER;BOT_TAKER;VELVETFRUIT_EXTRACT;XIRECS;5273.0;6
83600;BOT_TAKER;BOT_MAKER;VEV_4000;XIRECS;1310.0;1
83600;BOT_TAKER;BOT_MAKER;VEV_5300;XIRECS;51.0;3
83600;BOT_TAKER;BOT_MAKER;VEV_5300;XIRECS;51.0;5
83600;BOT_TAKER;BOT_MAKER;VEV_6500;XIRECS;1.0;4
83700;BOT_MAKER;BOT_TAKER;VELVETFRUIT_EXTRACT;XIRECS;5272.0;3
83700;SUBMISSION;BOT_TAKER;HYDROGEL_PACK;XIRECS;10014.0;3
83700;BOT_TAKER;SUBMISSION;VEV_4000;XIRECS;1308.0;2
83800;BOT_TAKER;BOT_MAKER;HYDROGEL_PACK;XIRECS;10030.0;4
83800;BOT_TAKER;BOT_MAKER;VELVETFRUIT_EXTRACT;XIRECS;5277.0;3
83900;BOT_MAKER;BOT_TAKER;HYDROGEL_PACK;XIRECS;10013.0;2
84000;BOT_MAKER;BOT_TAKER;HYDROGEL_PACK;XIRECS;10014.0;4
84000;BOT_MAKER;BOT_TAKER;VELVETFRUIT_EXTRACT;XIRECS;5270.0;8
84100;BOT_MAKER;BOT_TAKER;VELVETFRUIT_EXTRACT;XIRECS;5269.0;6
84100;BOT_MAKER;BOT_TAKER;VEV_5300;XIRECS;49.0;4
84200;BOT_TAKER;BOT_MAKER;HYDROGEL_PACK;XIRECS;10029.0;5
84200;BOT_MAKER;BOT_TAKER;VELVETFRUIT_EXTRACT;XIRECS;5269.0;4
84300;BOT_TAKER;BOT_MAKER;VELVETFRUIT_EXTRACT;XIRECS;5274.0;8
84300;BOT_TAKER;BOT_MAKER;VEV_5400;XIRECS;25.0;2
84500;BOT_MAKER;BOT_TAKER;HYDROGEL_PACK;XIRECS;10010.0;4
84500;BOT_MAKER;BOT_TAKER;VELVETFRUIT_EXTRACT;XIRECS;5268.0;4
84700;BOT_MAKER;BOT_TAKER;VELVETFRUIT_EXTRACT;XIRECS;5268.0;7
84800;BOT_MAKER;BOT_TAKER;VELVETFRUIT_EXTRACT;XIRECS;5270.0;13
84900;BOT_TAKER;BOT_MAKER;HYDROGEL_PACK;XIRECS;10021.0;5
85000;BOT_TAKER;BOT_MAKER;HYDROGEL_PACK;XIRECS;10022.0;2
85000;BOT_MAKER;BOT_TAKER;VELVETFRUIT_EXTRACT;XIRECS;5271.0;8
85000;BOT_TAKER;BOT_MAKER;VELVETFRUIT_EXTRACT;XIRECS;5276.0;4
85000;BOT_TAKER;BOT_MAKER;VEV_6000;XIRECS;1.0;3
85100;BOT_MAKER;BOT_TAKER;VEV_6500;XIRECS;0.0;3
85200;BOT_MAKER;BOT_TAKER;HYDROGEL_PACK;XIRECS;10006.0;2
85200;BOT_TAKER;BOT_MAKER;VEV_6000;XIRECS;1.0;2
85200;SUBMISSION;BOT_TAKER;VELVETFRUIT_EXTRACT;XIRECS;5270.0;5
85200;BOT_MAKER;BOT_TAKER;VELVETFRUIT_EXTRACT;XIRECS;5269.0;3
85300;BOT_TAKER;BOT_MAKER;HYDROGEL_PACK;XIRECS;10026.0;2
85300;BOT_TAKER;BOT_MAKER;VELVETFRUIT_EXTRACT;XIRECS;5274.0;13
85500;BOT_MAKER;BOT_TAKER;HYDROGEL_PACK;XIRECS;10005.0;4
85500;BOT_MAKER;BOT_TAKER;VELVETFRUIT_EXTRACT;XIRECS;5272.0;9
85600;BOT_TAKER;BOT_MAKER;VEV_4000;XIRECS;1301.0;1
85700;BOT_TAKER;BOT_MAKER;VELVETFRUIT_EXTRACT;XIRECS;5277.0;6
85800;BOT_TAKER;BOT_MAKER;HYDROGEL_PACK;XIRECS;10020.0;6
85800;BOT_TAKER;BOT_MAKER;VEV_5500;XIRECS;8.0;2
85800;SUBMISSION;BOT_TAKER;HYDROGEL_PACK;XIRECS;10005.0;3
86000;BOT_MAKER;BOT_TAKER;VELVETFRUIT_EXTRACT;XIRECS;5274.0;6
86000;SUBMISSION;BOT_TAKER;HYDROGEL_PACK;XIRECS;10001.0;3
86100;BOT_MAKER;BOT_TAKER;VEV_4000;XIRECS;1278.0;1
86100;SUBMISSION;BOT_TAKER;VELVETFRUIT_EXTRACT;XIRECS;5272.0;3
86200;BOT_MAKER;BOT_TAKER;HYDROGEL_PACK;XIRECS;9999.0;3
86200;BOT_TAKER;BOT_MAKER;VELVETFRUIT_EXTRACT;XIRECS;5277.0;8
86200;BOT_MAKER;BOT_TAKER;VEV_4000;XIRECS;1278.0;3
86200;SUBMISSION;BOT_TAKER;VELVETFRUIT_EXTRACT;XIRECS;5273.0;5
86200;BOT_MAKER;BOT_TAKER;VELVETFRUIT_EXTRACT;XIRECS;5272.0;1
86300;BOT_MAKER;BOT_TAKER;HYDROGEL_PACK;XIRECS;9999.0;6
86300;BOT_MAKER;BOT_TAKER;VELVETFRUIT_EXTRACT;XIRECS;5272.0;8
86300;BOT_MAKER;BOT_TAKER;VELVETFRUIT_EXTRACT;XIRECS;5272.0;6
86300;BOT_TAKER;BOT_MAKER;VEV_6000;XIRECS;1.0;3
86400;BOT_TAKER;SUBMISSION;VELVETFRUIT_EXTRACT;XIRECS;5276.0;5
86400;BOT_TAKER;BOT_MAKER;VELVETFRUIT_EXTRACT;XIRECS;5277.0;2
86500;BOT_MAKER;BOT_TAKER;HYDROGEL_PACK;XIRECS;9996.0;6
86600;BOT_MAKER;BOT_TAKER;VEV_5300;XIRECS;50.0;3
86600;BOT_TAKER;BOT_MAKER;VEV_6000;XIRECS;1.0;5
86600;BOT_MAKER;BOT_TAKER;VEV_6500;XIRECS;0.0;2
86700;BOT_TAKER;BOT_MAKER;VELVETFRUIT_EXTRACT;XIRECS;5279.0;3
86800;SUBMISSION;BOT_TAKER;VELVETFRUIT_EXTRACT;XIRECS;5273.0;5
86800;BOT_MAKER;BOT_TAKER;VELVETFRUIT_EXTRACT;XIRECS;5272.0;1
86900;BOT_MAKER;BOT_TAKER;HYDROGEL_PACK;XIRECS;9994.0;3
86900;BOT_MAKER;BOT_TAKER;VELVETFRUIT_EXTRACT;XIRECS;5275.0;6
87000;BOT_TAKER;BOT_MAKER;HYDROGEL_PACK;XIRECS;10011.0;3
87000;BOT_TAKER;SUBMISSION;HYDROGEL_PACK;XIRECS;10010.0;3
87100;BOT_TAKER;SUBMISSION;VEV_4000;XIRECS;1296.0;2
87200;BOT_TAKER;BOT_MAKER;VELVETFRUIT_EXTRACT;XIRECS;5280.0;8
87200;BOT_MAKER;BOT_TAKER;VELVETFRUIT_EXTRACT;XIRECS;5275.0;4
87300;BOT_MAKER;BOT_TAKER;HYDROGEL_PACK;XIRECS;9998.0;5
87300;BOT_TAKER;BOT_MAKER;VELVETFRUIT_EXTRACT;XIRECS;5282.0;3
87300;SUBMISSION;BOT_TAKER;HYDROGEL_PACK;XIRECS;9999.0;4
87500;BOT_TAKER;BOT_MAKER;VELVETFRUIT_EXTRACT;XIRECS;5281.0;8
87500;BOT_TAKER;BOT_MAKER;VELVETFRUIT_EXTRACT;XIRECS;5281.0;7
87500;BOT_TAKER;BOT_MAKER;VEV_5400;XIRECS;25.0;5
87500;BOT_TAKER;BOT_MAKER;VEV_5500;XIRECS;8.0;5
87600;BOT_TAKER;SUBMISSION;HYDROGEL_PACK;XIRECS;10014.0;3
87700;BOT_MAKER;BOT_TAKER;VELVETFRUIT_EXTRACT;XIRECS;5277.0;8
87700;SUBMISSION;BOT_TAKER;VELVETFRUIT_EXTRACT;XIRECS;5278.0;5
87700;BOT_MAKER;BOT_TAKER;VELVETFRUIT_EXTRACT;XIRECS;5277.0;1
87800;BOT_MAKER;BOT_TAKER;VELVETFRUIT_EXTRACT;XIRECS;5277.0;6
87900;BOT_MAKER;BOT_TAKER;VELVETFRUIT_EXTRACT;XIRECS;5278.0;4
87900;BOT_TAKER;BOT_MAKER;VEV_6500;XIRECS;1.0;2
88000;BOT_TAKER;BOT_MAKER;VELVETFRUIT_EXTRACT;XIRECS;5282.0;3
88200;BOT_TAKER;BOT_MAKER;HYDROGEL_PACK;XIRECS;10022.0;2
88200;BOT_MAKER;BOT_TAKER;VELVETFRUIT_EXTRACT;XIRECS;5277.0;3
88200;SUBMISSION;BOT_TAKER;VELVETFRUIT_EXTRACT;XIRECS;5278.0;5
88200;BOT_MAKER;BOT_TAKER;VELVETFRUIT_EXTRACT;XIRECS;5277.0;6
88300;BOT_MAKER;BOT_TAKER;HYDROGEL_PACK;XIRECS;10005.0;4
88300;BOT_TAKER;SUBMISSION;VELVETFRUIT_EXTRACT;XIRECS;5281.0;5
88300;BOT_TAKER;BOT_MAKER;VELVETFRUIT_EXTRACT;XIRECS;5282.0;1
88500;BOT_TAKER;BOT_MAKER;VELVETFRUIT_EXTRACT;XIRECS;5281.0;8
88500;BOT_MAKER;BOT_TAKER;VEV_4000;XIRECS;1276.0;2
88700;BOT_MAKER;BOT_TAKER;HYDROGEL_PACK;XIRECS;10001.0;6
88700;BOT_TAKER;SUBMISSION;VELVETFRUIT_EXTRACT;XIRECS;5281.0;5
88800;BOT_TAKER;BOT_MAKER;HYDROGEL_PACK;XIRECS;10014.0;5
88900;BOT_TAKER;BOT_MAKER;HYDROGEL_PACK;XIRECS;10012.0;3
88900;BOT_TAKER;BOT_MAKER;VEV_4000;XIRECS;1298.0;3
88900;BOT_TAKER;SUBMISSION;HYDROGEL_PACK;XIRECS;10011.0;5
88900;BOT_TAKER;BOT_MAKER;HYDROGEL_PACK;XIRECS;10012.0;1
89000;BOT_MAKER;BOT_TAKER;VEV_5400;XIRECS;23.0;2
89100;BOT_TAKER;BOT_MAKER;VELVETFRUIT_EXTRACT;XIRECS;5282.0;5
89300;BOT_TAKER;BOT_MAKER;HYDROGEL_PACK;XIRECS;10010.0;2
89600;BOT_MAKER;BOT_TAKER;VEV_5400;XIRECS;22.0;3
89800;BOT_MAKER;BOT_TAKER;VEV_6500;XIRECS;0.0;4
89900;BOT_TAKER;BOT_MAKER;HYDROGEL_PACK;XIRECS;10010.0;4
89900;BOT_TAKER;BOT_MAKER;VEV_5400;XIRECS;24.0;5
89900;BOT_TAKER;BOT_MAKER;VEV_5500;XIRECS;8.0;4
89900;BOT_TAKER;SUBMISSION;VELVETFRUIT_EXTRACT;XIRECS;5279.0;3
90000;BOT_TAKER;BOT_MAKER;HYDROGEL_PACK;XIRECS;10006.0;4
90000;BOT_TAKER;BOT_MAKER;VELVETFRUIT_EXTRACT;XIRECS;5278.0;8
90100;BOT_MAKER;BOT_TAKER;VELVETFRUIT_EXTRACT;XIRECS;5273.0;3
90200;BOT_TAKER;BOT_MAKER;HYDROGEL_PACK;XIRECS;10004.0;4
90200;BOT_MAKER;BOT_TAKER;VELVETFRUIT_EXTRACT;XIRECS;5272.0;8
90400;BOT_TAKER;BOT_MAKER;HYDROGEL_PACK;XIRECS;10005.0;5
90400;BOT_MAKER;BOT_TAKER;VELVETFRUIT_EXTRACT;XIRECS;5273.0;4
90500;BOT_TAKER;BOT_MAKER;HYDROGEL_PACK;XIRECS;10004.0;3
90500;BOT_TAKER;BOT_MAKER;VELVETFRUIT_EXTRACT;XIRECS;5277.0;6
90600;BOT_MAKER;BOT_TAKER;VELVETFRUIT_EXTRACT;XIRECS;5272.0;6
90600;BOT_TAKER;BOT_MAKER;VELVETFRUIT_EXTRACT;XIRECS;5277.0;8
90600;BOT_MAKER;BOT_TAKER;VEV_5500;XIRECS;7.0;5
90700;BOT_TAKER;BOT_MAKER;VEV_4000;XIRECS;1292.0;2
90700;BOT_TAKER;BOT_MAKER;VEV_5300;XIRECS;53.0;3
90800;BOT_MAKER;BOT_TAKER;VELVETFRUIT_EXTRACT;XIRECS;5271.0;6
90800;BOT_TAKER;BOT_MAKER;VEV_6500;XIRECS;1.0;5
90900;BOT_TAKER;BOT_MAKER;VELVETFRUIT_EXTRACT;XIRECS;5278.0;7
90900;BOT_TAKER;SUBMISSION;VELVETFRUIT_EXTRACT;XIRECS;5277.0;5
90900;BOT_TAKER;BOT_MAKER;VELVETFRUIT_EXTRACT;XIRECS;5278.0;4
91000;BOT_MAKER;BOT_TAKER;VELVETFRUIT_EXTRACT;XIRECS;5271.0;4
91100;BOT_MAKER;BOT_TAKER;VELVETFRUIT_EXTRACT;XIRECS;5272.0;5
91100;BOT_MAKER;BOT_TAKER;VEV_4000;XIRECS;1271.0;1
91200;BOT_MAKER;BOT_TAKER;VELVETFRUIT_EXTRACT;XIRECS;5271.0;6
91500;BOT_MAKER;BOT_TAKER;VELVETFRUIT_EXTRACT;XIRECS;5270.0;8
91500;SUBMISSION;BOT_TAKER;HYDROGEL_PACK;XIRECS;9990.0;2
91500;BOT_TAKER;SUBMISSION;VELVETFRUIT_EXTRACT;XIRECS;5275.0;4
91700;BOT_MAKER;BOT_TAKER;VELVETFRUIT_EXTRACT;XIRECS;5271.0;8
91700;BOT_MAKER;BOT_TAKER;VEV_6500;XIRECS;0.0;4
92000;BOT_MAKER;BOT_TAKER;HYDROGEL_PACK;XIRECS;9992.0;2
92000;BOT_TAKER;BOT_MAKER;VELVETFRUIT_EXTRACT;XIRECS;5275.0;8
92200;BOT_MAKER;BOT_TAKER;HYDROGEL_PACK;XIRECS;9992.0;3
92200;BOT_TAKER;BOT_MAKER;VEV_6000;XIRECS;1.0;2
92300;BOT_MAKER;BOT_TAKER;HYDROGEL_PACK;XIRECS;9988.0;5
92400;BOT_TAKER;BOT_MAKER;VEV_6500;XIRECS;1.0;5
92500;BOT_MAKER;BOT_TAKER;VELVETFRUIT_EXTRACT;XIRECS;5269.0;7
92600;BOT_TAKER;BOT_MAKER;HYDROGEL_PACK;XIRECS;10010.0;2
92700;BOT_MAKER;BOT_TAKER;HYDROGEL_PACK;XIRECS;9994.0;5
92800;BOT_MAKER;BOT_TAKER;HYDROGEL_PACK;XIRECS;9995.0;6
92900;BOT_MAKER;BOT_TAKER;HYDROGEL_PACK;XIRECS;9995.0;4
92900;BOT_MAKER;BOT_TAKER;VELVETFRUIT_EXTRACT;XIRECS;5267.0;8
93000;BOT_TAKER;BOT_MAKER;HYDROGEL_PACK;XIRECS;10010.0;2
93000;BOT_MAKER;BOT_TAKER;VEV_5500;XIRECS;7.0;5
93100;BOT_TAKER;BOT_MAKER;VELVETFRUIT_EXTRACT;XIRECS;5272.0;7
93200;BOT_TAKER;BOT_MAKER;VELVETFRUIT_EXTRACT;XIRECS;5273.0;4
93300;BOT_TAKER;BOT_MAKER;HYDROGEL_PACK;XIRECS;10007.0;3
93300;BOT_MAKER;BOT_TAKER;VELVETFRUIT_EXTRACT;XIRECS;5265.0;6
93300;BOT_TAKER;BOT_MAKER;VEV_5400;XIRECS;26.0;5
93400;BOT_TAKER;BOT_MAKER;VELVETFRUIT_EXTRACT;XIRECS;5271.0;3
93500;BOT_TAKER;BOT_MAKER;HYDROGEL_PACK;XIRECS;10005.0;5
93500;BOT_MAKER;BOT_TAKER;VEV_5400;XIRECS;24.0;5
93600;BOT_TAKER;BOT_MAKER;VELVETFRUIT_EXTRACT;XIRECS;5273.0;5
93600;BOT_TAKER;SUBMISSION;HYDROGEL_PACK;XIRECS;10004.0;3
93700;BOT_MAKER;BOT_TAKER;VELVETFRUIT_EXTRACT;XIRECS;5266.0;6
94000;BOT_TAKER;BOT_MAKER;VELVETFRUIT_EXTRACT;XIRECS;5272.0;5
94200;BOT_MAKER;BOT_TAKER;VELVETFRUIT_EXTRACT;XIRECS;5266.0;3
94200;BOT_TAKER;SUBMISSION;HYDROGEL_PACK;XIRECS;10007.0;5
94300;BOT_MAKER;BOT_TAKER;HYDROGEL_PACK;XIRECS;9994.0;4
94300;SUBMISSION;BOT_TAKER;VEV_4000;XIRECS;1262.0;3
94400;BOT_MAKER;BOT_TAKER;HYDROGEL_PACK;XIRECS;9994.0;2
94400;BOT_MAKER;BOT_TAKER;VEV_5300;XIRECS;51.0;5
94500;BOT_MAKER;BOT_TAKER;VELVETFRUIT_EXTRACT;XIRECS;5266.0;4
94500;BOT_TAKER;BOT_MAKER;VEV_5500;XIRECS;9.0;3
94600;BOT_TAKER;BOT_MAKER;HYDROGEL_PACK;XIRECS;10009.0;2
94600;BOT_TAKER;BOT_MAKER;VEV_6000;XIRECS;1.0;2
94600;SUBMISSION;BOT_TAKER;VELVETFRUIT_EXTRACT;XIRECS;5269.0;4
94800;BOT_TAKER;BOT_MAKER;VELVETFRUIT_EXTRACT;XIRECS;5275.0;4
94900;BOT_TAKER;BOT_MAKER;VEV_5400;XIRECS;25.0;2
95000;BOT_TAKER;SUBMISSION;HYDROGEL_PACK;XIRECS;10004.0;4
95100;BOT_MAKER;BOT_TAKER;VEV_5500;XIRECS;7.0;2
95100;SUBMISSION;BOT_TAKER;VELVETFRUIT_EXTRACT;XIRECS;5271.0;5
95200;SUBMISSION;BOT_TAKER;VELVETFRUIT_EXTRACT;XIRECS;5271.0;5
95400;BOT_MAKER;BOT_TAKER;VEV_4000;XIRECS;1259.0;3
95500;BOT_MAKER;BOT_TAKER;HYDROGEL_PACK;XIRECS;9990.0;5
95500;BOT_MAKER;BOT_TAKER;VEV_6000;XIRECS;0.0;5
95600;BOT_TAKER;BOT_MAKER;VEV_5500;XIRECS;9.0;4
95600;BOT_TAKER;SUBMISSION;HYDROGEL_PACK;XIRECS;10005.0;5
95700;BOT_MAKER;BOT_TAKER;VELVETFRUIT_EXTRACT;XIRECS;5268.0;6
95700;SUBMISSION;BOT_TAKER;VEV_4000;XIRECS;1261.0;3
95800;BOT_MAKER;BOT_TAKER;VELVETFRUIT_EXTRACT;XIRECS;5267.0;5
95900;BOT_MAKER;BOT_TAKER;HYDROGEL_PACK;XIRECS;9985.0;5
95900;BOT_MAKER;BOT_TAKER;VELVETFRUIT_EXTRACT;XIRECS;5270.0;5
96000;BOT_TAKER;BOT_MAKER;HYDROGEL_PACK;XIRECS;10003.0;6
96000;BOT_MAKER;BOT_TAKER;VEV_4000;XIRECS;1261.0;3
96000;BOT_MAKER;BOT_TAKER;VEV_6000;XIRECS;0.0;4
96000;BOT_MAKER;BOT_TAKER;VEV_6500;XIRECS;0.0;2
96100;BOT_TAKER;BOT_MAKER;VEV_5400;XIRECS;25.0;3
96200;BOT_MAKER;BOT_TAKER;HYDROGEL_PACK;XIRECS;9982.0;6
96200;BOT_TAKER;BOT_MAKER;VELVETFRUIT_EXTRACT;XIRECS;5275.0;8
96300;SUBMISSION;BOT_TAKER;VEV_5500;XIRECS;8.0;2
96500;BOT_MAKER;BOT_TAKER;VEV_5500;XIRECS;8.0;2
96500;BOT_MAKER;BOT_TAKER;VEV_6000;XIRECS;0.0;3
96600;BOT_TAKER;BOT_MAKER;VELVETFRUIT_EXTRACT;XIRECS;5276.0;8
96600;BOT_MAKER;BOT_TAKER;VEV_6000;XIRECS;0.0;4
96600;BOT_MAKER;BOT_TAKER;VEV_6500;XIRECS;0.0;2
96700;BOT_TAKER;BOT_MAKER;VEV_5400;XIRECS;24.0;4
96800;BOT_TAKER;BOT_MAKER;VEV_4000;XIRECS;1277.0;2
96900;BOT_MAKER;BOT_TAKER;VELVETFRUIT_EXTRACT;XIRECS;5273.0;4
96900;BOT_MAKER;BOT_TAKER;VEV_5400;XIRECS;23.0;2
96900;BOT_TAKER;SUBMISSION;HYDROGEL_PACK;XIRECS;9994.0;5
97000;BOT_TAKER;BOT_MAKER;HYDROGEL_PACK;XIRECS;9999.0;3
97000;BOT_MAKER;BOT_TAKER;VEV_5400;XIRECS;23.0;4
97000;BOT_TAKER;BOT_MAKER;VEV_6500;XIRECS;1.0;2
97100;BOT_MAKER;BOT_TAKER;VELVETFRUIT_EXTRACT;XIRECS;5274.0;4
97100;BOT_MAKER;BOT_TAKER;VEV_4000;XIRECS;1257.0;1
97200;BOT_TAKER;BOT_MAKER;VEV_5500;XIRECS;9.0;5
97300;BOT_TAKER;BOT_MAKER;VELVETFRUIT_EXTRACT;XIRECS;5281.0;8
97400;BOT_TAKER;BOT_MAKER;HYDROGEL_PACK;XIRECS;10005.0;3
97400;BOT_TAKER;BOT_MAKER;VELVETFRUIT_EXTRACT;XIRECS;5280.0;6
97400;SUBMISSION;BOT_TAKER;HYDROGEL_PACK;XIRECS;9990.0;3
97500;BOT_MAKER;BOT_TAKER;VELVETFRUIT_EXTRACT;XIRECS;5277.0;6
97500;BOT_MAKER;BOT_TAKER;VEV_4000;XIRECS;1254.0;3
97500;BOT_MAKER;BOT_TAKER;VEV_5400;XIRECS;22.0;4
97800;BOT_TAKER;BOT_MAKER;VELVETFRUIT_EXTRACT;XIRECS;5282.0;6
97800;BOT_TAKER;BOT_MAKER;VEV_6500;XIRECS;1.0;3
97900;BOT_TAKER;BOT_MAKER;HYDROGEL_PACK;XIRECS;10004.0;5
97900;BOT_TAKER;BOT_MAKER;VEV_6000;XIRECS;1.0;2
98000;BOT_MAKER;BOT_TAKER;VELVETFRUIT_EXTRACT;XIRECS;5279.0;6
98000;BOT_TAKER;BOT_MAKER;VEV_6500;XIRECS;1.0;2
98100;BOT_MAKER;BOT_TAKER;VELVETFRUIT_EXTRACT;XIRECS;5279.0;3
98400;BOT_TAKER;BOT_MAKER;VEV_5500;XIRECS;9.0;3
98400;SUBMISSION;BOT_TAKER;VELVETFRUIT_EXTRACT;XIRECS;5279.0;5
98400;BOT_MAKER;BOT_TAKER;VELVETFRUIT_EXTRACT;XIRECS;5278.0;2
98500;BOT_TAKER;BOT_MAKER;HYDROGEL_PACK;XIRECS;10004.0;5
98500;BOT_MAKER;BOT_TAKER;VELVETFRUIT_EXTRACT;XIRECS;5278.0;5
98500;BOT_MAKER;BOT_TAKER;VEV_5300;XIRECS;45.0;4
98600;BOT_MAKER;BOT_TAKER;HYDROGEL_PACK;XIRECS;9990.0;2
98600;BOT_MAKER;BOT_TAKER;VELVETFRUIT_EXTRACT;XIRECS;5278.0;5
98600;BOT_TAKER;BOT_MAKER;VEV_6500;XIRECS;1.0;4
98700;BOT_MAKER;BOT_TAKER;VELVETFRUIT_EXTRACT;XIRECS;5280.0;3
98800;BOT_MAKER;BOT_TAKER;VEV_5400;XIRECS;23.0;3
98900;BOT_TAKER;BOT_MAKER;HYDROGEL_PACK;XIRECS;10007.0;4
98900;BOT_MAKER;BOT_TAKER;VEV_4000;XIRECS;1263.0;3
98900;SUBMISSION;BOT_TAKER;HYDROGEL_PACK;XIRECS;9992.0;3
99000;BOT_TAKER;BOT_MAKER;HYDROGEL_PACK;XIRECS;10006.0;4
99000;BOT_MAKER;BOT_TAKER;VELVETFRUIT_EXTRACT;XIRECS;5281.0;9
99100;BOT_TAKER;BOT_MAKER;HYDROGEL_PACK;XIRECS;10006.0;2
99100;BOT_TAKER;BOT_MAKER;VELVETFRUIT_EXTRACT;XIRECS;5288.0;3
99100;BOT_MAKER;BOT_TAKER;VEV_4000;XIRECS;1265.0;1
99100;BOT_TAKER;BOT_MAKER;VEV_5500;XIRECS;9.0;3
99100;BOT_TAKER;SUBMISSION;HYDROGEL_PACK;XIRECS;10005.0;4
99200;BOT_MAKER;BOT_TAKER;HYDROGEL_PACK;XIRECS;9993.0;6
99200;BOT_TAKER;BOT_MAKER;VELVETFRUIT_EXTRACT;XIRECS;5288.0;10
99200;BOT_TAKER;BOT_MAKER;VEV_4000;XIRECS;1286.0;3
99200;BOT_MAKER;BOT_TAKER;VEV_5300;XIRECS;46.0;2
99300;BOT_MAKER;BOT_TAKER;VELVETFRUIT_EXTRACT;XIRECS;5284.0;5
99300;BOT_TAKER;BOT_MAKER;VEV_4000;XIRECS;1285.0;2
99500;BOT_TAKER;BOT_MAKER;VELVETFRUIT_EXTRACT;XIRECS;5288.0;8
99600;BOT_TAKER;BOT_MAKER;VEV_5400;XIRECS;25.0;5
99600;SUBMISSION;BOT_TAKER;HYDROGEL_PACK;XIRECS;9995.0;5
99600;BOT_MAKER;BOT_TAKER;HYDROGEL_PACK;XIRECS;9994.0;1
99700;BOT_TAKER;BOT_MAKER;HYDROGEL_PACK;XIRECS;10012.0;2
99700;BOT_MAKER;BOT_TAKER;VELVETFRUIT_EXTRACT;XIRECS;5282.0;7
99700;BOT_MAKER;BOT_TAKER;VEV_6000;XIRECS;0.0;3
99800;SUBMISSION;BOT_TAKER;VELVETFRUIT_EXTRACT;XIRECS;5283.0;5
99800;BOT_MAKER;BOT_TAKER;VELVETFRUIT_EXTRACT;XIRECS;5282.0;2
99900;BOT_MAKER;BOT_TAKER;HYDROGEL_PACK;XIRECS;9996.0;3
99900;BOT_TAKER;BOT_MAKER;VELVETFRUIT_EXTRACT;XIRECS;5288.0;6
99900;BOT_TAKER;BOT_MAKER;VEV_6000;XIRECS;1.0;4
100200;BOT_MAKER;BOT_TAKER;VELVETFRUIT_EXTRACT;XIRECS;5281.0;6
100200;BOT_TAKER;BOT_MAKER;VEV_4000;XIRECS;1279.0;2
100200;BOT_MAKER;BOT_TAKER;VEV_6500;XIRECS;0.0;3
100200;SUBMISSION;BOT_TAKER;HYDROGEL_PACK;XIRECS;9995.0;3
100300;BOT_MAKER;BOT_TAKER;VELVETFRUIT_EXTRACT;XIRECS;5281.0;3
100400;BOT_MAKER;BOT_TAKER;VELVETFRUIT_EXTRACT;XIRECS;5282.0;3
100400;BOT_MAKER;BOT_TAKER;VEV_6500;XIRECS;0.0;2
100500;BOT_TAKER;BOT_MAKER;VELVETFRUIT_EXTRACT;XIRECS;5288.0;4
100500;BOT_TAKER;BOT_MAKER;VEV_4000;XIRECS;1278.0;3
100600;BOT_TAKER;SUBMISSION;HYDROGEL_PACK;XIRECS;10009.0;5
100600;BOT_TAKER;SUBMISSION;VELVETFRUIT_EXTRACT;XIRECS;5287.0;5
100600;BOT_TAKER;BOT_MAKER;VELVETFRUIT_EXTRACT;XIRECS;5288.0;3
100800;BOT_MAKER;BOT_TAKER;VELVETFRUIT_EXTRACT;XIRECS;5283.0;5
100900;BOT_MAKER;BOT_TAKER;VELVETFRUIT_EXTRACT;XIRECS;5284.0;4
100900;BOT_TAKER;BOT_MAKER;VEV_4000;XIRECS;1275.0;1
100900;BOT_TAKER;BOT_MAKER;VEV_6500;XIRECS;1.0;4
101000;BOT_TAKER;BOT_MAKER;VELVETFRUIT_EXTRACT;XIRECS;5289.0;4
101000;BOT_MAKER;BOT_TAKER;VEV_5300;XIRECS;46.0;5
101000;BOT_TAKER;BOT_MAKER;VEV_5500;XIRECS;9.0;3
101100;BOT_TAKER;BOT_MAKER;VELVETFRUIT_EXTRACT;XIRECS;5290.0;6
101200;BOT_MAKER;BOT_TAKER;VELVETFRUIT_EXTRACT;XIRECS;5285.0;8
101300;BOT_TAKER;BOT_MAKER;VELVETFRUIT_EXTRACT;XIRECS;5292.0;8
101400;BOT_TAKER;BOT_MAKER;VELVETFRUIT_EXTRACT;XIRECS;5293.0;5
101400;BOT_TAKER;BOT_MAKER;VEV_5300;XIRECS;47.0;4
101500;BOT_TAKER;BOT_MAKER;VEV_4000;XIRECS;1279.0;2
101600;BOT_TAKER;BOT_MAKER;VELVETFRUIT_EXTRACT;XIRECS;5292.0;4
101600;BOT_MAKER;BOT_TAKER;VEV_4000;XIRECS;1259.0;2
101700;BOT_TAKER;SUBMISSION;VELVETFRUIT_EXTRACT;XIRECS;5292.0;5
101800;BOT_MAKER;BOT_TAKER;VELVETFRUIT_EXTRACT;XIRECS;5288.0;4
101800;BOT_MAKER;BOT_TAKER;VEV_4000;XIRECS;1259.0;2
101900;BOT_TAKER;BOT_MAKER;HYDROGEL_PACK;XIRECS;10013.0;2
102000;BOT_TAKER;BOT_MAKER;HYDROGEL_PACK;XIRECS;10011.0;4
102000;BOT_MAKER;BOT_TAKER;VELVETFRUIT_EXTRACT;XIRECS;5287.0;3
102000;BOT_TAKER;BOT_MAKER;VEV_5400;XIRECS;26.0;4
102200;BOT_TAKER;BOT_MAKER;HYDROGEL_PACK;XIRECS;10012.0;3
102200;BOT_TAKER;BOT_MAKER;VELVETFRUIT_EXTRACT;XIRECS;5292.0;6
102200;BOT_MAKER;BOT_TAKER;VEV_5300;XIRECS;47.0;2
102300;BOT_MAKER;BOT_TAKER;VEV_6000;XIRECS;0.0;2
102400;BOT_TAKER;BOT_MAKER;HYDROGEL_PACK;XIRECS;10010.0;2
102400;SUBMISSION;BOT_TAKER;VELVETFRUIT_EXTRACT;XIRECS;5289.0;3
102500;BOT_MAKER;BOT_TAKER;VELVETFRUIT_EXTRACT;XIRECS;5287.0;10
102600;BOT_TAKER;BOT_MAKER;VEV_4000;XIRECS;1277.0;2
102800;BOT_MAKER;BOT_TAKER;VEV_5400;XIRECS;23.0;3
102800;BOT_MAKER;BOT_TAKER;VEV_6000;XIRECS;0.0;5
102800;SUBMISSION;BOT_TAKER;HYDROGEL_PACK;XIRECS;9998.0;4
103000;BOT_MAKER;BOT_TAKER;VELVETFRUIT_EXTRACT;XIRECS;5288.0;6
103100;BOT_MAKER;BOT_TAKER;VELVETFRUIT_EXTRACT;XIRECS;5288.0;6
103100;BOT_TAKER;BOT_MAKER;VELVETFRUIT_EXTRACT;XIRECS;5293.0;3
103300;BOT_MAKER;BOT_TAKER;HYDROGEL_PACK;XIRECS;9994.0;2
103400;BOT_MAKER;BOT_TAKER;VELVETFRUIT_EXTRACT;XIRECS;5285.0;8
103400;BOT_MAKER;BOT_TAKER;VEV_5500;XIRECS;8.0;2
103400;BOT_TAKER;BOT_MAKER;VEV_6000;XIRECS;1.0;2
103500;BOT_TAKER;BOT_MAKER;HYDROGEL_PACK;XIRECS;10011.0;2
103500;BOT_TAKER;BOT_MAKER;VELVETFRUIT_EXTRACT;XIRECS;5292.0;6
103500;BOT_MAKER;BOT_TAKER;VEV_6500;XIRECS;0.0;4
103600;BOT_TAKER;BOT_MAKER;HYDROGEL_PACK;XIRECS;10013.0;6
103600;BOT_MAKER;BOT_TAKER;VEV_6000;XIRECS;0.0;5
103800;BOT_MAKER;BOT_TAKER;HYDROGEL_PACK;XIRECS;9999.0;5
103800;BOT_MAKER;BOT_TAKER;VELVETFRUIT_EXTRACT;XIRECS;5283.0;6
104000;BOT_MAKER;BOT_TAKER;VELVETFRUIT_EXTRACT;XIRECS;5281.0;3
104000;BOT_MAKER;BOT_TAKER;VEV_5500;XIRECS;8.0;5
104100;BOT_MAKER;BOT_TAKER;HYDROGEL_PACK;XIRECS;9999.0;3
104200;BOT_TAKER;BOT_MAKER;VELVETFRUIT_EXTRACT;XIRECS;5287.0;8
104300;BOT_MAKER;BOT_TAKER;VELVETFRUIT_EXTRACT;XIRECS;5280.0;5
104300;SUBMISSION;BOT_TAKER;HYDROGEL_PACK;XIRECS;10002.0;5
104300;BOT_MAKER;BOT_TAKER;HYDROGEL_PACK;XIRECS;10001.0;1
104400;BOT_TAKER;SUBMISSION;HYDROGEL_PACK;XIRECS;10016.0;5
104400;BOT_TAKER;BOT_MAKER;HYDROGEL_PACK;XIRECS;10017.0;1
104600;BOT_MAKER;BOT_TAKER;VELVETFRUIT_EXTRACT;XIRECS;5277.0;3
104700;BOT_MAKER;BOT_TAKER;HYDROGEL_PACK;XIRECS;10000.0;3
104700;BOT_MAKER;BOT_TAKER;VEV_5300;XIRECS;46.0;5
104700;BOT_TAKER;SUBMISSION;VELVETFRUIT_EXTRACT;XIRECS;5281.0;3
104900;BOT_MAKER;BOT_TAKER;HYDROGEL_PACK;XIRECS;10001.0;2
105100;BOT_MAKER;BOT_TAKER;VELVETFRUIT_EXTRACT;XIRECS;5277.0;6
105100;BOT_MAKER;BOT_TAKER;VEV_5500;XIRECS;9.0;2
105300;SUBMISSION;BOT_TAKER;VELVETFRUIT_EXTRACT;XIRECS;5279.0;5
105300;BOT_MAKER;BOT_TAKER;VELVETFRUIT_EXTRACT;XIRECS;5278.0;2
105400;BOT_MAKER;BOT_TAKER;VEV_6000;XIRECS;0.0;2
105500;BOT_MAKER;BOT_TAKER;HYDROGEL_PACK;XIRECS;10007.0;4
105500;BOT_MAKER;BOT_TAKER;VEV_5300;XIRECS;45.0;3
105500;BOT_TAKER;BOT_MAKER;VEV_6500;XIRECS;1.0;3
105500;SUBMISSION;BOT_TAKER;VEV_4000;XIRECS;1256.0;2
105700;BOT_TAKER;BOT_MAKER;VELVETFRUIT_EXTRACT;XIRECS;5283.0;8
105700;BOT_MAKER;BOT_TAKER;VEV_5500;XIRECS;9.0;2
105800;BOT_MAKER;BOT_TAKER;HYDROGEL_PACK;XIRECS;10006.0;6
105900;BOT_TAKER;SUBMISSION;VELVETFRUIT_EXTRACT;XIRECS;5283.0;5
105900;BOT_TAKER;BOT_MAKER;VELVETFRUIT_EXTRACT;XIRECS;5284.0;4
106000;BOT_TAKER;BOT_MAKER;VELVETFRUIT_EXTRACT;XIRECS;5285.0;7
106000;BOT_TAKER;BOT_MAKER;VEV_4000;XIRECS;1274.0;3
106000;BOT_TAKER;SUBMISSION;VELVETFRUIT_EXTRACT;XIRECS;5284.0;5
106000;BOT_TAKER;BOT_MAKER;VELVETFRUIT_EXTRACT;XIRECS;5285.0;1
106100;BOT_TAKER;SUBMISSION;HYDROGEL_PACK;XIRECS;10021.0;5
106100;BOT_TAKER;BOT_MAKER;HYDROGEL_PACK;XIRECS;10022.0;1
106100;SUBMISSION;BOT_TAKER;VELVETFRUIT_EXTRACT;XIRECS;5280.0;5
106100;BOT_MAKER;BOT_TAKER;VELVETFRUIT_EXTRACT;XIRECS;5279.0;1
106200;BOT_MAKER;BOT_TAKER;HYDROGEL_PACK;XIRECS;10005.0;6
106200;BOT_TAKER;BOT_MAKER;VELVETFRUIT_EXTRACT;XIRECS;5284.0;3
106300;BOT_TAKER;BOT_MAKER;HYDROGEL_PACK;XIRECS;10021.0;2
106300;BOT_TAKER;BOT_MAKER;VEV_4000;XIRECS;1276.0;1
106300;BOT_MAKER;BOT_TAKER;VEV_6500;XIRECS;0.0;4
106400;BOT_TAKER;BOT_MAKER;VEV_5400;XIRECS;23.0;2
106400;BOT_TAKER;BOT_MAKER;VEV_6000;XIRECS;1.0;5
106500;SUBMISSION;BOT_TAKER;HYDROGEL_PACK;XIRECS;10007.0;3
106600;BOT_MAKER;BOT_TAKER;VEV_4000;XIRECS;1254.0;1
106600;BOT_MAKER;BOT_TAKER;VEV_5500;XIRECS;9.0;4
106700;BOT_MAKER;BOT_TAKER;VELVETFRUIT_EXTRACT;XIRECS;5276.0;6
106700;BOT_MAKER;BOT_TAKER;VEV_4000;XIRECS;1254.0;3
106700;SUBMISSION;BOT_TAKER;VEV_5300;XIRECS;45.0;3
106900;BOT_TAKER;BOT_MAKER;VEV_4000;XIRECS;1277.0;1
107000;BOT_MAKER;BOT_TAKER;HYDROGEL_PACK;XIRECS;10008.0;3
107000;BOT_MAKER;BOT_TAKER;VEV_6000;XIRECS;0.0;5
107200;BOT_MAKER;BOT_TAKER;VELVETFRUIT_EXTRACT;XIRECS;5280.0;7
107200;SUBMISSION;BOT_TAKER;VEV_5400;XIRECS;24.0;3
107300;BOT_TAKER;BOT_MAKER;VEV_4000;XIRECS;1270.0;1
107400;BOT_TAKER;BOT_MAKER;VEV_5400;XIRECS;24.0;5
107500;BOT_MAKER;BOT_TAKER;VEV_6000;XIRECS;0.0;5
107500;BOT_TAKER;BOT_MAKER;VEV_6500;XIRECS;1.0;4
107500;BOT_MAKER;BOT_TAKER;VEV_6500;XIRECS;0.0;4
107600;BOT_TAKER;BOT_MAKER;HYDROGEL_PACK;XIRECS;10022.0;2
107600;BOT_MAKER;BOT_TAKER;VEV_6500;XIRECS;0.0;5
107700;BOT_MAKER;BOT_TAKER;HYDROGEL_PACK;XIRECS;10007.0;5
107700;BOT_TAKER;SUBMISSION;VELVETFRUIT_EXTRACT;XIRECS;5283.0;4
107800;BOT_TAKER;BOT_MAKER;VELVETFRUIT_EXTRACT;XIRECS;5284.0;8
107900;BOT_TAKER;BOT_MAKER;VEV_5500;XIRECS;10.0;5
107900;SUBMISSION;BOT_TAKER;HYDROGEL_PACK;XIRECS;10005.0;2
108100;BOT_TAKER;BOT_MAKER;VELVETFRUIT_EXTRACT;XIRECS;5285.0;5
108100;BOT_MAKER;BOT_TAKER;VELVETFRUIT_EXTRACT;XIRECS;5280.0;8
108200;BOT_TAKER;BOT_MAKER;HYDROGEL_PACK;XIRECS;10017.0;6
108200;BOT_TAKER;BOT_MAKER;VELVETFRUIT_EXTRACT;XIRECS;5285.0;11
108300;BOT_TAKER;BOT_MAKER;VELVETFRUIT_EXTRACT;XIRECS;5286.0;5
108300;BOT_MAKER;BOT_TAKER;VEV_4000;XIRECS;1246.0;3
108300;SUBMISSION;BOT_TAKER;VEV_5400;XIRECS;24.0;2
108400;BOT_TAKER;BOT_MAKER;HYDROGEL_PACK;XIRECS;10020.0;6
108400;BOT_TAKER;BOT_MAKER;VEV_6500;XIRECS;1.0;2
108500;BOT_TAKER;BOT_MAKER;VELVETFRUIT_EXTRACT;XIRECS;5286.0;8
108600;BOT_MAKER;BOT_TAKER;HYDROGEL_PACK;XIRECS;10001.0;6
108800;BOT_MAKER;BOT_TAKER;HYDROGEL_PACK;XIRECS;10001.0;4
108800;SUBMISSION;BOT_TAKER;VELVETFRUIT_EXTRACT;XIRECS;5281.0;5
108800;BOT_MAKER;BOT_TAKER;VELVETFRUIT_EXTRACT;XIRECS;5280.0;1
108900;SUBMISSION;BOT_TAKER;VELVETFRUIT_EXTRACT;XIRECS;5280.0;3
109000;BOT_TAKER;BOT_MAKER;HYDROGEL_PACK;XIRECS;10022.0;3
109100;BOT_MAKER;BOT_TAKER;HYDROGEL_PACK;XIRECS;10009.0;4
109100;BOT_MAKER;BOT_TAKER;VELVETFRUIT_EXTRACT;XIRECS;5279.0;3
109100;BOT_TAKER;SUBMISSION;VELVETFRUIT_EXTRACT;XIRECS;5284.0;5
109300;BOT_MAKER;BOT_TAKER;VELVETFRUIT_EXTRACT;XIRECS;5280.0;5
109400;BOT_MAKER;BOT_TAKER;HYDROGEL_PACK;XIRECS;10008.0;4
109400;BOT_MAKER;BOT_TAKER;VELVETFRUIT_EXTRACT;XIRECS;5279.0;8
109400;BOT_TAKER;BOT_MAKER;VEV_4000;XIRECS;1266.0;2
109400;BOT_TAKER;SUBMISSION;HYDROGEL_PACK;XIRECS;10023.0;5
109500;BOT_MAKER;BOT_TAKER;VELVETFRUIT_EXTRACT;XIRECS;5281.0;9
109600;BOT_TAKER;BOT_MAKER;VELVETFRUIT_EXTRACT;XIRECS;5284.0;4
109600;BOT_MAKER;BOT_TAKER;VEV_4000;XIRECS;1246.0;3
109900;BOT_MAKER;BOT_TAKER;HYDROGEL_PACK;XIRECS;10015.0;3
109900;BOT_TAKER;BOT_MAKER;VELVETFRUIT_EXTRACT;XIRECS;5285.0;4
109900;BOT_MAKER;BOT_TAKER;VEV_4000;XIRECS;1247.0;2
109900;BOT_MAKER;BOT_TAKER;VEV_6000;XIRECS;0.0;4
110000;BOT_MAKER;BOT_TAKER;HYDROGEL_PACK;XIRECS;10016.0;3
110000;BOT_MAKER;BOT_TAKER;VELVETFRUIT_EXTRACT;XIRECS;5278.0;5
110000;BOT_MAKER;BOT_TAKER;VEV_6500;XIRECS;0.0;5
110100;BOT_TAKER;BOT_MAKER;HYDROGEL_PACK;XIRECS;10032.0;6
110200;BOT_MAKER;BOT_TAKER;VELVETFRUIT_EXTRACT;XIRECS;5278.0;6
110300;BOT_MAKER;BOT_TAKER;VELVETFRUIT_EXTRACT;XIRECS;5277.0;8
110300;BOT_MAKER;BOT_TAKER;VEV_5300;XIRECS;49.0;4
110400;BOT_MAKER;BOT_TAKER;VELVETFRUIT_EXTRACT;XIRECS;5276.0;7
110400;BOT_MAKER;BOT_TAKER;VEV_4000;XIRECS;1249.0;1
110400;BOT_TAKER;SUBMISSION;HYDROGEL_PACK;XIRECS;10034.0;2
110500;BOT_MAKER;BOT_TAKER;VELVETFRUIT_EXTRACT;XIRECS;5276.0;4
110500;BOT_TAKER;BOT_MAKER;VEV_5500;XIRECS;10.0;4
110500;BOT_TAKER;SUBMISSION;HYDROGEL_PACK;XIRECS;10034.0;2
110600;BOT_MAKER;BOT_TAKER;HYDROGEL_PACK;XIRECS;10019.0;3
110600;BOT_MAKER;BOT_TAKER;VELVETFRUIT_EXTRACT;XIRECS;5278.0;6
110600;BOT_TAKER;BOT_MAKER;VELVETFRUIT_EXTRACT;XIRECS;5283.0;7
110600;BOT_MAKER;BOT_TAKER;VEV_6000;XIRECS;0.0;5
111000;BOT_MAKER;BOT_TAKER;HYDROGEL_PACK;XIRECS;10019.0;4
111000;BOT_TAKER;BOT_MAKER;VELVETFRUIT_EXTRACT;XIRECS;5282.0;8
111000;BOT_MAKER;BOT_TAKER;VEV_5300;XIRECS;48.0;3
111000;BOT_MAKER;BOT_TAKER;VEV_5500;XIRECS;9.0;2
111100;BOT_TAKER;BOT_MAKER;HYDROGEL_PACK;XIRECS;10037.0;5
111100;BOT_MAKER;BOT_TAKER;VELVETFRUIT_EXTRACT;XIRECS;5278.0;5
111300;BOT_MAKER;BOT_TAKER;HYDROGEL_PACK;XIRECS;10017.0;2
111300;BOT_TAKER;BOT_MAKER;VEV_6000;XIRECS;1.0;3
111400;BOT_TAKER;BOT_MAKER;VELVETFRUIT_EXTRACT;XIRECS;5284.0;5
111500;BOT_MAKER;BOT_TAKER;VEV_6000;XIRECS;0.0;2
111600;BOT_MAKER;BOT_TAKER;VEV_6500;XIRECS;0.0;2
111600;BOT_TAKER;SUBMISSION;VELVETFRUIT_EXTRACT;XIRECS;5282.0;4
111700;BOT_TAKER;BOT_MAKER;HYDROGEL_PACK;XIRECS;10030.0;5
111700;BOT_TAKER;BOT_MAKER;VELVETFRUIT_EXTRACT;XIRECS;5284.0;8
111700;SUBMISSION;BOT_TAKER;VELVETFRUIT_EXTRACT;XIRECS;5281.0;5
111700;BOT_MAKER;BOT_TAKER;VELVETFRUIT_EXTRACT;XIRECS;5280.0;4
111900;BOT_MAKER;BOT_TAKER;VELVETFRUIT_EXTRACT;XIRECS;5279.0;5
112100;BOT_TAKER;BOT_MAKER;HYDROGEL_PACK;XIRECS;10034.0;4
112100;BOT_TAKER;BOT_MAKER;VEV_6500;XIRECS;1.0;5
112100;SUBMISSION;BOT_TAKER;VEV_4000;XIRECS;1256.0;1
112200;BOT_TAKER;BOT_MAKER;VELVETFRUIT_EXTRACT;XIRECS;5285.0;6
112300;BOT_TAKER;BOT_MAKER;VEV_5500;XIRECS;10.0;3
112400;BOT_TAKER;BOT_MAKER;HYDROGEL_PACK;XIRECS;10039.0;5
112400;BOT_MAKER;BOT_TAKER;VELVETFRUIT_EXTRACT;XIRECS;5281.0;5
112500;BOT_TAKER;BOT_MAKER;VELVETFRUIT_EXTRACT;XIRECS;5288.0;5
112500;BOT_TAKER;BOT_MAKER;VEV_6500;XIRECS;1.0;5
112700;BOT_TAKER;BOT_MAKER;VELVETFRUIT_EXTRACT;XIRECS;5287.0;5
112800;BOT_MAKER;BOT_TAKER;HYDROGEL_PACK;XIRECS;10020.0;4
112900;BOT_TAKER;BOT_MAKER;VELVETFRUIT_EXTRACT;XIRECS;5287.0;7
113000;BOT_TAKER;BOT_MAKER;VELVETFRUIT_EXTRACT;XIRECS;5286.0;3
113000;BOT_MAKER;BOT_TAKER;VEV_6000;XIRECS;0.0;5
113000;SUBMISSION;BOT_TAKER;HYDROGEL_PACK;XIRECS;10020.0;5
113100;BOT_TAKER;BOT_MAKER;VELVETFRUIT_EXTRACT;XIRECS;5287.0;6
113200;BOT_MAKER;BOT_TAKER;VEV_5500;XIRECS;9.0;5
113300;BOT_MAKER;BOT_TAKER;VEV_4000;XIRECS;1252.0;1
113400;BOT_MAKER;BOT_TAKER;HYDROGEL_PACK;XIRECS;10014.0;2
113400;BOT_MAKER;BOT_TAKER;VELVETFRUIT_EXTRACT;XIRECS;5282.0;7
113400;BOT_TAKER;BOT_MAKER;VEV_5500;XIRECS;10.0;3
113500;BOT_MAKER;BOT_TAKER;VEV_6000;XIRECS;0.0;2
113600;BOT_TAKER;SUBMISSION;HYDROGEL_PACK;XIRECS;10036.0;4
