day;timestamp;product;bid_price_1;bid_volume_1;bid_price_2;bid_volume_2;bid_price_3;bid_volume_3;ask_price_1;ask_volume_1;ask_price_2;ask_volume_2;ask_price_3;ask_volume_3;mid_price;profit_and_loss
-1;0;HYDROGEL_PACK;9971;10;9969;20;;;9987;10;9990;20;;;9979.0;0.0
-1;0;VELVETFRUIT_EXTRACT;5259;60;;;;;5264;17;5265;58;;;5261.5;0.0
-1;0;VEV_4000;1252;9;1249;28;;;1273;9;1276;28;;;1262.5;0.0
-1;0;VEV_4500;753;13;752;12;;;770;10;771;12;772;12;761.5;0.0
-1;0;VEV_5000;263;11;262;19;;;269;6;270;30;;;266.0;0.0
-1;0;VEV_5100;172;12;;;;;177;8;;;;;174.5;0.0
-1;0;VEV_5200;99;22;;;;;102;10;103;17;;;100.5;0.0
-1;0;VEV_5300;49;25;;;;;51;20;52;18;;;50.0;0.0
-1;0;VEV_5400;15;28;;;;;16;10;17;23;;;15.5;0.0
-1;0;VEV_5500;6;24;;;;;7;16;;;;;6.5;0.0
-1;0;VEV_6000;0;28;;;;;1;28;;;;;0.5;0.0
-1;0;VEV_6500;0;11;;;;;1;11;;;;;0.5;0.0
-1;100;HYDROGEL_PACK;9969;15;9966;21;;;9985;15;9987;21;;;9977.0;0.0
-1;100;VELVETFRUIT_EXTRACT;5260;63;5260;20;;;5266;53;;;;;5263.0;0.0
-1;100;VEV_4000;1253;11;1250;26;;;1274;11;1277;26;;;1263.5;0.0
-1;100;VEV_4500;756;6;754;12;;;772;6;774;12;;;764.0;0.0
-1;100;VEV_5000;264;12;263;21;;;270;6;271;15;;;267.0;0.0
-1;100;VEV_5100;171;18;;;;;176;23;;;;;173.5;0.0
-1;100;VEV_5200;101;10;100;24;;;104;21;;;;;102.5;0.0
-1;100;VEV_5300;49;24;;;;;51;26;52;13;;;50.0;0.0
-1;100;VEV_5400;16;21;;;;;17;23;;;;;16.5;0.0
-1;100;VEV_5500;6;26;;;;;7;21;;;;;6.5;0.0
-1;100;VEV_6000;0;20;;;;;1;20;;;;;0.5;0.0
-1;100;VEV_6500;0;18;;;;;1;18;;;;;0.5;0.0
-1;200;HYDROGEL_PACK;9972;11;9969;21;;;9988;11;9990;21;;;9980.0;0.0
-1;200;VELVETFRUIT_EXTRACT;5259;41;5259;58;;;5265;17;5266;41;;;5262.0;0.0
-1;200;VEV_4000;1251;8;1249;23;;;1273;8;1275;23;;;1262.0;0.0
-1;200;VEV_4500;756;8;754;17;;;772;8;;;;;764.0;0.0
-1;200;VEV_5000;;;;;;;271;11;272;21;;;271.0;0.0
-1;200;VEV_5100;172;12;171;19;;;176;10;177;27;;;174.0;0.0
-1;200;VEV_5200;100;30;;;;;102;8;103;31;;;101.0;0.0
-1;200;VEV_5300;;;;;;;;;;;;;0.0;0.0
-1;200;VEV_5400;;;;;;;17;17;;;;;17.0;0.0
-1;200;VEV_5500;6;24;;;;;7;9;;;;;6.5;0.0
-1;200;VEV_6000;0;21;;;;;1;21;;;;;0.5;0.0
-1;200;VEV_6500;0;19;;;;;1;19;;;;;0.5;0.0
-1;300;HYDROGEL_PACK;9974;12;9972;27;;;9990;12;9993;27;;;9982.0;0.0
-1;300;VELVETFRUIT_EXTRACT;5259;35;;;;;5265;56;;;;;5262.0;0.0
-1;300;VEV_4000;1252;12;1249;19;;;1273;12;1276;19;;;1262.5;0.0
-1;300;VEV_4500;756;8;;;;;772;8;774;13;;;764.0;0.0
-1;300;VEV_5000;264;6;;;;;270;30;;;;;267.0;0.0
-1;300;VEV_5100;;;;;;;176;8;;;;;176.0;0.0
-1;300;VEV_5200;98;22;;;;;102;19;;;;;100.0;0.0
-1;300;VEV_5300;;;;;;;52;22;;;;;52.0;0.0
-1;300;VEV_5400;15;27;;;;;17;24;;;;;16.0;0.0
-1;300;VEV_5500;6;21;;;;;7;24;;;;;6.5;0.0
-1;300;VEV_6000;0;18;;;;;1;18;;;;;0.5;0.0
-1;300;VEV_6500;0;17;;;;;1;17;;;;;0.5;0.0
-1;400;HYDROGEL_PACK;9978;13;9976;20;;;9994;13;9997;20;;;9986.0;0.0
-1;400;VELVETFRUIT_EXTRACT;5260;20;5259;33;;;5265;41;;;;;5262.5;0.0
-1;400;VEV_4000;1252;10;1249;15;;;1273;10;1276;15;;;1262.5;0.0
-1;400;VEV_4500;756;12;754;20;;;772;12;;;;;764.0;0.0
-1;400;VEV_5000;263;8;262;13;;;269;12;270;21;;;266.0;0.0
-1;400;VEV_5100;170;25;169;18;;;;;;;;;170.0;0.0
-1;400;VEV_5200;;;;;;;101;8;102;12;;;101.0;0.0
-1;400;VEV_5300;50;25;;;;;52;20;52;15;;;51.0;0.0
-1;400;VEV_5400;16;20;15;24;;;17;22;;;;;16.5;0.0
-1;400;VEV_5500;6;24;;;;;7;23;;;;;6.5;0.0
-1;400;VEV_6000;0;23;;;;;1;23;;;;;0.5;0.0
-1;400;VEV_6500;0;17;;;;;1;17;;;;;0.5;0.0
-1;500;HYDROGEL_PACK;9971;21;;;;;9992;21;;;;;9981.5;0.0
-1;500;VELVETFRUIT_EXTRACT;5258;20;5257;49;5257;55;5263;16;;;;;5260.5;0.0
-1;500;VEV_4000;1250;14;1248;25;;;1272;14;1274;25;;;1261.0;0.0
-1;500;VEV_4500;756;10;754;21;;;772;10;774;21;;;764.0;0.0
-1;500;VEV_5000;263;27;262;22;;;269;10;;;;;266.0;0.0
-1;500;VEV_5100;172;33;171;18;;;177;14;;;;;174.5;0.0
-1;500;VEV_5200;;;;;;;;;;;;;0.0;0.0
-1;500;VEV_5300;50;25;;;;;52;25;;;;;51.0;0.0
-1;500;VEV_5400;16;10;15;22;;;17;17;;;;;16.5;0.0
-1;500;VEV_5500;6;22;;;;;7;25;;;;;6.5;0.0
-1;500;VEV_6000;0;19;;;;;1;19;;;;;0.5;0.0
-1;500;VEV_6500;0;10;;;;;1;10;;;;;0.5;0.0
-1;600;HYDROGEL_PACK;9971;13;9968;23;;;9987;13;9989;23;;;9979.0;0.0
-1;600;VELVETFRUIT_EXTRACT;5258;21;5257;51;;;5263;37;5264;38;;;5260.5;0.0
-1;600;VEV_4000;1250;15;1247;24;;;1271;15;1274;24;;;1260.5;0.0
-1;600;VEV_4500;757;12;755;14;;;773;12;776;14;;;765.0;0.0
-1;600;VEV_5000;262;12;;;;;268;8;269;19;;;265.0;0.0
-1;600;VEV_5100;171;13;;;;;177;22;;;;;174.0;0.0
-1;600;VEV_5200;99;8;;;;;101;7;102;13;;;100.0;0.0
-1;600;VEV_5300;50;26;;;;;52;13;52;17;;;51.0;0.0
-1;600;VEV_5400;16;19;15;18;;;;;;;;;16.0;0.0
-1;600;VEV_5500;6;24;;;;;7;24;;;;;6.5;0.0
-1;600;VEV_6000;0;23;;;;;1;23;;;;;0.5;0.0
-1;600;VEV_6500;0;18;;;;;1;18;;;;;0.5;0.0
-1;700;HYDROGEL_PACK;9970;14;9968;29;;;9986;14;9989;29;;;9978.0;0.0
-1;700;VELVETFRUIT_EXTRACT;5259;48;5259;19;;;5265;50;;;;;5262.0;0.0
-1;700;VEV_4000;1251;15;1248;21;;;1272;15;1275;21;;;1261.5;0.0
-1;700;VEV_4500;760;10;758;13;;;776;10;778;13;;;768.0;0.0
-1;700;VEV_5000;262;12;261;22;;;269;27;;;;;265.5;0.0
-1;700;VEV_5100;171;12;;;;;175;6;176;24;;;173.0;0.0
-1;700;VEV_5200;98;17;;;;;101;29;102;27;;;99.5;0.0
-1;700;VEV_5300;50;27;;;;;52;25;;;;;51.0;0.0
-1;700;VEV_5400;15;17;;;;;;;;;;;15.0;0.0
-1;700;VEV_5500;6;18;;;;;7;26;;;;;6.5;0.0
-1;700;VEV_6000;0;23;;;;;1;23;;;;;0.5;0.0
-1;700;VEV_6500;0;15;;;;;1;15;;;;;0.5;0.0
-1;800;HYDROGEL_PACK;9974;12;9971;25;;;9990;12;9992;25;;;9982.0;0.0
-1;800;VELVETFRUIT_EXTRACT;5258;21;5257;63;;;5262;21;5263;24;;;5260.0;0.0
-1;800;VEV_4000;1250;11;1247;20;;;1271;11;1274;20;;;1260.5;0.0
-1;800;VEV_4500;758;9;756;14;;;774;9;777;14;;;766.0;0.0
-1;800;VEV_5000;261;10;260;21;;;267;9;268;12;;;264.0;0.0
-1;800;VEV_5100;171;11;170;13;;;175;12;176;22;;;173.0;0.0
-1;800;VEV_5200;100;7;;;;;103;32;;;;;101.5;0.0
-1;800;VEV_5300;50;29;;;;;52;28;;;;;51.0;0.0
-1;800;VEV_5400;;;;;;;17;21;;;;;17.0;0.0
-1;800;VEV_5500;6;24;;;;;7;26;;;;;6.5;0.0
-1;800;VEV_6000;0;22;;;;;1;22;;;;;0.5;0.0
-1;800;VEV_6500;0;20;;;;;1;20;;;;;0.5;0.0
-1;900;HYDROGEL_PACK;9975;15;9973;22;;;9991;15;9994;22;;;9983.0;0.0
-1;900;VELVETFRUIT_EXTRACT;5256;16;5255;62;;;5261;41;;;;;5258.5;0.0
-1;900;VEV_4000;1249;14;1246;21;;;1270;14;1272;21;;;1259.5;0.0
-1;900;VEV_4500;758;8;756;13;;;774;8;776;13;;;766.0;0.0
-1;900;VEV_5000;261;28;260;12;;;267;6;268;16;;;264.0;0.0
-1;900;VEV_5100;170;6;169;15;;;174;25;175;23;;;172.0;0.0
-1;900;VEV_5200;;;;;;;103;24;104;23;;;103.0;0.0
-1;900;VEV_5300;50;26;;;;;52;7;;;;;51.0;0.0
-1;900;VEV_5400;;;;;;;18;23;;;;;18.0;0.0
-1;900;VEV_5500;6;20;;;;;7;23;;;;;6.5;0.0
-1;900;VEV_6000;0;26;;;;;1;26;;;;;0.5;0.0
-1;900;VEV_6500;0;19;;;;;1;19;;;;;0.5;0.0
-1;1000;HYDROGEL_PACK;9976;14;9973;24;;;9992;14;9994;24;;;9984.0;0.0
-1;1000;VELVETFRUIT_EXTRACT;5256;34;;;;;5262;63;;;;;5259.0;0.0
-1;1000;VEV_4000;1249;14;1247;26;;;1270;14;1273;26;;;1259.5;0.0
-1;1000;VEV_4500;758;9;756;19;;;774;9;776;19;;;766.0;0.0
-1;1000;VEV_5000;261;8;;;;;267;9;268;13;;;264.0;0.0
-1;1000;VEV_5100;170;11;169;24;;;175;13;;;;;172.5;0.0
-1;1000;VEV_5200;100;22;;;;;104;21;;;;;102.0;0.0
-1;1000;VEV_5300;50;25;;;;;52;8;;;;;51.0;0.0
-1;1000;VEV_5400;16;20;;;;;;;;;;;16.0;0.0
-1;1000;VEV_5500;6;22;;;;;7;24;;;;;6.5;0.0
-1;1000;VEV_6000;0;21;;;;;1;21;;;;;0.5;0.0
-1;1000;VEV_6500;0;15;;;;;1;15;;;;;0.5;0.0
-1;1100;HYDROGEL_PACK;9975;15;9973;25;;;9991;15;9994;25;;;9983.0;0.0
-1;1100;VELVETFRUIT_EXTRACT;5255;75;;;;;5261;40;;;;;5258.0;0.0
-1;1100;VEV_4000;1250;9;1247;22;;;1271;9;1273;22;;;1260.5;0.0
-1;1100;VEV_4500;759;7;757;16;;;775;7;777;16;;;767.0;0.0
-1;1100;VEV_5000;262;27;261;22;;;268;9;269;17;;;265.0;0.0
-1;1100;VEV_5100;168;23;;;;;173;6;174;29;;;170.5;0.0
-1;1100;VEV_5200;100;24;99;32;;;103;22;;;;;101.5;0.0
-1;1100;VEV_5300;49;29;;;;;51;10;;;;;50.0;0.0
-1;1100;VEV_5400;15;20;;;;;16;18;17;24;;;15.5;0.0
-1;1100;VEV_5500;6;20;;;;;7;24;;;;;6.5;0.0
-1;1100;VEV_6000;0;22;;;;;1;22;;;;;0.5;0.0
-1;1100;VEV_6500;0;12;;;;;1;12;;;;;0.5;0.0
-1;1200;HYDROGEL_PACK;9978;11;9975;24;;;9994;11;9996;24;;;9986.0;0.0
-1;1200;VELVETFRUIT_EXTRACT;5257;17;5256;49;;;5261;17;5262;52;;;5259.0;0.0
-1;1200;VEV_4000;1249;8;1247;22;;;1270;8;1273;22;;;1259.5;0.0
-1;1200;VEV_4500;760;11;758;21;;;776;11;778;21;;;768.0;0.0
-1;1200;VEV_5000;264;7;263;24;;;270;6;271;21;;;267.0;0.0
-1;1200;VEV_5100;169;12;;;;;173;8;174;20;;;171.0;0.0
-1;1200;VEV_5200;101;10;100;16;;;104;30;;;;;102.5;0.0
-1;1200;VEV_5300;50;9;;;;;52;24;;;;;51.0;0.0
-1;1200;VEV_5400;16;18;15;20;;;17;21;;;;;16.5;0.0
-1;1200;VEV_5500;5;20;;;;;7;20;;;;;6.0;0.0
-1;1200;VEV_6000;0;24;;;;;1;24;;;;;0.5;0.0
-1;1200;VEV_6500;0;20;;;;;1;20;;;;;0.5;0.0
-1;1300;HYDROGEL_PACK;9977;13;9974;24;;;9993;13;9995;24;;;9985.0;0.0
-1;1300;VELVETFRUIT_EXTRACT;5256;58;;;;;5262;64;;;;;5259.0;0.0
-1;1300;VEV_4000;1248;8;1246;15;;;1269;8;1272;15;;;1258.5;0.0
-1;1300;VEV_4500;761;6;759;21;;;777;6;779;21;;;769.0;0.0
-1;1300;VEV_5000;264;12;263;15;;;270;7;271;12;;;267.0;0.0
-1;1300;VEV_5100;168;19;167;18;;;172;25;173;12;;;170.0;0.0
-1;1300;VEV_5200;100;29;;;;;103;24;104;27;;;101.5;0.0
-1;1300;VEV_5300;50;26;;;;;;;;;;;50.0;0.0
-1;1300;VEV_5400;15;21;;;;;16;9;17;26;;;15.5;0.0
-1;1300;VEV_5500;5;22;;;;;7;22;;;;;6.0;0.0
-1;1300;VEV_6000;0;18;;;;;1;18;;;;;0.5;0.0
-1;1300;VEV_6500;0;11;;;;;1;11;;;;;0.5;0.0
-1;1400;HYDROGEL_PACK;9978;11;9975;25;;;9994;11;9996;25;;;9986.0;0.0
-1;1400;VELVETFRUIT_EXTRACT;5256;61;;;;;5262;55;;;;;5259.0;0.0
-1;1400;VEV_4000;1247;8;1245;19;;;1268;8;1271;19;;;1257.5;0.0
-1;1400;VEV_4500;761;8;759;20;;;777;8;779;20;;;769.0;0.0
-1;1400;VEV_5000;265;25;264;14;;;271;12;272;25;;;268.0;0.0
-1;1400;VEV_5100;166;11;165;13;;;171;21;;;;;168.5;0.0
-1;1400;VEV_5200;100;14;;;;;103;6;104;21;;;101.5;0.0
-1;1400;VEV_5300;50;21;49;25;;;52;22;53;11;;;51.0;0.0
-1;1400;VEV_5400;16;27;15;19;;;17;19;;;;;16.5;0.0
-1;1400;VEV_5500;5;24;;;;;6;22;;;;;5.5;0.0
-1;1400;VEV_6000;0;15;;;;;1;15;;;;;0.5;0.0
-1;1400;VEV_6500;0;18;;;;;1;18;;;;;0.5;0.0
-1;1500;HYDROGEL_PACK;9974;11;9972;27;;;9990;11;9993;27;;;9982.0;0.0
-1;1500;VELVETFRUIT_EXTRACT;5256;64;;;;;5262;61;5263;49;;;5259.0;0.0
-1;1500;VEV_4000;1248;9;1245;27;;;1269;9;1271;27;;;1258.5;0.0
-1;1500;VEV_4500;758;16;;;;;778;16;;;;;768.0;0.0
-1;1500;VEV_5000;264;8;263;16;;;270;8;271;20;;;267.0;0.0
-1;1500;VEV_5100;165;22;;;;;171;18;;;;;168.0;0.0
-1;1500;VEV_5200;101;21;;;;;104;27;105;12;;;102.5;0.0
-1;1500;VEV_5300;50;23;;;;;52;21;;;;;51.0;0.0
-1;1500;VEV_5400;16;25;15;27;;;17;27;;;;;16.5;0.0
-1;1500;VEV_5500;5;22;;;;;6;20;;;;;5.5;0.0
-1;1500;VEV_6000;0;24;;;;;1;24;;;;;0.5;0.0
-1;1500;VEV_6500;0;15;;;;;1;15;;;;;0.5;0.0
-1;1600;HYDROGEL_PACK;9977;15;9975;24;;;9993;15;9996;24;;;9985.0;0.0
-1;1600;VELVETFRUIT_EXTRACT;;;;;;;5262;17;;;;;5262.0;0.0
-1;1600;VEV_4000;1247;7;1244;17;;;1268;7;1271;17;;;1257.5;0.0
-1;1600;VEV_4500;759;6;757;17;;;775;6;778;17;;;767.0;0.0
-1;1600;VEV_5000;264;12;263;14;;;271;15;;;;;267.5;0.0
-1;1600;VEV_5100;167;12;166;19;;;;;;;;;167.0;0.0
-1;1600;VEV_5200;102;25;101;31;;;104;8;105;19;;;103.0;0.0
-1;1600;VEV_5300;49;15;;;;;51;30;;;;;50.0;0.0
-1;1600;VEV_5400;15;23;;;;;17;13;;;;;16.0;0.0
-1;1600;VEV_5500;5;20;;;;;6;17;;;;;5.5;0.0
-1;1600;VEV_6000;0;17;;;;;1;17;;;;;0.5;0.0
-1;1600;VEV_6500;0;12;;;;;1;12;;;;;0.5;0.0
-1;1700;HYDROGEL_PACK;9975;14;9972;26;;;9991;14;9993;26;;;9983.0;0.0
-1;1700;VELVETFRUIT_EXTRACT;5255;67;;;;;5260;21;5261;49;5262;33;5257.5;0.0
-1;1700;VEV_4000;1246;14;1244;27;;;1267;14;1270;27;;;1256.5;0.0
-1;1700;VEV_4500;761;7;759;22;;;777;7;779;22;;;769.0;0.0
-1;1700;VEV_5000;263;6;262;22;;;269;7;270;21;;;266.0;0.0
-1;1700;VEV_5100;165;12;;;;;170;33;;;;;167.5;0.0
-1;1700;VEV_5200;101;30;100;25;;;103;2;104;23;;;102.0;0.0
-1;1700;VEV_5300;50;26;49;29;;;52;10;52;8;;;51.0;0.0
-1;1700;VEV_5400;16;21;15;30;;;17;29;;;;;16.5;0.0
-1;1700;VEV_5500;5;26;;;;;6;23;;;;;5.5;0.0
-1;1700;VEV_6000;0;22;;;;;1;22;;;;;0.5;0.0
-1;1700;VEV_6500;0;15;;;;;1;15;;;;;0.5;0.0
-1;1800;HYDROGEL_PACK;9975;13;9973;23;;;9991;13;9994;23;;;9983.0;0.0
-1;1800;VELVETFRUIT_EXTRACT;5257;41;;;;;5263;51;;;;;5260.0;0.0
-1;1800;VEV_4000;1247;7;1245;26;;;1268;7;1271;26;;;1257.5;0.0
-1;1800;VEV_4500;760;6;758;20;;;776;6;778;20;;;768.0;0.0
-1;1800;VEV_5000;263;16;;;;;270;31;271;24;;;266.5;0.0
-1;1800;VEV_5100;168;10;167;14;;;;;;;;;168.0;0.0
-1;1800;VEV_5200;;;;;;;104;24;;;;;104.0;0.0
-1;1800;VEV_5300;50;19;49;19;;;52;19;;;;;51.0;0.0
-1;1800;VEV_5400;16;27;15;26;;;17;20;;;;;16.5;0.0
-1;1800;VEV_5500;5;21;;;;;6;23;;;;;5.5;0.0
-1;1800;VEV_6000;0;21;;;;;1;21;;;;;0.5;0.0
-1;1800;VEV_6500;0;11;;;;;1;11;;;;;0.5;0.0
-1;1900;HYDROGEL_PACK;9975;13;9973;22;;;9991;13;9994;22;;;9983.0;0.0
-1;1900;VELVETFRUIT_EXTRACT;5258;22;5257;49;;;5262;22;5263;48;;;5260.0;0.0
-1;1900;VEV_4000;1247;14;1244;25;;;1268;14;1270;25;;;1257.5;0.0
-1;1900;VEV_4500;761;9;759;13;;;777;9;;;;;769.0;0.0
-1;1900;VEV_5000;264;10;263;13;;;271;24;;;;;267.5;0.0
-1;1900;VEV_5100;167;11;166;19;;;171;27;172;16;;;169.0;0.0
-1;1900;VEV_5200;100;26;;;;;104;23;;;;;102.0;0.0
-1;1900;VEV_5300;50;6;;;;;52;24;;;;;51.0;0.0
-1;1900;VEV_5400;16;24;;;;;18;19;;;;;17.0;0.0
-1;1900;VEV_5500;5;22;;;;;6;23;;;;;5.5;0.0
-1;1900;VEV_6000;0;16;;;;;1;16;;;;;0.5;0.0
-1;1900;VEV_6500;0;18;;;;;1;18;;;;;0.5;0.0
-1;2000;HYDROGEL_PACK;9975;10;9972;30;;;9991;10;9993;30;;;9983.0;0.0
-1;2000;VELVETFRUIT_EXTRACT;5258;43;;;;;5264;57;;;;;5261.0;0.0
-1;2000;VEV_4000;1248;15;1245;25;;;1269;15;1271;25;;;1258.5;0.0
-1;2000;VEV_4500;761;7;759;16;;;777;7;779;16;;;769.0;0.0
-1;2000;VEV_5000;;;;;;;271;24;;;;;271.0;0.0
-1;2000;VEV_5100;168;31;167;30;;;172;27;173;24;;;170.0;0.0
-1;2000;VEV_5200;100;18;;;;;;;;;;;100.0;0.0
-1;2000;VEV_5300;51;21;;;;;;;;;;;51.0;0.0
-1;2000;VEV_5400;16;15;;;;;18;27;;;;;17.0;0.0
-1;2000;VEV_5500;5;25;;;;;6;25;;;;;5.5;0.0
-1;2000;VEV_6000;0;26;;;;;1;26;;;;;0.5;0.0
-1;2000;VEV_6500;0;16;;;;;1;16;;;;;0.5;0.0
-1;2100;HYDROGEL_PACK;9974;12;9971;25;;;9990;12;9992;25;;;9982.0;0.0
-1;2100;VELVETFRUIT_EXTRACT;5258;34;;;;;5264;72;;;;;5261.0;0.0
-1;2100;VEV_4000;1248;7;1246;17;;;1269;7;1272;17;;;1258.5;0.0
-1;2100;VEV_4500;762;9;760;19;;;780;19;;;;;771.0;0.0
-1;2100;VEV_5000;263;7;262;19;;;270;14;;;;;266.5;0.0
-1;2100;VEV_5100;168;22;167;16;;;172;11;;;;;170.0;0.0
-1;2100;VEV_5200;;;;;;;103;33;104;24;;;103.0;0.0
-1;2100;VEV_5300;51;8;;;;;53;10;;;;;52.0;0.0
-1;2100;VEV_5400;15;22;;;;;17;24;;;;;16.0;0.0
-1;2100;VEV_5500;5;19;;;;;6;22;;;;;5.5;0.0
-1;2100;VEV_6000;0;18;;;;;1;18;;;;;0.5;0.0
-1;2100;VEV_6500;0;12;;;;;1;12;;;;;0.5;0.0
-1;2200;HYDROGEL_PACK;9975;13;9973;24;;;9991;13;9994;24;;;9983.0;0.0
-1;2200;VELVETFRUIT_EXTRACT;5258;43;5258;15;;;5264;32;;;;;5261.0;0.0
-1;2200;VEV_4000;1248;11;1246;20;;;1269;11;1272;20;;;1258.5;0.0
-1;2200;VEV_4500;759;12;;;;;778;10;779;12;;;768.5;0.0
-1;2200;VEV_5000;263;6;262;15;;;269;11;;;;;266.0;0.0
-1;2200;VEV_5100;166;16;;;;;;;;;;;166.0;0.0
-1;2200;VEV_5200;100;27;;;;;103;11;104;35;;;101.5;0.0
-1;2200;VEV_5300;50;25;;;;;;;;;;;50.0;0.0
-1;2200;VEV_5400;15;19;;;;;17;16;;;;;16.0;0.0
-1;2200;VEV_5500;5;25;;;;;6;20;;;;;5.5;0.0
-1;2200;VEV_6000;0;25;;;;;1;25;;;;;0.5;0.0
-1;2200;VEV_6500;0;17;;;;;1;17;;;;;0.5;0.0
-1;2300;HYDROGEL_PACK;9974;11;9971;27;;;9990;11;9992;27;;;9982.0;0.0
-1;2300;VELVETFRUIT_EXTRACT;5257;15;;;;;5263;67;;;;;5260.0;0.0
-1;2300;VEV_4000;1249;14;1246;19;;;1270;14;1272;19;;;1259.5;0.0
-1;2300;VEV_4500;761;10;759;15;;;777;10;779;15;;;769.0;0.0
-1;2300;VEV_5000;263;14;;;;;270;12;271;24;;;266.5;0.0
-1;2300;VEV_5100;167;30;166;13;;;171;6;172;20;;;169.0;0.0
-1;2300;VEV_5200;;;;;;;105;12;106;13;;;105.0;0.0
-1;2300;VEV_5300;50;15;;;;;52;23;;;;;51.0;0.0
-1;2300;VEV_5400;;;;;;;18;25;;;;;18.0;0.0
-1;2300;VEV_5500;5;20;;;;;6;20;;;;;5.5;0.0
-1;2300;VEV_6000;0;24;;;;;1;24;;;;;0.5;0.0
-1;2300;VEV_6500;0;17;;;;;1;17;;;;;0.5;0.0
-1;2400;HYDROGEL_PACK;9972;14;9969;21;;;9988;14;9990;21;;;9980.0;0.0
-1;2400;VELVETFRUIT_EXTRACT;5258;22;5257;24;;;5263;33;;;;;5260.5;0.0
-1;2400;VEV_4000;1249;10;1246;28;;;1270;10;1272;28;;;1259.5;0.0
-1;2400;VEV_4500;761;6;759;13;;;777;6;779;13;;;769.0;0.0
-1;2400;VEV_5000;264;10;263;17;;;270;7;271;21;;;267.0;0.0
-1;2400;VEV_5100;166;8;165;23;;;170;11;;;;;168.0;0.0
-1;2400;VEV_5200;101;21;;;;;105;29;;;;;103.0;0.0
-1;2400;VEV_5300;50;25;49;20;;;52;5;;;;;51.0;0.0
-1;2400;VEV_5400;;;;;;;17;20;18;21;;;17.0;0.0
-1;2400;VEV_5500;5;26;;;;;6;25;;;;;5.5;0.0
-1;2400;VEV_6000;0;22;;;;;1;22;;;;;0.5;0.0
-1;2400;VEV_6500;0;19;;;;;1;19;;;;;0.5;0.0
-1;2500;HYDROGEL_PACK;9972;13;9970;30;;;9988;13;9991;30;;;9980.0;0.0
-1;2500;VELVETFRUIT_EXTRACT;5255;32;;;;;5261;53;;;;;5258.0;0.0
-1;2500;VEV_4000;1249;10;1246;21;;;1270;10;1272;21;;;1259.5;0.0
-1;2500;VEV_4500;763;9;762;9;761;16;779;9;781;16;;;771.0;0.0
-1;2500;VEV_5000;265;10;264;19;;;272;16;;;;;268.5;0.0
-1;2500;VEV_5100;165;28;164;13;;;;;;;;;165.0;0.0
-1;2500;VEV_5200;102;20;101;26;;;104;21;105;21;;;103.0;0.0
-1;2500;VEV_5300;49;24;;;;;51;5;;;;;50.0;0.0
-1;2500;VEV_5400;16;23;;;;;17;16;18;26;;;16.5;0.0
-1;2500;VEV_5500;5;20;;;;;6;23;;;;;5.5;0.0
-1;2500;VEV_6000;0;17;;;;;1;17;;;;;0.5;0.0
-1;2500;VEV_6500;0;14;;;;;1;14;;;;;0.5;0.0
-1;2600;HYDROGEL_PACK;9975;13;9973;29;;;9991;13;9994;29;;;9983.0;0.0
-1;2600;VELVETFRUIT_EXTRACT;5257;20;5256;44;;;5261;20;5262;56;;;5259.0;0.0
-1;2600;VEV_4000;1248;8;1246;20;;;1269;8;1272;20;;;1258.5;0.0
-1;2600;VEV_4500;765;12;764;11;763;23;781;12;783;23;;;773.0;0.0
-1;2600;VEV_5000;265;15;;;;;273;12;;;;;269.0;0.0
-1;2600;VEV_5100;165;9;164;20;;;169;25;170;17;;;167.0;0.0
-1;2600;VEV_5200;102;11;;;;;105;13;;;;;103.5;0.0
-1;2600;VEV_5300;49;7;;;;;51;7;;;;;50.0;0.0
-1;2600;VEV_5400;16;24;16;23;;;18;19;;;;;17.0;0.0
-1;2600;VEV_5500;5;25;;;;;6;20;;;;;5.5;0.0
-1;2600;VEV_6000;0;19;;;;;1;19;;;;;0.5;0.0
-1;2600;VEV_6500;0;14;;;;;1;14;;;;;0.5;0.0
-1;2700;HYDROGEL_PACK;9979;13;9976;20;;;9995;13;9997;20;;;9987.0;0.0
-1;2700;VELVETFRUIT_EXTRACT;5257;52;;;;;5262;22;5263;57;;;5259.5;0.0
-1;2700;VEV_4000;1249;13;1247;26;;;1270;13;1273;26;;;1259.5;0.0
-1;2700;VEV_4500;764;9;762;17;;;780;9;783;17;;;772.0;0.0
-1;2700;VEV_5000;265;11;264;25;;;271;6;272;32;;;268.0;0.0
-1;2700;VEV_5100;164;7;;;;;169;35;;;;;166.5;0.0
-1;2700;VEV_5200;101;30;;;;;104;2;;;;;102.5;0.0
-1;2700;VEV_5300;50;17;;;;;52;28;;;;;51.0;0.0
-1;2700;VEV_5400;16;16;;;;;18;23;;;;;17.0;0.0
-1;2700;VEV_5500;5;22;;;;;6;24;;;;;5.5;0.0
-1;2700;VEV_6000;0;30;;;;;1;30;;;;;0.5;0.0
-1;2700;VEV_6500;0;17;;;;;1;17;;;;;0.5;0.0
-1;2800;HYDROGEL_PACK;9974;10;9971;23;;;9990;10;9992;23;;;9982.0;0.0
-1;2800;VELVETFRUIT_EXTRACT;5259;21;5258;57;;;5264;56;;;;;5261.5;0.0
-1;2800;VEV_4000;1249;9;1246;21;;;1270;9;1273;21;;;1259.5;0.0
-1;2800;VEV_4500;764;9;762;12;;;780;9;782;12;;;772.0;0.0
-1;2800;VEV_5000;266;27;265;13;;;272;7;;;;;269.0;0.0
-1;2800;VEV_5100;163;31;;;;;167;6;168;20;;;165.0;0.0
-1;2800;VEV_5200;101;26;;;;;104;27;105;19;;;102.5;0.0
-1;2800;VEV_5300;50;28;;;;;;;;;;;50.0;0.0
-1;2800;VEV_5400;;;;;;;18;30;;;;;18.0;0.0
-1;2800;VEV_5500;5;23;;;;;7;24;;;;;6.0;0.0
-1;2800;VEV_6000;0;23;;;;;1;23;;;;;0.5;0.0
-1;2800;VEV_6500;0;17;;;;;1;17;;;;;0.5;0.0
-1;2900;HYDROGEL_PACK;9972;12;9969;24;;;9988;12;9990;24;;;9980.0;0.0
-1;2900;VELVETFRUIT_EXTRACT;5258;19;5257;45;5257;55;5263;43;;;;;5260.5;0.0
-1;2900;VEV_4000;1249;15;1246;22;;;1270;15;1272;22;;;1259.5;0.0
-1;2900;VEV_4500;763;11;761;22;;;779;11;781;22;;;771.0;0.0
-1;2900;VEV_5000;265;10;264;23;;;272;14;;;;;268.5;0.0
-1;2900;VEV_5100;161;31;;;;;166;21;;;;;163.5;0.0
-1;2900;VEV_5200;101;23;;;;;104;11;105;22;;;102.5;0.0
-1;2900;VEV_5300;48;15;;;;;51;20;;;;;49.5;0.0
-1;2900;VEV_5400;;;;;;;;;;;;;0.0;0.0
-1;2900;VEV_5500;5;19;;;;;7;24;;;;;6.0;0.0
-1;2900;VEV_6000;0;18;;;;;1;18;;;;;0.5;0.0
-1;2900;VEV_6500;0;17;;;;;1;17;;;;;0.5;0.0
-1;3000;HYDROGEL_PACK;9973;15;9971;27;;;9989;15;9992;27;;;9981.0;0.0
-1;3000;VELVETFRUIT_EXTRACT;5258;56;5258;21;;;5263;21;5264;17;;;5260.5;0.0
-1;3000;VEV_4000;1249;13;1247;27;;;1270;13;1273;27;;;1259.5;0.0
-1;3000;VEV_4500;764;12;762;22;;;783;22;;;;;773.5;0.0
-1;3000;VEV_5000;266;7;;;;;272;8;273;20;;;269.0;0.0
-1;3000;VEV_5100;160;9;;;;;164;7;165;15;;;162.0;0.0
-1;3000;VEV_5200;102;23;101;24;;;105;24;;;;;103.5;0.0
-1;3000;VEV_5300;49;18;;;;;51;22;52;17;;;50.0;0.0
-1;3000;VEV_5400;15;28;;;;;;;;;;;15.0;0.0
-1;3000;VEV_5500;5;20;;;;;7;19;;;;;6.0;0.0
-1;3000;VEV_6000;0;21;;;;;1;21;;;;;0.5;0.0
-1;3000;VEV_6500;0;17;;;;;1;17;;;;;0.5;0.0
-1;3100;HYDROGEL_PACK;9973;11;9971;21;;;9989;11;9992;21;;;9981.0;0.0
-1;3100;VELVETFRUIT_EXTRACT;5258;33;;;;;5264;42;;;;;5261.0;0.0
-1;3100;VEV_4000;1250;13;1247;18;;;1271;13;1274;18;;;1260.5;0.0
-1;3100;VEV_4500;765;10;764;23;;;782;11;784;23;;;773.5;0.0
-1;3100;VEV_5000;263;19;;;;;270;12;271;26;;;266.5;0.0
-1;3100;VEV_5100;159;22;158;14;;;;;;;;;159.0;0.0
-1;3100;VEV_5200;102;12;101;12;;;105;17;;;;;103.5;0.0
-1;3100;VEV_5300;49;16;48;21;;;51;5;;;;;50.0;0.0
-1;3100;VEV_5400;15;15;;;;;17;25;;;;;16.0;0.0
-1;3100;VEV_5500;6;18;;;;;7;22;;;;;6.5;0.0
-1;3100;VEV_6000;0;29;;;;;1;29;;;;;0.5;0.0
-1;3100;VEV_6500;0;14;;;;;1;14;;;;;0.5;0.0
-1;3200;HYDROGEL_PACK;9972;12;9970;28;;;9988;12;9991;28;;;9980.0;0.0
-1;3200;VELVETFRUIT_EXTRACT;5257;36;;;;;5262;20;5263;65;;;5259.5;0.0
-1;3200;VEV_4000;1249;14;1247;23;;;1270;14;1273;23;;;1259.5;0.0
-1;3200;VEV_4500;763;24;;;;;781;6;783;24;;;772.0;0.0
-1;3200;VEV_5000;264;27;263;23;;;270;6;;;;;267.0;0.0
-1;3200;VEV_5100;157;20;;;;;161;31;;;;;159.0;0.0
-1;3200;VEV_5200;103;23;;;;;107;12;;;;;105.0;0.0
-1;3200;VEV_5300;49;24;;;;;51;26;;;;;50.0;0.0
-1;3200;VEV_5400;15;27;;;;;16;28;17;24;;;15.5;0.0
-1;3200;VEV_5500;5;22;;;;;7;21;;;;;6.0;0.0
-1;3200;VEV_6000;0;30;;;;;1;30;;;;;0.5;0.0
-1;3200;VEV_6500;0;13;;;;;1;13;;;;;0.5;0.0
-1;3300;HYDROGEL_PACK;9972;11;9969;24;;;9988;11;9990;24;;;9980.0;0.0
-1;3300;VELVETFRUIT_EXTRACT;5257;34;;;;;5263;34;;;;;5260.0;0.0
-1;3300;VEV_4000;1249;12;1247;18;;;1270;12;1273;18;;;1259.5;0.0
-1;3300;VEV_4500;765;6;763;22;;;781;6;782;10;783;22;773.0;0.0
-1;3300;VEV_5000;264;9;;;;;270;18;271;16;;;267.0;0.0
-1;3300;VEV_5100;158;7;;;;;162;8;163;23;;;160.0;0.0
-1;3300;VEV_5200;104;22;103;20;;;106;8;107;21;;;105.0;0.0
-1;3300;VEV_5300;49;22;48;19;;;52;10;;;;;50.5;0.0
-1;3300;VEV_5400;;;;;;;17;26;;;;;17.0;0.0
-1;3300;VEV_5500;6;21;;;;;7;23;;;;;6.5;0.0
-1;3300;VEV_6000;0;25;;;;;1;25;;;;;0.5;0.0
-1;3300;VEV_6500;0;13;;;;;1;13;;;;;0.5;0.0
-1;3400;HYDROGEL_PACK;9976;15;9974;30;;;9992;15;9995;30;;;9984.0;0.0
-1;3400;VELVETFRUIT_EXTRACT;5258;20;5257;63;;;5262;20;5263;61;;;5260.0;0.0
-1;3400;VEV_4000;1249;11;1246;24;;;1270;11;1272;24;;;1259.5;0.0
-1;3400;VEV_4500;765;6;763;22;;;781;6;784;22;;;773.0;0.0
-1;3400;VEV_5000;263;26;262;20;;;269;7;270;13;;;266.0;0.0
-1;3400;VEV_5100;;;;;;;;;;;;;0.0;0.0
-1;3400;VEV_5200;102;22;101;32;;;104;27;105;20;;;103.0;0.0
-1;3400;VEV_5300;50;8;;;;;52;29;;;;;51.0;0.0
-1;3400;VEV_5400;15;17;;;;;17;22;;;;;16.0;0.0
-1;3400;VEV_5500;6;22;;;;;7;16;;;;;6.5;0.0
-1;3400;VEV_6000;0;24;;;;;1;24;;;;;0.5;0.0
-1;3400;VEV_6500;0;16;;;;;1;16;;;;;0.5;0.0
-1;3500;HYDROGEL_PACK;9975;10;9973;20;;;9991;10;9994;20;;;9983.0;0.0
-1;3500;VELVETFRUIT_EXTRACT;5258;16;5257;48;;;5262;16;5263;37;5264;44;5260.0;0.0
-1;3500;VEV_4000;1249;8;1246;29;;;1270;8;1273;29;;;1259.5;0.0
-1;3500;VEV_4500;766;11;765;11;764;23;784;23;;;;;775.0;0.0
-1;3500;VEV_5000;263;12;262;12;;;269;12;270;21;;;266.0;0.0
-1;3500;VEV_5100;159;32;158;15;;;164;15;;;;;161.5;0.0
-1;3500;VEV_5200;103;21;102;23;;;106;21;;;;;104.5;0.0
-1;3500;VEV_5300;50;6;;;;;52;27;53;18;;;51.0;0.0
-1;3500;VEV_5400;16;24;;;;;17;26;18;23;;;16.5;0.0
-1;3500;VEV_5500;6;25;;;;;7;17;;;;;6.5;0.0
-1;3500;VEV_6000;0;24;;;;;1;24;;;;;0.5;0.0
-1;3500;VEV_6500;0;17;;;;;1;17;;;;;0.5;0.0
-1;3600;HYDROGEL_PACK;9978;15;9976;22;;;9994;15;9997;22;;;9986.0;0.0
-1;3600;VELVETFRUIT_EXTRACT;5257;19;5256;49;;;5261;19;5262;53;5263;38;5259.0;0.0
-1;3600;VEV_4000;1248;7;1245;17;;;1269;7;1272;17;;;1258.5;0.0
-1;3600;VEV_4500;768;8;766;21;;;784;8;786;21;;;776.0;0.0
-1;3600;VEV_5000;262;17;;;;;;;;;;;262.0;0.0
-1;3600;VEV_5100;159;29;;;;;163;8;164;24;;;161.0;0.0
-1;3600;VEV_5200;;;;;;;107;31;;;;;107.0;0.0
-1;3600;VEV_5300;50;22;;;;;52;10;;;;;51.0;0.0
-1;3600;VEV_5400;16;19;;;;;18;26;;;;;17.0;0.0
-1;3600;VEV_5500;6;24;;;;;7;28;;;;;6.5;0.0
-1;3600;VEV_6000;0;20;;;;;1;20;;;;;0.5;0.0
-1;3600;VEV_6500;0;12;;;;;1;12;;;;;0.5;0.0
-1;3700;HYDROGEL_PACK;9979;12;9977;28;;;9995;12;9998;28;;;9987.0;0.0
-1;3700;VELVETFRUIT_EXTRACT;5257;32;;;;;5262;21;5263;15;;;5259.5;0.0
-1;3700;VEV_4000;1249;9;1246;19;;;1270;9;1272;19;;;1259.5;0.0
-1;3700;VEV_4500;768;6;767;14;;;785;8;787;14;;;776.5;0.0
-1;3700;VEV_5000;263;10;262;24;;;269;8;270;17;;;266.0;0.0
-1;3700;VEV_5100;160;8;159;25;;;164;10;;;;;162.0;0.0
-1;3700;VEV_5200;103;27;102;27;;;105;30;106;27;;;104.0;0.0
-1;3700;VEV_5300;50;8;;;;;52;24;;;;;51.0;0.0
-1;3700;VEV_5400;16;29;;;;;18;20;;;;;17.0;0.0
-1;3700;VEV_5500;6;23;;;;;7;18;;;;;6.5;0.0
-1;3700;VEV_6000;0;26;;;;;1;26;;;;;0.5;0.0
-1;3700;VEV_6500;0;18;;;;;1;18;;;;;0.5;0.0
-1;3800;HYDROGEL_PACK;9980;13;9977;22;;;9996;13;9998;22;;;9988.0;0.0
-1;3800;VELVETFRUIT_EXTRACT;5257;33;;;;;5263;54;;;;;5260.0;0.0
-1;3800;VEV_4000;1249;13;1246;16;;;1270;13;1272;16;;;1259.5;0.0
-1;3800;VEV_4500;769;9;768;6;767;13;785;9;787;13;;;777.0;0.0
-1;3800;VEV_5000;263;11;;;;;269;6;;;;;266.0;0.0
-1;3800;VEV_5100;160;34;;;;;164;28;;;;;162.0;0.0
-1;3800;VEV_5200;102;9;101;35;;;104;18;105;29;;;103.0;0.0
-1;3800;VEV_5300;50;22;;;;;52;18;;;;;51.0;0.0
-1;3800;VEV_5400;16;20;;;;;18;27;;;;;17.0;0.0
-1;3800;VEV_5500;6;24;;;;;7;25;;;;;6.5;0.0
-1;3800;VEV_6000;0;30;;;;;1;30;;;;;0.5;0.0
-1;3800;VEV_6500;0;14;;;;;1;14;;;;;0.5;0.0
-1;3900;HYDROGEL_PACK;9981;14;9979;22;;;9997;14;10000;22;;;9989.0;0.0
-1;3900;VELVETFRUIT_EXTRACT;5256;31;;;;;5262;34;;;;;5259.0;0.0
-1;3900;VEV_4000;1251;12;1248;24;;;1272;12;1274;24;;;1261.5;0.0
-1;3900;VEV_4500;767;11;765;20;;;783;11;786;20;;;775.0;0.0
-1;3900;VEV_5000;263;27;262;19;;;269;27;270;19;;;266.0;0.0
-1;3900;VEV_5100;159;20;;;;;164;11;;;;;161.5;0.0
-1;3900;VEV_5200;103;5;;;;;105;20;106;30;;;104.0;0.0
-1;3900;VEV_5300;50;24;49;12;;;52;26;;;;;51.0;0.0
-1;3900;VEV_5400;16;25;;;;;18;20;;;;;17.0;0.0
-1;3900;VEV_5500;6;16;;;;;7;24;;;;;6.5;0.0
-1;3900;VEV_6000;0;24;;;;;1;24;;;;;0.5;0.0
-1;3900;VEV_6500;0;14;;;;;1;14;;;;;0.5;0.0
-1;4000;HYDROGEL_PACK;9981;15;9979;23;;;9997;15;10000;23;;;9989.0;0.0
-1;4000;VELVETFRUIT_EXTRACT;5256;16;5255;65;;;5261;72;;;;;5258.5;0.0
-1;4000;VEV_4000;1250;8;1247;25;;;1271;8;1274;25;;;1260.5;0.0
-1;4000;VEV_4500;767;8;765;17;;;786;17;;;;;776.5;0.0
-1;4000;VEV_5000;261;26;;;;;268;6;269;15;;;264.5;0.0
-1;4000;VEV_5100;159;7;;;;;163;6;164;15;;;161.0;0.0
-1;4000;VEV_5200;102;25;;;;;;;;;;;102.0;0.0
-1;4000;VEV_5300;50;24;;;;;52;25;;;;;51.0;0.0
-1;4000;VEV_5400;16;30;;;;;18;23;;;;;17.0;0.0
-1;4000;VEV_5500;6;28;;;;;7;27;;;;;6.5;0.0
-1;4000;VEV_6000;0;30;;;;;1;30;;;;;0.5;0.0
-1;4000;VEV_6500;0;14;;;;;1;14;;;;;0.5;0.0
-1;4100;HYDROGEL_PACK;9979;12;9977;29;;;9995;12;9998;29;;;9987.0;0.0
-1;4100;VELVETFRUIT_EXTRACT;5253;43;;;;;5259;66;;;;;5256.0;0.0
-1;4100;VEV_4000;1250;7;1248;30;;;1272;7;1274;30;;;1261.0;0.0
-1;4100;VEV_4500;767;8;765;15;;;786;15;;;;;776.5;0.0
-1;4100;VEV_5000;260;11;259;15;;;266;34;267;20;;;263.0;0.0
-1;4100;VEV_5100;157;14;;;;;162;11;163;16;;;159.5;0.0
-1;4100;VEV_5200;;;;;;;103;25;;;;;103.0;0.0
-1;4100;VEV_5300;50;10;;;;;;;;;;;50.0;0.0
-1;4100;VEV_5400;17;23;;;;;18;18;;;;;17.5;0.0
-1;4100;VEV_5500;6;18;;;;;7;21;;;;;6.5;0.0
-1;4100;VEV_6000;0;21;;;;;1;21;;;;;0.5;0.0
-1;4100;VEV_6500;0;19;;;;;1;19;;;;;0.5;0.0
-1;4200;HYDROGEL_PACK;9984;13;9981;29;;;10000;13;10002;29;;;9992.0;0.0
-1;4200;VELVETFRUIT_EXTRACT;5253;48;;;;;5259;58;;;;;5256.0;0.0
-1;4200;VEV_4000;1249;10;1246;25;;;1270;10;1273;25;;;1259.5;0.0
-1;4200;VEV_4500;768;7;766;17;;;787;17;;;;;777.5;0.0
-1;4200;VEV_5000;260;6;259;19;;;266;11;;;;;263.0;0.0
-1;4200;VEV_5100;159;9;158;17;;;;;;;;;159.0;0.0
-1;4200;VEV_5200;;;;;;;103;6;;;;;103.0;0.0
-1;4200;VEV_5300;50;8;;;;;52;28;;;;;51.0;0.0
-1;4200;VEV_5400;16;27;16;16;;;17;23;;;;;16.5;0.0
-1;4200;VEV_5500;6;25;;;;;7;21;;;;;6.5;0.0
-1;4200;VEV_6000;0;16;;;;;1;16;;;;;0.5;0.0
-1;4200;VEV_6500;0;14;;;;;1;14;;;;;0.5;0.0
-1;4300;HYDROGEL_PACK;9980;10;9977;29;;;9996;10;9998;29;;;9988.0;0.0
-1;4300;VELVETFRUIT_EXTRACT;5252;70;;;;;5257;23;5258;49;;;5254.5;0.0
-1;4300;VEV_4000;1249;15;1246;25;;;1270;15;1273;25;;;1259.5;0.0
-1;4300;VEV_4500;767;10;765;22;;;783;10;785;22;;;775.0;0.0
-1;4300;VEV_5000;260;9;259;15;;;266;7;;;;;263.0;0.0
-1;4300;VEV_5100;;;;;;;163;27;164;15;;;163.0;0.0
-1;4300;VEV_5200;100;23;;;;;102;10;103;28;;;101.0;0.0
-1;4300;VEV_5300;49;10;;;;;51;22;;;;;50.0;0.0
-1;4300;VEV_5400;16;30;;;;;;;;;;;16.0;0.0
-1;4300;VEV_5500;6;21;;;;;7;24;;;;;6.5;0.0
-1;4300;VEV_6000;0;16;;;;;;;;;;;0.0;0.0
-1;4300;VEV_6500;0;15;;;;;1;15;;;;;0.5;0.0
-1;4400;HYDROGEL_PACK;9979;11;9977;28;;;9995;11;9998;28;;;9987.0;0.0
-1;4400;VELVETFRUIT_EXTRACT;5254;24;5253;32;;;5259;34;;;;;5256.5;0.0
-1;4400;VEV_4000;1249;7;1246;24;;;1270;7;1272;24;;;1259.5;0.0
-1;4400;VEV_4500;767;10;765;15;;;783;10;785;15;;;775.0;0.0
-1;4400;VEV_5000;260;22;;;;;267;11;268;13;;;263.5;0.0
-1;4400;VEV_5100;159;8;158;15;;;163;26;164;22;;;161.0;0.0
-1;4400;VEV_5200;98;26;;;;;101;31;;;;;99.5;0.0
-1;4400;VEV_5300;49;15;48;11;;;51;22;;;;;50.0;0.0
-1;4400;VEV_5400;16;18;;;;;;;;;;;16.0;0.0
-1;4400;VEV_5500;5;20;;;;;7;18;;;;;6.0;0.0
-1;4400;VEV_6000;0;25;;;;;1;25;;;;;0.5;0.0
-1;4400;VEV_6500;0;17;;;;;1;17;;;;;0.5;0.0
-1;4500;HYDROGEL_PACK;9980;11;9977;26;;;9996;11;9998;26;;;9988.0;0.0
-1;4500;VELVETFRUIT_EXTRACT;5254;15;5253;67;;;5258;15;5259;44;5260;35;5256.0;0.0
-1;4500;VEV_4000;1249;9;1246;29;;;1270;9;1273;29;;;1259.5;0.0
-1;4500;VEV_4500;766;10;764;14;;;782;10;784;14;;;774.0;0.0
-1;4500;VEV_5000;260;27;259;12;;;266;12;267;15;;;263.0;0.0
-1;4500;VEV_5100;159;26;158;24;;;163;11;164;27;;;161.0;0.0
-1;4500;VEV_5200;99;24;;;;;102;11;103;26;;;100.5;0.0
-1;4500;VEV_5300;49;18;;;;;51;22;;;;;50.0;0.0
-1;4500;VEV_5400;16;26;;;;;18;26;;;;;17.0;0.0
-1;4500;VEV_5500;5;19;;;;;6;21;;;;;5.5;0.0
-1;4500;VEV_6000;0;27;;;;;1;27;;;;;0.5;0.0
-1;4500;VEV_6500;0;15;;;;;1;15;;;;;0.5;0.0
-1;4600;HYDROGEL_PACK;9980;10;9977;22;;;9996;10;9998;22;;;9988.0;0.0
-1;4600;VELVETFRUIT_EXTRACT;5252;41;;;;;5258;24;;;;;5255.0;0.0
-1;4600;VEV_4000;1250;9;1248;30;;;1271;9;1274;30;;;1260.5;0.0
-1;4600;VEV_4500;767;12;765;22;;;783;12;784;11;785;22;775.0;0.0
-1;4600;VEV_5000;260;12;259;23;;;267;21;;;;;263.5;0.0
-1;4600;VEV_5100;160;9;159;13;;;164;11;165;25;;;162.0;0.0
-1;4600;VEV_5200;;;;;;;101;20;102;22;;;101.0;0.0
-1;4600;VEV_5300;48;17;;;;;51;18;;;;;49.5;0.0
-1;4600;VEV_5400;16;28;;;;;18;18;;;;;17.0;0.0
-1;4600;VEV_5500;5;23;;;;;6;30;;;;;5.5;0.0
-1;4600;VEV_6000;0;17;;;;;1;17;;;;;0.5;0.0
-1;4600;VEV_6500;0;14;;;;;1;14;;;;;0.5;0.0
-1;4700;HYDROGEL_PACK;9978;15;9975;28;;;9994;15;9996;28;;;9986.0;0.0
-1;4700;VELVETFRUIT_EXTRACT;5251;32;;;;;5257;21;;;;;5254.0;0.0
-1;4700;VEV_4000;1251;12;1248;18;;;1272;12;1274;18;;;1261.5;0.0
-1;4700;VEV_4500;766;8;764;13;;;782;8;;;;;774.0;0.0
-1;4700;VEV_5000;260;8;259;32;;;266;7;267;18;;;263.0;0.0
-1;4700;VEV_5100;161;9;160;32;;;165;27;166;30;;;163.0;0.0
-1;4700;VEV_5200;98;15;;;;;102;27;;;;;100.0;0.0
-1;4700;VEV_5300;;;;;;;51;16;51;27;;;51.0;0.0
-1;4700;VEV_5400;16;28;;;;;18;22;;;;;17.0;0.0
-1;4700;VEV_5500;5;21;;;;;6;24;;;;;5.5;0.0
-1;4700;VEV_6000;0;22;;;;;1;22;;;;;0.5;0.0
-1;4700;VEV_6500;0;18;;;;;1;18;;;;;0.5;0.0
-1;4800;HYDROGEL_PACK;9978;13;9976;20;;;9994;13;9997;20;;;9986.0;0.0
-1;4800;VELVETFRUIT_EXTRACT;5251;46;5251;33;;;5257;61;;;;;5254.0;0.0
-1;4800;VEV_4000;1249;15;1247;26;;;1271;15;1273;26;;;1260.0;0.0
-1;4800;VEV_4500;765;8;763;16;;;781;8;783;16;;;773.0;0.0
-1;4800;VEV_5000;259;24;;;;;266;31;267;23;;;262.5;0.0
-1;4800;VEV_5100;163;11;162;18;;;167;22;168;19;;;165.0;0.0
-1;4800;VEV_5200;99;11;98;28;;;102;15;;;;;100.5;0.0
-1;4800;VEV_5300;48;26;;;;;50;17;;;;;49.0;0.0
-1;4800;VEV_5400;16;26;;;;;18;17;;;;;17.0;0.0
-1;4800;VEV_5500;5;22;;;;;6;27;;;;;5.5;0.0
-1;4800;VEV_6000;0;20;;;;;1;20;;;;;0.5;0.0
-1;4800;VEV_6500;0;15;;;;;1;15;;;;;0.5;0.0
-1;4900;HYDROGEL_PACK;9976;12;9973;21;;;9992;12;9994;21;;;9984.0;0.0
-1;4900;VELVETFRUIT_EXTRACT;5249;55;;;;;5255;25;;;;;5252.0;0.0
-1;4900;VEV_4000;1251;10;1249;24;;;1272;10;1275;24;;;1261.5;0.0
-1;4900;VEV_4500;766;11;764;14;;;782;11;785;14;;;774.0;0.0
-1;4900;VEV_5000;261;25;260;22;;;267;8;268;13;;;264.0;0.0
-1;4900;VEV_5100;;;;;;;168;6;;;;;168.0;0.0
-1;4900;VEV_5200;;;;;;;101;13;;;;;101.0;0.0
-1;4900;VEV_5300;49;7;;;;;51;25;;;;;50.0;0.0
-1;4900;VEV_5400;16;22;16;26;;;17;20;18;17;;;16.5;0.0
-1;4900;VEV_5500;5;20;;;;;6;25;;;;;5.5;0.0
-1;4900;VEV_6000;0;26;;;;;1;26;;;;;0.5;0.0
-1;4900;VEV_6500;0;15;;;;;1;15;;;;;0.5;0.0
-1;5000;HYDROGEL_PACK;9974;11;9972;26;;;9990;11;9993;26;;;9982.0;0.0
-1;5000;VELVETFRUIT_EXTRACT;5249;32;;;;;5255;37;5255;69;;;5252.0;0.0
-1;5000;VEV_4000;1250;15;1248;15;;;1271;15;1274;15;;;1260.5;0.0
-1;5000;VEV_4500;765;7;763;13;;;781;7;783;13;;;773.0;0.0
-1;5000;VEV_5000;260;9;259;18;;;266;11;;;;;263.0;0.0
-1;5000;VEV_5100;165;10;164;20;;;170;17;;;;;167.5;0.0
-1;5000;VEV_5200;98;23;;;;;101;9;;;;;99.5;0.0
-1;5000;VEV_5300;49;26;48;19;;;51;19;52;26;;;50.0;0.0
-1;5000;VEV_5400;16;16;;;;;18;23;;;;;17.0;0.0
-1;5000;VEV_5500;5;17;;;;;6;22;;;;;5.5;0.0
-1;5000;VEV_6000;0;24;;;;;1;24;;;;;0.5;0.0
-1;5000;VEV_6500;0;11;;;;;1;11;;;;;0.5;0.0
-1;5100;HYDROGEL_PACK;9973;10;9971;24;;;9989;10;9992;24;;;9981.0;0.0
-1;5100;VELVETFRUIT_EXTRACT;5250;66;5249;35;;;5256;72;;;;;5253.0;0.0
-1;5100;VEV_4000;1249;8;1246;26;;;1270;8;1272;26;;;1259.5;0.0
-1;5100;VEV_4500;765;8;763;12;;;781;8;783;12;;;773.0;0.0
-1;5100;VEV_5000;261;24;260;21;;;267;10;;;;;264.0;0.0
-1;5100;VEV_5100;164;7;163;31;;;168;25;;;;;166.0;0.0
-1;5100;VEV_5200;99;32;;;;;102;11;103;25;;;100.5;0.0
-1;5100;VEV_5300;50;24;;;;;52;21;;;;;51.0;0.0
-1;5100;VEV_5400;16;27;;;;;18;22;;;;;17.0;0.0
-1;5100;VEV_5500;5;25;;;;;7;18;;;;;6.0;0.0
-1;5100;VEV_6000;0;21;;;;;1;21;;;;;0.5;0.0
-1;5100;VEV_6500;0;17;;;;;1;17;;;;;0.5;0.0
-1;5200;HYDROGEL_PACK;9972;15;9969;27;;;9988;15;9990;27;;;9980.0;0.0
-1;5200;VELVETFRUIT_EXTRACT;5249;66;;;;;5255;56;;;;;5252.0;0.0
-1;5200;VEV_4000;1248;11;1246;27;;;1269;11;1272;27;;;1258.5;0.0
-1;5200;VEV_4500;766;7;764;24;;;782;7;784;24;;;774.0;0.0
-1;5200;VEV_5000;261;11;260;22;;;267;35;268;21;;;264.0;0.0
-1;5200;VEV_5100;164;31;;;;;169;24;;;;;166.5;0.0
-1;5200;VEV_5200;99;8;98;16;;;102;17;;;;;100.5;0.0
-1;5200;VEV_5300;50;22;;;;;53;18;;;;;51.5;0.0
-1;5200;VEV_5400;;;;;;;18;30;;;;;18.0;0.0
-1;5200;VEV_5500;5;26;;;;;7;27;;;;;6.0;0.0
-1;5200;VEV_6000;0;29;;;;;1;29;;;;;0.5;0.0
-1;5200;VEV_6500;0;10;;;;;1;10;;;;;0.5;0.0
-1;5300;HYDROGEL_PACK;9970;10;9968;25;;;9986;10;9989;25;;;9978.0;0.0
-1;5300;VELVETFRUIT_EXTRACT;5250;45;5250;24;;;5255;22;5256;60;;;5252.5;0.0
-1;5300;VEV_4000;1248;14;1245;19;;;1269;14;1271;19;;;1258.5;0.0
-1;5300;VEV_4500;766;12;764;12;;;782;12;784;12;;;774.0;0.0
-1;5300;VEV_5000;261;10;260;21;;;267;12;268;22;;;264.0;0.0
-1;5300;VEV_5100;166;29;165;15;;;171;23;;;;;168.5;0.0
-1;5300;VEV_5200;97;29;;;;;100;6;101;25;;;98.5;0.0
-1;5300;VEV_5300;50;19;49;16;;;52;25;;;;;51.0;0.0
-1;5300;VEV_5400;;;;;;;;;;;;;0.0;0.0
-1;5300;VEV_5500;6;19;;;;;7;23;;;;;6.5;0.0
-1;5300;VEV_6000;0;23;;;;;1;23;;;;;0.5;0.0
-1;5300;VEV_6500;0;12;;;;;1;12;;;;;0.5;0.0
-1;5400;HYDROGEL_PACK;9970;11;9968;27;;;9986;11;9989;27;;;9978.0;0.0
-1;5400;VELVETFRUIT_EXTRACT;5249;24;5249;15;;;5255;30;;;;;5252.0;0.0
-1;5400;VEV_4000;1247;13;1245;22;;;1268;13;1271;22;;;1257.5;0.0
-1;5400;VEV_4500;766;11;764;17;;;782;11;784;17;;;774.0;0.0
-1;5400;VEV_5000;262;9;261;28;;;269;15;;;;;265.5;0.0
-1;5400;VEV_5100;167;9;166;12;;;171;27;172;19;;;169.0;0.0
-1;5400;VEV_5200;97;24;;;;;101;13;;;;;99.0;0.0
-1;5400;VEV_5300;50;18;;;;;52;21;;;;;51.0;0.0
-1;5400;VEV_5400;16;12;;;;;17;22;18;28;;;16.5;0.0
-1;5400;VEV_5500;6;19;;;;;7;30;;;;;6.5;0.0
-1;5400;VEV_6000;0;25;;;;;1;25;;;;;0.5;0.0
-1;5400;VEV_6500;0;16;;;;;1;16;;;;;0.5;0.0
-1;5500;HYDROGEL_PACK;9969;12;9966;27;;;9985;12;9987;27;;;9977.0;0.0
-1;5500;VELVETFRUIT_EXTRACT;5251;23;5250;17;;;5256;63;;;;;5253.5;0.0
-1;5500;VEV_4000;1247;14;1244;24;;;1268;14;1270;24;;;1257.5;0.0
-1;5500;VEV_4500;764;6;762;12;;;782;12;;;;;773.0;0.0
-1;5500;VEV_5000;262;6;261;21;;;268;18;269;14;;;265.0;0.0
-1;5500;VEV_5100;165;20;;;;;171;23;;;;;168.0;0.0
-1;5500;VEV_5200;;;;;;;100;22;101;18;;;100.0;0.0
-1;5500;VEV_5300;50;8;49;19;;;52;8;;;;;51.0;0.0
-1;5500;VEV_5400;17;21;16;22;;;18;24;;;;;17.5;0.0
-1;5500;VEV_5500;6;21;;;;;7;16;;;;;6.5;0.0
-1;5500;VEV_6000;0;17;;;;;1;17;;;;;0.5;0.0
-1;5500;VEV_6500;0;16;;;;;1;16;;;;;0.5;0.0
-1;5600;HYDROGEL_PACK;9965;12;9963;29;;;9981;12;9984;29;;;9973.0;0.0
-1;5600;VELVETFRUIT_EXTRACT;5251;33;5251;60;;;5257;49;;;;;5254.0;0.0
-1;5600;VEV_4000;1245;7;1242;25;;;1266;7;1268;25;;;1255.5;0.0
-1;5600;VEV_4500;764;9;762;15;;;780;9;782;15;;;772.0;0.0
-1;5600;VEV_5000;262;9;261;12;;;268;10;269;14;;;265.0;0.0
-1;5600;VEV_5100;167;6;166;18;;;;;;;;;167.0;0.0
-1;5600;VEV_5200;98;31;;;;;102;23;;;;;100.0;0.0
-1;5600;VEV_5300;;;;;;;52;15;53;19;;;52.0;0.0
-1;5600;VEV_5400;16;21;;;;;18;27;;;;;17.0;0.0
-1;5600;VEV_5500;6;23;;;;;7;25;;;;;6.5;0.0
-1;5600;VEV_6000;0;26;;;;;1;26;;;;;0.5;0.0
-1;5600;VEV_6500;0;15;;;;;1;15;;;;;0.5;0.0
-1;5700;HYDROGEL_PACK;9965;15;9963;27;;;9981;15;9984;27;;;9973.0;0.0
-1;5700;VELVETFRUIT_EXTRACT;5250;69;;;;;5255;18;5256;47;;;5252.5;0.0
-1;5700;VEV_4000;1246;7;1244;29;;;1268;7;1270;29;;;1257.0;0.0
-1;5700;VEV_4500;762;23;;;;;782;23;;;;;772.0;0.0
-1;5700;VEV_5000;262;29;;;;;268;6;;;;;265.0;0.0
-1;5700;VEV_5100;167;26;166;13;;;171;8;172;13;;;169.0;0.0
-1;5700;VEV_5200;98;31;;;;;101;20;102;23;;;99.5;0.0
-1;5700;VEV_5300;51;19;;;;;53;17;53;8;;;52.0;0.0
-1;5700;VEV_5400;17;19;16;20;;;18;22;;;;;17.5;0.0
-1;5700;VEV_5500;5;17;;;;;7;20;;;;;6.0;0.0
-1;5700;VEV_6000;0;21;;;;;1;21;;;;;0.5;0.0
-1;5700;VEV_6500;0;18;;;;;1;18;;;;;0.5;0.0
-1;5800;HYDROGEL_PACK;9969;14;9967;29;;;9985;14;9988;29;;;9977.0;0.0
-1;5800;VELVETFRUIT_EXTRACT;5249;16;5248;34;;;5254;24;;;;;5251.5;0.0
-1;5800;VEV_4000;1246;10;1243;16;;;1267;10;1269;16;;;1256.5;0.0
-1;5800;VEV_4500;764;10;762;15;;;780;10;782;15;;;772.0;0.0
-1;5800;VEV_5000;260;12;259;13;;;266;8;267;13;;;263.0;0.0
-1;5800;VEV_5100;167;26;166;13;;;171;8;;;;;169.0;0.0
-1;5800;VEV_5200;98;29;;;;;;;;;;;98.0;0.0
-1;5800;VEV_5300;51;29;;;;;53;17;53;19;;;52.0;0.0
-1;5800;VEV_5400;17;24;;;;;19;23;;;;;18.0;0.0
-1;5800;VEV_5500;5;28;;;;;6;18;;;;;5.5;0.0
-1;5800;VEV_6000;0;22;;;;;1;22;;;;;0.5;0.0
-1;5800;VEV_6500;0;17;;;;;1;17;;;;;0.5;0.0
-1;5900;HYDROGEL_PACK;9968;15;9966;30;;;9984;15;9987;30;;;9976.0;0.0
-1;5900;VELVETFRUIT_EXTRACT;5248;31;;;;;5254;40;;;;;5251.0;0.0
-1;5900;VEV_4000;1247;10;1244;30;;;1268;10;1270;30;;;1257.5;0.0
-1;5900;VEV_4500;764;9;762;20;;;780;9;782;20;;;772.0;0.0
-1;5900;VEV_5000;260;9;;;;;266;32;267;14;;;263.0;0.0
-1;5900;VEV_5100;;;;;;;172;16;;;;;172.0;0.0
-1;5900;VEV_5200;99;22;98;16;;;102;23;;;;;100.5;0.0
-1;5900;VEV_5300;51;20;50;18;;;53;22;54;18;;;52.0;0.0
-1;5900;VEV_5400;16;17;;;;;17;18;18;24;;;16.5;0.0
-1;5900;VEV_5500;5;22;;;;;6;17;;;;;5.5;0.0
-1;5900;VEV_6000;0;17;;;;;1;17;;;;;0.5;0.0
-1;5900;VEV_6500;0;16;;;;;1;16;;;;;0.5;0.0
-1;6000;HYDROGEL_PACK;9970;14;9968;29;;;9986;14;9989;29;;;9978.0;0.0
-1;6000;VELVETFRUIT_EXTRACT;5250;31;5250;35;;;5256;32;;;;;5253.0;0.0
-1;6000;VEV_4000;1246;9;1244;20;;;1267;9;1270;20;;;1256.5;0.0
-1;6000;VEV_4500;763;11;761;13;;;779;11;780;8;781;13;771.0;0.0
-1;6000;VEV_5000;;;;;;;266;9;;;;;266.0;0.0
-1;6000;VEV_5100;167;26;;;;;171;8;;;;;169.0;0.0
-1;6000;VEV_5200;99;14;;;;;103;23;;;;;101.0;0.0
-1;6000;VEV_5300;51;24;;;;;53;25;;;;;52.0;0.0
-1;6000;VEV_5400;17;19;16;19;;;;;;;;;17.0;0.0
-1;6000;VEV_5500;5;20;;;;;6;28;;;;;5.5;0.0
-1;6000;VEV_6000;0;29;;;;;1;29;;;;;0.5;0.0
-1;6000;VEV_6500;0;15;;;;;1;15;;;;;0.5;0.0
-1;6100;HYDROGEL_PACK;9974;15;9971;28;;;9990;15;9992;28;;;9982.0;0.0
-1;6100;VELVETFRUIT_EXTRACT;5250;18;5249;36;5249;32;5255;58;;;;;5252.5;0.0
-1;6100;VEV_4000;1246;10;1243;21;;;1267;10;1269;21;;;1256.5;0.0
-1;6100;VEV_4500;762;24;;;;;780;8;782;24;;;771.0;0.0
-1;6100;VEV_5000;259;24;258;21;;;265;7;266;19;;;262.0;0.0
-1;6100;VEV_5100;;;;;;;169;24;170;12;;;169.0;0.0
-1;6100;VEV_5200;98;7;97;27;;;100;10;101;15;;;99.0;0.0
-1;6100;VEV_5300;50;29;;;;;52;15;52;27;;;51.0;0.0
-1;6100;VEV_5400;17;18;16;17;;;;;;;;;17.0;0.0
-1;6100;VEV_5500;5;22;;;;;6;24;;;;;5.5;0.0
-1;6100;VEV_6000;0;16;;;;;1;16;;;;;0.5;0.0
-1;6100;VEV_6500;0;10;;;;;1;10;;;;;0.5;0.0
-1;6200;HYDROGEL_PACK;9971;15;9969;30;;;9987;15;9990;30;;;9979.0;0.0
-1;6200;VELVETFRUIT_EXTRACT;5250;50;5250;23;;;5256;47;;;;;5253.0;0.0
-1;6200;VEV_4000;1245;13;1243;22;;;1266;13;1269;22;;;1255.5;0.0
-1;6200;VEV_4500;762;18;;;;;780;8;782;18;;;771.0;0.0
-1;6200;VEV_5000;261;12;260;15;;;267;12;268;16;;;264.0;0.0
-1;6200;VEV_5100;166;10;;;;;170;9;171;23;;;168.0;0.0
-1;6200;VEV_5200;97;31;;;;;100;8;101;27;;;98.5;0.0
-1;6200;VEV_5300;49;5;;;;;51;21;;;;;50.0;0.0
-1;6200;VEV_5400;17;27;;;;;18;29;19;25;;;17.5;0.0
-1;6200;VEV_5500;5;27;;;;;6;18;;;;;5.5;0.0
-1;6200;VEV_6000;0;28;;;;;1;28;;;;;0.5;0.0
-1;6200;VEV_6500;0;16;;;;;1;16;;;;;0.5;0.0
-1;6300;HYDROGEL_PACK;9973;12;9970;22;;;9989;12;9991;22;;;9981.0;0.0
-1;6300;VELVETFRUIT_EXTRACT;5249;31;;;;;5255;25;;;;;5252.0;0.0
-1;6300;VEV_4000;1243;14;1241;30;;;1265;14;1267;30;;;1254.0;0.0
-1;6300;VEV_4500;763;9;761;18;;;779;9;;;;;771.0;0.0
-1;6300;VEV_5000;261;22;260;34;;;267;9;268;21;;;264.0;0.0
-1;6300;VEV_5100;165;7;164;29;;;169;31;;;;;167.0;0.0
-1;6300;VEV_5200;98;12;97;18;;;101;24;;;;;99.5;0.0
-1;6300;VEV_5300;49;9;48;11;;;51;29;51;29;;;50.0;0.0
-1;6300;VEV_5400;;;;;;;19;17;;;;;19.0;0.0
-1;6300;VEV_5500;5;17;;;;;6;28;;;;;5.5;0.0
-1;6300;VEV_6000;0;21;;;;;1;21;;;;;0.5;0.0
-1;6300;VEV_6500;0;14;;;;;1;14;;;;;0.5;0.0
-1;6400;HYDROGEL_PACK;9971;14;9969;28;;;9987;14;9989;28;;;9979.0;0.0
-1;6400;VELVETFRUIT_EXTRACT;5250;71;;;;;5256;64;;;;;5253.0;0.0
-1;6400;VEV_4000;1243;15;1241;26;;;1264;15;1267;26;;;1253.5;0.0
-1;6400;VEV_4500;764;6;762;17;;;780;6;782;17;;;772.0;0.0
-1;6400;VEV_5000;260;26;259;21;;;267;25;;;;;263.5;0.0
-1;6400;VEV_5100;164;20;;;;;169;11;170;17;;;166.5;0.0
-1;6400;VEV_5200;97;25;;;;;100;31;101;36;;;98.5;0.0
-1;6400;VEV_5300;49;27;;;;;51;21;;;;;50.0;0.0
-1;6400;VEV_5400;16;28;;;;;18;21;;;;;17.0;0.0
-1;6400;VEV_5500;5;20;;;;;6;28;;;;;5.5;0.0
-1;6400;VEV_6000;0;27;;;;;1;27;;;;;0.5;0.0
-1;6400;VEV_6500;0;14;;;;;1;14;;;;;0.5;0.0
-1;6500;HYDROGEL_PACK;9971;11;9968;21;;;9987;11;9989;21;;;9979.0;0.0
-1;6500;VELVETFRUIT_EXTRACT;5250;17;;;;;5256;72;;;;;5253.0;0.0
-1;6500;VEV_4000;1243;15;1240;27;;;1264;15;1266;27;;;1253.5;0.0
-1;6500;VEV_4500;764;9;762;19;;;780;9;;;;;772.0;0.0
-1;6500;VEV_5000;260;6;259;15;;;266;6;267;14;;;263.0;0.0
-1;6500;VEV_5100;;;;;;;;;;;;;0.0;0.0
-1;6500;VEV_5200;96;24;;;;;100;23;;;;;98.0;0.0
-1;6500;VEV_5300;49;26;48;22;;;51;18;;;;;50.0;0.0
-1;6500;VEV_5400;16;17;;;;;18;28;;;;;17.0;0.0
-1;6500;VEV_5500;5;25;;;;;6;27;;;;;5.5;0.0
-1;6500;VEV_6000;0;22;;;;;1;22;;;;;0.5;0.0
-1;6500;VEV_6500;0;12;;;;;1;12;;;;;0.5;0.0
-1;6600;HYDROGEL_PACK;9970;15;9968;20;;;9986;15;9989;20;;;9978.0;0.0
-1;6600;VELVETFRUIT_EXTRACT;5250;39;;;;;5256;36;;;;;5253.0;0.0
-1;6600;VEV_4000;1243;11;1240;22;;;1264;11;1266;22;;;1253.5;0.0
-1;6600;VEV_4500;765;12;764;12;763;24;781;12;783;24;;;773.0;0.0
-1;6600;VEV_5000;261;22;260;26;;;267;9;268;18;;;264.0;0.0
-1;6600;VEV_5100;165;11;;;;;169;31;170;13;;;167.0;0.0
-1;6600;VEV_5200;98;7;97;30;;;100;8;;;;;99.0;0.0
-1;6600;VEV_5300;49;23;;;;;51;21;;;;;50.0;0.0
-1;6600;VEV_5400;16;30;;;;;18;25;;;;;17.0;0.0
-1;6600;VEV_5500;5;28;;;;;6;21;;;;;5.5;0.0
-1;6600;VEV_6000;0;22;;;;;1;22;;;;;0.5;0.0
-1;6600;VEV_6500;0;16;;;;;1;16;;;;;0.5;0.0
-1;6700;HYDROGEL_PACK;9970;13;9967;24;;;9986;13;9988;24;;;9978.0;0.0
-1;6700;VELVETFRUIT_EXTRACT;5251;18;5250;56;;;5255;18;5256;43;;;5253.0;0.0
-1;6700;VEV_4000;1242;9;1239;16;;;1263;9;1265;16;;;1252.5;0.0
-1;6700;VEV_4500;765;8;763;16;;;781;8;782;10;783;16;773.0;0.0
-1;6700;VEV_5000;262;12;261;16;;;268;8;269;12;;;265.0;0.0
-1;6700;VEV_5100;165;21;;;;;;;;;;;165.0;0.0
-1;6700;VEV_5200;97;19;;;;;101;12;;;;;99.0;0.0
-1;6700;VEV_5300;49;24;;;;;51;26;;;;;50.0;0.0
-1;6700;VEV_5400;17;21;16;30;;;18;18;;;;;17.5;0.0
-1;6700;VEV_5500;5;21;;;;;6;18;;;;;5.5;0.0
-1;6700;VEV_6000;0;22;;;;;1;22;;;;;0.5;0.0
-1;6700;VEV_6500;0;17;;;;;1;17;;;;;0.5;0.0
-1;6800;HYDROGEL_PACK;9967;22;;;;;9985;14;9988;22;;;9976.0;0.0
-1;6800;VELVETFRUIT_EXTRACT;5251;17;5250;40;;;5256;16;;;;;5253.5;0.0
-1;6800;VEV_4000;1242;13;1240;28;;;1264;13;1266;28;;;1253.0;0.0
-1;6800;VEV_4500;764;11;762;20;;;780;11;782;20;;;772.0;0.0
-1;6800;VEV_5000;262;9;261;22;;;268;7;;;;;265.0;0.0
-1;6800;VEV_5100;165;9;;;;;170;14;;;;;167.5;0.0
-1;6800;VEV_5200;98;24;;;;;100;18;101;25;;;99.0;0.0
-1;6800;VEV_5300;49;23;;;;;51;23;;;;;50.0;0.0
-1;6800;VEV_5400;;;;;;;;;;;;;0.0;0.0
-1;6800;VEV_5500;5;28;;;;;6;20;;;;;5.5;0.0
-1;6800;VEV_6000;0;21;;;;;1;21;;;;;0.5;0.0
-1;6800;VEV_6500;0;16;;;;;1;16;;;;;0.5;0.0
-1;6900;HYDROGEL_PACK;9969;15;9966;25;;;9985;15;9987;25;;;9977.0;0.0
-1;6900;VELVETFRUIT_EXTRACT;5251;40;;;;;5257;48;;;;;5254.0;0.0
-1;6900;VEV_4000;1242;7;1239;24;;;1263;7;1266;24;;;1252.5;0.0
-1;6900;VEV_4500;764;6;762;18;;;780;6;782;18;;;772.0;0.0
-1;6900;VEV_5000;;;;;;;267;12;268;13;;;267.0;0.0
-1;6900;VEV_5100;167;6;166;23;;;171;11;172;22;;;169.0;0.0
-1;6900;VEV_5200;97;8;;;;;100;20;;;;;98.5;0.0
-1;6900;VEV_5300;49;26;;;;;51;20;;;;;50.0;0.0
-1;6900;VEV_5400;17;24;16;21;;;18;22;;;;;17.5;0.0
-1;6900;VEV_5500;5;26;;;;;6;22;;;;;5.5;0.0
-1;6900;VEV_6000;0;26;;;;;1;26;;;;;0.5;0.0
-1;6900;VEV_6500;0;13;;;;;1;13;;;;;0.5;0.0
-1;7000;HYDROGEL_PACK;9971;13;9968;20;;;9987;13;9989;20;;;9979.0;0.0
-1;7000;VELVETFRUIT_EXTRACT;5251;21;;;;;5256;25;5257;48;;;5253.5;0.0
-1;7000;VEV_4000;1242;9;1240;24;;;1263;9;1266;24;;;1252.5;0.0
-1;7000;VEV_4500;763;9;761;17;;;779;9;781;17;;;771.0;0.0
-1;7000;VEV_5000;260;31;259;18;;;266;12;267;13;;;263.0;0.0
-1;7000;VEV_5100;166;22;;;;;171;22;;;;;168.5;0.0
-1;7000;VEV_5200;98;7;;;;;101;22;;;;;99.5;0.0
-1;7000;VEV_5300;49;19;48;12;;;51;29;52;19;;;50.0;0.0
-1;7000;VEV_5400;17;21;16;17;;;;;;;;;17.0;0.0
-1;7000;VEV_5500;5;22;;;;;6;19;;;;;5.5;0.0
-1;7000;VEV_6000;0;15;;;;;1;15;;;;;0.5;0.0
-1;7000;VEV_6500;0;15;;;;;1;15;;;;;0.5;0.0
-1;7100;HYDROGEL_PACK;9972;15;9969;30;;;9988;15;9990;30;;;9980.0;0.0
-1;7100;VELVETFRUIT_EXTRACT;5252;16;5251;25;;;5257;61;5258;48;;;5254.5;0.0
-1;7100;VEV_4000;1242;9;1240;17;;;1263;9;1266;17;;;1252.5;0.0
-1;7100;VEV_4500;762;7;760;24;;;778;7;780;24;;;770.0;0.0
-1;7100;VEV_5000;261;11;260;24;;;268;24;;;;;264.5;0.0
-1;7100;VEV_5100;167;33;166;13;;;171;31;172;28;;;169.0;0.0
-1;7100;VEV_5200;98;10;97;32;;;101;17;;;;;99.5;0.0
-1;7100;VEV_5300;50;27;;;;;52;8;;;;;51.0;0.0
-1;7100;VEV_5400;;;;;;;;;;;;;0.0;0.0
-1;7100;VEV_5500;5;29;;;;;6;21;;;;;5.5;0.0
-1;7100;VEV_6000;0;24;;;;;1;24;;;;;0.5;0.0
-1;7100;VEV_6500;0;15;;;;;1;15;;;;;0.5;0.0
-1;7200;HYDROGEL_PACK;9972;15;9970;30;;;9988;15;9991;30;;;9980.0;0.0
-1;7200;VELVETFRUIT_EXTRACT;5252;24;5251;66;;;5257;67;;;;;5254.5;0.0
-1;7200;VEV_4000;1243;11;1240;28;;;1264;11;1266;28;;;1253.5;0.0
-1;7200;VEV_4500;761;12;760;17;;;780;17;;;;;770.5;0.0
-1;7200;VEV_5000;262;8;261;27;;;268;9;;;;;265.0;0.0
-1;7200;VEV_5100;166;32;165;13;;;171;13;;;;;168.5;0.0
-1;7200;VEV_5200;97;17;;;;;;;;;;;97.0;0.0
-1;7200;VEV_5300;50;18;49;20;;;52;5;;;;;51.0;0.0
-1;7200;VEV_5400;16;18;;;;;17;21;18;19;;;16.5;0.0
-1;7200;VEV_5500;5;19;;;;;6;24;;;;;5.5;0.0
-1;7200;VEV_6000;0;17;;;;;1;17;;;;;0.5;0.0
-1;7200;VEV_6500;0;19;;;;;1;19;;;;;0.5;0.0
-1;7300;HYDROGEL_PACK;9971;13;9968;21;;;9987;13;9989;21;;;9979.0;0.0
-1;7300;VELVETFRUIT_EXTRACT;5252;18;5251;39;;;5257;54;;;;;5254.5;0.0
-1;7300;VEV_4000;1242;8;1240;16;;;1263;8;1266;16;;;1252.5;0.0
-1;7300;VEV_4500;759;24;;;;;779;24;;;;;769.0;0.0
-1;7300;VEV_5000;261;7;260;14;;;267;8;268;13;;;264.0;0.0
-1;7300;VEV_5100;167;12;166;27;;;171;9;172;30;;;169.0;0.0
-1;7300;VEV_5200;;;;;;;100;8;;;;;100.0;0.0
-1;7300;VEV_5300;49;20;;;;;51;26;;;;;50.0;0.0
-1;7300;VEV_5400;17;15;;;;;19;24;;;;;18.0;0.0
-1;7300;VEV_5500;5;24;;;;;6;15;;;;;5.5;0.0
-1;7300;VEV_6000;0;22;;;;;1;22;;;;;0.5;0.0
-1;7300;VEV_6500;0;12;;;;;1;12;;;;;0.5;0.0
-1;7400;HYDROGEL_PACK;9967;15;9964;29;;;9983;15;9985;29;;;9975.0;0.0
-1;7400;VELVETFRUIT_EXTRACT;5254;22;5253;42;;;5259;71;;;;;5256.5;0.0
-1;7400;VEV_4000;1240;13;1238;20;;;1261;13;1264;20;;;1250.5;0.0
-1;7400;VEV_4500;762;15;;;;;780;7;782;15;;;771.0;0.0
-1;7400;VEV_5000;260;9;259;23;;;266;8;267;19;;;263.0;0.0
-1;7400;VEV_5100;166;24;;;;;171;26;;;;;168.5;0.0
-1;7400;VEV_5200;98;25;;;;;100;11;101;15;;;99.0;0.0
-1;7400;VEV_5300;49;21;;;;;51;16;51;9;;;50.0;0.0
-1;7400;VEV_5400;17;21;;;;;18;6;;;;;17.5;0.0
-1;7400;VEV_5500;5;25;;;;;6;17;;;;;5.5;0.0
-1;7400;VEV_6000;0;18;;;;;1;18;;;;;0.5;0.0
-1;7400;VEV_6500;0;18;;;;;1;18;;;;;0.5;0.0
-1;7500;HYDROGEL_PACK;9969;11;9966;23;;;9985;11;9987;23;;;9977.0;0.0
-1;7500;VELVETFRUIT_EXTRACT;5252;48;;;;;5257;15;5258;35;;;5254.5;0.0
-1;7500;VEV_4000;1238;12;1236;21;;;1259;12;1262;21;;;1248.5;0.0
-1;7500;VEV_4500;764;24;;;;;782;6;784;24;;;773.0;0.0
-1;7500;VEV_5000;259;12;258;18;;;265;6;266;20;;;262.0;0.0
-1;7500;VEV_5100;168;10;;;;;172;11;173;13;;;170.0;0.0
-1;7500;VEV_5200;98;8;97;22;;;100;9;101;32;;;99.0;0.0
-1;7500;VEV_5300;49;20;;;;;51;20;;;;;50.0;0.0
-1;7500;VEV_5400;;;;;;;17;22;18;21;;;17.0;0.0
-1;7500;VEV_5500;5;30;;;;;6;24;;;;;5.5;0.0
-1;7500;VEV_6000;0;19;;;;;1;19;;;;;0.5;0.0
-1;7500;VEV_6500;0;18;;;;;1;18;;;;;0.5;0.0
-1;7600;HYDROGEL_PACK;9966;14;9964;23;;;9982;14;9985;23;;;9974.0;0.0
-1;7600;VELVETFRUIT_EXTRACT;5251;47;;;;;5257;49;;;;;5254.0;0.0
-1;7600;VEV_4000;1238;8;1235;21;;;1259;8;1261;21;;;1248.5;0.0
-1;7600;VEV_4500;765;8;763;22;;;781;8;784;22;;;773.0;0.0
-1;7600;VEV_5000;260;11;259;12;;;266;6;267;19;;;263.0;0.0
-1;7600;VEV_5100;169;18;;;;;;;;;;;169.0;0.0
-1;7600;VEV_5200;96;11;95;32;;;;;;;;;96.0;0.0
-1;7600;VEV_5300;49;24;;;;;51;28;;;;;50.0;0.0
-1;7600;VEV_5400;;;;;;;17;16;18;27;;;17.0;0.0
-1;7600;VEV_5500;5;21;;;;;6;23;;;;;5.5;0.0
-1;7600;VEV_6000;0;16;;;;;1;16;;;;;0.5;0.0
-1;7600;VEV_6500;0;17;;;;;1;17;;;;;0.5;0.0
-1;7700;HYDROGEL_PACK;9963;14;9960;24;;;9979;14;9981;24;;;9971.0;0.0
-1;7700;VELVETFRUIT_EXTRACT;5249;48;;;;;5255;32;;;;;5252.0;0.0
-1;7700;VEV_4000;1237;15;1234;19;;;1258;15;1260;19;;;1247.5;0.0
-1;7700;VEV_4500;766;9;764;20;;;782;9;784;20;;;774.0;0.0
-1;7700;VEV_5000;259;27;;;;;265;12;266;24;;;262.0;0.0
-1;7700;VEV_5100;169;21;168;16;;;173;12;174;24;;;171.0;0.0
-1;7700;VEV_5200;97;7;;;;;99;32;100;12;;;98.0;0.0
-1;7700;VEV_5300;49;19;48;13;;;51;20;52;22;;;50.0;0.0
-1;7700;VEV_5400;17;22;;;;;18;26;19;21;;;17.5;0.0
-1;7700;VEV_5500;5;27;;;;;;;;;;;5.0;0.0
-1;7700;VEV_6000;0;24;;;;;1;24;;;;;0.5;0.0
-1;7700;VEV_6500;0;14;;;;;1;14;;;;;0.5;0.0
-1;7800;HYDROGEL_PACK;9963;13;9961;23;;;9979;13;9982;23;;;9971.0;0.0
-1;7800;VELVETFRUIT_EXTRACT;5250;15;5250;21;;;5255;21;5256;44;5256;36;5252.5;0.0
-1;7800;VEV_4000;1234;14;1232;24;;;1255;14;1257;24;;;1244.5;0.0
-1;7800;VEV_4500;766;9;764;19;;;782;9;785;19;;;774.0;0.0
-1;7800;VEV_5000;257;9;256;22;;;264;17;;;;;260.5;0.0
-1;7800;VEV_5100;168;13;;;;;173;6;174;22;;;170.5;0.0
-1;7800;VEV_5200;96;22;;;;;100;33;;;;;98.0;0.0
-1;7800;VEV_5300;49;5;;;;;51;27;;;;;50.0;0.0
-1;7800;VEV_5400;16;22;;;;;;;;;;;16.0;0.0
-1;7800;VEV_5500;5;26;;;;;6;19;;;;;5.5;0.0
-1;7800;VEV_6000;0;27;;;;;1;27;;;;;0.5;0.0
-1;7800;VEV_6500;0;14;;;;;1;14;;;;;0.5;0.0
-1;7900;HYDROGEL_PACK;9962;10;9960;23;;;9978;10;9981;23;;;9970.0;0.0
-1;7900;VELVETFRUIT_EXTRACT;5250;56;5250;21;;;5256;39;;;;;5253.0;0.0
-1;7900;VEV_4000;1236;9;1234;17;;;1257;9;1259;17;;;1246.5;0.0
-1;7900;VEV_4500;765;6;763;21;;;783;21;;;;;774.0;0.0
-1;7900;VEV_5000;257;28;256;18;;;263;7;;;;;260.0;0.0
-1;7900;VEV_5100;169;21;168;21;;;173;6;174;25;;;171.0;0.0
-1;7900;VEV_5200;96;20;;;;;99;31;100;19;;;97.5;0.0
-1;7900;VEV_5300;50;17;49;14;;;52;29;53;19;;;51.0;0.0
-1;7900;VEV_5400;16;22;;;;;17;21;18;23;;;16.5;0.0
-1;7900;VEV_5500;5;20;;;;;6;19;;;;;5.5;0.0
-1;7900;VEV_6000;0;25;;;;;1;25;;;;;0.5;0.0
-1;7900;VEV_6500;0;15;;;;;1;15;;;;;0.5;0.0
-1;8000;HYDROGEL_PACK;9961;11;9959;25;;;9977;11;9980;25;;;9969.0;0.0
-1;8000;VELVETFRUIT_EXTRACT;5250;58;;;;;5256;72;5257;36;;;5253.0;0.0
-1;8000;VEV_4000;1237;12;1234;22;;;1257;12;1260;22;;;1247.0;0.0
-1;8000;VEV_4500;765;12;764;9;763;19;781;12;783;19;;;773.0;0.0
-1;8000;VEV_5000;258;8;257;24;;;265;17;;;;;261.5;0.0
-1;8000;VEV_5100;168;17;;;;;173;7;;;;;170.5;0.0
-1;8000;VEV_5200;97;26;;;;;99;10;100;15;;;98.0;0.0
-1;8000;VEV_5300;50;21;49;19;;;52;24;53;25;;;51.0;0.0
-1;8000;VEV_5400;17;19;16;22;;;;;;;;;17.0;0.0
-1;8000;VEV_5500;5;25;;;;;6;21;;;;;5.5;0.0
-1;8000;VEV_6000;0;18;;;;;1;18;;;;;0.5;0.0
-1;8000;VEV_6500;0;17;;;;;1;17;;;;;0.5;0.0
-1;8100;HYDROGEL_PACK;9957;15;9955;20;;;9973;15;9976;20;;;9965.0;0.0
-1;8100;VELVETFRUIT_EXTRACT;5250;49;;;;;5256;49;;;;;5253.0;0.0
-1;8100;VEV_4000;1238;12;1235;20;;;1258;12;1261;20;;;1248.0;0.0
-1;8100;VEV_4500;766;7;764;18;;;782;7;784;18;;;774.0;0.0
-1;8100;VEV_5000;257;7;256;22;;;263;11;264;13;;;260.0;0.0
-1;8100;VEV_5100;168;27;;;;;173;8;174;29;;;170.5;0.0
-1;8100;VEV_5200;97;6;96;27;;;100;34;;;;;98.5;0.0
-1;8100;VEV_5300;50;24;;;;;52;21;;;;;51.0;0.0
-1;8100;VEV_5400;17;28;16;21;;;18;16;;;;;17.5;0.0
-1;8100;VEV_5500;5;17;;;;;6;22;;;;;5.5;0.0
-1;8100;VEV_6000;0;16;;;;;1;16;;;;;0.5;0.0
-1;8100;VEV_6500;0;15;;;;;1;15;;;;;0.5;0.0
-1;8200;HYDROGEL_PACK;9957;12;9954;26;;;9973;12;9975;26;;;9965.0;0.0
-1;8200;VELVETFRUIT_EXTRACT;5251;56;5251;18;;;5256;18;5257;65;;;5253.5;0.0
-1;8200;VEV_4000;1236;15;1233;22;;;1257;15;1259;22;;;1246.5;0.0
-1;8200;VEV_4500;766;12;764;15;;;783;7;785;15;;;774.5;0.0
-1;8200;VEV_5000;258;19;;;;;265;8;;;;;261.5;0.0
-1;8200;VEV_5100;167;18;;;;;;;;;;;167.0;0.0
-1;8200;VEV_5200;96;31;95;32;;;99;24;;;;;97.5;0.0
-1;8200;VEV_5300;50;7;;;;;52;28;;;;;51.0;0.0
-1;8200;VEV_5400;16;20;;;;;17;26;18;29;;;16.5;0.0
-1;8200;VEV_5500;5;23;;;;;6;20;;;;;5.5;0.0
-1;8200;VEV_6000;0;23;;;;;1;23;;;;;0.5;0.0
-1;8200;VEV_6500;0;14;;;;;1;14;;;;;0.5;0.0
-1;8300;HYDROGEL_PACK;9957;12;9955;29;;;9973;12;9976;29;;;9965.0;0.0
-1;8300;VELVETFRUIT_EXTRACT;5251;16;;;;;5256;24;5257;72;;;5253.5;0.0
-1;8300;VEV_4000;1237;8;1235;28;;;1258;8;1261;28;;;1247.5;0.0
-1;8300;VEV_4500;766;6;764;22;;;782;6;784;22;;;774.0;0.0
-1;8300;VEV_5000;259;6;258;29;;;266;17;;;;;262.5;0.0
-1;8300;VEV_5100;169;11;;;;;173;11;174;23;;;171.0;0.0
-1;8300;VEV_5200;95;27;;;;;99;23;;;;;97.0;0.0
-1;8300;VEV_5300;51;18;;;;;53;25;;;;;52.0;0.0
-1;8300;VEV_5400;17;21;16;26;;;18;23;;;;;17.5;0.0
-1;8300;VEV_5500;5;26;;;;;6;18;;;;;5.5;0.0
-1;8300;VEV_6000;0;20;;;;;1;20;;;;;0.5;0.0
-1;8300;VEV_6500;0;13;;;;;1;13;;;;;0.5;0.0
-1;8400;HYDROGEL_PACK;9956;14;9954;28;;;9972;14;9974;28;;;9964.0;0.0
-1;8400;VELVETFRUIT_EXTRACT;5252;67;;;;;5258;38;;;;;5255.0;0.0
-1;8400;VEV_4000;1237;12;1234;22;;;1258;12;1260;22;;;1247.5;0.0
-1;8400;VEV_4500;766;6;764;15;;;782;6;783;18;;;774.0;0.0
-1;8400;VEV_5000;259;9;258;32;;;266;14;;;;;262.5;0.0
-1;8400;VEV_5100;169;8;;;;;;;;;;;169.0;0.0
-1;8400;VEV_5200;97;28;;;;;100;31;;;;;98.5;0.0
-1;8400;VEV_5300;51;25;;;;;53;20;;;;;52.0;0.0
-1;8400;VEV_5400;16;20;;;;;17;17;18;12;;;16.5;0.0
-1;8400;VEV_5500;5;18;;;;;6;18;;;;;5.5;0.0
-1;8400;VEV_6000;0;21;;;;;1;21;;;;;0.5;0.0
-1;8400;VEV_6500;0;13;;;;;1;13;;;;;0.5;0.0
-1;8500;HYDROGEL_PACK;9953;11;9950;23;;;9969;11;9971;23;;;9961.0;0.0
-1;8500;VELVETFRUIT_EXTRACT;5251;49;;;;;5256;21;5257;19;;;5253.5;0.0
-1;8500;VEV_4000;1237;15;1235;26;;;1258;15;1261;26;;;1247.5;0.0
-1;8500;VEV_4500;766;11;764;17;;;782;11;784;17;;;774.0;0.0
-1;8500;VEV_5000;259;7;258;30;;;265;11;266;27;;;262.0;0.0
-1;8500;VEV_5100;168;9;167;21;;;172;11;173;15;;;170.0;0.0
-1;8500;VEV_5200;95;20;;;;;99;33;;;;;97.0;0.0
-1;8500;VEV_5300;49;22;;;;;52;16;53;22;;;50.5;0.0
-1;8500;VEV_5400;16;22;;;;;18;18;;;;;17.0;0.0
-1;8500;VEV_5500;5;22;;;;;6;20;;;;;5.5;0.0
-1;8500;VEV_6000;0;24;;;;;1;24;;;;;0.5;0.0
-1;8500;VEV_6500;0;14;;;;;1;14;;;;;0.5;0.0
-1;8600;HYDROGEL_PACK;9952;11;9950;30;;;9968;11;9971;30;;;9960.0;0.0
-1;8600;VELVETFRUIT_EXTRACT;5252;18;5251;32;;;5257;33;;;;;5254.5;0.0
-1;8600;VEV_4000;1237;12;1234;17;;;1258;12;1260;17;;;1247.5;0.0
-1;8600;VEV_4500;767;8;765;21;;;783;8;786;21;;;775.0;0.0
-1;8600;VEV_5000;259;11;258;15;;;265;11;266;13;;;262.0;0.0
-1;8600;VEV_5100;167;8;;;;;171;28;172;22;;;169.0;0.0
-1;8600;VEV_5200;94;30;;;;;97;28;98;32;;;95.5;0.0
-1;8600;VEV_5300;;;;;;;52;26;;;;;52.0;0.0
-1;8600;VEV_5400;16;28;;;;;18;25;;;;;17.0;0.0
-1;8600;VEV_5500;5;23;;;;;6;18;;;;;5.5;0.0
-1;8600;VEV_6000;0;18;;;;;1;18;;;;;0.5;0.0
-1;8600;VEV_6500;0;21;;;;;1;21;;;;;0.5;0.0
-1;8700;HYDROGEL_PACK;9953;13;9951;30;;;9969;13;9972;30;;;9961.0;0.0
-1;8700;VELVETFRUIT_EXTRACT;5251;42;5251;61;;;5257;40;;;;;5254.0;0.0
-1;8700;VEV_4000;1235;8;1233;23;;;1256;8;1259;23;;;1245.5;0.0
-1;8700;VEV_4500;769;8;767;23;;;785;8;787;23;;;777.0;0.0
-1;8700;VEV_5000;260;12;259;20;;;266;29;267;17;;;263.0;0.0
-1;8700;VEV_5100;167;12;166;32;;;171;25;172;19;;;169.0;0.0
-1;8700;VEV_5200;95;8;94;24;;;98;24;;;;;96.5;0.0
-1;8700;VEV_5300;50;24;;;;;;;;;;;50.0;0.0
-1;8700;VEV_5400;16;21;;;;;18;25;;;;;17.0;0.0
-1;8700;VEV_5500;5;17;;;;;6;16;;;;;5.5;0.0
-1;8700;VEV_6000;0;20;;;;;1;20;;;;;0.5;0.0
-1;8700;VEV_6500;0;11;;;;;1;11;;;;;0.5;0.0
-1;8800;HYDROGEL_PACK;9950;12;9948;26;;;9966;12;9969;26;;;9958.0;0.0
-1;8800;VELVETFRUIT_EXTRACT;5253;45;;;;;5259;49;;;;;5256.0;0.0
-1;8800;VEV_4000;1234;11;1232;23;;;1255;11;1258;23;;;1244.5;0.0
-1;8800;VEV_4500;767;6;765;13;;;783;6;785;13;;;775.0;0.0
-1;8800;VEV_5000;260;8;;;;;267;17;;;;;263.5;0.0
-1;8800;VEV_5100;167;9;166;24;;;171;35;172;16;;;169.0;0.0
-1;8800;VEV_5200;;;;;;;98;9;99;23;;;98.0;0.0
-1;8800;VEV_5300;50;19;49;20;;;52;24;;;;;51.0;0.0
-1;8800;VEV_5400;16;22;;;;;18;27;;;;;17.0;0.0
-1;8800;VEV_5500;5;15;;;;;6;20;;;;;5.5;0.0
-1;8800;VEV_6000;0;27;;;;;1;27;;;;;0.5;0.0
-1;8800;VEV_6500;0;18;;;;;1;18;;;;;0.5;0.0
-1;8900;HYDROGEL_PACK;9950;14;9948;27;;;9966;14;9969;27;;;9958.0;0.0
-1;8900;VELVETFRUIT_EXTRACT;5253;33;5253;35;;;5259;17;;;;;5256.0;0.0
-1;8900;VEV_4000;1233;12;1230;30;;;1254;12;1256;30;;;1243.5;0.0
-1;8900;VEV_4500;766;12;764;13;;;785;13;;;;;775.5;0.0
-1;8900;VEV_5000;260;26;259;14;;;267;18;;;;;263.5;0.0
-1;8900;VEV_5100;168;11;;;;;172;22;173;32;;;170.0;0.0
-1;8900;VEV_5200;95;23;;;;;98;12;;;;;96.5;0.0
-1;8900;VEV_5300;;;;;;;52;20;;;;;52.0;0.0
-1;8900;VEV_5400;;;;;;;18;12;;;;;18.0;0.0
-1;8900;VEV_5500;5;22;;;;;6;19;;;;;5.5;0.0
-1;8900;VEV_6000;0;24;;;;;1;24;;;;;0.5;0.0
-1;8900;VEV_6500;0;16;;;;;1;16;;;;;0.5;0.0
-1;9000;HYDROGEL_PACK;9950;12;9947;30;;;9966;12;9968;30;;;9958.0;0.0
-1;9000;VELVETFRUIT_EXTRACT;5253;17;;;;;5259;51;;;;;5256.0;0.0
-1;9000;VEV_4000;1234;13;1232;22;;;1255;13;1258;22;;;1244.5;0.0
-1;9000;VEV_4500;766;8;764;16;;;782;8;785;16;;;774.0;0.0
-1;9000;VEV_5000;260;8;259;17;;;266;8;267;20;;;263.0;0.0
-1;9000;VEV_5100;169;9;168;27;;;173;26;;;;;171.0;0.0
-1;9000;VEV_5200;95;29;;;;;99;22;;;;;97.0;0.0
-1;9000;VEV_5300;50;27;;;;;52;21;;;;;51.0;0.0
-1;9000;VEV_5400;16;29;;;;;18;18;;;;;17.0;0.0
-1;9000;VEV_5500;5;24;;;;;6;24;;;;;5.5;0.0
-1;9000;VEV_6000;0;24;;;;;1;24;;;;;0.5;0.0
-1;9000;VEV_6500;0;13;;;;;1;13;;;;;0.5;0.0
-1;9100;HYDROGEL_PACK;9949;13;9947;26;;;9965;13;9968;26;;;9957.0;0.0
-1;9100;VELVETFRUIT_EXTRACT;5254;15;;;;;5260;25;;;;;5257.0;0.0
-1;9100;VEV_4000;1235;9;1233;23;;;1256;9;1259;23;;;1245.5;0.0
-1;9100;VEV_4500;765;9;763;23;;;781;9;783;23;;;773.0;0.0
-1;9100;VEV_5000;260;7;259;21;;;266;10;267;14;;;263.0;0.0
-1;9100;VEV_5100;170;12;169;12;;;;;;;;;170.0;0.0
-1;9100;VEV_5200;95;26;;;;;99;13;;;;;97.0;0.0
-1;9100;VEV_5300;50;24;;;;;52;24;;;;;51.0;0.0
-1;9100;VEV_5400;15;26;;;;;;;;;;;15.0;0.0
-1;9100;VEV_5500;5;24;;;;;6;24;;;;;5.5;0.0
-1;9100;VEV_6000;0;29;;;;;1;29;;;;;0.5;0.0
-1;9100;VEV_6500;0;19;;;;;1;19;;;;;0.5;0.0
-1;9200;HYDROGEL_PACK;9949;10;9947;29;;;9965;10;9968;29;;;9957.0;0.0
-1;9200;VELVETFRUIT_EXTRACT;5255;23;5255;25;;;5261;58;;;;;5258.0;0.0
-1;9200;VEV_4000;1236;13;1233;26;;;1257;13;1259;26;;;1246.5;0.0
-1;9200;VEV_4500;765;11;763;13;;;781;11;783;13;;;773.0;0.0
-1;9200;VEV_5000;258;12;;;;;266;14;;;;;262.0;0.0
-1;9200;VEV_5100;171;8;;;;;175;11;176;19;;;173.0;0.0
-1;9200;VEV_5200;96;21;95;20;;;99;32;;;;;97.5;0.0
-1;9200;VEV_5300;50;20;49;20;;;52;8;;;;;51.0;0.0
-1;9200;VEV_5400;15;29;;;;;17;16;;;;;16.0;0.0
-1;9200;VEV_5500;5;27;;;;;6;20;;;;;5.5;0.0
-1;9200;VEV_6000;0;23;;;;;1;23;;;;;0.5;0.0
-1;9200;VEV_6500;0;15;;;;;1;15;;;;;0.5;0.0
-1;9300;HYDROGEL_PACK;9947;10;9945;27;;;9963;10;9965;27;;;9955.0;0.0
-1;9300;VELVETFRUIT_EXTRACT;5255;25;;;;;5260;24;5261;59;;;5257.5;0.0
-1;9300;VEV_4000;1237;11;1235;20;;;1258;11;1261;20;;;1247.5;0.0
-1;9300;VEV_4500;762;18;;;;;783;18;;;;;772.5;0.0
-1;9300;VEV_5000;259;6;258;12;;;265;33;266;24;;;262.0;0.0
-1;9300;VEV_5100;171;8;;;;;175;27;176;36;;;173.0;0.0
-1;9300;VEV_5200;;;;;;;97;6;;;;;97.0;0.0
-1;9300;VEV_5300;51;21;;;;;53;20;53;9;;;52.0;0.0
-1;9300;VEV_5400;16;23;15;23;;;17;21;;;;;16.5;0.0
-1;9300;VEV_5500;5;26;;;;;6;20;;;;;5.5;0.0
-1;9300;VEV_6000;0;21;;;;;1;21;;;;;0.5;0.0
-1;9300;VEV_6500;0;17;;;;;1;17;;;;;0.5;0.0
-1;9400;HYDROGEL_PACK;9947;13;9945;25;;;9963;13;9966;25;;;9955.0;0.0
-1;9400;VELVETFRUIT_EXTRACT;5256;15;5255;50;;;5261;50;;;;;5258.5;0.0
-1;9400;VEV_4000;1239;13;1237;17;;;1260;13;1263;17;;;1249.5;0.0
-1;9400;VEV_4500;765;9;763;12;;;781;9;782;11;783;12;773.0;0.0
-1;9400;VEV_5000;259;12;258;22;;;265;11;266;13;;;262.0;0.0
-1;9400;VEV_5100;171;6;170;16;;;;;;;;;171.0;0.0
-1;9400;VEV_5200;95;29;;;;;99;25;;;;;97.0;0.0
-1;9400;VEV_5300;50;23;;;;;52;17;;;;;51.0;0.0
-1;9400;VEV_5400;15;10;;;;;17;19;;;;;16.0;0.0
-1;9400;VEV_5500;4;26;;;;;6;16;;;;;5.0;0.0
-1;9400;VEV_6000;0;24;;;;;1;24;;;;;0.5;0.0
-1;9400;VEV_6500;0;16;;;;;1;16;;;;;0.5;0.0
-1;9500;HYDROGEL_PACK;9945;13;9943;20;;;9961;13;9964;20;;;9953.0;0.0
-1;9500;VELVETFRUIT_EXTRACT;5254;31;;;;;5259;23;5260;52;5261;37;5256.5;0.0
-1;9500;VEV_4000;1239;9;1237;22;;;1260;9;1263;22;;;1249.5;0.0
-1;9500;VEV_4500;766;9;764;12;;;782;9;783;10;784;12;774.0;0.0
-1;9500;VEV_5000;260;9;259;24;;;266;12;267;15;;;263.0;0.0
-1;9500;VEV_5100;;;;;;;174;21;;;;;174.0;0.0
-1;9500;VEV_5200;;;;;;;98;18;99;29;;;98.0;0.0
-1;9500;VEV_5300;50;8;49;19;;;52;18;;;;;51.0;0.0
-1;9500;VEV_5400;15;24;;;;;;;;;;;15.0;0.0
-1;9500;VEV_5500;4;24;;;;;6;17;;;;;5.0;0.0
-1;9500;VEV_6000;0;27;;;;;1;27;;;;;0.5;0.0
-1;9500;VEV_6500;0;21;;;;;1;21;;;;;0.5;0.0
-1;9600;HYDROGEL_PACK;9945;10;9943;24;;;9961;10;9964;24;;;9953.0;0.0
-1;9600;VELVETFRUIT_EXTRACT;5254;21;5253;41;;;5259;15;;;;;5256.5;0.0
-1;9600;VEV_4000;1240;12;1238;26;;;1261;12;1264;26;;;1250.5;0.0
-1;9600;VEV_4500;766;12;764;16;;;782;12;784;16;;;774.0;0.0
-1;9600;VEV_5000;261;7;260;22;;;267;22;268;20;;;264.0;0.0
-1;9600;VEV_5100;168;12;167;23;;;172;28;173;20;;;170.0;0.0
-1;9600;VEV_5200;96;26;;;;;99;8;100;29;;;97.5;0.0
-1;9600;VEV_5300;;;;;;;53;24;54;25;;;53.0;0.0
-1;9600;VEV_5400;15;16;15;19;;;17;22;;;;;16.0;0.0
-1;9600;VEV_5500;4;22;;;;;6;21;;;;;5.0;0.0
-1;9600;VEV_6000;0;23;;;;;1;23;;;;;0.5;0.0
-1;9600;VEV_6500;0;15;;;;;1;15;;;;;0.5;0.0
-1;9700;HYDROGEL_PACK;9948;15;9945;23;;;9964;15;9966;23;;;9956.0;0.0
-1;9700;VELVETFRUIT_EXTRACT;5253;60;;;;;5259;34;;;;;5256.0;0.0
-1;9700;VEV_4000;1242;11;1240;19;;;1263;11;1266;19;;;1252.5;0.0
-1;9700;VEV_4500;;;;;;;785;21;;;;;785.0;0.0
-1;9700;VEV_5000;261;31;260;19;;;267;6;268;16;;;264.0;0.0
-1;9700;VEV_5100;167;26;166;23;;;172;32;;;;;169.5;0.0
-1;9700;VEV_5200;96;16;;;;;;;;;;;96.0;0.0
-1;9700;VEV_5300;51;18;;;;;53;22;;;;;52.0;0.0
-1;9700;VEV_5400;15;30;15;26;;;17;25;;;;;16.0;0.0
-1;9700;VEV_5500;5;19;;;;;6;22;;;;;5.5;0.0
-1;9700;VEV_6000;0;21;;;;;1;21;;;;;0.5;0.0
-1;9700;VEV_6500;0;13;;;;;1;13;;;;;0.5;0.0
-1;9800;HYDROGEL_PACK;9950;14;9948;21;;;9966;14;9969;21;;;9958.0;0.0
-1;9800;VELVETFRUIT_EXTRACT;5254;64;;;;;5259;25;5260;33;;;5256.5;0.0
-1;9800;VEV_4000;1241;15;1239;30;;;1262;15;1265;30;;;1251.5;0.0
-1;9800;VEV_4500;766;6;764;23;;;782;6;784;23;;;774.0;0.0
-1;9800;VEV_5000;261;10;260;20;;;267;31;268;15;;;264.0;0.0
-1;9800;VEV_5100;167;24;166;30;;;171;26;172;24;;;169.0;0.0
-1;9800;VEV_5200;;;;;;;98;10;99;26;;;98.0;0.0
-1;9800;VEV_5300;51;29;;;;;53;19;;;;;52.0;0.0
-1;9800;VEV_5400;15;17;14;25;;;;;;;;;15.0;0.0
-1;9800;VEV_5500;5;23;;;;;6;26;;;;;5.5;0.0
-1;9800;VEV_6000;0;29;;;;;1;29;;;;;0.5;0.0
-1;9800;VEV_6500;0;14;;;;;1;14;;;;;0.5;0.0
-1;9900;HYDROGEL_PACK;9951;12;9948;27;;;9967;12;9969;27;;;9959.0;0.0
-1;9900;VELVETFRUIT_EXTRACT;5257;15;5256;49;;;5262;43;;;;;5259.5;0.0
-1;9900;VEV_4000;1241;8;1239;21;;;1262;8;1265;21;;;1251.5;0.0
-1;9900;VEV_4500;764;24;;;;;782;10;784;24;;;773.0;0.0
-1;9900;VEV_5000;262;34;261;21;;;268;12;;;;;265.0;0.0
-1;9900;VEV_5100;165;16;;;;;170;10;171;22;;;167.5;0.0
-1;9900;VEV_5200;96;26;95;16;;;99;21;;;;;97.5;0.0
-1;9900;VEV_5300;50;15;;;;;53;15;54;16;;;51.5;0.0
-1;9900;VEV_5400;14;22;;;;;16;16;;;;;15.0;0.0
-1;9900;VEV_5500;5;20;;;;;6;27;;;;;5.5;0.0
-1;9900;VEV_6000;0;21;;;;;1;21;;;;;0.5;0.0
-1;9900;VEV_6500;0;21;;;;;1;21;;;;;0.5;0.0
-1;10000;HYDROGEL_PACK;9947;11;9945;26;;;9963;11;9966;26;;;9955.0;0.0
-1;10000;VELVETFRUIT_EXTRACT;5256;60;;;;;5262;47;;;;;5259.0;0.0
-1;10000;VEV_4000;1240;15;1237;21;;;1261;15;1263;21;;;1250.5;0.0
-1;10000;VEV_4500;765;12;763;14;;;781;12;784;14;;;773.0;0.0
-1;10000;VEV_5000;262;9;261;16;;;268;11;269;20;;;265.0;0.0
-1;10000;VEV_5100;166;29;165;24;;;170;12;171;18;;;168.0;0.0
-1;10000;VEV_5200;95;29;94;23;;;97;8;98;31;;;96.0;0.0
-1;10000;VEV_5300;51;15;;;;;53;7;;;;;52.0;0.0
-1;10000;VEV_5400;15;22;14;22;;;16;27;;;;;15.5;0.0
-1;10000;VEV_5500;5;27;;;;;6;5;;;;;5.5;0.0
-1;10000;VEV_6000;0;20;;;;;1;20;;;;;0.5;0.0
-1;10000;VEV_6500;0;12;;;;;1;12;;;;;0.5;0.0
-1;10100;HYDROGEL_PACK;9948;15;9945;23;;;9964;15;9966;23;;;9956.0;0.0
-1;10100;VELVETFRUIT_EXTRACT;5258;50;5258;21;;;5264;47;;;;;5261.0;0.0
-1;10100;VEV_4000;1241;13;1238;24;;;1262;13;1264;24;;;1251.5;0.0
-1;10100;VEV_4500;763;16;;;;;783;16;;;;;773.0;0.0
-1;10100;VEV_5000;261;23;260;35;;;267;8;268;24;;;264.0;0.0
-1;10100;VEV_5100;166;6;165;23;;;170;9;171;29;;;168.0;0.0
-1;10100;VEV_5200;95;12;94;33;;;97;31;98;22;;;96.0;0.0
-1;10100;VEV_5300;51;8;;;;;53;19;;;;;52.0;0.0
-1;10100;VEV_5400;;;;;;;15;26;16;20;;;15.0;0.0
-1;10100;VEV_5500;5;17;;;;;6;29;;;;;5.5;0.0
-1;10100;VEV_6000;0;30;;;;;1;30;;;;;0.5;0.0
-1;10100;VEV_6500;0;18;;;;;1;18;;;;;0.5;0.0
-1;10200;HYDROGEL_PACK;9948;13;9946;24;;;9964;13;9967;24;;;9956.0;0.0
-1;10200;VELVETFRUIT_EXTRACT;5258;25;5257;35;;;5262;25;5263;56;;;5260.0;0.0
-1;10200;VEV_4000;1243;8;1240;21;;;1264;8;1267;21;;;1253.5;0.0
-1;10200;VEV_4500;765;10;763;16;;;781;10;784;16;;;773.0;0.0
-1;10200;VEV_5000;262;10;261;12;;;268;7;269;13;;;265.0;0.0
-1;10200;VEV_5100;166;11;165;13;;;170;8;171;30;;;168.0;0.0
-1;10200;VEV_5200;96;8;;;;;98;21;;;;;97.0;0.0
-1;10200;VEV_5300;51;5;50;20;;;53;25;54;21;;;52.0;0.0
-1;10200;VEV_5400;;;;;;;16;24;;;;;16.0;0.0
-1;10200;VEV_5500;5;26;;;;;6;23;;;;;5.5;0.0
-1;10200;VEV_6000;0;22;;;;;1;22;;;;;0.5;0.0
-1;10200;VEV_6500;0;15;;;;;1;15;;;;;0.5;0.0
-1;10300;HYDROGEL_PACK;9948;11;9946;24;;;9964;11;9967;24;;;9956.0;0.0
-1;10300;VELVETFRUIT_EXTRACT;5259;47;5259;39;;;5265;56;5266;47;;;5262.0;0.0
-1;10300;VEV_4000;1243;7;1241;26;;;1264;7;1267;26;;;1253.5;0.0
-1;10300;VEV_4500;766;11;765;7;764;17;782;11;785;17;;;774.0;0.0
-1;10300;VEV_5000;262;10;;;;;268;22;;;;;265.0;0.0
-1;10300;VEV_5100;165;15;;;;;170;29;171;36;;;167.5;0.0
-1;10300;VEV_5200;96;11;95;26;;;98;20;;;;;97.0;0.0
-1;10300;VEV_5300;51;20;;;;;53;5;54;24;;;52.0;0.0
-1;10300;VEV_5400;15;24;14;26;;;;;;;;;15.0;0.0
-1;10300;VEV_5500;5;22;;;;;6;26;;;;;5.5;0.0
-1;10300;VEV_6000;0;24;;;;;1;24;;;;;0.5;0.0
-1;10300;VEV_6500;0;12;;;;;1;12;;;;;0.5;0.0
-1;10400;HYDROGEL_PACK;9948;12;9945;28;;;9964;12;9966;28;;;9956.0;0.0
-1;10400;VELVETFRUIT_EXTRACT;5258;30;;;;;5264;34;;;;;5261.0;0.0
-1;10400;VEV_4000;1242;7;1240;15;;;1263;7;1266;15;;;1252.5;0.0
-1;10400;VEV_4500;766;9;764;19;;;784;19;;;;;775.0;0.0
-1;10400;VEV_5000;263;12;;;;;269;24;270;13;;;266.0;0.0
-1;10400;VEV_5100;166;34;165;26;;;170;10;;;;;168.0;0.0
-1;10400;VEV_5200;95;28;;;;;98;23;;;;;96.5;0.0
-1;10400;VEV_5300;51;7;;;;;53;21;;;;;52.0;0.0
-1;10400;VEV_5400;15;20;14;15;;;16;21;;;;;15.5;0.0
-1;10400;VEV_5500;5;26;;;;;6;23;;;;;5.5;0.0
-1;10400;VEV_6000;0;23;;;;;1;23;;;;;0.5;0.0
-1;10400;VEV_6500;0;18;;;;;1;18;;;;;0.5;0.0
-1;10500;HYDROGEL_PACK;9947;13;9945;20;;;9963;13;9966;20;;;9955.0;0.0
-1;10500;VELVETFRUIT_EXTRACT;5259;17;5259;24;;;5265;30;;;;;5262.0;0.0
-1;10500;VEV_4000;1243;15;1240;15;;;1264;15;1266;15;;;1253.5;0.0
-1;10500;VEV_4500;767;6;765;19;;;783;6;785;19;;;775.0;0.0
-1;10500;VEV_5000;263;6;262;22;;;269;8;270;13;;;266.0;0.0
-1;10500;VEV_5100;167;11;;;;;172;24;;;;;169.5;0.0
-1;10500;VEV_5200;95;9;94;33;;;98;23;;;;;96.5;0.0
-1;10500;VEV_5300;50;24;;;;;52;21;;;;;51.0;0.0
-1;10500;VEV_5400;15;26;15;15;;;17;21;;;;;16.0;0.0
-1;10500;VEV_5500;5;27;;;;;6;24;;;;;5.5;0.0
-1;10500;VEV_6000;0;20;;;;;1;20;;;;;0.5;0.0
-1;10500;VEV_6500;0;10;;;;;1;10;;;;;0.5;0.0
-1;10600;HYDROGEL_PACK;9950;11;9948;27;;;9966;11;9969;27;;;9958.0;0.0
-1;10600;VELVETFRUIT_EXTRACT;5257;44;;;;;5263;21;5264;46;;;5260.0;0.0
-1;10600;VEV_4000;1243;8;1240;20;;;1264;8;1266;20;;;1253.5;0.0
-1;10600;VEV_4500;766;10;764;18;;;782;10;785;18;;;774.0;0.0
-1;10600;VEV_5000;263;11;;;;;269;6;;;;;266.0;0.0
-1;10600;VEV_5100;167;11;;;;;171;6;;;;;169.0;0.0
-1;10600;VEV_5200;;;;;;;98;21;99;14;;;98.0;0.0
-1;10600;VEV_5300;51;24;;;;;53;17;;;;;52.0;0.0
-1;10600;VEV_5400;14;13;;;;;16;29;;;;;15.0;0.0
-1;10600;VEV_5500;5;29;;;;;6;24;;;;;5.5;0.0
-1;10600;VEV_6000;0;26;;;;;1;26;;;;;0.5;0.0
-1;10600;VEV_6500;0;12;;;;;1;12;;;;;0.5;0.0
-1;10700;HYDROGEL_PACK;9949;11;9946;29;;;9965;11;9967;29;;;9957.0;0.0
-1;10700;VELVETFRUIT_EXTRACT;5256;34;;;;;5262;68;;;;;5259.0;0.0
-1;10700;VEV_4000;1243;15;1241;21;;;1264;15;1267;21;;;1253.5;0.0
-1;10700;VEV_4500;768;6;766;17;;;784;6;786;17;;;776.0;0.0
-1;10700;VEV_5000;263;6;262;13;;;269;11;;;;;266.0;0.0
-1;10700;VEV_5100;168;7;167;13;;;172;12;173;36;;;170.0;0.0
-1;10700;VEV_5200;97;32;96;29;;;100;24;;;;;98.5;0.0
-1;10700;VEV_5300;51;6;;;;;;;;;;;51.0;0.0
-1;10700;VEV_5400;14;23;;;;;15;25;;;;;14.5;0.0
-1;10700;VEV_5500;5;27;;;;;6;20;;;;;5.5;0.0
-1;10700;VEV_6000;0;22;;;;;1;22;;;;;0.5;0.0
-1;10700;VEV_6500;0;16;;;;;1;16;;;;;0.5;0.0
-1;10800;HYDROGEL_PACK;9947;14;9945;24;;;9963;14;9966;24;;;9955.0;0.0
-1;10800;VELVETFRUIT_EXTRACT;5256;25;;;;;5262;56;;;;;5259.0;0.0
-1;10800;VEV_4000;1243;14;1241;24;;;1264;14;1267;24;;;1253.5;0.0
-1;10800;VEV_4500;768;10;766;13;;;786;13;;;;;777.0;0.0
-1;10800;VEV_5000;263;21;262;14;;;269;11;270;18;;;266.0;0.0
-1;10800;VEV_5100;168;24;;;;;173;11;174;14;;;170.5;0.0
-1;10800;VEV_5200;97;23;;;;;100;33;;;;;98.5;0.0
-1;10800;VEV_5300;51;17;;;;;53;25;54;18;;;52.0;0.0
-1;10800;VEV_5400;15;17;14;19;;;15;25;16;25;;;15.0;0.0
-1;10800;VEV_5500;5;19;;;;;6;10;;;;;5.5;0.0
-1;10800;VEV_6000;0;22;;;;;1;22;;;;;0.5;0.0
-1;10800;VEV_6500;0;15;;;;;1;15;;;;;0.5;0.0
-1;10900;HYDROGEL_PACK;9946;14;9944;20;;;9962;14;9965;20;;;9954.0;0.0
-1;10900;VELVETFRUIT_EXTRACT;5255;31;;;;;5260;22;5261;23;5262;34;5257.5;0.0
-1;10900;VEV_4000;1243;12;1240;24;;;1264;12;1266;24;;;1253.5;0.0
-1;10900;VEV_4500;767;9;765;19;;;783;9;785;19;;;775.0;0.0
-1;10900;VEV_5000;264;7;263;20;;;270;8;271;13;;;267.0;0.0
-1;10900;VEV_5100;;;;;;;173;11;;;;;173.0;0.0
-1;10900;VEV_5200;99;22;;;;;102;33;;;;;100.5;0.0
-1;10900;VEV_5300;51;26;;;;;53;20;;;;;52.0;0.0
-1;10900;VEV_5400;15;24;;;;;17;24;;;;;16.0;0.0
-1;10900;VEV_5500;5;17;;;;;6;24;;;;;5.5;0.0
-1;10900;VEV_6000;0;24;;;;;1;24;;;;;0.5;0.0
-1;10900;VEV_6500;0;18;;;;;1;18;;;;;0.5;0.0
-1;11000;HYDROGEL_PACK;9946;10;9943;29;;;9962;10;9964;29;;;9954.0;0.0
-1;11000;VELVETFRUIT_EXTRACT;5254;66;;;;;5260;55;5261;30;;;5257.0;0.0
-1;11000;VEV_4000;1243;14;1241;26;;;1264;14;1267;26;;;1253.5;0.0
-1;11000;VEV_4500;765;6;763;18;;;781;6;782;12;783;18;773.0;0.0
-1;11000;VEV_5000;;;;;;;271;12;;;;;271.0;0.0
-1;11000;VEV_5100;169;20;168;16;;;173;12;174;24;;;171.0;0.0
-1;11000;VEV_5200;98;29;;;;;;;;;;;98.0;0.0
-1;11000;VEV_5300;;;;;;;52;9;;;;;52.0;0.0
-1;11000;VEV_5400;14;24;;;;;16;24;;;;;15.0;0.0
-1;11000;VEV_5500;5;23;;;;;6;23;;;;;5.5;0.0
-1;11000;VEV_6000;0;29;;;;;1;29;;;;;0.5;0.0
-1;11000;VEV_6500;0;12;;;;;1;12;;;;;0.5;0.0
-1;11100;HYDROGEL_PACK;9944;15;9942;22;;;9960;15;9963;22;;;9952.0;0.0
-1;11100;VELVETFRUIT_EXTRACT;5255;25;5254;65;;;5260;18;;;;;5257.5;0.0
-1;11100;VEV_4000;1243;10;1240;23;;;1264;10;1266;23;;;1253.5;0.0
-1;11100;VEV_4500;764;11;762;24;;;780;11;782;24;;;772.0;0.0
-1;11100;VEV_5000;264;12;263;29;;;270;21;;;;;267.0;0.0
-1;11100;VEV_5100;;;;;;;174;6;175;27;;;174.0;0.0
-1;11100;VEV_5200;;;;;;;101;16;;;;;101.0;0.0
-1;11100;VEV_5300;51;22;;;;;53;26;54;11;;;52.0;0.0
-1;11100;VEV_5400;;;;;;;16;26;;;;;16.0;0.0
-1;11100;VEV_5500;5;20;;;;;6;21;;;;;5.5;0.0
-1;11100;VEV_6000;0;20;;;;;1;20;;;;;0.5;0.0
-1;11100;VEV_6500;0;13;;;;;1;13;;;;;0.5;0.0
-1;11200;HYDROGEL_PACK;9945;11;9943;30;;;9961;11;9963;30;;;9953.0;0.0
-1;11200;VELVETFRUIT_EXTRACT;5252;57;;;;;5258;40;;;;;5255.0;0.0
-1;11200;VEV_4000;1243;11;1241;18;;;1264;11;1267;18;;;1253.5;0.0
-1;11200;VEV_4500;765;7;763;19;;;783;19;;;;;774.0;0.0
-1;11200;VEV_5000;264;10;263;14;;;270;11;;;;;267.0;0.0
-1;11200;VEV_5100;172;21;171;22;;;176;33;177;24;;;174.0;0.0
-1;11200;VEV_5200;;;;;;;102;22;;;;;102.0;0.0
-1;11200;VEV_5300;51;30;50;26;;;;;;;;;51.0;0.0
-1;11200;VEV_5400;15;26;14;25;;;16;18;;;;;15.5;0.0
-1;11200;VEV_5500;5;21;;;;;6;30;;;;;5.5;0.0
-1;11200;VEV_6000;0;25;;;;;1;25;;;;;0.5;0.0
-1;11200;VEV_6500;0;15;;;;;1;15;;;;;0.5;0.0
-1;11300;HYDROGEL_PACK;9945;12;9943;30;;;9961;12;9964;30;;;9953.0;0.0
-1;11300;VELVETFRUIT_EXTRACT;5252;60;;;;;5258;53;;;;;5255.0;0.0
-1;11300;VEV_4000;1243;8;1241;23;;;1264;8;1267;23;;;1253.5;0.0
-1;11300;VEV_4500;765;9;763;13;;;781;9;783;13;;;773.0;0.0
-1;11300;VEV_5000;263;7;262;18;;;269;8;270;24;;;266.0;0.0
-1;11300;VEV_5100;172;12;171;21;;;176;24;177;12;;;174.0;0.0
-1;11300;VEV_5200;98;20;;;;;101;7;102;34;;;99.5;0.0
-1;11300;VEV_5300;51;8;;;;;53;21;;;;;52.0;0.0
-1;11300;VEV_5400;14;26;;;;;16;17;;;;;15.0;0.0
-1;11300;VEV_5500;5;24;;;;;6;24;;;;;5.5;0.0
-1;11300;VEV_6000;0;18;;;;;1;18;;;;;0.5;0.0
-1;11300;VEV_6500;0;11;;;;;1;11;;;;;0.5;0.0
-1;11400;HYDROGEL_PACK;9942;13;9940;27;;;9958;13;9961;27;;;9950.0;0.0
-1;11400;VELVETFRUIT_EXTRACT;5253;21;5253;21;;;5259;24;;;;;5256.0;0.0
-1;11400;VEV_4000;1243;7;1241;16;;;1264;7;1267;16;;;1253.5;0.0
-1;11400;VEV_4500;764;10;762;23;;;780;10;782;23;;;772.0;0.0
-1;11400;VEV_5000;262;18;261;16;;;268;7;269;14;;;265.0;0.0
-1;11400;VEV_5100;172;31;171;13;;;176;27;177;12;;;174.0;0.0
-1;11400;VEV_5200;99;23;;;;;102;31;;;;;100.5;0.0
-1;11400;VEV_5300;51;23;;;;;53;24;;;;;52.0;0.0
-1;11400;VEV_5400;;;;;;;15;23;;;;;15.0;0.0
-1;11400;VEV_5500;5;22;;;;;6;17;;;;;5.5;0.0
-1;11400;VEV_6000;0;21;;;;;1;21;;;;;0.5;0.0
-1;11400;VEV_6500;0;13;;;;;1;13;;;;;0.5;0.0
-1;11500;HYDROGEL_PACK;9938;15;9936;26;;;9954;15;9956;26;;;9946.0;0.0
-1;11500;VELVETFRUIT_EXTRACT;5252;15;5251;46;;;5256;15;5257;58;;;5254.0;0.0
-1;11500;VEV_4000;1242;11;1240;21;;;1263;11;1266;21;;;1252.5;0.0
-1;11500;VEV_4500;766;8;764;23;;;782;8;784;23;;;774.0;0.0
-1;11500;VEV_5000;263;19;262;26;;;269;8;270;14;;;266.0;0.0
-1;11500;VEV_5100;172;8;;;;;176;8;177;23;;;174.0;0.0
-1;11500;VEV_5200;98;16;;;;;101;30;102;27;;;99.5;0.0
-1;11500;VEV_5300;51;28;;;;;53;25;;;;;52.0;0.0
-1;11500;VEV_5400;14;22;;;;;16;22;;;;;15.0;0.0
-1;11500;VEV_5500;5;24;;;;;6;24;;;;;5.5;0.0
-1;11500;VEV_6000;0;26;;;;;1;26;;;;;0.5;0.0
-1;11500;VEV_6500;0;20;;;;;1;20;;;;;0.5;0.0
-1;11600;HYDROGEL_PACK;9936;13;9933;24;;;9952;13;9954;24;;;9944.0;0.0
-1;11600;VELVETFRUIT_EXTRACT;5252;16;5251;72;;;5257;30;;;;;5254.5;0.0
-1;11600;VEV_4000;1241;10;1238;24;;;1262;10;1264;24;;;1251.5;0.0
-1;11600;VEV_4500;767;12;765;15;;;783;12;786;15;;;775.0;0.0
-1;11600;VEV_5000;262;15;;;;;;;;;;;262.0;0.0
-1;11600;VEV_5100;171;18;;;;;176;12;177;21;;;173.5;0.0
-1;11600;VEV_5200;99;23;;;;;103;21;;;;;101.0;0.0
-1;11600;VEV_5300;;;;;;;54;10;54;9;;;54.0;0.0
-1;11600;VEV_5400;14;23;;;;;15;21;;;;;14.5;0.0
-1;11600;VEV_5500;5;22;;;;;6;22;;;;;5.5;0.0
-1;11600;VEV_6000;0;29;;;;;1;29;;;;;0.5;0.0
-1;11600;VEV_6500;0;13;;;;;1;13;;;;;0.5;0.0
-1;11700;HYDROGEL_PACK;9938;10;9936;30;;;9954;10;9957;30;;;9946.0;0.0
-1;11700;VELVETFRUIT_EXTRACT;5251;71;;;;;5256;20;5257;35;;;5253.5;0.0
-1;11700;VEV_4000;1239;10;1236;20;;;1260;10;1262;20;;;1249.5;0.0
-1;11700;VEV_4500;767;7;765;20;;;785;20;;;;;776.0;0.0
-1;11700;VEV_5000;264;9;263;18;;;270;8;271;16;;;267.0;0.0
-1;11700;VEV_5100;171;28;170;22;;;175;6;176;20;;;173.0;0.0
-1;11700;VEV_5200;100;26;99;27;;;103;21;;;;;101.5;0.0
-1;11700;VEV_5300;51;24;;;;;53;27;;;;;52.0;0.0
-1;11700;VEV_5400;15;5;14;16;;;16;21;;;;;15.5;0.0
-1;11700;VEV_5500;5;21;;;;;6;20;;;;;5.5;0.0
-1;11700;VEV_6000;0;16;;;;;1;16;;;;;0.5;0.0
-1;11700;VEV_6500;0;16;;;;;1;16;;;;;0.5;0.0
-1;11800;HYDROGEL_PACK;9936;13;9934;25;;;9952;13;9955;25;;;9944.0;0.0
-1;11800;VELVETFRUIT_EXTRACT;5251;15;5250;33;;;5256;33;;;;;5253.5;0.0
-1;11800;VEV_4000;1239;9;1236;30;;;1260;9;1262;30;;;1249.5;0.0
-1;11800;VEV_4500;767;10;;;;;783;10;785;18;;;775.0;0.0
-1;11800;VEV_5000;263;33;;;;;269;11;270;13;;;266.0;0.0
-1;11800;VEV_5100;;;;;;;174;20;;;;;174.0;0.0
-1;11800;VEV_5200;98;23;;;;;101;12;102;22;;;99.5;0.0
-1;11800;VEV_5300;52;23;;;;;54;23;;;;;53.0;0.0
-1;11800;VEV_5400;;;;;;;16;19;;;;;16.0;0.0
-1;11800;VEV_5500;5;28;;;;;6;20;;;;;5.5;0.0
-1;11800;VEV_6000;0;23;;;;;1;23;;;;;0.5;0.0
-1;11800;VEV_6500;0;17;;;;;1;17;;;;;0.5;0.0
-1;11900;HYDROGEL_PACK;9939;13;9936;26;;;9955;13;9957;26;;;9947.0;0.0
-1;11900;VELVETFRUIT_EXTRACT;5250;17;;;;;5255;23;5256;59;;;5252.5;0.0
-1;11900;VEV_4000;1236;9;1234;30;;;1257;9;1260;30;;;1246.5;0.0
-1;11900;VEV_4500;767;9;766;8;765;22;786;22;;;;;776.5;0.0
-1;11900;VEV_5000;263;12;262;26;;;269;6;270;15;;;266.0;0.0
-1;11900;VEV_5100;171;9;170;32;;;176;13;;;;;173.5;0.0
-1;11900;VEV_5200;99;8;98;26;;;102;27;;;;;100.5;0.0
-1;11900;VEV_5300;52;22;;;;;54;21;;;;;53.0;0.0
-1;11900;VEV_5400;14;25;;;;;16;22;;;;;15.0;0.0
-1;11900;VEV_5500;5;18;;;;;6;20;;;;;5.5;0.0
-1;11900;VEV_6000;0;23;;;;;1;23;;;;;0.5;0.0
-1;11900;VEV_6500;0;14;;;;;1;14;;;;;0.5;0.0
-1;12000;HYDROGEL_PACK;9941;10;9939;25;;;9957;10;9960;25;;;9949.0;0.0
-1;12000;VELVETFRUIT_EXTRACT;5249;25;5248;37;;;5254;53;5255;35;;;5251.5;0.0
-1;12000;VEV_4000;1237;9;1235;29;;;1258;9;1261;29;;;1247.5;0.0
-1;12000;VEV_4500;765;12;;;;;783;8;785;12;;;774.0;0.0
-1;12000;VEV_5000;262;12;;;;;269;11;;;;;265.5;0.0
-1;12000;VEV_5100;171;30;;;;;176;17;;;;;173.5;0.0
-1;12000;VEV_5200;99;11;98;17;;;102;22;;;;;100.5;0.0
-1;12000;VEV_5300;52;27;;;;;54;21;55;13;;;53.0;0.0
-1;12000;VEV_5400;14;20;;;;;16;19;;;;;15.0;0.0
-1;12000;VEV_5500;5;28;;;;;6;19;;;;;5.5;0.0
-1;12000;VEV_6000;0;16;;;;;1;16;;;;;0.5;0.0
-1;12000;VEV_6500;0;20;;;;;1;20;;;;;0.5;0.0
-1;12100;HYDROGEL_PACK;9942;13;9940;20;;;9958;13;9961;20;;;9950.0;0.0
-1;12100;VELVETFRUIT_EXTRACT;5248;60;;;;;5254;46;;;;;5251.0;0.0
-1;12100;VEV_4000;1236;14;1234;28;;;1257;14;1260;28;;;1246.5;0.0
-1;12100;VEV_4500;767;6;765;20;;;783;6;784;11;785;20;775.0;0.0
-1;12100;VEV_5000;264;25;263;13;;;270;6;271;19;;;267.0;0.0
-1;12100;VEV_5100;170;19;;;;;176;23;;;;;173.0;0.0
-1;12100;VEV_5200;98;19;;;;;101;21;102;12;;;99.5;0.0
-1;12100;VEV_5300;53;26;;;;;55;20;;;;;54.0;0.0
-1;12100;VEV_5400;15;21;15;17;;;17;27;;;;;16.0;0.0
-1;12100;VEV_5500;5;21;;;;;6;22;;;;;5.5;0.0
-1;12100;VEV_6000;0;22;;;;;1;22;;;;;0.5;0.0
-1;12100;VEV_6500;0;16;;;;;1;16;;;;;0.5;0.0
-1;12200;HYDROGEL_PACK;9945;11;9943;26;;;9961;11;9964;26;;;9953.0;0.0
-1;12200;VELVETFRUIT_EXTRACT;5248;30;5248;25;;;5253;25;5254;50;;;5250.5;0.0
-1;12200;VEV_4000;1234;13;1232;18;;;1255;13;1258;18;;;1244.5;0.0
-1;12200;VEV_4500;768;7;766;17;;;784;7;785;11;786;17;776.0;0.0
-1;12200;VEV_5000;265;8;264;13;;;271;33;272;21;;;268.0;0.0
-1;12200;VEV_5100;171;9;;;;;175;24;176;22;;;173.0;0.0
-1;12200;VEV_5200;97;20;;;;;101;12;;;;;99.0;0.0
-1;12200;VEV_5300;52;19;;;;;54;22;55;10;;;53.0;0.0
-1;12200;VEV_5400;15;19;;;;;16;25;;;;;15.5;0.0
-1;12200;VEV_5500;5;25;;;;;6;26;;;;;5.5;0.0
-1;12200;VEV_6000;0;28;;;;;1;28;;;;;0.5;0.0
-1;12200;VEV_6500;0;18;;;;;1;18;;;;;0.5;0.0
-1;12300;HYDROGEL_PACK;9942;13;9940;24;;;9958;13;9960;24;;;9950.0;0.0
-1;12300;VELVETFRUIT_EXTRACT;5249;15;5248;67;;;5253;15;5254;51;;;5251.0;0.0
-1;12300;VEV_4000;1234;15;1232;27;;;1255;15;1258;27;;;1244.5;0.0
-1;12300;VEV_4500;769;10;767;16;;;785;10;786;6;787;16;777.0;0.0
-1;12300;VEV_5000;263;22;;;;;270;6;271;12;;;266.5;0.0
-1;12300;VEV_5100;170;26;169;16;;;174;10;175;28;;;172.0;0.0
-1;12300;VEV_5200;96;19;;;;;100;19;;;;;98.0;0.0
-1;12300;VEV_5300;52;7;;;;;54;19;55;14;;;53.0;0.0
-1;12300;VEV_5400;14;21;;;;;16;20;;;;;15.0;0.0
-1;12300;VEV_5500;5;25;;;;;6;24;;;;;5.5;0.0
-1;12300;VEV_6000;0;21;;;;;1;21;;;;;0.5;0.0
-1;12300;VEV_6500;0;14;;;;;1;14;;;;;0.5;0.0
-1;12400;HYDROGEL_PACK;9942;13;9939;21;;;9958;13;9960;21;;;9950.0;0.0
-1;12400;VELVETFRUIT_EXTRACT;5248;17;5247;32;5247;59;5253;63;;;;;5250.5;0.0
-1;12400;VEV_4000;1236;8;1234;15;;;1257;8;1260;15;;;1246.5;0.0
-1;12400;VEV_4500;770;11;768;21;;;786;11;788;21;;;778.0;0.0
-1;12400;VEV_5000;264;10;263;17;;;271;13;;;;;267.5;0.0
-1;12400;VEV_5100;170;11;;;;;174;30;;;;;172.0;0.0
-1;12400;VEV_5200;96;19;;;;;99;10;;;;;97.5;0.0
-1;12400;VEV_5300;52;20;;;;;54;25;;;;;53.0;0.0
-1;12400;VEV_5400;14;21;;;;;15;20;16;17;;;14.5;0.0
-1;12400;VEV_5500;5;22;;;;;7;28;;;;;6.0;0.0
-1;12400;VEV_6000;0;15;;;;;1;15;;;;;0.5;0.0
-1;12400;VEV_6500;0;18;;;;;1;18;;;;;0.5;0.0
-1;12500;HYDROGEL_PACK;9945;13;9942;21;;;9961;13;9963;21;;;9953.0;0.0
-1;12500;VELVETFRUIT_EXTRACT;5248;71;;;;;5254;49;;;;;5251.0;0.0
-1;12500;VEV_4000;1236;12;1233;30;;;1257;12;1259;30;;;1246.5;0.0
-1;12500;VEV_4500;770;11;769;6;768;18;789;18;;;;;779.5;0.0
-1;12500;VEV_5000;266;7;265;19;;;273;15;;;;;269.5;0.0
-1;12500;VEV_5100;169;28;168;20;;;173;12;;;;;171.0;0.0
-1;12500;VEV_5200;97;12;;;;;99;10;100;32;;;98.0;0.0
-1;12500;VEV_5300;53;6;;;;;55;19;;;;;54.0;0.0
-1;12500;VEV_5400;;;;;;;16;25;;;;;16.0;0.0
-1;12500;VEV_5500;5;27;;;;;7;17;;;;;6.0;0.0
-1;12500;VEV_6000;0;20;;;;;1;20;;;;;0.5;0.0
-1;12500;VEV_6500;0;17;;;;;1;17;;;;;0.5;0.0
-1;12600;HYDROGEL_PACK;9947;11;9945;24;;;9963;11;9966;24;;;9955.0;0.0
-1;12600;VELVETFRUIT_EXTRACT;5249;49;;;;;5255;53;5256;48;;;5252.0;0.0
-1;12600;VEV_4000;1236;8;1233;23;;;1256;8;1259;23;;;1246.0;0.0
-1;12600;VEV_4500;771;10;769;15;;;787;10;789;15;;;779.0;0.0
-1;12600;VEV_5000;266;10;265;17;;;273;15;;;;;269.5;0.0
-1;12600;VEV_5100;168;18;;;;;;;;;;;168.0;0.0
-1;12600;VEV_5200;97;24;;;;;100;9;101;16;;;98.5;0.0
-1;12600;VEV_5300;53;5;;;;;55;21;;;;;54.0;0.0
-1;12600;VEV_5400;14;23;;;;;16;23;;;;;15.0;0.0
-1;12600;VEV_5500;6;16;;;;;7;20;;;;;6.5;0.0
-1;12600;VEV_6000;0;27;;;;;1;27;;;;;0.5;0.0
-1;12600;VEV_6500;0;16;;;;;1;16;;;;;0.5;0.0
-1;12700;HYDROGEL_PACK;9944;11;9942;28;;;9960;11;9963;28;;;9952.0;0.0
-1;12700;VELVETFRUIT_EXTRACT;5250;16;5249;55;;;5255;30;;;;;5252.5;0.0
-1;12700;VEV_4000;1237;10;1234;27;;;1258;10;1260;27;;;1247.5;0.0
-1;12700;VEV_4500;770;9;768;23;;;786;9;788;23;;;778.0;0.0
-1;12700;VEV_5000;267;12;266;12;;;273;11;274;21;;;270.0;0.0
-1;12700;VEV_5100;169;7;168;13;;;174;22;;;;;171.5;0.0
-1;12700;VEV_5200;97;24;;;;;;;;;;;97.0;0.0
-1;12700;VEV_5300;53;10;52;21;;;55;25;56;12;;;54.0;0.0
-1;12700;VEV_5400;;;;;;;16;23;;;;;16.0;0.0
-1;12700;VEV_5500;5;24;;;;;7;22;;;;;6.0;0.0
-1;12700;VEV_6000;0;20;;;;;1;20;;;;;0.5;0.0
-1;12700;VEV_6500;0;16;;;;;1;16;;;;;0.5;0.0
-1;12800;HYDROGEL_PACK;9948;10;9946;22;;;9964;10;9967;22;;;9956.0;0.0
-1;12800;VELVETFRUIT_EXTRACT;5249;47;;;;;5255;17;;;;;5252.0;0.0
-1;12800;VEV_4000;1238;10;1235;25;;;1259;10;1261;25;;;1248.5;0.0
-1;12800;VEV_4500;771;8;769;17;;;787;8;789;17;;;779.0;0.0
-1;12800;VEV_5000;266;7;265;14;;;272;8;273;15;;;269.0;0.0
-1;12800;VEV_5100;167;8;166;22;;;171;7;;;;;169.0;0.0
-1;12800;VEV_5200;97;29;;;;;100;11;101;33;;;98.5;0.0
-1;12800;VEV_5300;53;19;;;;;55;26;;;;;54.0;0.0
-1;12800;VEV_5400;14;29;;;;;16;26;;;;;15.0;0.0
-1;12800;VEV_5500;5;25;;;;;7;21;;;;;6.0;0.0
-1;12800;VEV_6000;0;30;;;;;1;30;;;;;0.5;0.0
-1;12800;VEV_6500;0;13;;;;;1;13;;;;;0.5;0.0
-1;12900;HYDROGEL_PACK;9947;29;;;;;9966;14;9968;29;;;9956.5;0.0
-1;12900;VELVETFRUIT_EXTRACT;5249;64;;;;;5255;60;;;;;5252.0;0.0
-1;12900;VEV_4000;1239;10;1236;17;;;1260;10;1262;17;;;1249.5;0.0
-1;12900;VEV_4500;772;11;770;22;;;788;11;790;22;;;780.0;0.0
-1;12900;VEV_5000;265;19;;;;;272;18;273;18;;;268.5;0.0
-1;12900;VEV_5100;168;11;;;;;172;22;173;20;;;170.0;0.0
-1;12900;VEV_5200;98;7;97;28;;;100;26;101;29;;;99.0;0.0
-1;12900;VEV_5300;54;25;;;;;56;29;;;;;55.0;0.0
-1;12900;VEV_5400;;;;;;;16;25;;;;;16.0;0.0
-1;12900;VEV_5500;6;23;;;;;7;25;;;;;6.5;0.0
-1;12900;VEV_6000;0;24;;;;;1;24;;;;;0.5;0.0
-1;12900;VEV_6500;0;18;;;;;1;18;;;;;0.5;0.0
-1;13000;HYDROGEL_PACK;9952;12;9949;20;;;9968;12;9970;20;;;9960.0;0.0
-1;13000;VELVETFRUIT_EXTRACT;5250;32;;;;;5255;18;5256;64;;;5252.5;0.0
-1;13000;VEV_4000;1241;7;1238;25;;;1262;7;1264;25;;;1251.5;0.0
-1;13000;VEV_4500;771;7;769;20;;;787;7;789;20;;;779.0;0.0
-1;13000;VEV_5000;264;20;;;;;;;;;;;264.0;0.0
-1;13000;VEV_5100;167;30;;;;;173;22;;;;;170.0;0.0
-1;13000;VEV_5200;99;6;;;;;102;28;;;;;100.5;0.0
-1;13000;VEV_5300;54;21;;;;;56;19;;;;;55.0;0.0
-1;13000;VEV_5400;14;20;;;;;16;20;;;;;15.0;0.0
-1;13000;VEV_5500;6;26;;;;;7;24;;;;;6.5;0.0
-1;13000;VEV_6000;0;19;;;;;1;19;;;;;0.5;0.0
-1;13000;VEV_6500;0;13;;;;;1;13;;;;;0.5;0.0
-1;13100;HYDROGEL_PACK;9949;10;9947;22;;;9965;10;9968;22;;;9957.0;0.0
-1;13100;VELVETFRUIT_EXTRACT;5252;18;5251;34;;;5257;72;;;;;5254.5;0.0
-1;13100;VEV_4000;1238;15;1236;22;;;1259;15;1262;22;;;1248.5;0.0
-1;13100;VEV_4500;769;24;;;;;787;12;789;24;;;778.0;0.0
-1;13100;VEV_5000;264;24;263;20;;;270;11;;;;;267.0;0.0
-1;13100;VEV_5100;168;25;167;14;;;172;24;;;;;170.0;0.0
-1;13100;VEV_5200;100;6;99;16;;;;;;;;;100.0;0.0
-1;13100;VEV_5300;54;24;;;;;56;6;;;;;55.0;0.0
-1;13100;VEV_5400;15;29;;;;;16;19;;;;;15.5;0.0
-1;13100;VEV_5500;6;29;;;;;7;30;;;;;6.5;0.0
-1;13100;VEV_6000;0;28;;;;;1;28;;;;;0.5;0.0
-1;13100;VEV_6500;0;20;;;;;1;20;;;;;0.5;0.0
-1;13200;HYDROGEL_PACK;9946;14;9944;20;;;9962;14;9964;20;;;9954.0;0.0
-1;13200;VELVETFRUIT_EXTRACT;5253;63;;;;;5259;69;;;;;5256.0;0.0
-1;13200;VEV_4000;1239;10;1236;24;;;1260;10;1262;24;;;1249.5;0.0
-1;13200;VEV_4500;770;6;768;20;;;786;6;789;20;;;778.0;0.0
-1;13200;VEV_5000;266;10;;;;;272;6;273;23;;;269.0;0.0
-1;13200;VEV_5100;170;7;169;13;;;174;26;;;;;172.0;0.0
-1;13200;VEV_5200;;;;;;;102;8;103;28;;;102.0;0.0
-1;13200;VEV_5300;54;16;;;;;56;19;;;;;55.0;0.0
-1;13200;VEV_5400;14;23;14;20;;;16;23;;;;;15.0;0.0
-1;13200;VEV_5500;6;26;;;;;7;26;;;;;6.5;0.0
-1;13200;VEV_6000;0;25;;;;;1;25;;;;;0.5;0.0
-1;13200;VEV_6500;0;17;;;;;1;17;;;;;0.5;0.0
-1;13300;HYDROGEL_PACK;9943;10;9940;23;;;9959;10;9961;23;;;9951.0;0.0
-1;13300;VELVETFRUIT_EXTRACT;5251;57;5251;18;;;5256;18;5257;61;;;5253.5;0.0
-1;13300;VEV_4000;1239;11;1236;20;;;1260;11;1262;20;;;1249.5;0.0
-1;13300;VEV_4500;769;8;767;19;;;785;8;787;19;;;777.0;0.0
-1;13300;VEV_5000;266;8;;;;;272;9;273;16;;;269.0;0.0
-1;13300;VEV_5100;171;9;;;;;175;22;176;16;;;173.0;0.0
-1;13300;VEV_5200;99;20;;;;;102;27;;;;;100.5;0.0
-1;13300;VEV_5300;54;26;;;;;56;25;;;;;55.0;0.0
-1;13300;VEV_5400;14;17;;;;;;;;;;;14.0;0.0
-1;13300;VEV_5500;6;22;;;;;7;26;;;;;6.5;0.0
-1;13300;VEV_6000;0;21;;;;;1;21;;;;;0.5;0.0
-1;13300;VEV_6500;0;18;;;;;1;18;;;;;0.5;0.0
-1;13400;HYDROGEL_PACK;9943;14;9941;23;;;9959;14;9962;23;;;9951.0;0.0
-1;13400;VELVETFRUIT_EXTRACT;5250;55;;;;;5256;70;;;;;5253.0;0.0
-1;13400;VEV_4000;1238;9;1236;27;;;1259;9;1262;27;;;1248.5;0.0
-1;13400;VEV_4500;769;8;767;17;;;787;17;;;;;778.0;0.0
-1;13400;VEV_5000;266;20;;;;;274;14;;;;;270.0;0.0
-1;13400;VEV_5100;171;29;;;;;176;24;177;22;;;173.5;0.0
-1;13400;VEV_5200;100;28;99;21;;;103;32;;;;;101.5;0.0
-1;13400;VEV_5300;53;19;;;;;55;21;56;20;;;54.0;0.0
-1;13400;VEV_5400;14;22;;;;;16;28;;;;;15.0;0.0
-1;13400;VEV_5500;6;20;;;;;7;28;;;;;6.5;0.0
-1;13400;VEV_6000;0;20;;;;;1;20;;;;;0.5;0.0
-1;13400;VEV_6500;0;17;;;;;1;17;;;;;0.5;0.0
-1;13500;HYDROGEL_PACK;9942;11;9940;30;;;9958;11;9961;30;;;9950.0;0.0
-1;13500;VELVETFRUIT_EXTRACT;5249;30;;;;;;;;;;;5249.0;0.0
-1;13500;VEV_4000;1237;11;1235;28;;;1258;11;1261;28;;;1247.5;0.0
-1;13500;VEV_4500;769;8;767;15;;;785;8;787;15;;;777.0;0.0
-1;13500;VEV_5000;267;17;;;;;274;12;;;;;270.5;0.0
-1;13500;VEV_5100;171;10;;;;;;;;;;;171.0;0.0
-1;13500;VEV_5200;99;11;98;24;;;101;20;;;;;100.0;0.0
-1;13500;VEV_5300;53;23;;;;;55;23;;;;;54.0;0.0
-1;13500;VEV_5400;15;20;14;26;;;16;23;;;;;15.5;0.0
-1;13500;VEV_5500;6;22;;;;;7;17;;;;;6.5;0.0
-1;13500;VEV_6000;0;24;;;;;1;24;;;;;0.5;0.0
-1;13500;VEV_6500;0;18;;;;;1;18;;;;;0.5;0.0
-1;13600;HYDROGEL_PACK;9940;10;9938;24;;;9956;10;9959;24;;;9948.0;0.0
-1;13600;VELVETFRUIT_EXTRACT;5249;45;;;;;5254;25;5255;15;;;5251.5;0.0
-1;13600;VEV_4000;1239;10;1237;23;;;1260;10;1263;23;;;1249.5;0.0
-1;13600;VEV_4500;767;8;765;23;;;783;8;785;23;;;775.0;0.0
-1;13600;VEV_5000;269;8;268;13;;;;;;;;;269.0;0.0
-1;13600;VEV_5100;171;9;170;23;;;175;6;;;;;173.0;0.0
-1;13600;VEV_5200;99;30;98;20;;;101;20;102;29;;;100.0;0.0
-1;13600;VEV_5300;54;5;;;;;56;27;56;19;;;55.0;0.0
-1;13600;VEV_5400;15;6;14;24;;;16;24;;;;;15.5;0.0
-1;13600;VEV_5500;5;21;;;;;7;23;;;;;6.0;0.0
-1;13600;VEV_6000;0;24;;;;;1;24;;;;;0.5;0.0
-1;13600;VEV_6500;0;12;;;;;1;12;;;;;0.5;0.0
-1;13700;HYDROGEL_PACK;9939;10;9937;29;;;9955;10;9957;29;;;9947.0;0.0
-1;13700;VELVETFRUIT_EXTRACT;5249;32;;;;;5255;49;;;;;5252.0;0.0
-1;13700;VEV_4000;1237;15;1235;26;;;1258;15;1261;26;;;1247.5;0.0
-1;13700;VEV_4500;766;10;765;6;764;12;782;10;783;13;785;12;774.0;0.0
-1;13700;VEV_5000;270;6;269;23;;;276;6;277;12;;;273.0;0.0
-1;13700;VEV_5100;169;23;;;;;;;;;;;169.0;0.0
-1;13700;VEV_5200;98;12;97;23;;;101;21;;;;;99.5;0.0
-1;13700;VEV_5300;53;23;;;;;55;26;;;;;54.0;0.0
-1;13700;VEV_5400;15;17;14;30;;;16;24;;;;;15.5;0.0
-1;13700;VEV_5500;5;19;;;;;7;24;;;;;6.0;0.0
-1;13700;VEV_6000;0;21;;;;;1;21;;;;;0.5;0.0
-1;13700;VEV_6500;0;13;;;;;1;13;;;;;0.5;0.0
-1;13800;HYDROGEL_PACK;9940;11;9938;23;;;9956;11;9959;23;;;9948.0;0.0
-1;13800;VELVETFRUIT_EXTRACT;5250;67;;;;;5255;15;5256;53;;;5252.5;0.0
-1;13800;VEV_4000;1236;11;1234;29;;;1257;11;1260;29;;;1246.5;0.0
-1;13800;VEV_4500;766;8;764;24;;;782;8;785;24;;;774.0;0.0
-1;13800;VEV_5000;272;8;271;20;;;278;22;;;;;275.0;0.0
-1;13800;VEV_5100;171;6;170;13;;;175;9;;;;;173.0;0.0
-1;13800;VEV_5200;97;24;;;;;100;8;;;;;98.5;0.0
-1;13800;VEV_5300;53;20;;;;;55;19;;;;;54.0;0.0
-1;13800;VEV_5400;14;26;;;;;;;;;;;14.0;0.0
-1;13800;VEV_5500;5;26;;;;;6;22;;;;;5.5;0.0
-1;13800;VEV_6000;0;17;;;;;1;17;;;;;0.5;0.0
-1;13800;VEV_6500;0;18;;;;;1;18;;;;;0.5;0.0
-1;13900;HYDROGEL_PACK;9943;13;9940;22;;;9959;13;9961;22;;;9951.0;0.0
-1;13900;VELVETFRUIT_EXTRACT;5250;17;5249;15;;;5254;17;5255;63;;;5252.0;0.0
-1;13900;VEV_4000;1236;10;1233;18;;;1257;10;1259;18;;;1246.5;0.0
-1;13900;VEV_4500;767;9;765;20;;;783;9;785;20;;;775.0;0.0
-1;13900;VEV_5000;271;7;270;15;;;;;;;;;271.0;0.0
-1;13900;VEV_5100;172;21;;;;;176;8;177;22;;;174.0;0.0
-1;13900;VEV_5200;98;29;;;;;;;;;;;98.0;0.0
-1;13900;VEV_5300;53;7;52;13;;;55;23;;;;;54.0;0.0
-1;13900;VEV_5400;;;;;;;15;22;16;24;;;15.0;0.0
-1;13900;VEV_5500;5;23;;;;;6;28;;;;;5.5;0.0
-1;13900;VEV_6000;0;18;;;;;1;18;;;;;0.5;0.0
-1;13900;VEV_6500;0;16;;;;;1;16;;;;;0.5;0.0
-1;14000;HYDROGEL_PACK;9943;10;9940;30;;;9959;10;9961;30;;;9951.0;0.0
-1;14000;VELVETFRUIT_EXTRACT;5250;62;;;;;5255;23;5256;19;;;5252.5;0.0
-1;14000;VEV_4000;1235;15;1233;29;;;1256;15;1258;29;;;1245.5;0.0
-1;14000;VEV_4500;768;8;767;9;766;14;784;8;786;14;;;776.0;0.0
-1;14000;VEV_5000;270;9;269;13;;;276;10;277;23;;;273.0;0.0
-1;14000;VEV_5100;173;10;172;16;;;177;12;178;22;;;175.0;0.0
-1;14000;VEV_5200;;;;;;;101;26;;;;;101.0;0.0
-1;14000;VEV_5300;52;17;;;;;55;20;;;;;53.5;0.0
-1;14000;VEV_5400;14;23;;;;;;;;;;;14.0;0.0
-1;14000;VEV_5500;5;26;;;;;6;22;;;;;5.5;0.0
-1;14000;VEV_6000;0;24;;;;;1;24;;;;;0.5;0.0
-1;14000;VEV_6500;0;11;;;;;1;11;;;;;0.5;0.0
-1;14100;HYDROGEL_PACK;9945;12;9943;28;;;9961;12;9963;28;;;9953.0;0.0
-1;14100;VELVETFRUIT_EXTRACT;5252;21;5251;17;;;5256;21;5257;64;;;5254.0;0.0
-1;14100;VEV_4000;1236;11;1233;25;;;1257;11;1259;25;;;1246.5;0.0
-1;14100;VEV_4500;768;6;766;23;;;787;23;;;;;777.5;0.0
-1;14100;VEV_5000;272;8;271;21;;;278;11;279;30;;;275.0;0.0
-1;14100;VEV_5100;173;27;172;20;;;178;25;;;;;175.5;0.0
-1;14100;VEV_5200;99;9;98;17;;;101;30;;;;;100.0;0.0
-1;14100;VEV_5300;53;20;52;14;;;55;22;;;;;54.0;0.0
-1;14100;VEV_5400;14;20;;;;;15;24;16;22;;;14.5;0.0
-1;14100;VEV_5500;5;9;;;;;6;26;;;;;5.5;0.0
-1;14100;VEV_6000;0;20;;;;;1;20;;;;;0.5;0.0
-1;14100;VEV_6500;0;14;;;;;1;14;;;;;0.5;0.0
-1;14200;HYDROGEL_PACK;9947;10;9945;21;;;9963;10;9966;21;;;9955.0;0.0
-1;14200;VELVETFRUIT_EXTRACT;5251;59;;;;;5256;16;5257;30;5258;50;5253.5;0.0
-1;14200;VEV_4000;1235;8;1233;19;;;1256;8;1259;19;;;1245.5;0.0
-1;14200;VEV_4500;765;17;;;;;783;7;785;17;;;774.0;0.0
-1;14200;VEV_5000;273;7;272;17;;;279;8;;;;;276.0;0.0
-1;14200;VEV_5100;173;31;172;23;;;177;8;;;;;175.0;0.0
-1;14200;VEV_5200;;;;;;;102;26;;;;;102.0;0.0
-1;14200;VEV_5300;53;25;52;22;;;55;25;;;;;54.0;0.0
-1;14200;VEV_5400;14;26;;;;;16;23;;;;;15.0;0.0
-1;14200;VEV_5500;5;21;;;;;6;27;;;;;5.5;0.0
-1;14200;VEV_6000;0;28;;;;;1;28;;;;;0.5;0.0
-1;14200;VEV_6500;0;18;;;;;1;18;;;;;0.5;0.0
-1;14300;HYDROGEL_PACK;9945;14;9943;22;;;9961;14;9963;22;;;9953.0;0.0
-1;14300;VELVETFRUIT_EXTRACT;5253;18;5252;34;;;5257;18;5258;30;;;5255.0;0.0
-1;14300;VEV_4000;1236;14;1233;27;;;1257;14;1259;27;;;1246.5;0.0
-1;14300;VEV_4500;765;6;763;13;;;783;13;;;;;774.0;0.0
-1;14300;VEV_5000;273;8;;;;;279;12;280;17;;;276.0;0.0
-1;14300;VEV_5100;172;22;;;;;177;9;178;14;;;174.5;0.0
-1;14300;VEV_5200;97;22;;;;;100;10;101;22;;;98.5;0.0
-1;14300;VEV_5300;53;20;;;;;55;6;;;;;54.0;0.0
-1;14300;VEV_5400;14;26;;;;;16;18;;;;;15.0;0.0
-1;14300;VEV_5500;5;18;;;;;6;12;;;;;5.5;0.0
-1;14300;VEV_6000;0;25;;;;;1;25;;;;;0.5;0.0
-1;14300;VEV_6500;0;16;;;;;1;16;;;;;0.5;0.0
-1;14400;HYDROGEL_PACK;9945;13;9942;27;;;9961;13;9963;27;;;9953.0;0.0
-1;14400;VELVETFRUIT_EXTRACT;5252;39;5252;21;;;5258;64;;;;;5255.0;0.0
-1;14400;VEV_4000;1234;7;1232;23;;;1255;7;1258;23;;;1244.5;0.0
-1;14400;VEV_4500;764;11;763;23;;;781;12;783;23;;;772.5;0.0
-1;14400;VEV_5000;;;;;;;278;11;279;20;;;278.0;0.0
-1;14400;VEV_5100;171;20;;;;;176;31;177;12;;;173.5;0.0
-1;14400;VEV_5200;97;15;;;;;100;6;101;19;;;98.5;0.0
-1;14400;VEV_5300;53;16;;;;;55;23;;;;;54.0;0.0
-1;14400;VEV_5400;14;15;;;;;16;18;;;;;15.0;0.0
-1;14400;VEV_5500;5;20;;;;;6;19;;;;;5.5;0.0
-1;14400;VEV_6000;0;28;;;;;1;28;;;;;0.5;0.0
-1;14400;VEV_6500;0;12;;;;;1;12;;;;;0.5;0.0
-1;14500;HYDROGEL_PACK;9946;10;9944;23;;;9962;10;9965;23;;;9954.0;0.0
-1;14500;VELVETFRUIT_EXTRACT;5251;67;;;;;5256;20;5257;48;;;5253.5;0.0
-1;14500;VEV_4000;1233;12;1230;29;;;1254;12;1256;29;;;1243.5;0.0
-1;14500;VEV_4500;764;11;762;13;;;780;11;782;13;;;772.0;0.0
-1;14500;VEV_5000;271;21;;;;;278;32;279;21;;;274.5;0.0
-1;14500;VEV_5100;173;26;172;33;;;;;;;;;173.0;0.0
-1;14500;VEV_5200;;;;;;;;;;;;;0.0;0.0
-1;14500;VEV_5300;53;25;;;;;55;21;;;;;54.0;0.0
-1;14500;VEV_5400;14;16;;;;;16;26;;;;;15.0;0.0
-1;14500;VEV_5500;5;19;;;;;6;19;;;;;5.5;0.0
-1;14500;VEV_6000;0;22;;;;;1;22;;;;;0.5;0.0
-1;14500;VEV_6500;0;13;;;;;1;13;;;;;0.5;0.0
-1;14600;HYDROGEL_PACK;9946;13;9944;26;;;9962;13;9965;26;;;9954.0;0.0
-1;14600;VELVETFRUIT_EXTRACT;5251;57;5251;18;;;5256;18;5257;40;5257;66;5253.5;0.0
-1;14600;VEV_4000;1234;15;1231;28;;;1255;15;1257;28;;;1244.5;0.0
-1;14600;VEV_4500;763;12;761;12;;;779;12;781;12;;;771.0;0.0
-1;14600;VEV_5000;271;12;270;17;;;277;36;278;19;;;274.0;0.0
-1;14600;VEV_5100;174;21;173;30;;;178;7;;;;;176.0;0.0
-1;14600;VEV_5200;97;11;96;22;;;100;32;;;;;98.5;0.0
-1;14600;VEV_5300;52;28;51;17;;;54;20;55;11;;;53.0;0.0
-1;14600;VEV_5400;15;29;;;;;16;19;;;;;15.5;0.0
-1;14600;VEV_5500;5;19;;;;;6;26;;;;;5.5;0.0
-1;14600;VEV_6000;0;27;;;;;1;27;;;;;0.5;0.0
-1;14600;VEV_6500;0;14;;;;;1;14;;;;;0.5;0.0
-1;14700;HYDROGEL_PACK;9946;14;9943;30;;;9962;14;9964;30;;;9954.0;0.0
-1;14700;VELVETFRUIT_EXTRACT;5250;56;;;;;5255;22;5256;61;;;5252.5;0.0
-1;14700;VEV_4000;1234;13;1232;30;;;1255;13;1258;30;;;1244.5;0.0
-1;14700;VEV_4500;762;21;;;;;780;6;781;8;782;21;771.0;0.0
-1;14700;VEV_5000;270;27;269;12;;;276;7;277;15;;;273.0;0.0
-1;14700;VEV_5100;174;11;173;17;;;;;;;;;174.0;0.0
-1;14700;VEV_5200;97;33;;;;;;;;;;;97.0;0.0
-1;14700;VEV_5300;52;22;;;;;;;;;;;52.0;0.0
-1;14700;VEV_5400;15;24;14;20;;;16;19;;;;;15.5;0.0
-1;14700;VEV_5500;5;26;;;;;6;16;;;;;5.5;0.0
-1;14700;VEV_6000;0;27;;;;;1;27;;;;;0.5;0.0
-1;14700;VEV_6500;0;12;;;;;1;12;;;;;0.5;0.0
-1;14800;HYDROGEL_PACK;9947;15;9945;22;;;9963;15;9966;22;;;9955.0;0.0
-1;14800;VELVETFRUIT_EXTRACT;5252;25;5251;68;;;5256;25;5257;39;5258;50;5254.0;0.0
-1;14800;VEV_4000;1234;9;1232;21;;;1255;9;1258;21;;;1244.5;0.0
-1;14800;VEV_4500;765;6;763;18;;;781;6;783;18;;;773.0;0.0
-1;14800;VEV_5000;;;;;;;278;18;;;;;278.0;0.0
-1;14800;VEV_5100;174;28;;;;;179;21;;;;;176.5;0.0
-1;14800;VEV_5200;96;26;;;;;;;;;;;96.0;0.0
-1;14800;VEV_5300;53;22;;;;;55;23;;;;;54.0;0.0
-1;14800;VEV_5400;15;21;;;;;16;25;;;;;15.5;0.0
-1;14800;VEV_5500;5;20;;;;;6;22;;;;;5.5;0.0
-1;14800;VEV_6000;0;24;;;;;1;24;;;;;0.5;0.0
-1;14800;VEV_6500;0;21;;;;;1;21;;;;;0.5;0.0
-1;14900;HYDROGEL_PACK;9948;11;9946;24;;;9964;11;9966;24;;;9956.0;0.0
-1;14900;VELVETFRUIT_EXTRACT;5253;15;5252;63;;;5258;70;;;;;5255.5;0.0
-1;14900;VEV_4000;1234;8;1232;20;;;1255;8;1258;20;;;1244.5;0.0
-1;14900;VEV_4500;766;8;764;20;;;782;8;784;20;;;774.0;0.0
-1;14900;VEV_5000;271;7;270;21;;;277;7;;;;;274.0;0.0
-1;14900;VEV_5100;175;6;174;29;;;179;28;180;13;;;177.0;0.0
-1;14900;VEV_5200;95;13;;;;;98;18;99;33;;;96.5;0.0
-1;14900;VEV_5300;53;24;;;;;55;19;;;;;54.0;0.0
-1;14900;VEV_5400;14;30;;;;;16;25;;;;;15.0;0.0
-1;14900;VEV_5500;5;19;;;;;6;19;;;;;5.5;0.0
-1;14900;VEV_6000;0;24;;;;;1;24;;;;;0.5;0.0
-1;14900;VEV_6500;0;17;;;;;1;17;;;;;0.5;0.0
-1;15000;HYDROGEL_PACK;9947;10;9944;30;;;9963;10;9965;30;;;9955.0;0.0
-1;15000;VELVETFRUIT_EXTRACT;5255;45;5255;25;;;5261;48;;;;;5258.0;0.0
-1;15000;VEV_4000;1236;13;1234;19;;;1257;13;1260;19;;;1246.5;0.0
-1;15000;VEV_4500;765;7;764;10;763;17;781;7;784;17;;;773.0;0.0
-1;15000;VEV_5000;271;8;270;13;;;277;23;278;19;;;274.0;0.0
-1;15000;VEV_5100;175;9;174;17;;;179;9;180;15;;;177.0;0.0
-1;15000;VEV_5200;95;14;;;;;99;24;;;;;97.0;0.0
-1;15000;VEV_5300;52;19;;;;;54;21;;;;;53.0;0.0
-1;15000;VEV_5400;14;25;14;29;;;16;25;;;;;15.0;0.0
-1;15000;VEV_5500;5;19;;;;;6;23;;;;;5.5;0.0
-1;15000;VEV_6000;0;23;;;;;1;23;;;;;0.5;0.0
-1;15000;VEV_6500;0;17;;;;;1;17;;;;;0.5;0.0
-1;15100;HYDROGEL_PACK;9950;15;9948;24;;;9966;15;9968;24;;;9958.0;0.0
-1;15100;VELVETFRUIT_EXTRACT;5255;18;5254;25;;;5260;38;5261;49;;;5257.5;0.0
-1;15100;VEV_4000;1237;9;1234;27;;;1258;9;1260;27;;;1247.5;0.0
-1;15100;VEV_4500;766;6;764;17;;;784;17;;;;;775.0;0.0
-1;15100;VEV_5000;269;9;268;12;;;275;8;;;;;272.0;0.0
-1;15100;VEV_5100;176;12;175;14;;;180;29;;;;;178.0;0.0
-1;15100;VEV_5200;95;10;94;24;;;97;6;98;17;;;96.0;0.0
-1;15100;VEV_5300;52;20;;;;;;;;;;;52.0;0.0
-1;15100;VEV_5400;14;28;;;;;;;;;;;14.0;0.0
-1;15100;VEV_5500;5;22;;;;;6;17;;;;;5.5;0.0
-1;15100;VEV_6000;0;22;;;;;1;22;;;;;0.5;0.0
-1;15100;VEV_6500;0;16;;;;;1;16;;;;;0.5;0.0
-1;15200;HYDROGEL_PACK;9947;15;9945;24;;;9963;15;9965;24;;;9955.0;0.0
-1;15200;VELVETFRUIT_EXTRACT;5254;22;5253;49;5253;31;5259;58;5260;49;;;5256.5;0.0
-1;15200;VEV_4000;1234;9;1232;20;;;1255;9;1258;20;;;1244.5;0.0
-1;15200;VEV_4500;765;11;763;18;;;781;11;783;18;;;773.0;0.0
-1;15200;VEV_5000;270;8;269;23;;;276;26;;;;;273.0;0.0
-1;15200;VEV_5100;176;6;;;;;180;36;181;22;;;178.0;0.0
-1;15200;VEV_5200;95;29;;;;;98;7;99;28;;;96.5;0.0
-1;15200;VEV_5300;52;28;;;;;54;28;;;;;53.0;0.0
-1;15200;VEV_5400;;;;;;;14;18;15;16;;;14.0;0.0
-1;15200;VEV_5500;5;18;;;;;6;25;;;;;5.5;0.0
-1;15200;VEV_6000;0;23;;;;;1;23;;;;;0.5;0.0
-1;15200;VEV_6500;0;13;;;;;1;13;;;;;0.5;0.0
-1;15300;HYDROGEL_PACK;9949;13;9946;26;;;9965;13;9967;26;;;9957.0;0.0
-1;15300;VELVETFRUIT_EXTRACT;5253;38;5253;40;;;5258;25;5259;49;;;5255.5;0.0
-1;15300;VEV_4000;1234;11;1232;18;;;1255;11;1258;18;;;1244.5;0.0
-1;15300;VEV_4500;764;11;762;22;;;780;11;782;22;;;772.0;0.0
-1;15300;VEV_5000;269;27;;;;;276;12;277;27;;;272.5;0.0
-1;15300;VEV_5100;175;31;174;16;;;179;7;;;;;177.0;0.0
-1;15300;VEV_5200;95;27;;;;;;;;;;;95.0;0.0
-1;15300;VEV_5300;52;19;51;15;;;54;18;55;11;;;53.0;0.0
-1;15300;VEV_5400;14;22;;;;;16;25;;;;;15.0;0.0
-1;15300;VEV_5500;5;6;;;;;6;15;;;;;5.5;0.0
-1;15300;VEV_6000;0;21;;;;;1;21;;;;;0.5;0.0
-1;15300;VEV_6500;0;18;;;;;1;18;;;;;0.5;0.0
-1;15400;HYDROGEL_PACK;9949;14;9947;30;;;9965;14;9968;30;;;9957.0;0.0
-1;15400;VELVETFRUIT_EXTRACT;5252;17;5251;60;;;5257;24;;;;;5254.5;0.0
-1;15400;VEV_4000;1233;13;1231;27;;;1254;13;1257;27;;;1243.5;0.0
-1;15400;VEV_4500;763;8;761;14;;;779;8;781;14;;;771.0;0.0
-1;15400;VEV_5000;272;11;271;20;;;278;8;;;;;275.0;0.0
-1;15400;VEV_5100;;;;;;;;;;;;;0.0;0.0
-1;15400;VEV_5200;95;22;94;20;;;97;6;98;23;;;96.0;0.0
-1;15400;VEV_5300;52;24;51;11;;;54;21;;;;;53.0;0.0
-1;15400;VEV_5400;14;20;;;;;16;22;;;;;15.0;0.0
-1;15400;VEV_5500;5;19;;;;;6;22;;;;;5.5;0.0
-1;15400;VEV_6000;0;24;;;;;1;24;;;;;0.5;0.0
-1;15400;VEV_6500;0;19;;;;;1;19;;;;;0.5;0.0
-1;15500;HYDROGEL_PACK;9946;11;9944;24;;;9962;11;9965;24;;;9954.0;0.0
-1;15500;VELVETFRUIT_EXTRACT;5252;68;;;;;5258;33;;;;;5255.0;0.0
-1;15500;VEV_4000;1232;15;1229;17;;;1253;15;1255;17;;;1242.5;0.0
-1;15500;VEV_4500;763;12;762;9;761;21;779;12;781;21;;;771.0;0.0
-1;15500;VEV_5000;272;7;271;15;;;278;6;279;22;;;275.0;0.0
-1;15500;VEV_5100;176;12;175;17;;;180;12;;;;;178.0;0.0
-1;15500;VEV_5200;96;9;95;21;;;99;26;;;;;97.5;0.0
-1;15500;VEV_5300;52;23;;;;;54;28;;;;;53.0;0.0
-1;15500;VEV_5400;14;22;14;19;;;16;16;;;;;15.0;0.0
-1;15500;VEV_5500;5;24;;;;;6;22;;;;;5.5;0.0
-1;15500;VEV_6000;0;24;;;;;1;24;;;;;0.5;0.0
-1;15500;VEV_6500;0;16;;;;;1;16;;;;;0.5;0.0
