timestamp;buyer;seller;symbol;currency;price;quantity
100;BOT_TAKER;BOT_MAKER;VEV_4000;XIRECS;1274.0;1
200;BOT_TAKER;BOT_MAKER;HYDROGEL_PACK;XIRECS;9988.0;6
200;BOT_MAKER;BOT_TAKER;VELVETFRUIT_EXTRACT;XIRECS;5259.0;5
200;BOT_TAKER;BOT_MAKER;VEV_4000;XIRECS;1273.0;2
200;SUBMISSION;BOT_TAKER;VELVETFRUIT_EXTRACT;XIRECS;5260.0;4
300;BOT_TAKER;BOT_MAKER;VELVETFRUIT_EXTRACT;XIRECS;5265.0;4
300;BOT_TAKER;BOT_MAKER;VEV_4000;XIRECS;1273.0;2
300;BOT_MAKER;BOT_TAKER;VEV_5500;XIRECS;6.0;2
600;BOT_TAKER;BOT_MAKER;VELVETFRUIT_EXTRACT;XIRECS;5263.0;8
700;BOT_TAKER;BOT_MAKER;VELVETFRUIT_EXTRACT;XIRECS;5265.0;8
800;BOT_TAKER;BOT_MAKER;HYDROGEL_PACK;XIRECS;9990.0;5
800;BOT_TAKER;BOT_MAKER;VELVETFRUIT_EXTRACT;XIRECS;5262.0;8
900;BOT_TAKER;BOT_MAKER;HYDROGEL_PACK;XIRECS;9991.0;5
900;BOT_MAKER;BOT_TAKER;VELVETFRUIT_EXTRACT;XIRECS;5256.0;3
1000;BOT_TAKER;BOT_MAKER;HYDROGEL_PACK;XIRECS;9992.0;6
1000;BOT_MAKER;BOT_TAKER;VELVETFRUIT_EXTRACT;XIRECS;5256.0;6
1100;BOT_TAKER;BOT_MAKER;HYDROGEL_PACK;XIRECS;9991.0;2
1100;BOT_MAKER;BOT_TAKER;VEV_6500;XIRECS;0.0;4
1200;BOT_TAKER;BOT_MAKER;VELVETFRUIT_EXTRACT;XIRECS;5261.0;4
1300;BOT_MAKER;BOT_TAKER;VELVETFRUIT_EXTRACT;XIRECS;5256.0;8
1500;BOT_MAKER;BOT_TAKER;VELVETFRUIT_EXTRACT;XIRECS;5256.0;8
1500;BOT_TAKER;BOT_MAKER;VEV_6000;XIRECS;1.0;3
1600;BOT_TAKER;BOT_MAKER;VEV_6000;XIRECS;1.0;4
1700;BOT_TAKER;BOT_MAKER;VELVETFRUIT_EXTRACT;XIRECS;5260.0;8
1800;BOT_MAKER;BOT_TAKER;VELVETFRUIT_EXTRACT;XIRECS;5257.0;5
1800;BOT_TAKER;SUBMISSION;VEV_4000;XIRECS;1267.0;1
2000;BOT_MAKER;BOT_TAKER;VELVETFRUIT_EXTRACT;XIRECS;5258.0;8
2000;BOT_MAKER;BOT_TAKER;VEV_4000;XIRECS;1248.0;1
2000;SUBMISSION;BOT_TAKER;VELVETFRUIT_EXTRACT;XIRECS;5259.0;5
2100;BOT_TAKER;BOT_MAKER;VEV_4000;XIRECS;1269.0;3
2200;BOT_MAKER;BOT_TAKER;VELVETFRUIT_EXTRACT;XIRECS;5258.0;6
2200;BOT_MAKER;BOT_TAKER;VEV_6000;XIRECS;0.0;3
2400;BOT_TAKER;BOT_MAKER;VELVETFRUIT_EXTRACT;XIRECS;5263.0;4
2500;BOT_MAKER;BOT_TAKER;HYDROGEL_PACK;XIRECS;9972.0;6
2500;BOT_MAKER;BOT_TAKER;VEV_6500;XIRECS;0.0;2
2600;BOT_MAKER;BOT_TAKER;VELVETFRUIT_EXTRACT;XIRECS;5257.0;8
2700;BOT_TAKER;BOT_MAKER;HYDROGEL_PACK;XIRECS;9995.0;4
2700;BOT_TAKER;BOT_MAKER;VELVETFRUIT_EXTRACT;XIRECS;5262.0;4
2700;BOT_MAKER;BOT_TAKER;VEV_5400;XIRECS;16.0;2
2900;BOT_MAKER;BOT_TAKER;VELVETFRUIT_EXTRACT;XIRECS;5258.0;7
2900;BOT_MAKER;BOT_TAKER;VEV_6500;XIRECS;0.0;2
3100;BOT_MAKER;BOT_TAKER;HYDROGEL_PACK;XIRECS;9973.0;4
3100;BOT_MAKER;BOT_TAKER;VEV_4000;XIRECS;1250.0;3
3400;BOT_TAKER;BOT_MAKER;HYDROGEL_PACK;XIRECS;9992.0;5
3400;BOT_TAKER;BOT_MAKER;VELVETFRUIT_EXTRACT;XIRECS;5262.0;6
3400;BOT_MAKER;BOT_TAKER;VEV_4000;XIRECS;1249.0;3
3500;BOT_TAKER;BOT_MAKER;VELVETFRUIT_EXTRACT;XIRECS;5262.0;5
3500;BOT_TAKER;BOT_MAKER;VEV_5500;XIRECS;7.0;4
3600;BOT_TAKER;BOT_MAKER;VELVETFRUIT_EXTRACT;XIRECS;5261.0;13
3600;BOT_MAKER;BOT_TAKER;VEV_5500;XIRECS;6.0;2
3700;BOT_TAKER;BOT_MAKER;HYDROGEL_PACK;XIRECS;9995.0;5
3700;BOT_TAKER;BOT_MAKER;VELVETFRUIT_EXTRACT;XIRECS;5262.0;8
3800;BOT_TAKER;BOT_MAKER;HYDROGEL_PACK;XIRECS;9996.0;4
3800;BOT_MAKER;BOT_TAKER;VELVETFRUIT_EXTRACT;XIRECS;5257.0;6
3900;BOT_TAKER;BOT_MAKER;VELVETFRUIT_EXTRACT;XIRECS;5262.0;6
4000;BOT_MAKER;BOT_TAKER;VELVETFRUIT_EXTRACT;XIRECS;5256.0;6
4200;BOT_MAKER;BOT_TAKER;VELVETFRUIT_EXTRACT;XIRECS;5253.0;3
4300;BOT_TAKER;BOT_MAKER;VELVETFRUIT_EXTRACT;XIRECS;5257.0;10
4400;BOT_MAKER;BOT_TAKER;VEV_4000;XIRECS;1249.0;2
4500;SUBMISSION;BOT_TAKER;VELVETFRUIT_EXTRACT;XIRECS;5255.0;4
4600;BOT_MAKER;BOT_TAKER;HYDROGEL_PACK;XIRECS;9980.0;4
4600;BOT_TAKER;BOT_MAKER;VEV_4000;XIRECS;1271.0;3
4600;BOT_TAKER;SUBMISSION;HYDROGEL_PACK;XIRECS;9995.0;2
4700;BOT_MAKER;BOT_TAKER;VELVETFRUIT_EXTRACT;XIRECS;5251.0;7
4700;BOT_MAKER;BOT_TAKER;VEV_6500;XIRECS;0.0;2
4800;BOT_MAKER;BOT_TAKER;VELVETFRUIT_EXTRACT;XIRECS;5251.0;5
4900;BOT_TAKER;BOT_MAKER;HYDROGEL_PACK;XIRECS;9992.0;2
4900;BOT_TAKER;BOT_MAKER;VELVETFRUIT_EXTRACT;XIRECS;5255.0;9
4900;BOT_MAKER;BOT_TAKER;VELVETFRUIT_EXTRACT;XIRECS;5249.0;3
4900;BOT_TAKER;BOT_MAKER;VEV_5400;XIRECS;17.0;4
5100;BOT_TAKER;SUBMISSION;VELVETFRUIT_EXTRACT;XIRECS;5255.0;5
5100;BOT_TAKER;BOT_MAKER;VELVETFRUIT_EXTRACT;XIRECS;5256.0;1
5300;BOT_TAKER;BOT_MAKER;HYDROGEL_PACK;XIRECS;9986.0;5
5300;BOT_MAKER;BOT_TAKER;VEV_6500;XIRECS;0.0;4
5400;BOT_TAKER;BOT_MAKER;VELVETFRUIT_EXTRACT;XIRECS;5255.0;5
5400;BOT_MAKER;BOT_TAKER;VEV_4000;XIRECS;1247.0;3
5500;BOT_MAKER;BOT_TAKER;HYDROGEL_PACK;XIRECS;9969.0;2
5500;BOT_MAKER;BOT_TAKER;VELVETFRUIT_EXTRACT;XIRECS;5251.0;5
5600;BOT_TAKER;BOT_MAKER;VELVETFRUIT_EXTRACT;XIRECS;5257.0;4
5600;BOT_MAKER;BOT_TAKER;VEV_4000;XIRECS;1245.0;1
5600;BOT_TAKER;BOT_MAKER;VEV_4000;XIRECS;1266.0;1
5600;BOT_MAKER;BOT_TAKER;VEV_6000;XIRECS;0.0;5
5700;BOT_TAKER;BOT_MAKER;VELVETFRUIT_EXTRACT;XIRECS;5255.0;10
5700;BOT_TAKER;BOT_MAKER;VEV_5300;XIRECS;53.0;2
5800;BOT_TAKER;BOT_MAKER;VELVETFRUIT_EXTRACT;XIRECS;5254.0;6
5900;BOT_MAKER;BOT_TAKER;HYDROGEL_PACK;XIRECS;9968.0;5
6000;BOT_TAKER;BOT_MAKER;VEV_4000;XIRECS;1267.0;3
6000;BOT_MAKER;BOT_TAKER;VEV_5400;XIRECS;17.0;2
6000;SUBMISSION;BOT_TAKER;HYDROGEL_PACK;XIRECS;9971.0;5
6000;BOT_MAKER;BOT_TAKER;HYDROGEL_PACK;XIRECS;9970.0;1
6100;BOT_TAKER;BOT_MAKER;VELVETFRUIT_EXTRACT;XIRECS;5255.0;3
6100;SUBMISSION;BOT_TAKER;VEV_4000;XIRECS;1247.0;2
6200;BOT_MAKER;BOT_TAKER;VELVETFRUIT_EXTRACT;XIRECS;5250.0;3
6200;BOT_TAKER;BOT_MAKER;VEV_5400;XIRECS;18.0;2
6300;BOT_MAKER;BOT_TAKER;VEV_6000;XIRECS;0.0;3
6400;SUBMISSION;BOT_TAKER;VELVETFRUIT_EXTRACT;XIRECS;5251.0;4
6500;BOT_MAKER;BOT_TAKER;HYDROGEL_PACK;XIRECS;9971.0;4
6500;BOT_TAKER;BOT_MAKER;VELVETFRUIT_EXTRACT;XIRECS;5256.0;4
6500;BOT_MAKER;BOT_TAKER;VEV_4000;XIRECS;1243.0;3
6500;BOT_TAKER;BOT_MAKER;VEV_5400;XIRECS;18.0;5
6600;BOT_MAKER;BOT_TAKER;VEV_5300;XIRECS;49.0;2
6700;BOT_TAKER;BOT_MAKER;VELVETFRUIT_EXTRACT;XIRECS;5255.0;4
6700;SUBMISSION;BOT_TAKER;VEV_4000;XIRECS;1243.0;1
6800;BOT_MAKER;BOT_TAKER;VEV_6500;XIRECS;0.0;4
6900;BOT_TAKER;BOT_MAKER;VELVETFRUIT_EXTRACT;XIRECS;5257.0;3
6900;BOT_MAKER;BOT_TAKER;VEV_5500;XIRECS;5.0;2
7000;BOT_MAKER;BOT_TAKER;VEV_6000;XIRECS;0.0;3
7000;BOT_TAKER;BOT_MAKER;VEV_6500;XIRECS;1.0;2
7000;SUBMISSION;BOT_TAKER;VELVETFRUIT_EXTRACT;XIRECS;5252.0;5
7000;BOT_MAKER;BOT_TAKER;VELVETFRUIT_EXTRACT;XIRECS;5251.0;1
7100;BOT_MAKER;BOT_TAKER;VELVETFRUIT_EXTRACT;XIRECS;5252.0;7
7200;BOT_MAKER;BOT_TAKER;HYDROGEL_PACK;XIRECS;9972.0;6
7200;SUBMISSION;BOT_TAKER;HYDROGEL_PACK;XIRECS;9973.0;5
7300;BOT_MAKER;BOT_TAKER;VELVETFRUIT_EXTRACT;XIRECS;5252.0;8
7300;BOT_TAKER;SUBMISSION;VEV_4000;XIRECS;1262.0;3
7500;BOT_MAKER;BOT_TAKER;VEV_5300;XIRECS;49.0;3
7700;BOT_MAKER;BOT_TAKER;VELVETFRUIT_EXTRACT;XIRECS;5249.0;8
7700;BOT_MAKER;BOT_TAKER;VEV_6000;XIRECS;0.0;2
7800;BOT_TAKER;BOT_MAKER;VELVETFRUIT_EXTRACT;XIRECS;5255.0;3
8000;BOT_TAKER;BOT_MAKER;HYDROGEL_PACK;XIRECS;9977.0;5
8000;BOT_MAKER;BOT_TAKER;VEV_5400;XIRECS;17.0;2
8000;BOT_TAKER;BOT_MAKER;VEV_6500;XIRECS;1.0;2
8100;BOT_TAKER;BOT_MAKER;HYDROGEL_PACK;XIRECS;9973.0;5
8200;BOT_MAKER;BOT_TAKER;VELVETFRUIT_EXTRACT;XIRECS;5251.0;7
8200;BOT_MAKER;BOT_TAKER;VEV_5400;XIRECS;16.0;4
8200;BOT_TAKER;BOT_MAKER;VEV_5400;XIRECS;17.0;3
8300;BOT_TAKER;BOT_MAKER;VEV_5300;XIRECS;53.0;5
8500;BOT_MAKER;BOT_TAKER;HYDROGEL_PACK;XIRECS;9953.0;2
8500;BOT_MAKER;BOT_TAKER;VELVETFRUIT_EXTRACT;XIRECS;5251.0;8
8600;BOT_TAKER;BOT_MAKER;VEV_6500;XIRECS;1.0;5
8700;BOT_MAKER;BOT_TAKER;HYDROGEL_PACK;XIRECS;9953.0;5
8700;BOT_TAKER;BOT_MAKER;VELVETFRUIT_EXTRACT;XIRECS;5257.0;8
8800;BOT_TAKER;BOT_MAKER;VELVETFRUIT_EXTRACT;XIRECS;5259.0;7
8800;BOT_TAKER;BOT_MAKER;VEV_5500;XIRECS;6.0;3
9000;BOT_TAKER;BOT_MAKER;HYDROGEL_PACK;XIRECS;9966.0;5
9000;BOT_MAKER;BOT_TAKER;VEV_5200;XIRECS;95.0;2
9200;BOT_TAKER;BOT_MAKER;HYDROGEL_PACK;XIRECS;9965.0;6
9300;BOT_MAKER;BOT_TAKER;VEV_5400;XIRECS;16.0;2
9300;BOT_TAKER;BOT_MAKER;VEV_5500;XIRECS;6.0;5
9400;BOT_TAKER;BOT_MAKER;VELVETFRUIT_EXTRACT;XIRECS;5261.0;8
9400;BOT_TAKER;SUBMISSION;HYDROGEL_PACK;XIRECS;9962.0;4
9500;BOT_TAKER;BOT_MAKER;VEV_6000;XIRECS;1.0;5
9500;BOT_TAKER;SUBMISSION;VELVETFRUIT_EXTRACT;XIRECS;5258.0;5
9600;BOT_TAKER;BOT_MAKER;VELVETFRUIT_EXTRACT;XIRECS;5259.0;7
9700;BOT_MAKER;BOT_TAKER;HYDROGEL_PACK;XIRECS;9948.0;5
9700;BOT_MAKER;BOT_TAKER;VELVETFRUIT_EXTRACT;XIRECS;5253.0;8
9800;BOT_TAKER;BOT_MAKER;VELVETFRUIT_EXTRACT;XIRECS;5259.0;7
9800;BOT_TAKER;SUBMISSION;VELVETFRUIT_EXTRACT;XIRECS;5258.0;5
9800;BOT_TAKER;BOT_MAKER;VELVETFRUIT_EXTRACT;XIRECS;5259.0;2
9900;BOT_TAKER;BOT_MAKER;HYDROGEL_PACK;XIRECS;9967.0;4
9900;BOT_MAKER;BOT_TAKER;VELVETFRUIT_EXTRACT;XIRECS;5257.0;6
9900;BOT_MAKER;BOT_TAKER;VEV_5300;XIRECS;50.0;4
10000;BOT_MAKER;BOT_TAKER;VELVETFRUIT_EXTRACT;XIRECS;5256.0;4
10100;BOT_MAKER;BOT_TAKER;VELVETFRUIT_EXTRACT;XIRECS;5258.0;7
10100;BOT_MAKER;BOT_TAKER;VELVETFRUIT_EXTRACT;XIRECS;5258.0;4
10200;BOT_MAKER;BOT_TAKER;HYDROGEL_PACK;XIRECS;9948.0;4
10200;BOT_MAKER;BOT_TAKER;VELVETFRUIT_EXTRACT;XIRECS;5258.0;4
10200;BOT_TAKER;BOT_MAKER;VEV_5400;XIRECS;16.0;3
10200;BOT_TAKER;BOT_MAKER;VEV_5500;XIRECS;6.0;3
10300;BOT_TAKER;BOT_MAKER;VEV_6000;XIRECS;1.0;2
10400;BOT_MAKER;BOT_TAKER;VEV_4000;XIRECS;1242.0;3
10400;BOT_MAKER;BOT_TAKER;VEV_5400;XIRECS;15.0;4
10500;BOT_TAKER;SUBMISSION;VEV_4000;XIRECS;1263.0;2
10600;BOT_TAKER;BOT_MAKER;VEV_5300;XIRECS;53.0;4
10700;BOT_MAKER;BOT_TAKER;VEV_5300;XIRECS;51.0;3
10800;BOT_TAKER;BOT_MAKER;HYDROGEL_PACK;XIRECS;9963.0;3
10800;BOT_MAKER;BOT_TAKER;VEV_6000;XIRECS;0.0;4
11000;BOT_TAKER;BOT_MAKER;VELVETFRUIT_EXTRACT;XIRECS;5260.0;7
11000;BOT_TAKER;BOT_MAKER;VEV_4000;XIRECS;1264.0;2
11000;BOT_TAKER;BOT_MAKER;VEV_6000;XIRECS;1.0;5
11100;BOT_MAKER;BOT_TAKER;HYDROGEL_PACK;XIRECS;9944.0;6
11100;BOT_TAKER;BOT_MAKER;VELVETFRUIT_EXTRACT;XIRECS;5260.0;8
11200;BOT_TAKER;BOT_MAKER;HYDROGEL_PACK;XIRECS;9961.0;4
11200;BOT_MAKER;BOT_TAKER;VELVETFRUIT_EXTRACT;XIRECS;5252.0;5
11200;BOT_TAKER;BOT_MAKER;VEV_4000;XIRECS;1264.0;1
11500;BOT_MAKER;BOT_TAKER;VEV_5500;XIRECS;5.0;5
11500;BOT_TAKER;SUBMISSION;HYDROGEL_PACK;XIRECS;9953.0;3
11700;BOT_TAKER;BOT_MAKER;VEV_4000;XIRECS;1260.0;1
11800;BOT_MAKER;BOT_TAKER;VELVETFRUIT_EXTRACT;XIRECS;5251.0;8
11800;BOT_MAKER;BOT_TAKER;VEV_6500;XIRECS;0.0;2
11900;BOT_TAKER;BOT_MAKER;HYDROGEL_PACK;XIRECS;9955.0;4
11900;BOT_TAKER;BOT_MAKER;VEV_4000;XIRECS;1257.0;3
11900;BOT_TAKER;BOT_MAKER;VEV_6500;XIRECS;1.0;3
12100;BOT_MAKER;BOT_TAKER;HYDROGEL_PACK;XIRECS;9942.0;4
12100;BOT_MAKER;BOT_TAKER;VELVETFRUIT_EXTRACT;XIRECS;5248.0;4
12100;BOT_MAKER;BOT_TAKER;VEV_5300;XIRECS;53.0;4
12100;BOT_MAKER;BOT_TAKER;VEV_5400;XIRECS;15.0;2
12200;BOT_TAKER;BOT_MAKER;HYDROGEL_PACK;XIRECS;9961.0;5
12300;BOT_TAKER;BOT_MAKER;VEV_5500;XIRECS;6.0;3
12400;BOT_MAKER;BOT_TAKER;VEV_4000;XIRECS;1236.0;3
12400;BOT_MAKER;BOT_TAKER;VEV_5300;XIRECS;52.0;5
12500;SUBMISSION;BOT_TAKER;VELVETFRUIT_EXTRACT;XIRECS;5249.0;3
12600;BOT_MAKER;BOT_TAKER;HYDROGEL_PACK;XIRECS;9947.0;2
12700;BOT_TAKER;BOT_MAKER;VELVETFRUIT_EXTRACT;XIRECS;5255.0;6
12800;BOT_TAKER;BOT_MAKER;HYDROGEL_PACK;XIRECS;9964.0;6
12800;BOT_TAKER;BOT_MAKER;VELVETFRUIT_EXTRACT;XIRECS;5255.0;8
12800;BOT_TAKER;BOT_MAKER;VEV_4000;XIRECS;1259.0;3
12900;BOT_TAKER;BOT_MAKER;VEV_6000;XIRECS;1.0;5
13000;BOT_MAKER;BOT_TAKER;VEV_4000;XIRECS;1241.0;2
13100;BOT_TAKER;BOT_MAKER;HYDROGEL_PACK;XIRECS;9965.0;4
13100;BOT_TAKER;BOT_MAKER;VELVETFRUIT_EXTRACT;XIRECS;5257.0;10
13100;BOT_MAKER;BOT_TAKER;VEV_6000;XIRECS;0.0;5
13200;BOT_MAKER;BOT_TAKER;VELVETFRUIT_EXTRACT;XIRECS;5253.0;13
13200;BOT_MAKER;BOT_TAKER;VEV_5500;XIRECS;6.0;5
13400;BOT_TAKER;BOT_MAKER;HYDROGEL_PACK;XIRECS;9959.0;2
13400;BOT_MAKER;BOT_TAKER;VEV_4000;XIRECS;1238.0;3
13400;BOT_TAKER;BOT_MAKER;VEV_5500;XIRECS;7.0;4
13400;BOT_TAKER;BOT_MAKER;VEV_6000;XIRECS;1.0;5
13500;BOT_TAKER;BOT_MAKER;HYDROGEL_PACK;XIRECS;9958.0;4
13600;BOT_MAKER;BOT_TAKER;VELVETFRUIT_EXTRACT;XIRECS;5249.0;5
13700;BOT_TAKER;BOT_MAKER;VEV_5400;XIRECS;16.0;5
13700;BOT_MAKER;BOT_TAKER;VEV_6000;XIRECS;0.0;5
13900;BOT_TAKER;BOT_MAKER;HYDROGEL_PACK;XIRECS;9959.0;5
13900;BOT_MAKER;BOT_TAKER;VELVETFRUIT_EXTRACT;XIRECS;5250.0;4
14000;BOT_MAKER;BOT_TAKER;VEV_6000;XIRECS;0.0;2
14100;BOT_TAKER;BOT_MAKER;VELVETFRUIT_EXTRACT;XIRECS;5256.0;6
14200;BOT_TAKER;BOT_MAKER;HYDROGEL_PACK;XIRECS;9963.0;6
14200;BOT_MAKER;BOT_TAKER;VELVETFRUIT_EXTRACT;XIRECS;5251.0;5
14400;BOT_MAKER;BOT_TAKER;VEV_5500;XIRECS;5.0;4
14500;BOT_MAKER;BOT_TAKER;HYDROGEL_PACK;XIRECS;9946.0;3
14500;BOT_TAKER;BOT_MAKER;VELVETFRUIT_EXTRACT;XIRECS;5256.0;6
14500;BOT_TAKER;BOT_MAKER;VEV_5400;XIRECS;16.0;4
14500;BOT_MAKER;BOT_TAKER;VEV_6000;XIRECS;0.0;4
14700;BOT_TAKER;BOT_MAKER;VELVETFRUIT_EXTRACT;XIRECS;5255.0;4
14800;BOT_TAKER;BOT_MAKER;VELVETFRUIT_EXTRACT;XIRECS;5256.0;7
14800;BOT_TAKER;BOT_MAKER;VEV_5500;XIRECS;6.0;2
14900;BOT_MAKER;BOT_TAKER;VEV_4000;XIRECS;1234.0;1
15000;BOT_MAKER;BOT_TAKER;VEV_5500;XIRECS;5.0;4
15000;BOT_TAKER;BOT_MAKER;VEV_6000;XIRECS;1.0;5
15100;BOT_TAKER;BOT_MAKER;VELVETFRUIT_EXTRACT;XIRECS;5260.0;6
15100;BOT_TAKER;SUBMISSION;VELVETFRUIT_EXTRACT;XIRECS;5259.0;5
15100;BOT_TAKER;BOT_MAKER;VELVETFRUIT_EXTRACT;XIRECS;5260.0;2
15200;BOT_MAKER;BOT_TAKER;HYDROGEL_PACK;XIRECS;9947.0;4
15200;BOT_TAKER;BOT_MAKER;VEV_5300;XIRECS;54.0;5
15300;BOT_TAKER;BOT_MAKER;VELVETFRUIT_EXTRACT;XIRECS;5258.0;8
15300;BOT_MAKER;BOT_TAKER;VEV_6500;XIRECS;0.0;2
15400;BOT_TAKER;BOT_MAKER;HYDROGEL_PACK;XIRECS;9965.0;2
15400;BOT_TAKER;BOT_MAKER;VELVETFRUIT_EXTRACT;XIRECS;5257.0;8
15500;BOT_TAKER;BOT_MAKER;HYDROGEL_PACK;XIRECS;9962.0;2
15500;BOT_TAKER;BOT_MAKER;VELVETFRUIT_EXTRACT;XIRECS;5258.0;7
15600;BOT_TAKER;BOT_MAKER;HYDROGEL_PACK;XIRECS;9967.0;3
15600;BOT_TAKER;BOT_MAKER;VELVETFRUIT_EXTRACT;XIRECS;5259.0;4
15600;BOT_TAKER;SUBMISSION;HYDROGEL_PACK;XIRECS;9966.0;4
15700;BOT_MAKER;BOT_TAKER;HYDROGEL_PACK;XIRECS;9953.0;2
15700;BOT_TAKER;BOT_MAKER;VELVETFRUIT_EXTRACT;XIRECS;5260.0;6
15700;BOT_TAKER;BOT_MAKER;VEV_5400;XIRECS;16.0;5
15900;BOT_TAKER;BOT_MAKER;HYDROGEL_PACK;XIRECS;9974.0;2
15900;BOT_MAKER;BOT_TAKER;VEV_4000;XIRECS;1234.0;3
16000;BOT_MAKER;BOT_TAKER;HYDROGEL_PACK;XIRECS;9955.0;6
16000;BOT_MAKER;BOT_TAKER;VELVETFRUIT_EXTRACT;XIRECS;5257.0;7
16100;BOT_MAKER;BOT_TAKER;VELVETFRUIT_EXTRACT;XIRECS;5257.0;7
16100;BOT_TAKER;SUBMISSION;VELVETFRUIT_EXTRACT;XIRECS;5261.0;5
16200;BOT_TAKER;BOT_MAKER;VEV_5300;XIRECS;53.0;3
16200;BOT_MAKER;BOT_TAKER;VEV_5400;XIRECS;14.0;2
16300;BOT_TAKER;BOT_MAKER;HYDROGEL_PACK;XIRECS;9974.0;6
16300;BOT_MAKER;BOT_TAKER;VELVETFRUIT_EXTRACT;XIRECS;5259.0;4
16300;BOT_TAKER;BOT_MAKER;VEV_4000;XIRECS;1257.0;3
16400;BOT_MAKER;BOT_TAKER;VELVETFRUIT_EXTRACT;XIRECS;5259.0;5
16400;BOT_MAKER;BOT_TAKER;VEV_4000;XIRECS;1237.0;1
16500;BOT_MAKER;BOT_TAKER;VELVETFRUIT_EXTRACT;XIRECS;5258.0;8
16500;BOT_MAKER;BOT_TAKER;VEV_4000;XIRECS;1237.0;1
16600;BOT_TAKER;BOT_MAKER;HYDROGEL_PACK;XIRECS;9971.0;5
16600;BOT_TAKER;BOT_MAKER;VELVETFRUIT_EXTRACT;XIRECS;5264.0;9
16700;BOT_MAKER;BOT_TAKER;HYDROGEL_PACK;XIRECS;9956.0;4
16800;BOT_MAKER;BOT_TAKER;HYDROGEL_PACK;XIRECS;9956.0;4
16900;BOT_MAKER;BOT_TAKER;VELVETFRUIT_EXTRACT;XIRECS;5258.0;6
17000;BOT_MAKER;BOT_TAKER;HYDROGEL_PACK;XIRECS;9952.0;2
17000;BOT_TAKER;BOT_MAKER;VELVETFRUIT_EXTRACT;XIRECS;5261.0;4
17000;BOT_TAKER;BOT_MAKER;VEV_4000;XIRECS;1260.0;1
17000;BOT_TAKER;SUBMISSION;HYDROGEL_PACK;XIRECS;9967.0;5
17000;BOT_TAKER;BOT_MAKER;HYDROGEL_PACK;XIRECS;9968.0;1
17100;BOT_MAKER;BOT_TAKER;HYDROGEL_PACK;XIRECS;9951.0;2
17100;BOT_TAKER;BOT_MAKER;VEV_4000;XIRECS;1260.0;1
17100;BOT_MAKER;BOT_TAKER;VEV_5500;XIRECS;5.0;3
17100;BOT_TAKER;SUBMISSION;VELVETFRUIT_EXTRACT;XIRECS;5259.0;5
17200;BOT_TAKER;BOT_MAKER;VEV_5400;XIRECS;15.0;2
17300;BOT_MAKER;BOT_TAKER;HYDROGEL_PACK;XIRECS;9947.0;3
17300;BOT_TAKER;BOT_MAKER;VELVETFRUIT_EXTRACT;XIRECS;5259.0;5
17500;BOT_MAKER;BOT_TAKER;VEV_4000;XIRECS;1240.0;1
17600;BOT_TAKER;SUBMISSION;HYDROGEL_PACK;XIRECS;9959.0;5
17600;BOT_TAKER;BOT_MAKER;HYDROGEL_PACK;XIRECS;9960.0;1
17700;BOT_MAKER;BOT_TAKER;HYDROGEL_PACK;XIRECS;9942.0;5
17700;SUBMISSION;BOT_TAKER;VEV_4000;XIRECS;1241.0;2
17800;BOT_TAKER;SUBMISSION;VEV_4000;XIRECS;1260.0;2
17900;BOT_MAKER;BOT_TAKER;VELVETFRUIT_EXTRACT;XIRECS;5251.0;8
18000;BOT_MAKER;BOT_TAKER;HYDROGEL_PACK;XIRECS;9948.0;5
18000;BOT_TAKER;BOT_MAKER;VELVETFRUIT_EXTRACT;XIRECS;5256.0;8
18100;BOT_TAKER;BOT_MAKER;VEV_6500;XIRECS;1.0;3
18200;BOT_MAKER;BOT_TAKER;HYDROGEL_PACK;XIRECS;9948.0;2
18400;BOT_MAKER;BOT_TAKER;VELVETFRUIT_EXTRACT;XIRECS;5247.0;6
18400;BOT_MAKER;BOT_TAKER;VEV_6500;XIRECS;0.0;3
18500;BOT_TAKER;BOT_MAKER;HYDROGEL_PACK;XIRECS;9970.0;6
18500;BOT_TAKER;BOT_MAKER;VEV_5400;XIRECS;15.0;2
18600;BOT_MAKER;BOT_TAKER;VELVETFRUIT_EXTRACT;XIRECS;5246.0;3
18600;SUBMISSION;BOT_TAKER;VEV_4000;XIRECS;1239.0;2
18700;BOT_TAKER;BOT_MAKER;HYDROGEL_PACK;XIRECS;9967.0;4
18900;BOT_TAKER;BOT_MAKER;VELVETFRUIT_EXTRACT;XIRECS;5252.0;8
18900;BOT_MAKER;BOT_TAKER;VEV_5300;XIRECS;49.0;3
18900;BOT_TAKER;BOT_MAKER;VEV_5500;XIRECS;6.0;2
19000;BOT_MAKER;BOT_TAKER;VEV_5400;XIRECS;13.0;3
19000;SUBMISSION;BOT_TAKER;VELVETFRUIT_EXTRACT;XIRECS;5250.0;3
19100;BOT_TAKER;BOT_MAKER;HYDROGEL_PACK;XIRECS;9962.0;6
19100;BOT_TAKER;BOT_MAKER;VEV_6500;XIRECS;1.0;4
19300;BOT_TAKER;BOT_MAKER;VELVETFRUIT_EXTRACT;XIRECS;5253.0;3
19300;BOT_TAKER;BOT_MAKER;VEV_6000;XIRECS;1.0;3
19300;BOT_TAKER;SUBMISSION;HYDROGEL_PACK;XIRECS;9963.0;2
19400;BOT_TAKER;BOT_MAKER;HYDROGEL_PACK;XIRECS;9967.0;5
19500;BOT_TAKER;BOT_MAKER;HYDROGEL_PACK;XIRECS;9967.0;6
19500;BOT_MAKER;BOT_TAKER;VELVETFRUIT_EXTRACT;XIRECS;5246.0;7
19500;SUBMISSION;BOT_TAKER;HYDROGEL_PACK;XIRECS;9952.0;2
19600;BOT_TAKER;BOT_MAKER;VELVETFRUIT_EXTRACT;XIRECS;5251.0;6
19700;BOT_TAKER;BOT_MAKER;HYDROGEL_PACK;XIRECS;9966.0;2
19700;BOT_TAKER;BOT_MAKER;VELVETFRUIT_EXTRACT;XIRECS;5252.0;6
19900;BOT_TAKER;BOT_MAKER;VEV_4000;XIRECS;1260.0;3
20000;BOT_TAKER;BOT_MAKER;HYDROGEL_PACK;XIRECS;9969.0;2
20000;BOT_TAKER;BOT_MAKER;VEV_6500;XIRECS;1.0;4
20100;BOT_MAKER;BOT_TAKER;VEV_4000;XIRECS;1238.0;2
20100;SUBMISSION;BOT_TAKER;VELVETFRUIT_EXTRACT;XIRECS;5248.0;4
20200;BOT_MAKER;BOT_TAKER;HYDROGEL_PACK;XIRECS;9958.0;2
20300;BOT_MAKER;BOT_TAKER;HYDROGEL_PACK;XIRECS;9957.0;5
20300;BOT_MAKER;BOT_TAKER;VELVETFRUIT_EXTRACT;XIRECS;5249.0;5
20400;BOT_MAKER;BOT_TAKER;HYDROGEL_PACK;XIRECS;9953.0;6
20500;BOT_TAKER;SUBMISSION;VELVETFRUIT_EXTRACT;XIRECS;5255.0;4
20500;SUBMISSION;BOT_TAKER;VEV_4000;XIRECS;1240.0;2
20600;BOT_TAKER;BOT_MAKER;VELVETFRUIT_EXTRACT;XIRECS;5255.0;5
20800;BOT_TAKER;BOT_MAKER;HYDROGEL_PACK;XIRECS;9967.0;5
21000;BOT_TAKER;BOT_MAKER;VELVETFRUIT_EXTRACT;XIRECS;5259.0;6
21000;BOT_MAKER;BOT_TAKER;VEV_4000;XIRECS;1238.0;1
21100;BOT_MAKER;BOT_TAKER;HYDROGEL_PACK;XIRECS;9953.0;5
21100;BOT_MAKER;BOT_TAKER;VELVETFRUIT_EXTRACT;XIRECS;5255.0;8
21200;BOT_TAKER;BOT_MAKER;VEV_5500;XIRECS;6.0;3
21300;BOT_MAKER;BOT_TAKER;VEV_4000;XIRECS;1237.0;2
21400;BOT_TAKER;BOT_MAKER;VEV_6500;XIRECS;1.0;2
21500;BOT_TAKER;BOT_MAKER;HYDROGEL_PACK;XIRECS;9967.0;6
21500;BOT_MAKER;BOT_TAKER;VELVETFRUIT_EXTRACT;XIRECS;5255.0;8
21600;BOT_MAKER;BOT_TAKER;VELVETFRUIT_EXTRACT;XIRECS;5255.0;3
21600;BOT_MAKER;BOT_TAKER;VEV_4000;XIRECS;1235.0;2
21600;BOT_MAKER;BOT_TAKER;VEV_6000;XIRECS;0.0;4
21700;BOT_TAKER;BOT_MAKER;VELVETFRUIT_EXTRACT;XIRECS;5259.0;3
21700;BOT_TAKER;SUBMISSION;VELVETFRUIT_EXTRACT;XIRECS;5258.0;3
21900;BOT_TAKER;BOT_MAKER;VELVETFRUIT_EXTRACT;XIRECS;5263.0;8
22000;BOT_TAKER;BOT_MAKER;HYDROGEL_PACK;XIRECS;9967.0;5
22000;BOT_MAKER;BOT_TAKER;VELVETFRUIT_EXTRACT;XIRECS;5257.0;4
22000;BOT_MAKER;BOT_TAKER;VEV_5500;XIRECS;4.0;4
22100;SUBMISSION;BOT_TAKER;VELVETFRUIT_EXTRACT;XIRECS;5258.0;5
22100;BOT_MAKER;BOT_TAKER;VELVETFRUIT_EXTRACT;XIRECS;5257.0;2
22200;BOT_MAKER;BOT_TAKER;HYDROGEL_PACK;XIRECS;9950.0;2
22200;BOT_MAKER;BOT_TAKER;VEV_6500;XIRECS;0.0;2
22300;BOT_TAKER;BOT_MAKER;VELVETFRUIT_EXTRACT;XIRECS;5263.0;3
22300;SUBMISSION;BOT_TAKER;HYDROGEL_PACK;XIRECS;9949.0;2
22400;BOT_MAKER;BOT_TAKER;VEV_5500;XIRECS;4.0;4
22500;BOT_MAKER;BOT_TAKER;VELVETFRUIT_EXTRACT;XIRECS;5259.0;4
22700;BOT_TAKER;BOT_MAKER;VELVETFRUIT_EXTRACT;XIRECS;5263.0;5
22700;BOT_TAKER;BOT_MAKER;VEV_6000;XIRECS;1.0;4
22700;SUBMISSION;BOT_TAKER;VEV_4000;XIRECS;1239.0;2
22800;BOT_MAKER;BOT_TAKER;HYDROGEL_PACK;XIRECS;9950.0;6
22800;BOT_TAKER;BOT_MAKER;VEV_4000;XIRECS;1259.0;3
22800;BOT_TAKER;BOT_MAKER;VEV_5400;XIRECS;16.0;4
22800;BOT_TAKER;BOT_MAKER;VEV_6000;XIRECS;1.0;5
22900;BOT_TAKER;BOT_MAKER;VELVETFRUIT_EXTRACT;XIRECS;5263.0;4
22900;SUBMISSION;BOT_TAKER;VELVETFRUIT_EXTRACT;XIRECS;5258.0;5
23000;BOT_TAKER;BOT_MAKER;HYDROGEL_PACK;XIRECS;9969.0;6
23000;BOT_MAKER;BOT_TAKER;VELVETFRUIT_EXTRACT;XIRECS;5258.0;4
23100;BOT_MAKER;BOT_TAKER;VELVETFRUIT_EXTRACT;XIRECS;5260.0;6
23200;BOT_TAKER;BOT_MAKER;HYDROGEL_PACK;XIRECS;9970.0;2
23200;BOT_MAKER;BOT_TAKER;VELVETFRUIT_EXTRACT;XIRECS;5263.0;4
23300;BOT_MAKER;BOT_TAKER;VEV_4000;XIRECS;1237.0;2
23400;BOT_MAKER;BOT_TAKER;VEV_5500;XIRECS;5.0;3
23500;BOT_MAKER;BOT_TAKER;HYDROGEL_PACK;XIRECS;9956.0;4
23500;BOT_MAKER;BOT_TAKER;VELVETFRUIT_EXTRACT;XIRECS;5261.0;6
23500;BOT_MAKER;BOT_TAKER;VEV_5500;XIRECS;5.0;4
23500;BOT_MAKER;BOT_TAKER;VEV_6000;XIRECS;0.0;5
23800;BOT_MAKER;BOT_TAKER;VELVETFRUIT_EXTRACT;XIRECS;5261.0;6
23800;BOT_TAKER;SUBMISSION;HYDROGEL_PACK;XIRECS;9967.0;5
23900;BOT_MAKER;BOT_TAKER;VEV_4000;XIRECS;1235.0;2
23900;SUBMISSION;BOT_TAKER;VELVETFRUIT_EXTRACT;XIRECS;5262.0;4
24000;BOT_TAKER;BOT_MAKER;VELVETFRUIT_EXTRACT;XIRECS;5268.0;8
24000;BOT_TAKER;BOT_MAKER;VEV_4000;XIRECS;1255.0;2
24100;BOT_TAKER;BOT_MAKER;HYDROGEL_PACK;XIRECS;9967.0;3
24100;SUBMISSION;BOT_TAKER;VEV_4000;XIRECS;1236.0;2
24200;BOT_TAKER;BOT_MAKER;HYDROGEL_PACK;XIRECS;9967.0;3
24300;BOT_TAKER;BOT_MAKER;HYDROGEL_PACK;XIRECS;9969.0;3
24300;BOT_TAKER;BOT_MAKER;VELVETFRUIT_EXTRACT;XIRECS;5269.0;8
24400;BOT_MAKER;BOT_TAKER;VELVETFRUIT_EXTRACT;XIRECS;5262.0;6
24400;BOT_MAKER;BOT_TAKER;VEV_5500;XIRECS;4.0;3
24400;BOT_MAKER;BOT_TAKER;VEV_6000;XIRECS;0.0;4
24500;BOT_MAKER;BOT_TAKER;HYDROGEL_PACK;XIRECS;9956.0;6
24600;BOT_MAKER;BOT_TAKER;HYDROGEL_PACK;XIRECS;9955.0;6
24600;BOT_MAKER;BOT_TAKER;VELVETFRUIT_EXTRACT;XIRECS;5263.0;3
24700;BOT_MAKER;BOT_TAKER;VEV_5500;XIRECS;4.0;5
24800;BOT_TAKER;BOT_MAKER;VELVETFRUIT_EXTRACT;XIRECS;5266.0;6
24900;BOT_MAKER;BOT_TAKER;VELVETFRUIT_EXTRACT;XIRECS;5262.0;5
25000;BOT_MAKER;BOT_TAKER;VEV_5300;XIRECS;49.0;2
25000;BOT_TAKER;BOT_MAKER;VEV_5500;XIRECS;5.0;2
25000;BOT_TAKER;BOT_MAKER;VEV_6000;XIRECS;1.0;5
25100;BOT_MAKER;BOT_TAKER;HYDROGEL_PACK;XIRECS;9954.0;5
25100;BOT_MAKER;BOT_TAKER;VEV_5500;XIRECS;4.0;5
25100;BOT_MAKER;BOT_TAKER;VEV_6500;XIRECS;0.0;2
25200;BOT_MAKER;BOT_TAKER;HYDROGEL_PACK;XIRECS;9953.0;6
25200;SUBMISSION;BOT_TAKER;VELVETFRUIT_EXTRACT;XIRECS;5262.0;5
25200;BOT_MAKER;BOT_TAKER;VELVETFRUIT_EXTRACT;XIRECS;5261.0;3
25300;BOT_MAKER;BOT_TAKER;HYDROGEL_PACK;XIRECS;9953.0;6
25300;BOT_TAKER;BOT_MAKER;VEV_6500;XIRECS;1.0;5
25400;BOT_TAKER;BOT_MAKER;VELVETFRUIT_EXTRACT;XIRECS;5267.0;6
25400;BOT_TAKER;BOT_MAKER;VEV_4000;XIRECS;1259.0;3
25400;BOT_MAKER;BOT_TAKER;VEV_5400;XIRECS;13.0;4
25400;BOT_TAKER;SUBMISSION;VELVETFRUIT_EXTRACT;XIRECS;5266.0;3
25500;BOT_MAKER;BOT_TAKER;HYDROGEL_PACK;XIRECS;9958.0;3
25500;BOT_TAKER;BOT_MAKER;VELVETFRUIT_EXTRACT;XIRECS;5268.0;5
25700;BOT_TAKER;BOT_MAKER;HYDROGEL_PACK;XIRECS;9978.0;2
25700;BOT_TAKER;BOT_MAKER;VELVETFRUIT_EXTRACT;XIRECS;5270.0;8
25700;BOT_TAKER;BOT_MAKER;VEV_4000;XIRECS;1257.0;3
25800;BOT_MAKER;BOT_TAKER;VELVETFRUIT_EXTRACT;XIRECS;5265.0;8
25900;BOT_MAKER;BOT_TAKER;HYDROGEL_PACK;XIRECS;9965.0;6
25900;BOT_TAKER;BOT_MAKER;VEV_4000;XIRECS;1257.0;3
25900;BOT_MAKER;BOT_TAKER;VEV_6500;XIRECS;0.0;5
26100;BOT_TAKER;BOT_MAKER;VEV_5300;XIRECS;53.0;5
26300;BOT_TAKER;BOT_MAKER;HYDROGEL_PACK;XIRECS;9978.0;5
26300;BOT_MAKER;BOT_TAKER;VELVETFRUIT_EXTRACT;XIRECS;5267.0;6
26400;BOT_MAKER;BOT_TAKER;HYDROGEL_PACK;XIRECS;9961.0;4
26400;BOT_MAKER;BOT_TAKER;HYDROGEL_PACK;XIRECS;9961.0;5
26400;BOT_MAKER;BOT_TAKER;VEV_5400;XIRECS;13.0;3
26500;BOT_TAKER;BOT_MAKER;HYDROGEL_PACK;XIRECS;9981.0;6
26500;BOT_TAKER;SUBMISSION;HYDROGEL_PACK;XIRECS;9980.0;5
26500;BOT_TAKER;BOT_MAKER;HYDROGEL_PACK;XIRECS;9981.0;1
26800;BOT_MAKER;BOT_TAKER;VELVETFRUIT_EXTRACT;XIRECS;5266.0;8
27000;BOT_TAKER;BOT_MAKER;VELVETFRUIT_EXTRACT;XIRECS;5270.0;3
27000;SUBMISSION;BOT_TAKER;HYDROGEL_PACK;XIRECS;9962.0;5
27100;BOT_TAKER;BOT_MAKER;HYDROGEL_PACK;XIRECS;9980.0;3
27100;BOT_TAKER;BOT_MAKER;HYDROGEL_PACK;XIRECS;9980.0;5
27100;BOT_TAKER;BOT_MAKER;VELVETFRUIT_EXTRACT;XIRECS;5271.0;3
27200;BOT_TAKER;SUBMISSION;VELVETFRUIT_EXTRACT;XIRECS;5268.0;3
27300;BOT_MAKER;BOT_TAKER;VELVETFRUIT_EXTRACT;XIRECS;5264.0;14
27400;BOT_TAKER;BOT_MAKER;HYDROGEL_PACK;XIRECS;9980.0;6
27400;BOT_TAKER;BOT_MAKER;VELVETFRUIT_EXTRACT;XIRECS;5270.0;8
27500;BOT_MAKER;BOT_TAKER;HYDROGEL_PACK;XIRECS;9963.0;6
27500;BOT_TAKER;BOT_MAKER;VEV_6000;XIRECS;1.0;4
27600;SUBMISSION;BOT_TAKER;VELVETFRUIT_EXTRACT;XIRECS;5263.0;3
27700;BOT_TAKER;BOT_MAKER;HYDROGEL_PACK;XIRECS;9977.0;2
27700;BOT_MAKER;BOT_TAKER;VELVETFRUIT_EXTRACT;XIRECS;5263.0;3
27700;BOT_MAKER;BOT_TAKER;VEV_4000;XIRECS;1239.0;3
27800;BOT_MAKER;BOT_TAKER;VELVETFRUIT_EXTRACT;XIRECS;5262.0;6
27800;BOT_MAKER;BOT_TAKER;VEV_5400;XIRECS;12.0;3
27800;BOT_MAKER;BOT_TAKER;VEV_5500;XIRECS;4.0;2
28000;BOT_TAKER;BOT_MAKER;VEV_6000;XIRECS;1.0;3
28100;BOT_TAKER;BOT_MAKER;VELVETFRUIT_EXTRACT;XIRECS;5266.0;10
28200;BOT_TAKER;BOT_MAKER;VELVETFRUIT_EXTRACT;XIRECS;5265.0;6
28200;BOT_MAKER;BOT_TAKER;VEV_4000;XIRECS;1240.0;3
28200;BOT_TAKER;BOT_MAKER;VEV_5400;XIRECS;14.0;5
28200;SUBMISSION;BOT_TAKER;HYDROGEL_PACK;XIRECS;9963.0;5
28300;BOT_TAKER;BOT_MAKER;VELVETFRUIT_EXTRACT;XIRECS;5264.0;3
28400;BOT_MAKER;BOT_TAKER;VEV_4000;XIRECS;1240.0;1
28400;BOT_TAKER;BOT_MAKER;VEV_5300;XIRECS;53.0;4
28500;BOT_TAKER;BOT_MAKER;VELVETFRUIT_EXTRACT;XIRECS;5264.0;3
28500;BOT_TAKER;BOT_MAKER;VEV_4000;XIRECS;1263.0;3
28600;BOT_MAKER;BOT_TAKER;VELVETFRUIT_EXTRACT;XIRECS;5258.0;8
28600;BOT_TAKER;BOT_MAKER;VEV_6500;XIRECS;1.0;4
28700;BOT_MAKER;BOT_TAKER;VEV_5400;XIRECS;11.0;2
28800;BOT_MAKER;BOT_TAKER;VELVETFRUIT_EXTRACT;XIRECS;5258.0;8
28900;BOT_MAKER;BOT_TAKER;VELVETFRUIT_EXTRACT;XIRECS;5258.0;5
29000;BOT_TAKER;BOT_MAKER;VELVETFRUIT_EXTRACT;XIRECS;5263.0;3
29000;BOT_MAKER;BOT_TAKER;VEV_5300;XIRECS;51.0;2
29000;BOT_MAKER;BOT_TAKER;VEV_6500;XIRECS;0.0;5
29100;BOT_MAKER;BOT_TAKER;VELVETFRUIT_EXTRACT;XIRECS;5260.0;4
29200;BOT_MAKER;BOT_TAKER;HYDROGEL_PACK;XIRECS;9962.0;3
29200;BOT_TAKER;BOT_MAKER;VELVETFRUIT_EXTRACT;XIRECS;5267.0;12
29200;BOT_TAKER;BOT_MAKER;VEV_5500;XIRECS;5.0;5
29300;BOT_TAKER;SUBMISSION;VELVETFRUIT_EXTRACT;XIRECS;5263.0;5
29300;BOT_TAKER;BOT_MAKER;VELVETFRUIT_EXTRACT;XIRECS;5264.0;3
29400;BOT_TAKER;BOT_MAKER;VELVETFRUIT_EXTRACT;XIRECS;5267.0;6
29400;BOT_TAKER;BOT_MAKER;VEV_5400;XIRECS;13.0;3
29500;BOT_TAKER;SUBMISSION;HYDROGEL_PACK;XIRECS;9978.0;3
29700;BOT_TAKER;BOT_MAKER;VEV_6500;XIRECS;1.0;2
29700;SUBMISSION;BOT_TAKER;VEV_4000;XIRECS;1243.0;2
29800;BOT_MAKER;BOT_TAKER;VELVETFRUIT_EXTRACT;XIRECS;5260.0;8
29900;BOT_TAKER;BOT_MAKER;VELVETFRUIT_EXTRACT;XIRECS;5265.0;3
29900;BOT_MAKER;BOT_TAKER;VEV_4000;XIRECS;1242.0;1
30000;BOT_TAKER;BOT_MAKER;VELVETFRUIT_EXTRACT;XIRECS;5265.0;8
30000;BOT_TAKER;BOT_MAKER;VEV_5500;XIRECS;5.0;3
30000;BOT_MAKER;BOT_TAKER;VEV_6000;XIRECS;0.0;5
30000;BOT_TAKER;BOT_MAKER;VEV_6000;XIRECS;1.0;3
30100;BOT_MAKER;BOT_TAKER;VEV_4000;XIRECS;1243.0;1
30100;BOT_MAKER;BOT_TAKER;VEV_5300;XIRECS;52.0;3
30200;BOT_MAKER;BOT_TAKER;VEV_5300;XIRECS;51.0;2
30200;BOT_TAKER;SUBMISSION;HYDROGEL_PACK;XIRECS;9981.0;5
30300;BOT_MAKER;BOT_TAKER;HYDROGEL_PACK;XIRECS;9968.0;3
30400;BOT_TAKER;SUBMISSION;VELVETFRUIT_EXTRACT;XIRECS;5264.0;5
30500;BOT_MAKER;BOT_TAKER;VELVETFRUIT_EXTRACT;XIRECS;5259.0;8
30500;BOT_MAKER;BOT_TAKER;VEV_4000;XIRECS;1240.0;3
30600;BOT_TAKER;BOT_MAKER;HYDROGEL_PACK;XIRECS;9986.0;6
30600;BOT_MAKER;BOT_TAKER;VEV_4000;XIRECS;1241.0;3
30700;BOT_TAKER;BOT_MAKER;VELVETFRUIT_EXTRACT;XIRECS;5264.0;8
30800;BOT_TAKER;BOT_MAKER;VEV_4000;XIRECS;1265.0;1
30800;BOT_TAKER;BOT_MAKER;VEV_6000;XIRECS;1.0;2
30900;BOT_MAKER;BOT_TAKER;VELVETFRUIT_EXTRACT;XIRECS;5259.0;5
31100;BOT_MAKER;BOT_TAKER;HYDROGEL_PACK;XIRECS;9974.0;6
31100;BOT_TAKER;BOT_MAKER;VELVETFRUIT_EXTRACT;XIRECS;5262.0;4
31200;SUBMISSION;BOT_TAKER;HYDROGEL_PACK;XIRECS;9975.0;2
31400;BOT_MAKER;BOT_TAKER;VEV_5400;XIRECS;12.0;5
31400;SUBMISSION;BOT_TAKER;VELVETFRUIT_EXTRACT;XIRECS;5259.0;5
31600;BOT_MAKER;BOT_TAKER;VELVETFRUIT_EXTRACT;XIRECS;5259.0;3
31600;BOT_TAKER;BOT_MAKER;VEV_5400;XIRECS;14.0;2
31700;BOT_MAKER;BOT_TAKER;VELVETFRUIT_EXTRACT;XIRECS;5259.0;6
31800;BOT_MAKER;BOT_TAKER;VELVETFRUIT_EXTRACT;XIRECS;5257.0;8
32000;BOT_TAKER;BOT_MAKER;HYDROGEL_PACK;XIRECS;9984.0;5
32200;BOT_MAKER;BOT_TAKER;VELVETFRUIT_EXTRACT;XIRECS;5255.0;5
32400;BOT_MAKER;BOT_TAKER;HYDROGEL_PACK;XIRECS;9975.0;2
32400;BOT_TAKER;BOT_MAKER;VELVETFRUIT_EXTRACT;XIRECS;5263.0;6
32400;BOT_MAKER;BOT_TAKER;VEV_6500;XIRECS;0.0;4
32600;BOT_MAKER;BOT_TAKER;VELVETFRUIT_EXTRACT;XIRECS;5256.0;12
32700;BOT_TAKER;BOT_MAKER;HYDROGEL_PACK;XIRECS;9990.0;4
32800;BOT_TAKER;BOT_MAKER;HYDROGEL_PACK;XIRECS;9992.0;4
32800;BOT_MAKER;BOT_TAKER;VEV_4000;XIRECS;1234.0;2
32900;BOT_TAKER;BOT_MAKER;VELVETFRUIT_EXTRACT;XIRECS;5260.0;6
33100;BOT_TAKER;BOT_MAKER;HYDROGEL_PACK;XIRECS;9997.0;4
33200;BOT_TAKER;BOT_MAKER;HYDROGEL_PACK;XIRECS;9992.0;2
33200;BOT_MAKER;BOT_TAKER;VELVETFRUIT_EXTRACT;XIRECS;5257.0;6
33200;BOT_MAKER;BOT_TAKER;VEV_5200;XIRECS;111.0;5
33200;SUBMISSION;BOT_TAKER;VELVETFRUIT_EXTRACT;XIRECS;5258.0;5
33200;BOT_MAKER;BOT_TAKER;VELVETFRUIT_EXTRACT;XIRECS;5257.0;2
33300;BOT_MAKER;BOT_TAKER;HYDROGEL_PACK;XIRECS;9977.0;6
33300;BOT_TAKER;BOT_MAKER;VEV_4000;XIRECS;1255.0;3
33400;BOT_MAKER;BOT_TAKER;HYDROGEL_PACK;XIRECS;9978.0;6
33500;BOT_MAKER;BOT_TAKER;HYDROGEL_PACK;XIRECS;9978.0;2
33500;BOT_MAKER;BOT_TAKER;VELVETFRUIT_EXTRACT;XIRECS;5258.0;8
33600;BOT_MAKER;BOT_TAKER;HYDROGEL_PACK;XIRECS;9978.0;2
33600;BOT_MAKER;BOT_TAKER;VEV_5300;XIRECS;52.0;4
33700;BOT_TAKER;BOT_MAKER;VEV_4000;XIRECS;1258.0;2
33700;BOT_TAKER;BOT_MAKER;VEV_6000;XIRECS;1.0;2
33900;BOT_MAKER;BOT_TAKER;VELVETFRUIT_EXTRACT;XIRECS;5258.0;7
33900;BOT_MAKER;BOT_TAKER;VEV_6500;XIRECS;0.0;4
34000;BOT_MAKER;BOT_TAKER;HYDROGEL_PACK;XIRECS;9985.0;2
34000;BOT_TAKER;BOT_MAKER;VEV_6500;XIRECS;1.0;5
34000;SUBMISSION;BOT_TAKER;VELVETFRUIT_EXTRACT;XIRECS;5259.0;5
34200;BOT_TAKER;BOT_MAKER;HYDROGEL_PACK;XIRECS;10002.0;6
34300;BOT_MAKER;BOT_TAKER;HYDROGEL_PACK;XIRECS;9984.0;5
34400;BOT_TAKER;BOT_MAKER;HYDROGEL_PACK;XIRECS;10002.0;5
34400;BOT_TAKER;BOT_MAKER;VELVETFRUIT_EXTRACT;XIRECS;5263.0;10
34400;BOT_MAKER;BOT_TAKER;VEV_6500;XIRECS;0.0;3
34500;BOT_TAKER;BOT_MAKER;HYDROGEL_PACK;XIRECS;10001.0;5
34500;SUBMISSION;BOT_TAKER;HYDROGEL_PACK;XIRECS;9986.0;5
34500;BOT_MAKER;BOT_TAKER;HYDROGEL_PACK;XIRECS;9985.0;1
34600;BOT_TAKER;BOT_MAKER;VELVETFRUIT_EXTRACT;XIRECS;5266.0;5
34700;BOT_TAKER;BOT_MAKER;HYDROGEL_PACK;XIRECS;10004.0;3
34700;BOT_MAKER;BOT_TAKER;VEV_6000;XIRECS;0.0;4
34800;BOT_TAKER;BOT_MAKER;HYDROGEL_PACK;XIRECS;10006.0;3
34900;BOT_MAKER;BOT_TAKER;HYDROGEL_PACK;XIRECS;9989.0;6
35000;BOT_MAKER;BOT_TAKER;VEV_4000;XIRECS;1237.0;3
35100;BOT_MAKER;BOT_TAKER;VELVETFRUIT_EXTRACT;XIRECS;5261.0;5
35200;BOT_TAKER;BOT_MAKER;VELVETFRUIT_EXTRACT;XIRECS;5268.0;5
35200;BOT_TAKER;BOT_MAKER;VEV_6000;XIRECS;1.0;4
35300;BOT_TAKER;BOT_MAKER;HYDROGEL_PACK;XIRECS;10008.0;5
35500;BOT_TAKER;BOT_MAKER;HYDROGEL_PACK;XIRECS;10009.0;6
35500;BOT_MAKER;BOT_TAKER;VELVETFRUIT_EXTRACT;XIRECS;5261.0;4
35600;BOT_TAKER;BOT_MAKER;VEV_4000;XIRECS;1258.0;2
35800;BOT_TAKER;BOT_MAKER;VELVETFRUIT_EXTRACT;XIRECS;5269.0;8
35900;BOT_TAKER;SUBMISSION;VEV_4000;XIRECS;1259.0;2
36100;BOT_MAKER;BOT_TAKER;HYDROGEL_PACK;XIRECS;9996.0;6
36100;BOT_MAKER;BOT_TAKER;VEV_4000;XIRECS;1240.0;2
36200;BOT_MAKER;BOT_TAKER;HYDROGEL_PACK;XIRECS;9999.0;3
36200;BOT_MAKER;BOT_TAKER;VELVETFRUIT_EXTRACT;XIRECS;5264.0;4
36300;BOT_TAKER;BOT_MAKER;VELVETFRUIT_EXTRACT;XIRECS;5273.0;3
36400;BOT_MAKER;BOT_TAKER;VELVETFRUIT_EXTRACT;XIRECS;5265.0;7
36400;BOT_MAKER;BOT_TAKER;VELVETFRUIT_EXTRACT;XIRECS;5265.0;6
36500;BOT_MAKER;BOT_TAKER;VEV_5500;XIRECS;4.0;4
36600;BOT_MAKER;BOT_TAKER;VEV_6500;XIRECS;0.0;3
36600;BOT_TAKER;SUBMISSION;VEV_4000;XIRECS;1262.0;2
36700;BOT_TAKER;BOT_MAKER;HYDROGEL_PACK;XIRECS;10012.0;2
36900;BOT_MAKER;BOT_TAKER;HYDROGEL_PACK;XIRECS;9993.0;6
36900;BOT_TAKER;BOT_MAKER;VELVETFRUIT_EXTRACT;XIRECS;5271.0;3
37000;BOT_MAKER;BOT_TAKER;HYDROGEL_PACK;XIRECS;9993.0;6
37100;BOT_TAKER;BOT_MAKER;VEV_6000;XIRECS;1.0;3
37100;SUBMISSION;BOT_TAKER;HYDROGEL_PACK;XIRECS;9994.0;5
37100;BOT_MAKER;BOT_TAKER;HYDROGEL_PACK;XIRECS;9993.0;1
37200;BOT_MAKER;BOT_TAKER;HYDROGEL_PACK;XIRECS;9993.0;4
37300;BOT_TAKER;BOT_MAKER;VELVETFRUIT_EXTRACT;XIRECS;5272.0;3
37400;BOT_MAKER;BOT_TAKER;VELVETFRUIT_EXTRACT;XIRECS;5266.0;5
37400;BOT_TAKER;SUBMISSION;VEV_4000;XIRECS;1261.0;3
37500;BOT_TAKER;BOT_MAKER;VEV_4000;XIRECS;1262.0;1
37500;BOT_MAKER;BOT_TAKER;VEV_6500;XIRECS;0.0;3
37600;BOT_MAKER;BOT_TAKER;VELVETFRUIT_EXTRACT;XIRECS;5265.0;6
37600;BOT_TAKER;BOT_MAKER;VEV_4000;XIRECS;1262.0;3
37700;BOT_TAKER;BOT_MAKER;VEV_5500;XIRECS;5.0;2
37800;BOT_TAKER;BOT_MAKER;HYDROGEL_PACK;XIRECS;10010.0;6
37800;BOT_MAKER;BOT_TAKER;VELVETFRUIT_EXTRACT;XIRECS;5264.0;7
37800;BOT_TAKER;BOT_MAKER;VEV_6500;XIRECS;1.0;2
38000;BOT_MAKER;BOT_TAKER;HYDROGEL_PACK;XIRECS;9996.0;4
38000;BOT_MAKER;BOT_TAKER;VELVETFRUIT_EXTRACT;XIRECS;5263.0;6
38000;BOT_MAKER;BOT_TAKER;VEV_5500;XIRECS;4.0;3
38200;BOT_MAKER;BOT_TAKER;HYDROGEL_PACK;XIRECS;9993.0;6
38200;BOT_MAKER;BOT_TAKER;VELVETFRUIT_EXTRACT;XIRECS;5262.0;7
38200;BOT_TAKER;SUBMISSION;VELVETFRUIT_EXTRACT;XIRECS;5265.0;5
38200;BOT_TAKER;BOT_MAKER;VELVETFRUIT_EXTRACT;XIRECS;5266.0;2
38300;BOT_MAKER;BOT_TAKER;VEV_6000;XIRECS;0.0;2
38400;BOT_TAKER;BOT_MAKER;HYDROGEL_PACK;XIRECS;10010.0;6
38400;BOT_TAKER;BOT_MAKER;VELVETFRUIT_EXTRACT;XIRECS;5267.0;8
38400;BOT_TAKER;SUBMISSION;VELVETFRUIT_EXTRACT;XIRECS;5266.0;3
38500;BOT_TAKER;BOT_MAKER;HYDROGEL_PACK;XIRECS;10010.0;2
38500;SUBMISSION;BOT_TAKER;HYDROGEL_PACK;XIRECS;9995.0;3
38600;SUBMISSION;BOT_TAKER;VEV_4000;XIRECS;1240.0;3
38700;BOT_TAKER;BOT_MAKER;VEV_4000;XIRECS;1259.0;1
38700;BOT_TAKER;SUBMISSION;VEV_4000;XIRECS;1258.0;2
38800;BOT_TAKER;BOT_MAKER;VELVETFRUIT_EXTRACT;XIRECS;5265.0;7
38800;BOT_TAKER;BOT_MAKER;VELVETFRUIT_EXTRACT;XIRECS;5265.0;4
38800;BOT_MAKER;BOT_TAKER;VEV_4000;XIRECS;1237.0;2
38800;BOT_TAKER;BOT_MAKER;VEV_5400;XIRECS;14.0;5
39000;BOT_MAKER;BOT_TAKER;HYDROGEL_PACK;XIRECS;9995.0;5
39000;BOT_TAKER;SUBMISSION;VELVETFRUIT_EXTRACT;XIRECS;5265.0;5
39000;BOT_TAKER;BOT_MAKER;VELVETFRUIT_EXTRACT;XIRECS;5266.0;1
39100;BOT_TAKER;BOT_MAKER;VEV_5500;XIRECS;5.0;3
39200;BOT_MAKER;BOT_TAKER;VELVETFRUIT_EXTRACT;XIRECS;5262.0;8
39200;BOT_MAKER;BOT_TAKER;VELVETFRUIT_EXTRACT;XIRECS;5262.0;6
39300;BOT_TAKER;BOT_MAKER;VEV_4000;XIRECS;1256.0;2
39300;BOT_TAKER;SUBMISSION;VELVETFRUIT_EXTRACT;XIRECS;5266.0;5
39300;BOT_TAKER;BOT_MAKER;VELVETFRUIT_EXTRACT;XIRECS;5267.0;2
39400;BOT_MAKER;BOT_TAKER;VELVETFRUIT_EXTRACT;XIRECS;5261.0;8
39400;BOT_MAKER;BOT_TAKER;VEV_5300;XIRECS;56.0;5
39400;BOT_TAKER;BOT_MAKER;VEV_6500;XIRECS;1.0;4
39500;BOT_MAKER;BOT_TAKER;HYDROGEL_PACK;XIRECS;10004.0;2
39500;BOT_TAKER;BOT_MAKER;VEV_6500;XIRECS;1.0;5
39800;BOT_MAKER;BOT_TAKER;VELVETFRUIT_EXTRACT;XIRECS;5261.0;3
39900;BOT_TAKER;BOT_MAKER;HYDROGEL_PACK;XIRECS;10023.0;2
40000;BOT_MAKER;BOT_TAKER;HYDROGEL_PACK;XIRECS;10007.0;5
40000;BOT_MAKER;BOT_TAKER;VEV_6000;XIRECS;0.0;2
40100;BOT_TAKER;BOT_MAKER;HYDROGEL_PACK;XIRECS;10024.0;4
40100;BOT_MAKER;BOT_TAKER;VELVETFRUIT_EXTRACT;XIRECS;5261.0;5
40100;BOT_TAKER;BOT_MAKER;VEV_5400;XIRECS;13.0;2
40200;BOT_MAKER;BOT_TAKER;VELVETFRUIT_EXTRACT;XIRECS;5263.0;10
40300;BOT_MAKER;BOT_TAKER;HYDROGEL_PACK;XIRECS;10008.0;2
40300;BOT_MAKER;BOT_TAKER;VELVETFRUIT_EXTRACT;XIRECS;5262.0;6
40300;BOT_TAKER;BOT_MAKER;VEV_6500;XIRECS;1.0;2
40400;BOT_MAKER;BOT_TAKER;HYDROGEL_PACK;XIRECS;10008.0;6
40400;BOT_MAKER;BOT_TAKER;VELVETFRUIT_EXTRACT;XIRECS;5265.0;7
40500;BOT_MAKER;BOT_TAKER;VELVETFRUIT_EXTRACT;XIRECS;5266.0;13
40500;BOT_TAKER;BOT_MAKER;VEV_6500;XIRECS;1.0;2
40500;SUBMISSION;BOT_TAKER;HYDROGEL_PACK;XIRECS;10010.0;5
40500;BOT_MAKER;BOT_TAKER;HYDROGEL_PACK;XIRECS;10009.0;1
40600;BOT_TAKER;BOT_MAKER;VEV_6000;XIRECS;1.0;2
40700;BOT_MAKER;BOT_TAKER;HYDROGEL_PACK;XIRECS;10009.0;3
40700;BOT_MAKER;BOT_TAKER;VELVETFRUIT_EXTRACT;XIRECS;5264.0;4
40700;BOT_TAKER;BOT_MAKER;VEV_4000;XIRECS;1264.0;3
40800;BOT_MAKER;BOT_TAKER;HYDROGEL_PACK;XIRECS;10010.0;2
40800;BOT_MAKER;BOT_TAKER;VEV_6000;XIRECS;0.0;5
40900;BOT_MAKER;BOT_TAKER;HYDROGEL_PACK;XIRECS;10009.0;5
40900;BOT_MAKER;BOT_TAKER;VEV_6000;XIRECS;0.0;4
40900;BOT_MAKER;BOT_TAKER;VEV_6500;XIRECS;0.0;5
41000;BOT_MAKER;BOT_TAKER;VEV_4000;XIRECS;1244.0;2
41000;BOT_TAKER;BOT_MAKER;VEV_5300;XIRECS;60.0;1
41200;BOT_TAKER;BOT_MAKER;VELVETFRUIT_EXTRACT;XIRECS;5270.0;8
41200;BOT_TAKER;BOT_MAKER;VEV_5400;XIRECS;15.0;4
41300;BOT_TAKER;BOT_MAKER;HYDROGEL_PACK;XIRECS;10023.0;5
41400;BOT_TAKER;BOT_MAKER;HYDROGEL_PACK;XIRECS;10020.0;3
41400;BOT_TAKER;BOT_MAKER;VELVETFRUIT_EXTRACT;XIRECS;5271.0;5
41600;BOT_MAKER;BOT_TAKER;VELVETFRUIT_EXTRACT;XIRECS;5265.0;8
41600;BOT_TAKER;BOT_MAKER;VEV_6500;XIRECS;1.0;2
41700;BOT_TAKER;BOT_MAKER;VELVETFRUIT_EXTRACT;XIRECS;5270.0;6
41800;BOT_MAKER;BOT_TAKER;VEV_4000;XIRECS;1247.0;2
41800;BOT_TAKER;BOT_MAKER;VEV_5500;XIRECS;5.0;4
41900;BOT_TAKER;BOT_MAKER;VELVETFRUIT_EXTRACT;XIRECS;5271.0;4
41900;BOT_TAKER;BOT_MAKER;VELVETFRUIT_EXTRACT;XIRECS;5271.0;4
42000;BOT_TAKER;BOT_MAKER;VEV_5400;XIRECS;13.0;5
42000;BOT_TAKER;BOT_MAKER;VEV_6500;XIRECS;1.0;2
42000;BOT_TAKER;SUBMISSION;HYDROGEL_PACK;XIRECS;10011.0;2
42100;BOT_TAKER;BOT_MAKER;HYDROGEL_PACK;XIRECS;10010.0;5
42100;BOT_TAKER;BOT_MAKER;VEV_6500;XIRECS;1.0;5
42200;BOT_MAKER;BOT_TAKER;VELVETFRUIT_EXTRACT;XIRECS;5270.0;7
42500;BOT_TAKER;BOT_MAKER;VELVETFRUIT_EXTRACT;XIRECS;5274.0;8
42500;BOT_MAKER;BOT_TAKER;VELVETFRUIT_EXTRACT;XIRECS;5268.0;3
42600;BOT_MAKER;BOT_TAKER;HYDROGEL_PACK;XIRECS;9997.0;6
42700;BOT_MAKER;BOT_TAKER;HYDROGEL_PACK;XIRECS;9999.0;6
42700;BOT_TAKER;BOT_MAKER;VELVETFRUIT_EXTRACT;XIRECS;5273.0;5
42700;BOT_MAKER;BOT_TAKER;VEV_6500;XIRECS;0.0;3
42800;BOT_TAKER;BOT_MAKER;HYDROGEL_PACK;XIRECS;10015.0;2
42800;BOT_MAKER;BOT_TAKER;VEV_5500;XIRECS;4.0;4
43000;BOT_MAKER;BOT_TAKER;VELVETFRUIT_EXTRACT;XIRECS;5264.0;5
43200;BOT_TAKER;BOT_MAKER;VELVETFRUIT_EXTRACT;XIRECS;5269.0;3
43200;BOT_MAKER;BOT_TAKER;VEV_4000;XIRECS;1248.0;3
43200;BOT_MAKER;BOT_TAKER;VEV_6000;XIRECS;0.0;4
43300;BOT_MAKER;BOT_TAKER;HYDROGEL_PACK;XIRECS;9997.0;3
43300;BOT_MAKER;BOT_TAKER;VELVETFRUIT_EXTRACT;XIRECS;5266.0;7
43400;BOT_TAKER;BOT_MAKER;HYDROGEL_PACK;XIRECS;10013.0;6
43400;BOT_TAKER;BOT_MAKER;VELVETFRUIT_EXTRACT;XIRECS;5272.0;7
43400;BOT_MAKER;BOT_TAKER;VEV_4000;XIRECS;1249.0;2
43500;BOT_TAKER;BOT_MAKER;HYDROGEL_PACK;XIRECS;10013.0;2
43600;BOT_TAKER;BOT_MAKER;HYDROGEL_PACK;XIRECS;10012.0;6
43700;BOT_MAKER;BOT_TAKER;HYDROGEL_PACK;XIRECS;9999.0;6
43800;BOT_TAKER;BOT_MAKER;VELVETFRUIT_EXTRACT;XIRECS;5269.0;7
43800;BOT_TAKER;BOT_MAKER;VEV_4000;XIRECS;1271.0;1
43900;BOT_TAKER;BOT_MAKER;HYDROGEL_PACK;XIRECS;10013.0;2
43900;BOT_MAKER;BOT_TAKER;VELVETFRUIT_EXTRACT;XIRECS;5264.0;6
44000;BOT_MAKER;BOT_TAKER;HYDROGEL_PACK;XIRECS;9998.0;3
44000;BOT_TAKER;BOT_MAKER;VEV_5400;XIRECS;14.0;5
44000;BOT_MAKER;BOT_TAKER;VEV_6000;XIRECS;0.0;4
44100;BOT_TAKER;BOT_MAKER;HYDROGEL_PACK;XIRECS;10017.0;2
44200;BOT_TAKER;BOT_MAKER;HYDROGEL_PACK;XIRECS;10011.0;2
44300;BOT_TAKER;SUBMISSION;HYDROGEL_PACK;XIRECS;10010.0;4
44500;BOT_TAKER;BOT_MAKER;HYDROGEL_PACK;XIRECS;10013.0;4
44500;BOT_TAKER;BOT_MAKER;VELVETFRUIT_EXTRACT;XIRECS;5266.0;5
44600;BOT_MAKER;BOT_TAKER;VELVETFRUIT_EXTRACT;XIRECS;5261.0;15
44600;BOT_TAKER;SUBMISSION;VELVETFRUIT_EXTRACT;XIRECS;5266.0;5
44600;BOT_TAKER;BOT_MAKER;VELVETFRUIT_EXTRACT;XIRECS;5267.0;1
44700;BOT_TAKER;BOT_MAKER;VELVETFRUIT_EXTRACT;XIRECS;5265.0;12
44700;BOT_MAKER;BOT_TAKER;VEV_4000;XIRECS;1247.0;2
44800;BOT_MAKER;BOT_TAKER;VEV_5400;XIRECS;11.0;4
45000;BOT_TAKER;BOT_MAKER;HYDROGEL_PACK;XIRECS;10019.0;3
45100;BOT_MAKER;BOT_TAKER;HYDROGEL_PACK;XIRECS;10005.0;2
45100;BOT_TAKER;BOT_MAKER;VELVETFRUIT_EXTRACT;XIRECS;5265.0;7
45100;BOT_MAKER;BOT_TAKER;VELVETFRUIT_EXTRACT;XIRECS;5260.0;7
45200;BOT_MAKER;BOT_TAKER;VELVETFRUIT_EXTRACT;XIRECS;5260.0;3
45300;BOT_TAKER;BOT_MAKER;HYDROGEL_PACK;XIRECS;10019.0;3
45400;BOT_MAKER;BOT_TAKER;VEV_4000;XIRECS;1248.0;2
45500;BOT_MAKER;BOT_TAKER;HYDROGEL_PACK;XIRECS;10002.0;3
45500;BOT_TAKER;BOT_MAKER;VELVETFRUIT_EXTRACT;XIRECS;5266.0;4
45600;BOT_MAKER;BOT_TAKER;HYDROGEL_PACK;XIRECS;10001.0;5
45700;BOT_TAKER;BOT_MAKER;HYDROGEL_PACK;XIRECS;10018.0;5
45700;BOT_TAKER;BOT_MAKER;VELVETFRUIT_EXTRACT;XIRECS;5265.0;3
45900;BOT_MAKER;BOT_TAKER;VEV_5500;XIRECS;4.0;5
45900;BOT_TAKER;BOT_MAKER;VEV_6000;XIRECS;1.0;4
46000;BOT_MAKER;BOT_TAKER;VELVETFRUIT_EXTRACT;XIRECS;5259.0;5
46000;BOT_MAKER;BOT_TAKER;VEV_6000;XIRECS;0.0;2
46200;BOT_MAKER;BOT_TAKER;HYDROGEL_PACK;XIRECS;10006.0;2
46200;BOT_TAKER;BOT_MAKER;VELVETFRUIT_EXTRACT;XIRECS;5264.0;5
46200;BOT_MAKER;BOT_TAKER;VEV_4000;XIRECS;1249.0;2
46200;BOT_MAKER;BOT_TAKER;VEV_5300;XIRECS;60.0;2
46300;BOT_TAKER;BOT_MAKER;VELVETFRUIT_EXTRACT;XIRECS;5263.0;6
46400;BOT_TAKER;BOT_MAKER;VEV_6000;XIRECS;1.0;3
46500;BOT_MAKER;BOT_TAKER;HYDROGEL_PACK;XIRECS;10008.0;2
46600;BOT_MAKER;BOT_TAKER;VELVETFRUIT_EXTRACT;XIRECS;5257.0;7
46600;BOT_TAKER;BOT_MAKER;VEV_5300;XIRECS;62.0;2
46700;BOT_MAKER;BOT_TAKER;VELVETFRUIT_EXTRACT;XIRECS;5256.0;5
46700;BOT_MAKER;BOT_TAKER;VELVETFRUIT_EXTRACT;XIRECS;5256.0;3
46700;BOT_TAKER;BOT_MAKER;VEV_4000;XIRECS;1272.0;1
46700;BOT_TAKER;BOT_MAKER;VEV_6500;XIRECS;1.0;5
46800;BOT_TAKER;BOT_MAKER;HYDROGEL_PACK;XIRECS;10018.0;3
46900;BOT_TAKER;BOT_MAKER;HYDROGEL_PACK;XIRECS;10017.0;6
46900;BOT_MAKER;BOT_TAKER;VELVETFRUIT_EXTRACT;XIRECS;5256.0;7
46900;BOT_MAKER;BOT_TAKER;VEV_5400;XIRECS;13.0;5
46900;BOT_TAKER;BOT_MAKER;VEV_5400;XIRECS;14.0;2
46900;BOT_MAKER;BOT_TAKER;VEV_5500;XIRECS;4.0;5
47000;BOT_MAKER;BOT_TAKER;HYDROGEL_PACK;XIRECS;10003.0;3
47100;BOT_TAKER;BOT_MAKER;HYDROGEL_PACK;XIRECS;10023.0;2
47100;BOT_MAKER;BOT_TAKER;VEV_4000;XIRECS;1250.0;3
47100;BOT_TAKER;BOT_MAKER;VEV_6500;XIRECS;1.0;3
47200;BOT_MAKER;BOT_TAKER;VEV_6500;XIRECS;0.0;5
47300;BOT_MAKER;BOT_TAKER;HYDROGEL_PACK;XIRECS;10007.0;6
47300;BOT_TAKER;BOT_MAKER;VELVETFRUIT_EXTRACT;XIRECS;5258.0;8
47400;BOT_MAKER;BOT_TAKER;VELVETFRUIT_EXTRACT;XIRECS;5253.0;6
47500;BOT_TAKER;BOT_MAKER;HYDROGEL_PACK;XIRECS;10028.0;5
47500;SUBMISSION;BOT_TAKER;VELVETFRUIT_EXTRACT;XIRECS;5252.0;5
47500;BOT_MAKER;BOT_TAKER;VELVETFRUIT_EXTRACT;XIRECS;5251.0;3
47600;BOT_TAKER;BOT_MAKER;VELVETFRUIT_EXTRACT;XIRECS;5257.0;7
47600;BOT_MAKER;BOT_TAKER;VEV_4000;XIRECS;1249.0;3
47700;BOT_MAKER;BOT_TAKER;VELVETFRUIT_EXTRACT;XIRECS;5253.0;6
47700;BOT_MAKER;BOT_TAKER;VEV_4000;XIRECS;1249.0;1
47800;BOT_MAKER;BOT_TAKER;HYDROGEL_PACK;XIRECS;10011.0;4
47800;BOT_MAKER;BOT_TAKER;VELVETFRUIT_EXTRACT;XIRECS;5252.0;8
47900;BOT_MAKER;BOT_TAKER;VELVETFRUIT_EXTRACT;XIRECS;5253.0;4
47900;BOT_TAKER;SUBMISSION;VELVETFRUIT_EXTRACT;XIRECS;5257.0;5
47900;BOT_TAKER;BOT_MAKER;VELVETFRUIT_EXTRACT;XIRECS;5258.0;1
48000;BOT_TAKER;BOT_MAKER;HYDROGEL_PACK;XIRECS;10028.0;4
48100;BOT_TAKER;BOT_MAKER;HYDROGEL_PACK;XIRECS;10030.0;3
48100;BOT_MAKER;BOT_TAKER;VEV_4000;XIRECS;1249.0;2
48100;BOT_TAKER;BOT_MAKER;VEV_5400;XIRECS;13.0;2
48200;BOT_TAKER;BOT_MAKER;HYDROGEL_PACK;XIRECS;10031.0;4
48200;BOT_MAKER;BOT_TAKER;VELVETFRUIT_EXTRACT;XIRECS;5252.0;3
48200;BOT_TAKER;BOT_MAKER;VEV_4000;XIRECS;1270.0;1
48300;BOT_MAKER;BOT_TAKER;HYDROGEL_PACK;XIRECS;10014.0;4
48300;BOT_MAKER;BOT_TAKER;VELVETFRUIT_EXTRACT;XIRECS;5255.0;6
48400;BOT_TAKER;SUBMISSION;VEV_4000;XIRECS;1268.0;1
48500;BOT_MAKER;BOT_TAKER;HYDROGEL_PACK;XIRECS;10015.0;3
48500;BOT_MAKER;BOT_TAKER;VEV_5500;XIRECS;4.0;2
48600;BOT_TAKER;SUBMISSION;HYDROGEL_PACK;XIRECS;10031.0;5
48700;BOT_TAKER;BOT_MAKER;VELVETFRUIT_EXTRACT;XIRECS;5260.0;6
48700;BOT_TAKER;BOT_MAKER;VEV_5400;XIRECS;13.0;5
48700;SUBMISSION;BOT_TAKER;HYDROGEL_PACK;XIRECS;10018.0;3
48800;BOT_TAKER;BOT_MAKER;HYDROGEL_PACK;XIRECS;10030.0;2
48800;BOT_MAKER;BOT_TAKER;VEV_4000;XIRECS;1249.0;1
48800;BOT_TAKER;SUBMISSION;HYDROGEL_PACK;XIRECS;10029.0;5
48900;BOT_TAKER;BOT_MAKER;VELVETFRUIT_EXTRACT;XIRECS;5259.0;10
49000;BOT_MAKER;BOT_TAKER;VELVETFRUIT_EXTRACT;XIRECS;5256.0;8
49000;BOT_TAKER;BOT_MAKER;VEV_4000;XIRECS;1272.0;2
49000;BOT_TAKER;BOT_MAKER;VEV_5400;XIRECS;14.0;4
49100;BOT_TAKER;BOT_MAKER;HYDROGEL_PACK;XIRECS;10032.0;3
49100;BOT_MAKER;BOT_TAKER;VEV_4000;XIRECS;1251.0;1
49100;BOT_MAKER;BOT_TAKER;VEV_6000;XIRECS;0.0;4
49100;BOT_TAKER;BOT_MAKER;VEV_6500;XIRECS;1.0;4
49300;BOT_MAKER;BOT_TAKER;HYDROGEL_PACK;XIRECS;10013.0;3
49300;BOT_MAKER;BOT_TAKER;VELVETFRUIT_EXTRACT;XIRECS;5255.0;6
49300;BOT_TAKER;BOT_MAKER;VEV_5500;XIRECS;4.0;4
49400;BOT_MAKER;BOT_TAKER;VELVETFRUIT_EXTRACT;XIRECS;5253.0;7
49400;BOT_MAKER;BOT_TAKER;VEV_6000;XIRECS;0.0;2
49400;SUBMISSION;BOT_TAKER;VEV_4000;XIRECS;1252.0;3
49600;BOT_MAKER;BOT_TAKER;HYDROGEL_PACK;XIRECS;10013.0;4
49600;BOT_MAKER;BOT_TAKER;VELVETFRUIT_EXTRACT;XIRECS;5253.0;7
49600;BOT_MAKER;BOT_TAKER;VEV_6000;XIRECS;0.0;4
49700;BOT_TAKER;BOT_MAKER;VELVETFRUIT_EXTRACT;XIRECS;5260.0;7
49700;BOT_TAKER;SUBMISSION;VEV_5200;XIRECS;127.0;2
49800;BOT_MAKER;BOT_TAKER;VELVETFRUIT_EXTRACT;XIRECS;5254.0;3
49800;BOT_MAKER;BOT_TAKER;VEV_5500;XIRECS;3.0;4
49800;BOT_TAKER;BOT_MAKER;VEV_6500;XIRECS;1.0;2
49900;BOT_MAKER;BOT_TAKER;VEV_5400;XIRECS;12.0;2
49900;BOT_MAKER;BOT_TAKER;VEV_5400;XIRECS;12.0;5
49900;SUBMISSION;BOT_TAKER;VEV_4000;XIRECS;1254.0;1
50000;SUBMISSION;BOT_TAKER;HYDROGEL_PACK;XIRECS;10012.0;4
50100;BOT_MAKER;BOT_TAKER;VEV_5500;XIRECS;3.0;2
50200;SUBMISSION;BOT_TAKER;VELVETFRUIT_EXTRACT;XIRECS;5257.0;5
50400;BOT_TAKER;BOT_MAKER;VELVETFRUIT_EXTRACT;XIRECS;5262.0;5
50500;BOT_MAKER;BOT_TAKER;VELVETFRUIT_EXTRACT;XIRECS;5256.0;7
50600;BOT_MAKER;BOT_TAKER;HYDROGEL_PACK;XIRECS;10005.0;5
50600;BOT_TAKER;BOT_MAKER;VELVETFRUIT_EXTRACT;XIRECS;5261.0;4
50600;BOT_TAKER;SUBMISSION;HYDROGEL_PACK;XIRECS;10020.0;4
50700;BOT_MAKER;BOT_TAKER;VELVETFRUIT_EXTRACT;XIRECS;5254.0;5
50700;BOT_MAKER;BOT_TAKER;VEV_4000;XIRECS;1253.0;2
50700;BOT_TAKER;SUBMISSION;VELVETFRUIT_EXTRACT;XIRECS;5258.0;5
50700;BOT_TAKER;BOT_MAKER;VELVETFRUIT_EXTRACT;XIRECS;5259.0;2
50800;BOT_TAKER;BOT_MAKER;VELVETFRUIT_EXTRACT;XIRECS;5260.0;5
51100;BOT_TAKER;BOT_MAKER;VEV_5500;XIRECS;4.0;3
51300;BOT_MAKER;BOT_TAKER;VEV_4000;XIRECS;1252.0;1
51600;BOT_TAKER;BOT_MAKER;VELVETFRUIT_EXTRACT;XIRECS;5262.0;5
51600;BOT_TAKER;BOT_MAKER;VEV_4000;XIRECS;1275.0;1
51600;BOT_TAKER;BOT_MAKER;VEV_6000;XIRECS;1.0;5
51600;BOT_TAKER;SUBMISSION;VELVETFRUIT_EXTRACT;XIRECS;5261.0;5
51700;BOT_TAKER;BOT_MAKER;VELVETFRUIT_EXTRACT;XIRECS;5262.0;6
51800;BOT_TAKER;BOT_MAKER;VELVETFRUIT_EXTRACT;XIRECS;5262.0;10
51800;BOT_MAKER;BOT_TAKER;VEV_4000;XIRECS;1255.0;3
52000;BOT_TAKER;SUBMISSION;VELVETFRUIT_EXTRACT;XIRECS;5259.0;5
52100;BOT_TAKER;BOT_MAKER;HYDROGEL_PACK;XIRECS;10013.0;4
52100;BOT_TAKER;BOT_MAKER;VELVETFRUIT_EXTRACT;XIRECS;5259.0;5
52100;BOT_TAKER;BOT_MAKER;VELVETFRUIT_EXTRACT;XIRECS;5259.0;8
52200;BOT_TAKER;BOT_MAKER;VEV_5300;XIRECS;62.0;5
52200;BOT_TAKER;SUBMISSION;VELVETFRUIT_EXTRACT;XIRECS;5260.0;5
52200;BOT_TAKER;BOT_MAKER;VELVETFRUIT_EXTRACT;XIRECS;5261.0;1
52300;BOT_TAKER;BOT_MAKER;HYDROGEL_PACK;XIRECS;10019.0;2
52300;BOT_TAKER;BOT_MAKER;VELVETFRUIT_EXTRACT;XIRECS;5259.0;7
52300;BOT_MAKER;BOT_TAKER;VEV_4000;XIRECS;1254.0;3
52300;BOT_MAKER;BOT_TAKER;VEV_6500;XIRECS;0.0;2
52400;BOT_MAKER;BOT_TAKER;HYDROGEL_PACK;XIRECS;10002.0;3
52400;BOT_TAKER;BOT_MAKER;VELVETFRUIT_EXTRACT;XIRECS;5262.0;4
52400;BOT_MAKER;BOT_TAKER;VEV_6000;XIRECS;0.0;4
52600;BOT_TAKER;BOT_MAKER;HYDROGEL_PACK;XIRECS;10019.0;6
52900;BOT_TAKER;BOT_MAKER;HYDROGEL_PACK;XIRECS;10021.0;4
52900;BOT_TAKER;BOT_MAKER;VEV_4000;XIRECS;1276.0;3
52900;BOT_TAKER;SUBMISSION;VELVETFRUIT_EXTRACT;XIRECS;5262.0;5
52900;BOT_TAKER;BOT_MAKER;VELVETFRUIT_EXTRACT;XIRECS;5263.0;3
53000;BOT_TAKER;BOT_MAKER;HYDROGEL_PACK;XIRECS;10022.0;3
53100;BOT_MAKER;BOT_TAKER;VELVETFRUIT_EXTRACT;XIRECS;5259.0;8
53100;SUBMISSION;BOT_TAKER;VELVETFRUIT_EXTRACT;XIRECS;5260.0;5
53200;BOT_MAKER;BOT_TAKER;HYDROGEL_PACK;XIRECS;10007.0;2
53300;BOT_MAKER;BOT_TAKER;VELVETFRUIT_EXTRACT;XIRECS;5259.0;6
53400;BOT_MAKER;BOT_TAKER;VELVETFRUIT_EXTRACT;XIRECS;5260.0;8
53400;BOT_TAKER;SUBMISSION;VELVETFRUIT_EXTRACT;XIRECS;5264.0;5
53400;BOT_TAKER;BOT_MAKER;VELVETFRUIT_EXTRACT;XIRECS;5265.0;4
53500;BOT_TAKER;BOT_MAKER;HYDROGEL_PACK;XIRECS;10025.0;5
53600;BOT_TAKER;BOT_MAKER;VELVETFRUIT_EXTRACT;XIRECS;5264.0;5
53600;BOT_MAKER;BOT_TAKER;VEV_4000;XIRECS;1258.0;3
53700;BOT_TAKER;BOT_MAKER;VELVETFRUIT_EXTRACT;XIRECS;5265.0;8
53700;SUBMISSION;BOT_TAKER;HYDROGEL_PACK;XIRECS;10010.0;3
53800;BOT_MAKER;BOT_TAKER;VELVETFRUIT_EXTRACT;XIRECS;5260.0;8
53800;BOT_MAKER;BOT_TAKER;VEV_4000;XIRECS;1258.0;1
54000;BOT_TAKER;BOT_MAKER;VELVETFRUIT_EXTRACT;XIRECS;5267.0;7
54000;BOT_TAKER;BOT_MAKER;VEV_6000;XIRECS;1.0;5
54000;BOT_TAKER;BOT_MAKER;VEV_6500;XIRECS;1.0;5
54100;BOT_TAKER;BOT_MAKER;HYDROGEL_PACK;XIRECS;10023.0;5
54100;BOT_TAKER;BOT_MAKER;VEV_5300;XIRECS;62.0;5
54100;BOT_MAKER;BOT_TAKER;VEV_6000;XIRECS;0.0;5
54200;SUBMISSION;BOT_TAKER;VEV_4000;XIRECS;1259.0;1
54500;BOT_MAKER;BOT_TAKER;HYDROGEL_PACK;XIRECS;10011.0;3
54500;BOT_TAKER;BOT_MAKER;VELVETFRUIT_EXTRACT;XIRECS;5263.0;6
54500;BOT_TAKER;BOT_MAKER;VEV_6000;XIRECS;1.0;4
54600;BOT_MAKER;BOT_TAKER;VEV_6000;XIRECS;0.0;3
54700;BOT_MAKER;BOT_TAKER;HYDROGEL_PACK;XIRECS;10007.0;6
54700;BOT_MAKER;BOT_TAKER;VELVETFRUIT_EXTRACT;XIRECS;5257.0;8
54800;BOT_MAKER;BOT_TAKER;VELVETFRUIT_EXTRACT;XIRECS;5258.0;3
54800;BOT_TAKER;BOT_MAKER;VELVETFRUIT_EXTRACT;XIRECS;5263.0;8
54900;BOT_TAKER;BOT_MAKER;HYDROGEL_PACK;XIRECS;10026.0;6
55000;BOT_MAKER;BOT_TAKER;VELVETFRUIT_EXTRACT;XIRECS;5255.0;8
55000;BOT_MAKER;BOT_TAKER;VEV_6000;XIRECS;0.0;5
55100;BOT_MAKER;BOT_TAKER;HYDROGEL_PACK;XIRECS;10011.0;2
55100;BOT_TAKER;BOT_MAKER;HYDROGEL_PACK;XIRECS;10027.0;5
55100;BOT_MAKER;BOT_TAKER;VELVETFRUIT_EXTRACT;XIRECS;5254.0;6
55100;BOT_MAKER;BOT_TAKER;VEV_4000;XIRECS;1258.0;2
55200;BOT_MAKER;BOT_TAKER;VELVETFRUIT_EXTRACT;XIRECS;5255.0;6
55300;BOT_TAKER;BOT_MAKER;HYDROGEL_PACK;XIRECS;10023.0;2
55300;BOT_TAKER;BOT_MAKER;VEV_4000;XIRECS;1278.0;2
55300;BOT_MAKER;BOT_TAKER;VEV_4000;XIRECS;1257.0;3
55400;BOT_TAKER;BOT_MAKER;VELVETFRUIT_EXTRACT;XIRECS;5261.0;5
55500;BOT_TAKER;BOT_MAKER;HYDROGEL_PACK;XIRECS;10023.0;6
55600;BOT_TAKER;BOT_MAKER;VELVETFRUIT_EXTRACT;XIRECS;5259.0;8
55700;BOT_TAKER;BOT_MAKER;VELVETFRUIT_EXTRACT;XIRECS;5259.0;7
56000;BOT_TAKER;BOT_MAKER;VELVETFRUIT_EXTRACT;XIRECS;5259.0;4
56100;BOT_MAKER;BOT_TAKER;VELVETFRUIT_EXTRACT;XIRECS;5252.0;4
56100;BOT_MAKER;BOT_TAKER;VEV_4000;XIRECS;1256.0;3
56100;BOT_TAKER;SUBMISSION;HYDROGEL_PACK;XIRECS;10020.0;5
56200;BOT_TAKER;BOT_MAKER;HYDROGEL_PACK;XIRECS;10023.0;5
56400;BOT_MAKER;BOT_TAKER;VELVETFRUIT_EXTRACT;XIRECS;5249.0;6
56400;BOT_MAKER;BOT_TAKER;VEV_4000;XIRECS;1255.0;3
56500;BOT_TAKER;BOT_MAKER;VELVETFRUIT_EXTRACT;XIRECS;5253.0;4
56500;BOT_MAKER;BOT_TAKER;VEV_6000;XIRECS;0.0;2
56700;BOT_TAKER;BOT_MAKER;HYDROGEL_PACK;XIRECS;10023.0;3
56800;BOT_MAKER;BOT_TAKER;VEV_4000;XIRECS;1258.0;2
56800;SUBMISSION;BOT_TAKER;HYDROGEL_PACK;XIRECS;10004.0;5
56900;BOT_TAKER;BOT_MAKER;VELVETFRUIT_EXTRACT;XIRECS;5251.0;7
57000;BOT_TAKER;BOT_MAKER;HYDROGEL_PACK;XIRECS;10019.0;5
57100;BOT_MAKER;BOT_TAKER;HYDROGEL_PACK;XIRECS;10005.0;5
57100;BOT_TAKER;BOT_MAKER;VEV_5500;XIRECS;4.0;5
57200;BOT_TAKER;BOT_MAKER;VEV_4000;XIRECS;1277.0;3
57200;BOT_TAKER;BOT_MAKER;VEV_5500;XIRECS;4.0;3
57300;BOT_TAKER;BOT_MAKER;VEV_4000;XIRECS;1275.0;1
57300;BOT_MAKER;BOT_TAKER;VEV_5500;XIRECS;3.0;5
57400;BOT_TAKER;BOT_MAKER;VEV_6000;XIRECS;1.0;4
57500;BOT_TAKER;BOT_MAKER;HYDROGEL_PACK;XIRECS;10021.0;5
57500;BOT_TAKER;BOT_MAKER;VELVETFRUIT_EXTRACT;XIRECS;5251.0;6
57600;BOT_MAKER;BOT_TAKER;VELVETFRUIT_EXTRACT;XIRECS;5246.0;3
57700;BOT_TAKER;BOT_MAKER;VEV_5500;XIRECS;4.0;3
57700;BOT_TAKER;BOT_MAKER;VEV_6500;XIRECS;1.0;4
57700;SUBMISSION;BOT_TAKER;HYDROGEL_PACK;XIRECS;10003.0;5
57800;SUBMISSION;BOT_TAKER;VELVETFRUIT_EXTRACT;XIRECS;5247.0;3
57900;BOT_MAKER;BOT_TAKER;VELVETFRUIT_EXTRACT;XIRECS;5245.0;6
57900;BOT_TAKER;BOT_MAKER;VEV_4000;XIRECS;1273.0;3
57900;BOT_TAKER;BOT_MAKER;VEV_4000;XIRECS;1273.0;1
58000;BOT_MAKER;BOT_TAKER;VELVETFRUIT_EXTRACT;XIRECS;5244.0;6
58000;BOT_TAKER;BOT_MAKER;VEV_4000;XIRECS;1273.0;3
58100;BOT_TAKER;BOT_MAKER;VEV_4000;XIRECS;1271.0;2
58100;BOT_MAKER;BOT_TAKER;VEV_5300;XIRECS;63.0;3
58200;BOT_TAKER;BOT_MAKER;HYDROGEL_PACK;XIRECS;10014.0;6
58300;BOT_MAKER;BOT_TAKER;VELVETFRUIT_EXTRACT;XIRECS;5246.0;5
58300;BOT_TAKER;BOT_MAKER;VEV_4000;XIRECS;1271.0;1
58400;BOT_TAKER;BOT_MAKER;HYDROGEL_PACK;XIRECS;10015.0;6
58500;BOT_MAKER;BOT_TAKER;HYDROGEL_PACK;XIRECS;9997.0;6
58600;BOT_TAKER;BOT_MAKER;HYDROGEL_PACK;XIRECS;10013.0;5
58600;BOT_TAKER;BOT_MAKER;VEV_4000;XIRECS;1273.0;1
58700;BOT_MAKER;BOT_TAKER;VELVETFRUIT_EXTRACT;XIRECS;5246.0;8
58700;BOT_TAKER;BOT_MAKER;VELVETFRUIT_EXTRACT;XIRECS;5251.0;7
58700;BOT_MAKER;BOT_TAKER;VEV_6000;XIRECS;0.0;5
58700;SUBMISSION;BOT_TAKER;VEV_4000;XIRECS;1252.0;2
58900;BOT_MAKER;BOT_TAKER;VELVETFRUIT_EXTRACT;XIRECS;5247.0;6
59000;BOT_TAKER;BOT_MAKER;VELVETFRUIT_EXTRACT;XIRECS;5253.0;4
59000;BOT_MAKER;BOT_TAKER;VEV_6500;XIRECS;0.0;2
59000;SUBMISSION;BOT_TAKER;VELVETFRUIT_EXTRACT;XIRECS;5249.0;5
59100;BOT_MAKER;BOT_TAKER;HYDROGEL_PACK;XIRECS;9992.0;5
59100;BOT_TAKER;BOT_MAKER;VELVETFRUIT_EXTRACT;XIRECS;5255.0;3
59300;BOT_TAKER;BOT_MAKER;HYDROGEL_PACK;XIRECS;10008.0;6
59300;BOT_MAKER;BOT_TAKER;VEV_6500;XIRECS;0.0;4
59400;BOT_MAKER;BOT_TAKER;VELVETFRUIT_EXTRACT;XIRECS;5247.0;8
59500;BOT_TAKER;SUBMISSION;VELVETFRUIT_EXTRACT;XIRECS;5252.0;5
59500;BOT_TAKER;BOT_MAKER;VELVETFRUIT_EXTRACT;XIRECS;5253.0;3
59600;BOT_MAKER;BOT_TAKER;HYDROGEL_PACK;XIRECS;9994.0;3
59600;BOT_TAKER;BOT_MAKER;VELVETFRUIT_EXTRACT;XIRECS;5253.0;3
59600;BOT_TAKER;BOT_MAKER;VEV_6500;XIRECS;1.0;4
59700;BOT_MAKER;BOT_TAKER;VELVETFRUIT_EXTRACT;XIRECS;5248.0;6
59700;SUBMISSION;BOT_TAKER;HYDROGEL_PACK;XIRECS;9996.0;3
59800;BOT_MAKER;BOT_TAKER;HYDROGEL_PACK;XIRECS;9995.0;2
59800;BOT_MAKER;BOT_TAKER;VELVETFRUIT_EXTRACT;XIRECS;5248.0;3
59800;BOT_MAKER;BOT_TAKER;VEV_5300;XIRECS;64.0;4
59900;BOT_TAKER;BOT_MAKER;HYDROGEL_PACK;XIRECS;10012.0;6
60000;BOT_MAKER;BOT_TAKER;HYDROGEL_PACK;XIRECS;9997.0;3
60000;BOT_MAKER;BOT_TAKER;VELVETFRUIT_EXTRACT;XIRECS;5249.0;6
60100;BOT_TAKER;BOT_MAKER;VELVETFRUIT_EXTRACT;XIRECS;5256.0;7
60300;BOT_TAKER;BOT_MAKER;VELVETFRUIT_EXTRACT;XIRECS;5254.0;6
60400;BOT_TAKER;BOT_MAKER;VEV_5500;XIRECS;3.0;2
60500;BOT_MAKER;BOT_TAKER;VELVETFRUIT_EXTRACT;XIRECS;5249.0;5
60600;BOT_TAKER;BOT_MAKER;HYDROGEL_PACK;XIRECS;10002.0;6
60600;BOT_MAKER;BOT_TAKER;HYDROGEL_PACK;XIRECS;9986.0;3
60700;BOT_TAKER;BOT_MAKER;VELVETFRUIT_EXTRACT;XIRECS;5253.0;5
60800;BOT_MAKER;BOT_TAKER;VELVETFRUIT_EXTRACT;XIRECS;5249.0;4
60800;BOT_TAKER;BOT_MAKER;VEV_6500;XIRECS;1.0;2
60900;BOT_TAKER;BOT_MAKER;VELVETFRUIT_EXTRACT;XIRECS;5255.0;7
61000;BOT_TAKER;BOT_MAKER;VELVETFRUIT_EXTRACT;XIRECS;5255.0;8
61000;BOT_MAKER;BOT_TAKER;VELVETFRUIT_EXTRACT;XIRECS;5249.0;3
61000;BOT_MAKER;BOT_TAKER;VEV_4000;XIRECS;1257.0;2
61000;BOT_TAKER;BOT_MAKER;VEV_5500;XIRECS;4.0;4
61000;SUBMISSION;BOT_TAKER;VEV_4000;XIRECS;1258.0;3
61300;BOT_TAKER;BOT_MAKER;VELVETFRUIT_EXTRACT;XIRECS;5252.0;8
61300;BOT_TAKER;BOT_MAKER;VEV_4000;XIRECS;1279.0;2
61300;BOT_TAKER;BOT_MAKER;VEV_6500;XIRECS;1.0;2
61400;BOT_TAKER;BOT_MAKER;VEV_5300;XIRECS;66.0;4
61500;BOT_MAKER;BOT_TAKER;VELVETFRUIT_EXTRACT;XIRECS;5246.0;5
61600;BOT_TAKER;BOT_MAKER;VELVETFRUIT_EXTRACT;XIRECS;5251.0;4
61600;BOT_MAKER;BOT_TAKER;VEV_4000;XIRECS;1259.0;1
61700;BOT_TAKER;BOT_MAKER;HYDROGEL_PACK;XIRECS;10004.0;4
61800;BOT_MAKER;BOT_TAKER;VELVETFRUIT_EXTRACT;XIRECS;5246.0;8
61900;BOT_MAKER;BOT_TAKER;HYDROGEL_PACK;XIRECS;9990.0;5
62000;BOT_TAKER;BOT_MAKER;VELVETFRUIT_EXTRACT;XIRECS;5255.0;5
62100;BOT_TAKER;BOT_MAKER;VELVETFRUIT_EXTRACT;XIRECS;5255.0;8
62100;BOT_TAKER;BOT_MAKER;VEV_6500;XIRECS;1.0;2
62200;BOT_MAKER;BOT_TAKER;VEV_4000;XIRECS;1259.0;2
62200;BOT_TAKER;BOT_MAKER;VEV_5500;XIRECS;3.0;5
62300;BOT_MAKER;BOT_TAKER;HYDROGEL_PACK;XIRECS;9992.0;4
62300;BOT_MAKER;BOT_TAKER;VELVETFRUIT_EXTRACT;XIRECS;5251.0;5
62300;BOT_MAKER;BOT_TAKER;VEV_6000;XIRECS;0.0;2
62300;SUBMISSION;BOT_TAKER;HYDROGEL_PACK;XIRECS;9993.0;3
62400;BOT_MAKER;BOT_TAKER;VELVETFRUIT_EXTRACT;XIRECS;5252.0;6
62400;BOT_TAKER;BOT_MAKER;VEV_6500;XIRECS;1.0;4
62500;BOT_MAKER;BOT_TAKER;VELVETFRUIT_EXTRACT;XIRECS;5251.0;8
62500;BOT_TAKER;BOT_MAKER;VEV_5400;XIRECS;15.0;5
62600;BOT_MAKER;BOT_TAKER;VELVETFRUIT_EXTRACT;XIRECS;5251.0;4
62700;BOT_TAKER;BOT_MAKER;HYDROGEL_PACK;XIRECS;10009.0;4
62700;BOT_MAKER;BOT_TAKER;VELVETFRUIT_EXTRACT;XIRECS;5248.0;4
62700;BOT_MAKER;BOT_TAKER;VEV_5500;XIRECS;2.0;2
62700;BOT_MAKER;BOT_TAKER;VEV_6000;XIRECS;0.0;5
62700;SUBMISSION;BOT_TAKER;VELVETFRUIT_EXTRACT;XIRECS;5249.0;4
62900;BOT_MAKER;BOT_TAKER;HYDROGEL_PACK;XIRECS;9988.0;4
62900;BOT_MAKER;BOT_TAKER;VEV_5400;XIRECS;12.0;5
62900;SUBMISSION;BOT_TAKER;VELVETFRUIT_EXTRACT;XIRECS;5249.0;5
63100;BOT_MAKER;BOT_TAKER;HYDROGEL_PACK;XIRECS;9993.0;4
63100;BOT_TAKER;BOT_MAKER;VEV_5400;XIRECS;13.0;3
63100;SUBMISSION;BOT_TAKER;HYDROGEL_PACK;XIRECS;9994.0;2
63200;SUBMISSION;BOT_TAKER;VELVETFRUIT_EXTRACT;XIRECS;5247.0;5
63200;BOT_MAKER;BOT_TAKER;VELVETFRUIT_EXTRACT;XIRECS;5246.0;2
63300;BOT_MAKER;BOT_TAKER;VEV_6500;XIRECS;0.0;2
63400;BOT_TAKER;BOT_MAKER;VEV_6000;XIRECS;1.0;5
63500;BOT_MAKER;BOT_TAKER;HYDROGEL_PACK;XIRECS;9991.0;2
63500;BOT_MAKER;BOT_TAKER;VELVETFRUIT_EXTRACT;XIRECS;5247.0;4
63500;BOT_MAKER;BOT_TAKER;VEV_6500;XIRECS;0.0;2
63600;SUBMISSION;BOT_TAKER;VELVETFRUIT_EXTRACT;XIRECS;5248.0;5
63600;BOT_MAKER;BOT_TAKER;VELVETFRUIT_EXTRACT;XIRECS;5247.0;2
63700;BOT_MAKER;BOT_TAKER;VELVETFRUIT_EXTRACT;XIRECS;5247.0;10
63700;BOT_TAKER;BOT_MAKER;VEV_5400;XIRECS;13.0;2
63700;BOT_TAKER;BOT_MAKER;VEV_5500;XIRECS;4.0;5
63700;BOT_MAKER;BOT_TAKER;VEV_6000;XIRECS;0.0;2
63700;BOT_TAKER;BOT_MAKER;VEV_6000;XIRECS;1.0;4
63700;SUBMISSION;BOT_TAKER;HYDROGEL_PACK;XIRECS;9987.0;5
63700;BOT_MAKER;BOT_TAKER;HYDROGEL_PACK;XIRECS;9986.0;1
63800;BOT_TAKER;BOT_MAKER;VELVETFRUIT_EXTRACT;XIRECS;5252.0;4
63800;BOT_MAKER;BOT_TAKER;VEV_4000;XIRECS;1262.0;3
63800;BOT_MAKER;BOT_TAKER;VEV_6000;XIRECS;0.0;4
63900;BOT_TAKER;BOT_MAKER;VEV_4000;XIRECS;1285.0;3
64000;BOT_TAKER;BOT_MAKER;HYDROGEL_PACK;XIRECS;9999.0;2
64000;BOT_MAKER;BOT_TAKER;VELVETFRUIT_EXTRACT;XIRECS;5249.0;4
64100;BOT_MAKER;BOT_TAKER;HYDROGEL_PACK;XIRECS;9982.0;2
64100;BOT_MAKER;BOT_TAKER;HYDROGEL_PACK;XIRECS;9982.0;4
64200;BOT_TAKER;SUBMISSION;VELVETFRUIT_EXTRACT;XIRECS;5254.0;4
64300;BOT_MAKER;BOT_TAKER;VELVETFRUIT_EXTRACT;XIRECS;5251.0;5
64400;BOT_MAKER;BOT_TAKER;VEV_5500;XIRECS;3.0;3
64500;BOT_MAKER;BOT_TAKER;HYDROGEL_PACK;XIRECS;9988.0;5
64500;BOT_MAKER;BOT_TAKER;VELVETFRUIT_EXTRACT;XIRECS;5251.0;7
64500;BOT_TAKER;BOT_MAKER;VEV_4000;XIRECS;1287.0;2
64500;BOT_TAKER;BOT_MAKER;VEV_5300;XIRECS;68.0;4
64500;BOT_TAKER;SUBMISSION;VELVETFRUIT_EXTRACT;XIRECS;5255.0;5
64500;BOT_TAKER;BOT_MAKER;VELVETFRUIT_EXTRACT;XIRECS;5256.0;3
64600;BOT_TAKER;BOT_MAKER;VELVETFRUIT_EXTRACT;XIRECS;5258.0;3
64600;BOT_TAKER;BOT_MAKER;VEV_4000;XIRECS;1288.0;1
64700;BOT_MAKER;BOT_TAKER;VELVETFRUIT_EXTRACT;XIRECS;5250.0;8
64800;BOT_TAKER;BOT_MAKER;VEV_4000;XIRECS;1290.0;1
64900;BOT_TAKER;BOT_MAKER;VELVETFRUIT_EXTRACT;XIRECS;5257.0;12
64900;SUBMISSION;BOT_TAKER;VEV_4000;XIRECS;1270.0;1
65000;BOT_MAKER;BOT_TAKER;VEV_4000;XIRECS;1269.0;2
65000;SUBMISSION;BOT_TAKER;VELVETFRUIT_EXTRACT;XIRECS;5254.0;5
65000;BOT_MAKER;BOT_TAKER;VELVETFRUIT_EXTRACT;XIRECS;5253.0;1
65100;BOT_MAKER;BOT_TAKER;HYDROGEL_PACK;XIRECS;9989.0;6
65100;BOT_MAKER;BOT_TAKER;VELVETFRUIT_EXTRACT;XIRECS;5252.0;8
65100;BOT_MAKER;BOT_TAKER;VEV_6000;XIRECS;0.0;2
65100;SUBMISSION;BOT_TAKER;VELVETFRUIT_EXTRACT;XIRECS;5253.0;5
65200;BOT_MAKER;BOT_TAKER;VELVETFRUIT_EXTRACT;XIRECS;5253.0;8
65200;BOT_MAKER;BOT_TAKER;VEV_6000;XIRECS;0.0;5
65200;BOT_TAKER;SUBMISSION;VELVETFRUIT_EXTRACT;XIRECS;5257.0;5
65200;BOT_TAKER;BOT_MAKER;VELVETFRUIT_EXTRACT;XIRECS;5258.0;3
65600;BOT_TAKER;BOT_MAKER;HYDROGEL_PACK;XIRECS;10002.0;5
65600;BOT_TAKER;BOT_MAKER;VEV_6500;XIRECS;1.0;5
65700;BOT_MAKER;BOT_TAKER;VELVETFRUIT_EXTRACT;XIRECS;5256.0;4
65700;BOT_MAKER;BOT_TAKER;VEV_6000;XIRECS;0.0;5
65800;BOT_MAKER;BOT_TAKER;HYDROGEL_PACK;XIRECS;9988.0;5
65800;BOT_MAKER;BOT_TAKER;VELVETFRUIT_EXTRACT;XIRECS;5255.0;3
65800;BOT_TAKER;SUBMISSION;VEV_4000;XIRECS;1290.0;3
65900;BOT_TAKER;BOT_MAKER;VELVETFRUIT_EXTRACT;XIRECS;5260.0;8
65900;BOT_TAKER;BOT_MAKER;VELVETFRUIT_EXTRACT;XIRECS;5260.0;3
66000;BOT_TAKER;BOT_MAKER;HYDROGEL_PACK;XIRECS;10001.0;2
66000;BOT_MAKER;BOT_TAKER;VEV_6000;XIRECS;0.0;5
66100;BOT_MAKER;BOT_TAKER;HYDROGEL_PACK;XIRECS;9986.0;3
66100;BOT_TAKER;BOT_MAKER;VELVETFRUIT_EXTRACT;XIRECS;5261.0;4
66100;SUBMISSION;BOT_TAKER;VELVETFRUIT_EXTRACT;XIRECS;5256.0;5
66100;BOT_MAKER;BOT_TAKER;VELVETFRUIT_EXTRACT;XIRECS;5255.0;3
66200;BOT_TAKER;BOT_MAKER;VEV_5500;XIRECS;4.0;2
66300;BOT_TAKER;SUBMISSION;VELVETFRUIT_EXTRACT;XIRECS;5260.0;5
66300;BOT_TAKER;BOT_MAKER;VELVETFRUIT_EXTRACT;XIRECS;5261.0;3
66500;BOT_MAKER;BOT_TAKER;HYDROGEL_PACK;XIRECS;9987.0;4
66500;BOT_MAKER;BOT_TAKER;VEV_5500;XIRECS;3.0;5
66600;BOT_TAKER;BOT_MAKER;VEV_5300;XIRECS;69.0;2
66700;BOT_TAKER;BOT_MAKER;VELVETFRUIT_EXTRACT;XIRECS;5264.0;4
66800;BOT_TAKER;BOT_MAKER;VEV_5500;XIRECS;4.0;2
66800;BOT_TAKER;BOT_MAKER;VEV_6500;XIRECS;1.0;5
66900;BOT_TAKER;BOT_MAKER;HYDROGEL_PACK;XIRECS;10004.0;5
66900;BOT_MAKER;BOT_TAKER;VEV_6500;XIRECS;0.0;5
67000;BOT_TAKER;BOT_MAKER;VELVETFRUIT_EXTRACT;XIRECS;5263.0;6
67000;BOT_TAKER;BOT_MAKER;VELVETFRUIT_EXTRACT;XIRECS;5263.0;7
67000;BOT_MAKER;BOT_TAKER;VEV_6500;XIRECS;0.0;5
67100;BOT_TAKER;BOT_MAKER;HYDROGEL_PACK;XIRECS;10005.0;3
67200;BOT_TAKER;BOT_MAKER;HYDROGEL_PACK;XIRECS;10007.0;3
67300;BOT_MAKER;BOT_TAKER;VELVETFRUIT_EXTRACT;XIRECS;5256.0;7
67300;BOT_MAKER;BOT_TAKER;VEV_6500;XIRECS;0.0;5
67300;BOT_TAKER;SUBMISSION;HYDROGEL_PACK;XIRECS;10007.0;5
67400;BOT_MAKER;BOT_TAKER;VELVETFRUIT_EXTRACT;XIRECS;5254.0;6
67400;BOT_TAKER;BOT_MAKER;VEV_6000;XIRECS;1.0;4
67600;BOT_TAKER;BOT_MAKER;VELVETFRUIT_EXTRACT;XIRECS;5260.0;3
67600;BOT_TAKER;SUBMISSION;VEV_4000;XIRECS;1289.0;2
67700;BOT_MAKER;BOT_TAKER;VEV_4000;XIRECS;1269.0;3
67800;BOT_TAKER;BOT_MAKER;HYDROGEL_PACK;XIRECS;10013.0;4
67800;BOT_TAKER;BOT_MAKER;VEV_5300;XIRECS;68.0;4
68000;BOT_TAKER;BOT_MAKER;VELVETFRUIT_EXTRACT;XIRECS;5259.0;8
68100;BOT_MAKER;BOT_TAKER;VEV_5500;XIRECS;3.0;3
68200;BOT_MAKER;BOT_TAKER;HYDROGEL_PACK;XIRECS;9994.0;6
68200;BOT_TAKER;BOT_MAKER;VELVETFRUIT_EXTRACT;XIRECS;5259.0;7
68200;BOT_MAKER;BOT_TAKER;VEV_6500;XIRECS;0.0;4
68300;BOT_MAKER;BOT_TAKER;VELVETFRUIT_EXTRACT;XIRECS;5255.0;4
68300;BOT_TAKER;BOT_MAKER;VEV_5300;XIRECS;68.0;2
68400;BOT_TAKER;BOT_MAKER;VELVETFRUIT_EXTRACT;XIRECS;5261.0;4
68400;BOT_TAKER;BOT_MAKER;VELVETFRUIT_EXTRACT;XIRECS;5261.0;7
68500;BOT_TAKER;BOT_MAKER;VELVETFRUIT_EXTRACT;XIRECS;5261.0;3
68500;BOT_TAKER;BOT_MAKER;VEV_4000;XIRECS;1292.0;1
68500;BOT_MAKER;BOT_TAKER;VEV_5500;XIRECS;3.0;4
68600;SUBMISSION;BOT_TAKER;VELVETFRUIT_EXTRACT;XIRECS;5255.0;5
68700;BOT_TAKER;BOT_MAKER;VELVETFRUIT_EXTRACT;XIRECS;5259.0;3
68800;BOT_MAKER;BOT_TAKER;VELVETFRUIT_EXTRACT;XIRECS;5252.0;4
68900;BOT_MAKER;BOT_TAKER;HYDROGEL_PACK;XIRECS;9993.0;5
69000;BOT_MAKER;BOT_TAKER;HYDROGEL_PACK;XIRECS;9994.0;5
69200;BOT_TAKER;BOT_MAKER;HYDROGEL_PACK;XIRECS;10009.0;2
69200;BOT_TAKER;SUBMISSION;VEV_4000;XIRECS;1289.0;1
69300;BOT_TAKER;BOT_MAKER;VELVETFRUIT_EXTRACT;XIRECS;5256.0;5
69300;BOT_MAKER;BOT_TAKER;VELVETFRUIT_EXTRACT;XIRECS;5250.0;10
69300;BOT_TAKER;SUBMISSION;VEV_4000;XIRECS;1290.0;3
69400;BOT_TAKER;BOT_MAKER;VEV_4000;XIRECS;1291.0;1
69400;BOT_MAKER;BOT_TAKER;VEV_5500;XIRECS;3.0;3
69500;BOT_MAKER;BOT_TAKER;HYDROGEL_PACK;XIRECS;9992.0;6
69500;BOT_TAKER;BOT_MAKER;VELVETFRUIT_EXTRACT;XIRECS;5257.0;4
69500;BOT_MAKER;BOT_TAKER;VEV_4000;XIRECS;1271.0;1
69600;BOT_MAKER;BOT_TAKER;VEV_5500;XIRECS;3.0;5
69700;BOT_MAKER;BOT_TAKER;VELVETFRUIT_EXTRACT;XIRECS;5249.0;7
69700;BOT_MAKER;BOT_TAKER;VEV_6500;XIRECS;0.0;2
69800;BOT_MAKER;BOT_TAKER;HYDROGEL_PACK;XIRECS;9986.0;3
69900;BOT_MAKER;BOT_TAKER;VEV_6500;XIRECS;0.0;3
69900;BOT_TAKER;SUBMISSION;HYDROGEL_PACK;XIRECS;10002.0;3
70100;BOT_TAKER;BOT_MAKER;VELVETFRUIT_EXTRACT;XIRECS;5253.0;5
70100;BOT_MAKER;BOT_TAKER;VEV_5300;XIRECS;64.0;2
70200;BOT_TAKER;BOT_MAKER;VELVETFRUIT_EXTRACT;XIRECS;5254.0;6
70300;BOT_MAKER;BOT_TAKER;HYDROGEL_PACK;XIRECS;9984.0;4
70400;BOT_TAKER;BOT_MAKER;VELVETFRUIT_EXTRACT;XIRECS;5256.0;7
70500;BOT_MAKER;BOT_TAKER;VEV_4000;XIRECS;1271.0;2
70600;SUBMISSION;BOT_TAKER;VELVETFRUIT_EXTRACT;XIRECS;5252.0;3
70700;BOT_TAKER;BOT_MAKER;VELVETFRUIT_EXTRACT;XIRECS;5257.0;5
70700;SUBMISSION;BOT_TAKER;VELVETFRUIT_EXTRACT;XIRECS;5254.0;5
70700;BOT_MAKER;BOT_TAKER;VELVETFRUIT_EXTRACT;XIRECS;5253.0;2
70700;SUBMISSION;BOT_TAKER;VEV_4000;XIRECS;1273.0;1
70800;BOT_MAKER;BOT_TAKER;VELVETFRUIT_EXTRACT;XIRECS;5253.0;8
70800;BOT_MAKER;BOT_TAKER;VEV_4000;XIRECS;1272.0;2
70900;BOT_TAKER;BOT_MAKER;VELVETFRUIT_EXTRACT;XIRECS;5260.0;6
70900;BOT_TAKER;BOT_MAKER;VEV_5400;XIRECS;14.0;5
71100;BOT_MAKER;BOT_TAKER;VEV_6000;XIRECS;0.0;2
71100;BOT_TAKER;BOT_MAKER;VEV_6500;XIRECS;1.0;2
71200;SUBMISSION;BOT_TAKER;HYDROGEL_PACK;XIRECS;9993.0;5
71200;BOT_MAKER;BOT_TAKER;HYDROGEL_PACK;XIRECS;9992.0;1
71400;BOT_MAKER;BOT_TAKER;VELVETFRUIT_EXTRACT;XIRECS;5252.0;4
71500;BOT_MAKER;BOT_TAKER;VELVETFRUIT_EXTRACT;XIRECS;5253.0;5
71500;SUBMISSION;BOT_TAKER;HYDROGEL_PACK;XIRECS;9990.0;4
71600;BOT_TAKER;BOT_MAKER;HYDROGEL_PACK;XIRECS;10005.0;6
71600;BOT_MAKER;BOT_TAKER;VELVETFRUIT_EXTRACT;XIRECS;5253.0;3
71700;BOT_TAKER;BOT_MAKER;VEV_5300;XIRECS;64.0;4
71900;BOT_MAKER;BOT_TAKER;HYDROGEL_PACK;XIRECS;9991.0;2
72100;BOT_TAKER;BOT_MAKER;HYDROGEL_PACK;XIRECS;10010.0;5
72100;SUBMISSION;BOT_TAKER;VELVETFRUIT_EXTRACT;XIRECS;5258.0;5
72100;BOT_MAKER;BOT_TAKER;VELVETFRUIT_EXTRACT;XIRECS;5257.0;3
72200;BOT_TAKER;BOT_MAKER;HYDROGEL_PACK;XIRECS;10010.0;4
72300;BOT_MAKER;BOT_TAKER;VEV_5500;XIRECS;3.0;4
72400;BOT_MAKER;BOT_TAKER;HYDROGEL_PACK;XIRECS;9994.0;3
72400;BOT_MAKER;BOT_TAKER;VELVETFRUIT_EXTRACT;XIRECS;5259.0;6
72400;BOT_TAKER;BOT_MAKER;VEV_4000;XIRECS;1288.0;2
72400;BOT_TAKER;BOT_MAKER;VEV_6500;XIRECS;1.0;3
72500;BOT_TAKER;BOT_MAKER;VELVETFRUIT_EXTRACT;XIRECS;5265.0;7
72500;BOT_MAKER;BOT_TAKER;VEV_6000;XIRECS;0.0;4
72600;BOT_MAKER;BOT_TAKER;VELVETFRUIT_EXTRACT;XIRECS;5260.0;3
72800;BOT_TAKER;BOT_MAKER;VEV_6000;XIRECS;1.0;5
72800;BOT_TAKER;BOT_MAKER;VEV_6500;XIRECS;1.0;2
72900;BOT_TAKER;BOT_MAKER;VEV_5300;XIRECS;62.0;2
73000;BOT_MAKER;BOT_TAKER;VELVETFRUIT_EXTRACT;XIRECS;5260.0;3
73000;BOT_MAKER;BOT_TAKER;VEV_5300;XIRECS;61.0;5
73100;BOT_MAKER;BOT_TAKER;VEV_5500;XIRECS;3.0;4
73200;BOT_TAKER;BOT_MAKER;HYDROGEL_PACK;XIRECS;10005.0;6
73200;BOT_TAKER;BOT_MAKER;VELVETFRUIT_EXTRACT;XIRECS;5266.0;4
73200;BOT_TAKER;BOT_MAKER;VEV_5400;XIRECS;14.0;4
73200;SUBMISSION;BOT_TAKER;VELVETFRUIT_EXTRACT;XIRECS;5261.0;5
73300;BOT_TAKER;BOT_MAKER;VEV_5300;XIRECS;64.0;2
73400;BOT_TAKER;BOT_MAKER;VEV_6000;XIRECS;1.0;5
73500;BOT_TAKER;BOT_MAKER;VEV_6500;XIRECS;1.0;3
73600;BOT_TAKER;BOT_MAKER;VEV_5500;XIRECS;4.0;4
73700;BOT_TAKER;BOT_MAKER;HYDROGEL_PACK;XIRECS;10005.0;5
73900;BOT_MAKER;BOT_TAKER;VELVETFRUIT_EXTRACT;XIRECS;5263.0;10
73900;BOT_MAKER;BOT_TAKER;VEV_6000;XIRECS;0.0;5
74000;BOT_MAKER;BOT_TAKER;VELVETFRUIT_EXTRACT;XIRECS;5263.0;10
74100;BOT_MAKER;BOT_TAKER;HYDROGEL_PACK;XIRECS;9990.0;6
74100;BOT_TAKER;BOT_MAKER;VELVETFRUIT_EXTRACT;XIRECS;5269.0;8
74100;BOT_TAKER;BOT_MAKER;VEV_4000;XIRECS;1287.0;2
74100;BOT_MAKER;BOT_TAKER;VEV_6500;XIRECS;0.0;2
74200;BOT_MAKER;BOT_TAKER;HYDROGEL_PACK;XIRECS;9990.0;3
74400;BOT_MAKER;BOT_TAKER;HYDROGEL_PACK;XIRECS;9991.0;6
74400;BOT_MAKER;BOT_TAKER;VELVETFRUIT_EXTRACT;XIRECS;5263.0;9
74500;BOT_MAKER;BOT_TAKER;HYDROGEL_PACK;XIRECS;9990.0;3
74500;BOT_MAKER;BOT_TAKER;VELVETFRUIT_EXTRACT;XIRECS;5262.0;6
74500;BOT_TAKER;BOT_MAKER;VEV_6000;XIRECS;1.0;3
74600;BOT_TAKER;BOT_MAKER;HYDROGEL_PACK;XIRECS;10005.0;6
74600;BOT_MAKER;BOT_TAKER;VEV_6500;XIRECS;0.0;2
74800;BOT_MAKER;BOT_TAKER;VEV_5400;XIRECS;12.0;5
74800;BOT_TAKER;BOT_MAKER;VEV_6500;XIRECS;1.0;3
74900;BOT_TAKER;BOT_MAKER;VELVETFRUIT_EXTRACT;XIRECS;5272.0;6
75100;BOT_MAKER;BOT_TAKER;HYDROGEL_PACK;XIRECS;9993.0;5
75100;BOT_TAKER;BOT_MAKER;VEV_4000;XIRECS;1289.0;2
75100;BOT_MAKER;BOT_TAKER;VEV_6000;XIRECS;0.0;5
75500;BOT_TAKER;BOT_MAKER;VEV_5500;XIRECS;4.0;5
75600;BOT_MAKER;BOT_TAKER;HYDROGEL_PACK;XIRECS;9993.0;2
75600;BOT_MAKER;BOT_TAKER;VELVETFRUIT_EXTRACT;XIRECS;5269.0;3
75600;BOT_TAKER;BOT_MAKER;VEV_5400;XIRECS;12.0;4
75700;BOT_MAKER;BOT_TAKER;HYDROGEL_PACK;XIRECS;9988.0;3
75800;BOT_MAKER;BOT_TAKER;VEV_5400;XIRECS;11.0;3
75800;SUBMISSION;BOT_TAKER;VELVETFRUIT_EXTRACT;XIRECS;5269.0;5
75900;BOT_TAKER;BOT_MAKER;HYDROGEL_PACK;XIRECS;10005.0;4
76000;BOT_MAKER;BOT_TAKER;HYDROGEL_PACK;XIRECS;9988.0;2
76000;BOT_TAKER;BOT_MAKER;VEV_6000;XIRECS;1.0;2
76200;BOT_MAKER;BOT_TAKER;VEV_4000;XIRECS;1268.0;1
76300;BOT_TAKER;BOT_MAKER;VELVETFRUIT_EXTRACT;XIRECS;5274.0;3
76300;BOT_TAKER;SUBMISSION;VELVETFRUIT_EXTRACT;XIRECS;5273.0;5
76400;BOT_TAKER;BOT_MAKER;HYDROGEL_PACK;XIRECS;10007.0;2
76600;BOT_MAKER;BOT_TAKER;HYDROGEL_PACK;XIRECS;9989.0;6
76600;BOT_TAKER;BOT_MAKER;VELVETFRUIT_EXTRACT;XIRECS;5270.0;4
76600;BOT_TAKER;BOT_MAKER;VEV_5400;XIRECS;11.0;5
76700;BOT_MAKER;BOT_TAKER;HYDROGEL_PACK;XIRECS;9994.0;3
76700;BOT_MAKER;BOT_TAKER;VELVETFRUIT_EXTRACT;XIRECS;5265.0;5
76700;BOT_TAKER;BOT_MAKER;VEV_6000;XIRECS;1.0;5
76800;BOT_MAKER;BOT_TAKER;VELVETFRUIT_EXTRACT;XIRECS;5263.0;3
76900;BOT_TAKER;BOT_MAKER;HYDROGEL_PACK;XIRECS;10007.0;5
76900;BOT_TAKER;BOT_MAKER;VELVETFRUIT_EXTRACT;XIRECS;5270.0;4
76900;BOT_TAKER;BOT_MAKER;VEV_6500;XIRECS;1.0;2
77100;BOT_MAKER;BOT_TAKER;HYDROGEL_PACK;XIRECS;9993.0;3
77100;BOT_MAKER;BOT_TAKER;VELVETFRUIT_EXTRACT;XIRECS;5261.0;5
77200;BOT_MAKER;BOT_TAKER;VELVETFRUIT_EXTRACT;XIRECS;5261.0;4
77200;BOT_TAKER;BOT_MAKER;VEV_4000;XIRECS;1288.0;2
77300;BOT_TAKER;BOT_MAKER;VEV_4000;XIRECS;1289.0;3
77300;BOT_MAKER;BOT_TAKER;VEV_6500;XIRECS;0.0;2
77400;BOT_MAKER;BOT_TAKER;VELVETFRUIT_EXTRACT;XIRECS;5262.0;7
77600;BOT_TAKER;BOT_MAKER;VELVETFRUIT_EXTRACT;XIRECS;5267.0;6
77600;BOT_TAKER;BOT_MAKER;VEV_4000;XIRECS;1292.0;3
77600;BOT_TAKER;BOT_MAKER;VEV_5500;XIRECS;4.0;4
77700;BOT_MAKER;BOT_TAKER;HYDROGEL_PACK;XIRECS;9983.0;4
77800;BOT_MAKER;BOT_TAKER;VELVETFRUIT_EXTRACT;XIRECS;5264.0;8
77900;BOT_TAKER;BOT_MAKER;HYDROGEL_PACK;XIRECS;9997.0;6
77900;BOT_MAKER;BOT_TAKER;VEV_5300;XIRECS;59.0;4
77900;BOT_TAKER;SUBMISSION;HYDROGEL_PACK;XIRECS;9996.0;4
78000;BOT_MAKER;BOT_TAKER;VEV_4000;XIRECS;1272.0;1
78100;BOT_TAKER;BOT_MAKER;VELVETFRUIT_EXTRACT;XIRECS;5269.0;5
78200;BOT_MAKER;BOT_TAKER;VELVETFRUIT_EXTRACT;XIRECS;5262.0;6
78300;BOT_MAKER;BOT_TAKER;HYDROGEL_PACK;XIRECS;9976.0;3
78300;BOT_TAKER;BOT_MAKER;VELVETFRUIT_EXTRACT;XIRECS;5268.0;7
78400;BOT_MAKER;BOT_TAKER;HYDROGEL_PACK;XIRECS;9976.0;2
78400;BOT_MAKER;BOT_TAKER;HYDROGEL_PACK;XIRECS;9976.0;3
78400;BOT_TAKER;BOT_MAKER;VELVETFRUIT_EXTRACT;XIRECS;5267.0;4
78500;BOT_TAKER;BOT_MAKER;HYDROGEL_PACK;XIRECS;9991.0;3
78500;BOT_TAKER;BOT_MAKER;VELVETFRUIT_EXTRACT;XIRECS;5268.0;8
78600;BOT_TAKER;BOT_MAKER;HYDROGEL_PACK;XIRECS;9992.0;6
78600;BOT_TAKER;BOT_MAKER;VELVETFRUIT_EXTRACT;XIRECS;5267.0;7
78800;BOT_TAKER;BOT_MAKER;VELVETFRUIT_EXTRACT;XIRECS;5266.0;8
78800;BOT_TAKER;BOT_MAKER;VEV_6000;XIRECS;1.0;2
78900;BOT_MAKER;BOT_TAKER;VELVETFRUIT_EXTRACT;XIRECS;5261.0;4
78900;BOT_TAKER;BOT_MAKER;VEV_4000;XIRECS;1298.0;2
78900;BOT_TAKER;BOT_MAKER;VEV_6500;XIRECS;1.0;3
79000;BOT_TAKER;SUBMISSION;HYDROGEL_PACK;XIRECS;9989.0;3
79100;BOT_TAKER;BOT_MAKER;VELVETFRUIT_EXTRACT;XIRECS;5265.0;3
79200;BOT_TAKER;BOT_MAKER;VELVETFRUIT_EXTRACT;XIRECS;5263.0;4
79300;BOT_MAKER;BOT_TAKER;HYDROGEL_PACK;XIRECS;9974.0;2
79300;BOT_MAKER;BOT_TAKER;VELVETFRUIT_EXTRACT;XIRECS;5259.0;5
79400;BOT_MAKER;BOT_TAKER;VELVETFRUIT_EXTRACT;XIRECS;5259.0;6
79500;BOT_MAKER;BOT_TAKER;HYDROGEL_PACK;XIRECS;9976.0;2
79500;BOT_TAKER;BOT_MAKER;VELVETFRUIT_EXTRACT;XIRECS;5265.0;4
79500;BOT_TAKER;SUBMISSION;VELVETFRUIT_EXTRACT;XIRECS;5264.0;5
79500;BOT_TAKER;BOT_MAKER;VELVETFRUIT_EXTRACT;XIRECS;5265.0;3
79600;BOT_TAKER;BOT_MAKER;HYDROGEL_PACK;XIRECS;9993.0;5
79600;BOT_TAKER;BOT_MAKER;VELVETFRUIT_EXTRACT;XIRECS;5267.0;3
79600;BOT_TAKER;BOT_MAKER;VEV_5300;XIRECS;62.0;5
79700;BOT_MAKER;BOT_TAKER;HYDROGEL_PACK;XIRECS;9975.0;5
79700;BOT_TAKER;BOT_MAKER;VELVETFRUIT_EXTRACT;XIRECS;5265.0;6
79900;BOT_TAKER;BOT_MAKER;VELVETFRUIT_EXTRACT;XIRECS;5263.0;13
80100;BOT_TAKER;BOT_MAKER;VELVETFRUIT_EXTRACT;XIRECS;5264.0;3
80100;BOT_TAKER;BOT_MAKER;VEV_5400;XIRECS;12.0;2
80100;BOT_TAKER;BOT_MAKER;VEV_6500;XIRECS;1.0;3
80200;BOT_TAKER;BOT_MAKER;HYDROGEL_PACK;XIRECS;9989.0;3
80200;BOT_MAKER;BOT_TAKER;VELVETFRUIT_EXTRACT;XIRECS;5258.0;4
80300;BOT_TAKER;BOT_MAKER;VELVETFRUIT_EXTRACT;XIRECS;5263.0;8
80500;BOT_MAKER;BOT_TAKER;HYDROGEL_PACK;XIRECS;9971.0;2
80500;BOT_MAKER;BOT_TAKER;VELVETFRUIT_EXTRACT;XIRECS;5259.0;7
80500;BOT_TAKER;SUBMISSION;VELVETFRUIT_EXTRACT;XIRECS;5263.0;3
80600;BOT_TAKER;BOT_MAKER;HYDROGEL_PACK;XIRECS;9986.0;3
80700;BOT_TAKER;BOT_MAKER;VELVETFRUIT_EXTRACT;XIRECS;5265.0;7
80700;BOT_TAKER;BOT_MAKER;VEV_4000;XIRECS;1297.0;3
80700;SUBMISSION;BOT_TAKER;VELVETFRUIT_EXTRACT;XIRECS;5261.0;5
80700;BOT_MAKER;BOT_TAKER;VELVETFRUIT_EXTRACT;XIRECS;5260.0;1
80800;BOT_MAKER;BOT_TAKER;VELVETFRUIT_EXTRACT;XIRECS;5260.0;5
80800;BOT_MAKER;BOT_TAKER;VEV_6500;XIRECS;0.0;5
80900;BOT_TAKER;BOT_MAKER;VELVETFRUIT_EXTRACT;XIRECS;5266.0;7
80900;SUBMISSION;BOT_TAKER;HYDROGEL_PACK;XIRECS;9974.0;3
81000;BOT_MAKER;BOT_TAKER;VEV_6500;XIRECS;0.0;5
81100;BOT_MAKER;BOT_TAKER;HYDROGEL_PACK;XIRECS;9974.0;6
81200;BOT_TAKER;BOT_MAKER;VELVETFRUIT_EXTRACT;XIRECS;5265.0;4
81200;BOT_MAKER;BOT_TAKER;VEV_4000;XIRECS;1275.0;2
81400;BOT_MAKER;BOT_TAKER;VELVETFRUIT_EXTRACT;XIRECS;5261.0;5
81500;BOT_TAKER;BOT_MAKER;VELVETFRUIT_EXTRACT;XIRECS;5265.0;5
81500;BOT_TAKER;BOT_MAKER;VEV_5500;XIRECS;4.0;4
81500;BOT_MAKER;BOT_TAKER;VEV_6500;XIRECS;0.0;4
81700;BOT_TAKER;SUBMISSION;VELVETFRUIT_EXTRACT;XIRECS;5266.0;4
81800;BOT_MAKER;BOT_TAKER;VELVETFRUIT_EXTRACT;XIRECS;5260.0;4
81900;BOT_MAKER;BOT_TAKER;VELVETFRUIT_EXTRACT;XIRECS;5259.0;6
81900;SUBMISSION;BOT_TAKER;VEV_4000;XIRECS;1279.0;1
82000;BOT_MAKER;BOT_TAKER;HYDROGEL_PACK;XIRECS;9973.0;3
82000;BOT_MAKER;BOT_TAKER;VEV_6500;XIRECS;0.0;4
82100;BOT_MAKER;BOT_TAKER;HYDROGEL_PACK;XIRECS;9971.0;4
82100;BOT_MAKER;BOT_TAKER;VELVETFRUIT_EXTRACT;XIRECS;5259.0;8
82100;BOT_TAKER;BOT_MAKER;VEV_4000;XIRECS;1299.0;2
82100;SUBMISSION;BOT_TAKER;HYDROGEL_PACK;XIRECS;9972.0;5
82200;BOT_TAKER;BOT_MAKER;VEV_4000;XIRECS;1300.0;3
82300;BOT_TAKER;BOT_MAKER;VELVETFRUIT_EXTRACT;XIRECS;5265.0;4
82300;SUBMISSION;BOT_TAKER;HYDROGEL_PACK;XIRECS;9969.0;3
82400;BOT_TAKER;BOT_MAKER;HYDROGEL_PACK;XIRECS;9984.0;4
82400;BOT_MAKER;BOT_TAKER;VELVETFRUIT_EXTRACT;XIRECS;5261.0;7
82600;BOT_TAKER;BOT_MAKER;VELVETFRUIT_EXTRACT;XIRECS;5266.0;9
82900;BOT_TAKER;BOT_MAKER;HYDROGEL_PACK;XIRECS;9988.0;3
82900;BOT_TAKER;BOT_MAKER;VELVETFRUIT_EXTRACT;XIRECS;5267.0;6
82900;BOT_MAKER;BOT_TAKER;VEV_6500;XIRECS;0.0;4
83000;BOT_TAKER;BOT_MAKER;HYDROGEL_PACK;XIRECS;9989.0;3
83000;BOT_MAKER;BOT_TAKER;VELVETFRUIT_EXTRACT;XIRECS;5263.0;4
83000;BOT_TAKER;BOT_MAKER;VEV_6000;XIRECS;1.0;4
83100;BOT_MAKER;BOT_TAKER;VEV_4000;XIRECS;1276.0;3
83100;BOT_TAKER;BOT_MAKER;VEV_5500;XIRECS;4.0;4
83300;BOT_MAKER;BOT_TAKER;VELVETFRUIT_EXTRACT;XIRECS;5263.0;4
83400;BOT_MAKER;BOT_TAKER;HYDROGEL_PACK;XIRECS;9971.0;2
83400;BOT_TAKER;BOT_MAKER;VELVETFRUIT_EXTRACT;XIRECS;5267.0;7
83500;BOT_TAKER;BOT_MAKER;VELVETFRUIT_EXTRACT;XIRECS;5266.0;4
83500;BOT_TAKER;BOT_MAKER;VEV_5300;XIRECS;65.0;5
83600;BOT_TAKER;BOT_MAKER;VEV_5500;XIRECS;4.0;3
83700;BOT_MAKER;BOT_TAKER;HYDROGEL_PACK;XIRECS;9969.0;3
83700;BOT_TAKER;BOT_MAKER;VEV_5500;XIRECS;4.0;2
83800;BOT_TAKER;BOT_MAKER;HYDROGEL_PACK;XIRECS;9982.0;2
83800;BOT_MAKER;BOT_TAKER;VELVETFRUIT_EXTRACT;XIRECS;5263.0;7
83800;BOT_TAKER;SUBMISSION;VEV_4000;XIRECS;1293.0;3
83900;BOT_TAKER;BOT_MAKER;HYDROGEL_PACK;XIRECS;9984.0;4
83900;BOT_MAKER;BOT_TAKER;HYDROGEL_PACK;XIRECS;9968.0;6
83900;BOT_TAKER;BOT_MAKER;VELVETFRUIT_EXTRACT;XIRECS;5269.0;4
84100;BOT_TAKER;BOT_MAKER;VELVETFRUIT_EXTRACT;XIRECS;5270.0;7
84100;BOT_MAKER;BOT_TAKER;VEV_5400;XIRECS;11.0;3
84100;BOT_TAKER;BOT_MAKER;VEV_6500;XIRECS;1.0;3
84300;BOT_MAKER;BOT_TAKER;VELVETFRUIT_EXTRACT;XIRECS;5266.0;8
84300;BOT_TAKER;SUBMISSION;HYDROGEL_PACK;XIRECS;9982.0;2
84400;BOT_TAKER;BOT_MAKER;VELVETFRUIT_EXTRACT;XIRECS;5271.0;6
84600;BOT_TAKER;BOT_MAKER;VEV_4000;XIRECS;1294.0;3
84700;BOT_TAKER;BOT_MAKER;VELVETFRUIT_EXTRACT;XIRECS;5272.0;7
84700;BOT_TAKER;BOT_MAKER;VEV_6500;XIRECS;1.0;4
84700;BOT_TAKER;BOT_MAKER;VEV_6500;XIRECS;1.0;5
84700;BOT_TAKER;SUBMISSION;VELVETFRUIT_EXTRACT;XIRECS;5271.0;5
84700;BOT_TAKER;BOT_MAKER;VELVETFRUIT_EXTRACT;XIRECS;5272.0;3
84800;BOT_MAKER;BOT_TAKER;VELVETFRUIT_EXTRACT;XIRECS;5266.0;7
84900;BOT_TAKER;BOT_MAKER;HYDROGEL_PACK;XIRECS;9982.0;3
84900;BOT_TAKER;BOT_MAKER;VEV_4000;XIRECS;1294.0;3
85000;BOT_MAKER;BOT_TAKER;HYDROGEL_PACK;XIRECS;9965.0;4
85100;BOT_TAKER;BOT_MAKER;VELVETFRUIT_EXTRACT;XIRECS;5269.0;7
85200;BOT_MAKER;BOT_TAKER;HYDROGEL_PACK;XIRECS;9961.0;2
85200;SUBMISSION;BOT_TAKER;VEV_4000;XIRECS;1274.0;2
85300;BOT_TAKER;BOT_MAKER;VEV_6000;XIRECS;1.0;4
85400;BOT_MAKER;BOT_TAKER;HYDROGEL_PACK;XIRECS;9963.0;4
85400;BOT_MAKER;BOT_TAKER;VELVETFRUIT_EXTRACT;XIRECS;5265.0;5
85500;BOT_MAKER;BOT_TAKER;HYDROGEL_PACK;XIRECS;9964.0;6
85600;BOT_TAKER;BOT_MAKER;HYDROGEL_PACK;XIRECS;9980.0;4
85600;BOT_MAKER;BOT_TAKER;VEV_5300;XIRECS;65.0;2
85700;BOT_MAKER;BOT_TAKER;VEV_6000;XIRECS;0.0;5
85900;BOT_TAKER;BOT_MAKER;VELVETFRUIT_EXTRACT;XIRECS;5272.0;5
86000;BOT_TAKER;BOT_MAKER;VELVETFRUIT_EXTRACT;XIRECS;5272.0;5
86100;BOT_MAKER;BOT_TAKER;VELVETFRUIT_EXTRACT;XIRECS;5266.0;8
86100;BOT_TAKER;BOT_MAKER;VEV_5400;XIRECS;12.0;4
86200;BOT_TAKER;BOT_MAKER;VELVETFRUIT_EXTRACT;XIRECS;5272.0;3
86300;BOT_TAKER;BOT_MAKER;VELVETFRUIT_EXTRACT;XIRECS;5274.0;3
86300;BOT_TAKER;BOT_MAKER;VEV_6500;XIRECS;1.0;2
86400;SUBMISSION;BOT_TAKER;HYDROGEL_PACK;XIRECS;9957.0;4
86500;BOT_TAKER;SUBMISSION;HYDROGEL_PACK;XIRECS;9971.0;3
86600;BOT_TAKER;BOT_MAKER;VELVETFRUIT_EXTRACT;XIRECS;5273.0;8
86700;BOT_MAKER;BOT_TAKER;HYDROGEL_PACK;XIRECS;9957.0;2
86700;BOT_TAKER;BOT_MAKER;VELVETFRUIT_EXTRACT;XIRECS;5273.0;6
86700;BOT_MAKER;BOT_TAKER;VEV_6500;XIRECS;0.0;2
86800;BOT_TAKER;BOT_MAKER;HYDROGEL_PACK;XIRECS;9973.0;2
86800;BOT_MAKER;BOT_TAKER;VELVETFRUIT_EXTRACT;XIRECS;5267.0;7
86900;BOT_MAKER;BOT_TAKER;VELVETFRUIT_EXTRACT;XIRECS;5268.0;8
87000;BOT_MAKER;BOT_TAKER;VELVETFRUIT_EXTRACT;XIRECS;5269.0;8
87000;BOT_MAKER;BOT_TAKER;VEV_5500;XIRECS;3.0;2
87200;BOT_TAKER;BOT_MAKER;VELVETFRUIT_EXTRACT;XIRECS;5275.0;8
87200;BOT_MAKER;BOT_TAKER;VEV_6500;XIRECS;0.0;3
87200;BOT_TAKER;SUBMISSION;VEV_4000;XIRECS;1297.0;1
87500;BOT_TAKER;BOT_MAKER;VELVETFRUIT_EXTRACT;XIRECS;5273.0;6
87500;BOT_TAKER;BOT_MAKER;VEV_5300;XIRECS;67.0;2
87600;BOT_MAKER;BOT_TAKER;VELVETFRUIT_EXTRACT;XIRECS;5268.0;15
87600;BOT_MAKER;BOT_TAKER;VEV_6500;XIRECS;0.0;2
87700;BOT_TAKER;BOT_MAKER;HYDROGEL_PACK;XIRECS;9967.0;5
87800;BOT_TAKER;BOT_MAKER;HYDROGEL_PACK;XIRECS;9966.0;4
87900;BOT_MAKER;BOT_TAKER;VELVETFRUIT_EXTRACT;XIRECS;5270.0;3
87900;BOT_MAKER;BOT_TAKER;VEV_6000;XIRECS;0.0;2
88000;BOT_MAKER;BOT_TAKER;HYDROGEL_PACK;XIRECS;9953.0;5
88000;BOT_TAKER;BOT_MAKER;VELVETFRUIT_EXTRACT;XIRECS;5275.0;4
88000;BOT_MAKER;BOT_TAKER;VEV_6000;XIRECS;0.0;3
88000;BOT_TAKER;BOT_MAKER;VEV_6000;XIRECS;1.0;4
88100;BOT_MAKER;BOT_TAKER;VELVETFRUIT_EXTRACT;XIRECS;5269.0;4
88100;BOT_TAKER;BOT_MAKER;VEV_5300;XIRECS;66.0;4
88200;BOT_TAKER;BOT_MAKER;VEV_6000;XIRECS;1.0;3
88300;BOT_MAKER;BOT_TAKER;HYDROGEL_PACK;XIRECS;9952.0;4
88400;BOT_MAKER;BOT_TAKER;HYDROGEL_PACK;XIRECS;9952.0;6
88400;BOT_TAKER;BOT_MAKER;VEV_6500;XIRECS;1.0;3
88600;BOT_TAKER;BOT_MAKER;VELVETFRUIT_EXTRACT;XIRECS;5274.0;7
88600;BOT_TAKER;BOT_MAKER;VEV_5400;XIRECS;14.0;3
88600;BOT_TAKER;BOT_MAKER;VEV_6000;XIRECS;1.0;2
88700;BOT_TAKER;BOT_MAKER;VELVETFRUIT_EXTRACT;XIRECS;5276.0;6
88700;BOT_TAKER;BOT_MAKER;VEV_4000;XIRECS;1298.0;1
88700;BOT_TAKER;BOT_MAKER;VEV_6500;XIRECS;1.0;2
88700;SUBMISSION;BOT_TAKER;VEV_4000;XIRECS;1277.0;3
88800;BOT_MAKER;BOT_TAKER;HYDROGEL_PACK;XIRECS;9952.0;2
88800;BOT_TAKER;SUBMISSION;HYDROGEL_PACK;XIRECS;9967.0;3
88800;SUBMISSION;BOT_TAKER;VELVETFRUIT_EXTRACT;XIRECS;5274.0;5
88800;BOT_MAKER;BOT_TAKER;VELVETFRUIT_EXTRACT;XIRECS;5273.0;7
88900;BOT_TAKER;BOT_MAKER;HYDROGEL_PACK;XIRECS;9970.0;5
89100;BOT_TAKER;BOT_MAKER;VEV_4000;XIRECS;1298.0;3
89200;BOT_TAKER;BOT_MAKER;VELVETFRUIT_EXTRACT;XIRECS;5283.0;5
89200;BOT_TAKER;BOT_MAKER;VEV_6500;XIRECS;1.0;2
89200;BOT_TAKER;SUBMISSION;VELVETFRUIT_EXTRACT;XIRECS;5282.0;5
89300;BOT_MAKER;BOT_TAKER;VEV_5500;XIRECS;4.0;3
89300;BOT_TAKER;SUBMISSION;HYDROGEL_PACK;XIRECS;9971.0;3
89400;BOT_MAKER;BOT_TAKER;VEV_5300;XIRECS;65.0;5
89400;BOT_TAKER;BOT_MAKER;VEV_5400;XIRECS;15.0;2
89500;BOT_MAKER;BOT_TAKER;HYDROGEL_PACK;XIRECS;9951.0;3
89600;BOT_TAKER;BOT_MAKER;HYDROGEL_PACK;XIRECS;9969.0;5
89700;BOT_TAKER;BOT_MAKER;HYDROGEL_PACK;XIRECS;9970.0;2
89900;BOT_TAKER;BOT_MAKER;HYDROGEL_PACK;XIRECS;9967.0;6
89900;BOT_TAKER;BOT_MAKER;VELVETFRUIT_EXTRACT;XIRECS;5279.0;7
89900;BOT_MAKER;BOT_TAKER;VEV_4000;XIRECS;1272.0;3
89900;SUBMISSION;BOT_TAKER;HYDROGEL_PACK;XIRECS;9952.0;5
90000;BOT_TAKER;BOT_MAKER;HYDROGEL_PACK;XIRECS;9969.0;4
90000;BOT_MAKER;BOT_TAKER;VELVETFRUIT_EXTRACT;XIRECS;5274.0;5
90000;BOT_TAKER;BOT_MAKER;VEV_4000;XIRECS;1294.0;3
90000;BOT_TAKER;BOT_MAKER;VEV_6500;XIRECS;1.0;4
90000;SUBMISSION;BOT_TAKER;HYDROGEL_PACK;XIRECS;9954.0;2
90200;BOT_MAKER;BOT_TAKER;VELVETFRUIT_EXTRACT;XIRECS;5271.0;7
90200;BOT_TAKER;BOT_MAKER;VEV_4000;XIRECS;1293.0;1
90300;BOT_MAKER;BOT_TAKER;HYDROGEL_PACK;XIRECS;9957.0;5
90400;BOT_TAKER;BOT_MAKER;HYDROGEL_PACK;XIRECS;9971.0;4
90400;BOT_TAKER;BOT_MAKER;VELVETFRUIT_EXTRACT;XIRECS;5277.0;8
90400;BOT_MAKER;BOT_TAKER;VEV_6500;XIRECS;0.0;4
90400;SUBMISSION;BOT_TAKER;VELVETFRUIT_EXTRACT;XIRECS;5274.0;5
90400;BOT_MAKER;BOT_TAKER;VELVETFRUIT_EXTRACT;XIRECS;5273.0;3
90500;BOT_TAKER;BOT_MAKER;VELVETFRUIT_EXTRACT;XIRECS;5277.0;4
90600;BOT_MAKER;BOT_TAKER;HYDROGEL_PACK;XIRECS;9949.0;6
90600;BOT_MAKER;BOT_TAKER;VELVETFRUIT_EXTRACT;XIRECS;5271.0;3
90600;SUBMISSION;BOT_TAKER;HYDROGEL_PACK;XIRECS;9950.0;4
90700;BOT_MAKER;BOT_TAKER;HYDROGEL_PACK;XIRECS;9948.0;3
90700;BOT_TAKER;BOT_MAKER;VELVETFRUIT_EXTRACT;XIRECS;5278.0;7
90700;BOT_MAKER;BOT_TAKER;VELVETFRUIT_EXTRACT;XIRECS;5272.0;4
90700;BOT_TAKER;BOT_MAKER;VEV_4000;XIRECS;1293.0;3
90800;BOT_MAKER;BOT_TAKER;VEV_5500;XIRECS;4.0;2
91000;BOT_MAKER;BOT_TAKER;HYDROGEL_PACK;XIRECS;9948.0;6
91100;BOT_MAKER;BOT_TAKER;VEV_6500;XIRECS;0.0;4
91200;BOT_MAKER;BOT_TAKER;HYDROGEL_PACK;XIRECS;9952.0;6
91200;BOT_MAKER;BOT_TAKER;VELVETFRUIT_EXTRACT;XIRECS;5273.0;5
91300;BOT_TAKER;BOT_MAKER;HYDROGEL_PACK;XIRECS;9967.0;4
91300;BOT_MAKER;BOT_TAKER;VELVETFRUIT_EXTRACT;XIRECS;5274.0;8
91300;BOT_MAKER;BOT_TAKER;VEV_4000;XIRECS;1271.0;2
91400;BOT_MAKER;BOT_TAKER;VEV_4000;XIRECS;1270.0;2
91500;BOT_MAKER;BOT_TAKER;VEV_6500;XIRECS;0.0;5
91500;SUBMISSION;BOT_TAKER;HYDROGEL_PACK;XIRECS;9953.0;4
91600;BOT_MAKER;BOT_TAKER;VELVETFRUIT_EXTRACT;XIRECS;5276.0;5
91700;BOT_TAKER;BOT_MAKER;HYDROGEL_PACK;XIRECS;9966.0;2
91900;BOT_MAKER;BOT_TAKER;HYDROGEL_PACK;XIRECS;9950.0;4
91900;BOT_TAKER;BOT_MAKER;VELVETFRUIT_EXTRACT;XIRECS;5282.0;3
91900;BOT_TAKER;BOT_MAKER;VEV_4000;XIRECS;1294.0;3
92200;BOT_MAKER;BOT_TAKER;VEV_5500;XIRECS;4.0;4
92300;BOT_TAKER;BOT_MAKER;VEV_5500;XIRECS;5.0;5
92400;BOT_TAKER;BOT_MAKER;VELVETFRUIT_EXTRACT;XIRECS;5282.0;7
92400;BOT_TAKER;BOT_MAKER;VEV_5500;XIRECS;5.0;4
92400;BOT_MAKER;BOT_TAKER;VEV_6000;XIRECS;0.0;5
92500;BOT_MAKER;BOT_TAKER;HYDROGEL_PACK;XIRECS;9948.0;3
92500;BOT_TAKER;BOT_MAKER;VELVETFRUIT_EXTRACT;XIRECS;5281.0;5
92500;BOT_MAKER;BOT_TAKER;VEV_6000;XIRECS;0.0;3
92600;BOT_MAKER;BOT_TAKER;HYDROGEL_PACK;XIRECS;9945.0;3
92600;BOT_MAKER;BOT_TAKER;VELVETFRUIT_EXTRACT;XIRECS;5276.0;6
92600;BOT_MAKER;BOT_TAKER;VEV_5400;XIRECS;13.0;4
92700;BOT_TAKER;BOT_MAKER;VELVETFRUIT_EXTRACT;XIRECS;5283.0;7
92700;BOT_MAKER;BOT_TAKER;VEV_6000;XIRECS;0.0;5
92800;BOT_TAKER;BOT_MAKER;HYDROGEL_PACK;XIRECS;9962.0;3
92800;BOT_MAKER;BOT_TAKER;VELVETFRUIT_EXTRACT;XIRECS;5277.0;4
92800;BOT_TAKER;BOT_MAKER;VEV_4000;XIRECS;1287.0;3
92800;BOT_TAKER;SUBMISSION;VELVETFRUIT_EXTRACT;XIRECS;5280.0;5
92800;BOT_TAKER;BOT_MAKER;VELVETFRUIT_EXTRACT;XIRECS;5281.0;2
92900;BOT_MAKER;BOT_TAKER;HYDROGEL_PACK;XIRECS;9946.0;6
92900;BOT_TAKER;BOT_MAKER;HYDROGEL_PACK;XIRECS;9962.0;5
92900;BOT_TAKER;BOT_MAKER;VELVETFRUIT_EXTRACT;XIRECS;5283.0;8
93100;BOT_MAKER;BOT_TAKER;HYDROGEL_PACK;XIRECS;9945.0;5
93100;BOT_TAKER;BOT_MAKER;VELVETFRUIT_EXTRACT;XIRECS;5283.0;4
93100;BOT_MAKER;BOT_TAKER;VEV_4000;XIRECS;1271.0;2
93300;BOT_MAKER;BOT_TAKER;VELVETFRUIT_EXTRACT;XIRECS;5278.0;5
93300;BOT_TAKER;BOT_MAKER;VEV_6500;XIRECS;1.0;3
93400;BOT_TAKER;BOT_MAKER;HYDROGEL_PACK;XIRECS;9963.0;4
93500;BOT_TAKER;BOT_MAKER;VELVETFRUIT_EXTRACT;XIRECS;5284.0;7
93500;BOT_TAKER;BOT_MAKER;VEV_5400;XIRECS;14.0;3
93600;BOT_MAKER;BOT_TAKER;VELVETFRUIT_EXTRACT;XIRECS;5279.0;3
93700;BOT_TAKER;BOT_MAKER;VELVETFRUIT_EXTRACT;XIRECS;5284.0;6
93700;BOT_TAKER;BOT_MAKER;VEV_5500;XIRECS;4.0;2
93700;BOT_TAKER;BOT_MAKER;VEV_6000;XIRECS;1.0;4
93800;BOT_TAKER;BOT_MAKER;VEV_4000;XIRECS;1290.0;3
93800;BOT_TAKER;SUBMISSION;VELVETFRUIT_EXTRACT;XIRECS;5285.0;5
93800;BOT_TAKER;BOT_MAKER;VELVETFRUIT_EXTRACT;XIRECS;5286.0;3
94100;BOT_TAKER;BOT_MAKER;HYDROGEL_PACK;XIRECS;9971.0;4
94200;BOT_MAKER;BOT_TAKER;VEV_5400;XIRECS;12.0;4
94300;BOT_MAKER;BOT_TAKER;VEV_5400;XIRECS;12.0;4
94300;BOT_TAKER;SUBMISSION;VELVETFRUIT_EXTRACT;XIRECS;5289.0;3
94400;BOT_TAKER;BOT_MAKER;VELVETFRUIT_EXTRACT;XIRECS;5290.0;5
94500;BOT_TAKER;BOT_MAKER;VELVETFRUIT_EXTRACT;XIRECS;5288.0;9
94500;BOT_MAKER;BOT_TAKER;VEV_6000;XIRECS;0.0;4
94600;SUBMISSION;BOT_TAKER;HYDROGEL_PACK;XIRECS;9962.0;2
94600;SUBMISSION;BOT_TAKER;VELVETFRUIT_EXTRACT;XIRECS;5285.0;5
94600;BOT_MAKER;BOT_TAKER;VELVETFRUIT_EXTRACT;XIRECS;5284.0;1
94700;BOT_MAKER;BOT_TAKER;HYDROGEL_PACK;XIRECS;9962.0;2
94700;BOT_TAKER;BOT_MAKER;VELVETFRUIT_EXTRACT;XIRECS;5289.0;7
94800;BOT_MAKER;BOT_TAKER;VEV_4000;XIRECS;1262.0;3
94800;SUBMISSION;BOT_TAKER;HYDROGEL_PACK;XIRECS;9962.0;2
94900;BOT_TAKER;BOT_MAKER;HYDROGEL_PACK;XIRECS;9976.0;2
94900;BOT_MAKER;BOT_TAKER;VEV_5300;XIRECS;67.0;2
95000;BOT_TAKER;BOT_MAKER;HYDROGEL_PACK;XIRECS;9973.0;3
95000;BOT_MAKER;BOT_TAKER;VELVETFRUIT_EXTRACT;XIRECS;5285.0;6
95000;BOT_MAKER;BOT_TAKER;VEV_5500;XIRECS;3.0;4
95100;BOT_MAKER;BOT_TAKER;HYDROGEL_PACK;XIRECS;9953.0;5
95100;BOT_MAKER;BOT_TAKER;VELVETFRUIT_EXTRACT;XIRECS;5285.0;8
95300;BOT_TAKER;BOT_MAKER;HYDROGEL_PACK;XIRECS;9969.0;6
95300;BOT_MAKER;BOT_TAKER;VELVETFRUIT_EXTRACT;XIRECS;5285.0;3
95300;SUBMISSION;BOT_TAKER;VELVETFRUIT_EXTRACT;XIRECS;5286.0;4
95400;BOT_MAKER;BOT_TAKER;HYDROGEL_PACK;XIRECS;9954.0;3
95400;BOT_MAKER;BOT_TAKER;VELVETFRUIT_EXTRACT;XIRECS;5286.0;8
95400;SUBMISSION;BOT_TAKER;HYDROGEL_PACK;XIRECS;9955.0;3
95500;BOT_MAKER;BOT_TAKER;VELVETFRUIT_EXTRACT;XIRECS;5285.0;6
95600;BOT_TAKER;BOT_MAKER;VELVETFRUIT_EXTRACT;XIRECS;5292.0;7
95600;BOT_MAKER;BOT_TAKER;VEV_6500;XIRECS;0.0;4
95700;BOT_TAKER;BOT_MAKER;HYDROGEL_PACK;XIRECS;9969.0;5
95800;BOT_TAKER;BOT_MAKER;VELVETFRUIT_EXTRACT;XIRECS;5293.0;7
95900;BOT_TAKER;BOT_MAKER;HYDROGEL_PACK;XIRECS;9973.0;3
96000;BOT_TAKER;BOT_MAKER;HYDROGEL_PACK;XIRECS;9971.0;6
96000;BOT_MAKER;BOT_TAKER;VEV_4000;XIRECS;1261.0;2
96100;BOT_MAKER;BOT_TAKER;VELVETFRUIT_EXTRACT;XIRECS;5290.0;7
96100;BOT_MAKER;BOT_TAKER;VEV_5400;XIRECS;12.0;5
96200;BOT_TAKER;BOT_MAKER;HYDROGEL_PACK;XIRECS;9972.0;2
96300;BOT_MAKER;BOT_TAKER;VEV_5400;XIRECS;12.0;3
96400;SUBMISSION;BOT_TAKER;HYDROGEL_PACK;XIRECS;9959.0;2
96500;SUBMISSION;BOT_TAKER;HYDROGEL_PACK;XIRECS;9962.0;2
96600;BOT_TAKER;BOT_MAKER;VELVETFRUIT_EXTRACT;XIRECS;5296.0;5
96700;BOT_TAKER;BOT_MAKER;VELVETFRUIT_EXTRACT;XIRECS;5294.0;9
96800;BOT_MAKER;BOT_TAKER;VEV_4000;XIRECS;1258.0;2
96800;SUBMISSION;BOT_TAKER;HYDROGEL_PACK;XIRECS;9959.0;3
97000;BOT_TAKER;BOT_MAKER;VEV_4000;XIRECS;1280.0;1
97000;SUBMISSION;BOT_TAKER;VELVETFRUIT_EXTRACT;XIRECS;5292.0;5
97000;BOT_MAKER;BOT_TAKER;VELVETFRUIT_EXTRACT;XIRECS;5291.0;5
97100;BOT_MAKER;BOT_TAKER;HYDROGEL_PACK;XIRECS;9963.0;2
97300;BOT_MAKER;BOT_TAKER;HYDROGEL_PACK;XIRECS;9963.0;5
97300;BOT_MAKER;BOT_TAKER;VELVETFRUIT_EXTRACT;XIRECS;5292.0;10
97400;SUBMISSION;BOT_TAKER;VELVETFRUIT_EXTRACT;XIRECS;5293.0;5
97500;BOT_MAKER;BOT_TAKER;HYDROGEL_PACK;XIRECS;9961.0;5
97500;BOT_TAKER;BOT_MAKER;VEV_6500;XIRECS;1.0;2
97600;BOT_MAKER;BOT_TAKER;HYDROGEL_PACK;XIRECS;9962.0;3
97600;BOT_MAKER;BOT_TAKER;VELVETFRUIT_EXTRACT;XIRECS;5291.0;3
97600;BOT_MAKER;BOT_TAKER;VEV_4000;XIRECS;1257.0;1
97700;BOT_MAKER;BOT_TAKER;VEV_6500;XIRECS;0.0;5
97700;SUBMISSION;BOT_TAKER;HYDROGEL_PACK;XIRECS;9962.0;5
97700;BOT_MAKER;BOT_TAKER;HYDROGEL_PACK;XIRECS;9961.0;1
97800;BOT_TAKER;BOT_MAKER;HYDROGEL_PACK;XIRECS;9977.0;5
97800;BOT_TAKER;SUBMISSION;HYDROGEL_PACK;XIRECS;9976.0;2
97900;SUBMISSION;BOT_TAKER;VEV_4000;XIRECS;1258.0;3
98100;BOT_MAKER;BOT_TAKER;HYDROGEL_PACK;XIRECS;9962.0;3
98100;BOT_TAKER;BOT_MAKER;VEV_5500;XIRECS;4.0;5
98200;BOT_TAKER;BOT_MAKER;HYDROGEL_PACK;XIRECS;9980.0;5
98200;BOT_MAKER;BOT_TAKER;VELVETFRUIT_EXTRACT;XIRECS;5293.0;5
98200;BOT_TAKER;BOT_MAKER;VELVETFRUIT_EXTRACT;XIRECS;5298.0;5
98300;BOT_MAKER;BOT_TAKER;HYDROGEL_PACK;XIRECS;9966.0;2
98300;BOT_MAKER;BOT_TAKER;VELVETFRUIT_EXTRACT;XIRECS;5293.0;5
98300;BOT_MAKER;BOT_TAKER;VEV_5400;XIRECS;13.0;5
98600;BOT_TAKER;BOT_MAKER;VELVETFRUIT_EXTRACT;XIRECS;5300.0;6
98600;BOT_TAKER;BOT_MAKER;VEV_4000;XIRECS;1277.0;3
98700;BOT_TAKER;BOT_MAKER;HYDROGEL_PACK;XIRECS;9976.0;5
98700;BOT_TAKER;BOT_MAKER;VELVETFRUIT_EXTRACT;XIRECS;5302.0;5
98700;BOT_TAKER;BOT_MAKER;VEV_6500;XIRECS;1.0;3
98800;BOT_MAKER;BOT_TAKER;HYDROGEL_PACK;XIRECS;9961.0;2
98800;BOT_MAKER;BOT_TAKER;VELVETFRUIT_EXTRACT;XIRECS;5296.0;3
98900;BOT_TAKER;BOT_MAKER;VELVETFRUIT_EXTRACT;XIRECS;5303.0;5
99000;BOT_TAKER;BOT_MAKER;VEV_4000;XIRECS;1280.0;1
99000;BOT_MAKER;BOT_TAKER;VEV_6000;XIRECS;0.0;5
99100;BOT_MAKER;BOT_TAKER;VELVETFRUIT_EXTRACT;XIRECS;5298.0;4
99200;BOT_MAKER;BOT_TAKER;VELVETFRUIT_EXTRACT;XIRECS;5298.0;4
99200;SUBMISSION;BOT_TAKER;VEV_4000;XIRECS;1258.0;2
99400;BOT_MAKER;BOT_TAKER;HYDROGEL_PACK;XIRECS;9960.0;6
99400;BOT_TAKER;BOT_MAKER;HYDROGEL_PACK;XIRECS;9976.0;4
99500;BOT_MAKER;BOT_TAKER;HYDROGEL_PACK;XIRECS;9958.0;5
99600;SUBMISSION;BOT_TAKER;VELVETFRUIT_EXTRACT;XIRECS;5299.0;5
99600;BOT_MAKER;BOT_TAKER;VELVETFRUIT_EXTRACT;XIRECS;5298.0;2
99800;BOT_MAKER;BOT_TAKER;HYDROGEL_PACK;XIRECS;9950.0;6
99800;BOT_MAKER;BOT_TAKER;VELVETFRUIT_EXTRACT;XIRECS;5300.0;7
99800;BOT_MAKER;BOT_TAKER;VEV_6500;XIRECS;0.0;5
99900;BOT_TAKER;BOT_MAKER;VEV_6000;XIRECS;1.0;4
