timestamp;buyer;seller;symbol;currency;price;quantity
200;BOT_TAKER;BOT_MAKER;VELVETFRUIT_EXTRACT;XIRECS;5267.0;6
300;BOT_TAKER;BOT_MAKER;HYDROGEL_PACK;XIRECS;9995.0;3
300;BOT_TAKER;BOT_MAKER;VEV_6500;XIRECS;1.0;3
400;BOT_TAKER;BOT_MAKER;VELVETFRUIT_EXTRACT;XIRECS;5264.0;3
400;BOT_TAKER;BOT_MAKER;VELVETFRUIT_EXTRACT;XIRECS;5264.0;6
400;BOT_MAKER;BOT_TAKER;VEV_6000;XIRECS;0.0;4
500;BOT_TAKER;BOT_MAKER;HYDROGEL_PACK;XIRECS;9990.0;4
500;BOT_TAKER;BOT_MAKER;VELVETFRUIT_EXTRACT;XIRECS;5265.0;3
600;BOT_TAKER;BOT_MAKER;HYDROGEL_PACK;XIRECS;9989.0;4
700;BOT_TAKER;BOT_MAKER;VELVETFRUIT_EXTRACT;XIRECS;5267.0;8
800;BOT_MAKER;BOT_TAKER;VELVETFRUIT_EXTRACT;XIRECS;5262.0;7
1000;BOT_MAKER;BOT_TAKER;VELVETFRUIT_EXTRACT;XIRECS;5261.0;3
1000;BOT_TAKER;BOT_MAKER;VEV_4000;XIRECS;1281.0;3
1100;BOT_TAKER;BOT_MAKER;VELVETFRUIT_EXTRACT;XIRECS;5267.0;5
1200;BOT_MAKER;BOT_TAKER;VELVETFRUIT_EXTRACT;XIRECS;5261.0;3
1600;BOT_MAKER;BOT_TAKER;VELVETFRUIT_EXTRACT;XIRECS;5262.0;3
1700;BOT_TAKER;BOT_MAKER;HYDROGEL_PACK;XIRECS;9995.0;4
1800;BOT_MAKER;BOT_TAKER;VEV_4000;XIRECS;1257.0;2
1800;BOT_MAKER;BOT_TAKER;VEV_6500;XIRECS;0.0;5
1900;BOT_TAKER;BOT_MAKER;HYDROGEL_PACK;XIRECS;10000.0;4
2000;BOT_TAKER;BOT_MAKER;HYDROGEL_PACK;XIRECS;10001.0;2
2000;BOT_TAKER;BOT_MAKER;VELVETFRUIT_EXTRACT;XIRECS;5268.0;6
2200;BOT_MAKER;BOT_TAKER;VELVETFRUIT_EXTRACT;XIRECS;5263.0;4
2300;BOT_MAKER;BOT_TAKER;HYDROGEL_PACK;XIRECS;9985.0;3
2300;BOT_TAKER;BOT_MAKER;VEV_5500;XIRECS;7.0;4
2400;BOT_MAKER;BOT_TAKER;VELVETFRUIT_EXTRACT;XIRECS;5264.0;3
2400;BOT_TAKER;BOT_MAKER;VEV_5400;XIRECS;15.0;5
2500;BOT_TAKER;BOT_MAKER;HYDROGEL_PACK;XIRECS;10005.0;6
2600;BOT_TAKER;BOT_MAKER;VELVETFRUIT_EXTRACT;XIRECS;5270.0;7
2600;BOT_MAKER;BOT_TAKER;VEV_6000;XIRECS;0.0;5
2700;BOT_MAKER;BOT_TAKER;HYDROGEL_PACK;XIRECS;9987.0;3
2700;BOT_TAKER;BOT_MAKER;VELVETFRUIT_EXTRACT;XIRECS;5269.0;4
2800;BOT_TAKER;BOT_MAKER;VELVETFRUIT_EXTRACT;XIRECS;5268.0;5
2800;BOT_MAKER;BOT_TAKER;VEV_5400;XIRECS;13.0;2
3100;BOT_MAKER;BOT_TAKER;HYDROGEL_PACK;XIRECS;9988.0;3
3100;BOT_MAKER;BOT_TAKER;VELVETFRUIT_EXTRACT;XIRECS;5262.0;6
3200;BOT_TAKER;BOT_MAKER;HYDROGEL_PACK;XIRECS;10000.0;6
3200;BOT_TAKER;BOT_MAKER;VELVETFRUIT_EXTRACT;XIRECS;5265.0;3
3300;BOT_TAKER;BOT_MAKER;VELVETFRUIT_EXTRACT;XIRECS;5265.0;7
3500;BOT_MAKER;BOT_TAKER;HYDROGEL_PACK;XIRECS;9988.0;5
3500;BOT_MAKER;BOT_TAKER;VELVETFRUIT_EXTRACT;XIRECS;5259.0;7
3500;BOT_MAKER;BOT_TAKER;VEV_5300;XIRECS;50.0;1
3500;BOT_MAKER;BOT_TAKER;VEV_6000;XIRECS;0.0;4
3600;BOT_TAKER;BOT_MAKER;HYDROGEL_PACK;XIRECS;10002.0;3
3700;BOT_MAKER;BOT_TAKER;VEV_5300;XIRECS;50.0;3
3800;BOT_MAKER;BOT_TAKER;HYDROGEL_PACK;XIRECS;9992.0;5
3800;BOT_TAKER;BOT_MAKER;VELVETFRUIT_EXTRACT;XIRECS;5263.0;4
3800;BOT_TAKER;BOT_MAKER;VEV_4000;XIRECS;1279.0;1
3900;BOT_MAKER;BOT_TAKER;HYDROGEL_PACK;XIRECS;9988.0;3
3900;BOT_TAKER;BOT_MAKER;VEV_4000;XIRECS;1280.0;1
3900;BOT_TAKER;BOT_MAKER;VEV_5500;XIRECS;7.0;5
4100;BOT_MAKER;BOT_TAKER;HYDROGEL_PACK;XIRECS;9992.0;5
4100;BOT_MAKER;BOT_TAKER;VEV_4000;XIRECS;1259.0;1
4300;BOT_TAKER;BOT_MAKER;HYDROGEL_PACK;XIRECS;10008.0;6
4400;BOT_MAKER;BOT_TAKER;VELVETFRUIT_EXTRACT;XIRECS;5259.0;6
4400;BOT_TAKER;BOT_MAKER;VEV_4000;XIRECS;1277.0;3
4600;BOT_MAKER;BOT_TAKER;HYDROGEL_PACK;XIRECS;9992.0;2
4600;BOT_MAKER;BOT_TAKER;VELVETFRUIT_EXTRACT;XIRECS;5259.0;13
4600;BOT_MAKER;BOT_TAKER;VEV_5500;XIRECS;6.0;2
4700;BOT_TAKER;BOT_MAKER;HYDROGEL_PACK;XIRECS;10008.0;4
4700;BOT_TAKER;BOT_MAKER;VEV_4000;XIRECS;1276.0;2
4700;BOT_MAKER;BOT_TAKER;VEV_5500;XIRECS;6.0;4
4800;BOT_MAKER;BOT_TAKER;HYDROGEL_PACK;XIRECS;9994.0;6
4800;BOT_TAKER;BOT_MAKER;VELVETFRUIT_EXTRACT;XIRECS;5264.0;5
5200;BOT_MAKER;BOT_TAKER;HYDROGEL_PACK;XIRECS;9995.0;3
5200;BOT_TAKER;BOT_MAKER;VELVETFRUIT_EXTRACT;XIRECS;5265.0;3
5200;BOT_MAKER;BOT_TAKER;VEV_5400;XIRECS;13.0;4
5300;BOT_MAKER;BOT_TAKER;HYDROGEL_PACK;XIRECS;9996.0;4
5600;BOT_TAKER;BOT_MAKER;VEV_4000;XIRECS;1277.0;2
5700;BOT_MAKER;BOT_TAKER;VELVETFRUIT_EXTRACT;XIRECS;5261.0;7
5700;BOT_TAKER;BOT_MAKER;VELVETFRUIT_EXTRACT;XIRECS;5267.0;8
5700;BOT_MAKER;BOT_TAKER;VEV_6000;XIRECS;0.0;2
5800;BOT_MAKER;BOT_TAKER;HYDROGEL_PACK;XIRECS;9999.0;5
6000;BOT_MAKER;BOT_TAKER;VEV_4000;XIRECS;1259.0;1
6100;BOT_MAKER;BOT_TAKER;HYDROGEL_PACK;XIRECS;9999.0;6
6200;BOT_MAKER;BOT_TAKER;HYDROGEL_PACK;XIRECS;9998.0;2
6200;BOT_MAKER;BOT_TAKER;VELVETFRUIT_EXTRACT;XIRECS;5258.0;7
6200;BOT_TAKER;BOT_MAKER;VEV_4000;XIRECS;1277.0;1
6300;BOT_TAKER;BOT_MAKER;HYDROGEL_PACK;XIRECS;10015.0;2
6300;BOT_TAKER;BOT_MAKER;VELVETFRUIT_EXTRACT;XIRECS;5264.0;13
6500;BOT_TAKER;BOT_MAKER;VEV_6500;XIRECS;1.0;2
6600;BOT_TAKER;BOT_MAKER;VELVETFRUIT_EXTRACT;XIRECS;5266.0;5
6700;BOT_TAKER;BOT_MAKER;VELVETFRUIT_EXTRACT;XIRECS;5266.0;10
6700;BOT_MAKER;BOT_TAKER;VEV_6500;XIRECS;0.0;3
6900;BOT_MAKER;BOT_TAKER;VEV_5400;XIRECS;14.0;2
6900;BOT_MAKER;BOT_TAKER;VEV_6000;XIRECS;0.0;4
7000;BOT_MAKER;BOT_TAKER;HYDROGEL_PACK;XIRECS;9995.0;4
7000;BOT_TAKER;BOT_MAKER;VELVETFRUIT_EXTRACT;XIRECS;5264.0;8
7100;BOT_TAKER;BOT_MAKER;VELVETFRUIT_EXTRACT;XIRECS;5262.0;5
7200;BOT_MAKER;BOT_TAKER;VELVETFRUIT_EXTRACT;XIRECS;5259.0;5
7200;BOT_TAKER;BOT_MAKER;VEV_5400;XIRECS;15.0;4
7300;BOT_MAKER;BOT_TAKER;VEV_4000;XIRECS;1255.0;1
7400;BOT_MAKER;BOT_TAKER;HYDROGEL_PACK;XIRECS;9998.0;4
7400;BOT_TAKER;BOT_MAKER;VEV_5500;XIRECS;6.0;3
7500;BOT_MAKER;BOT_TAKER;HYDROGEL_PACK;XIRECS;9998.0;4
7500;BOT_TAKER;BOT_MAKER;VELVETFRUIT_EXTRACT;XIRECS;5265.0;3
7500;BOT_MAKER;BOT_TAKER;VEV_6500;XIRECS;0.0;2
7600;BOT_MAKER;BOT_TAKER;VELVETFRUIT_EXTRACT;XIRECS;5260.0;4
7700;BOT_TAKER;BOT_MAKER;VELVETFRUIT_EXTRACT;XIRECS;5264.0;9
7800;BOT_TAKER;BOT_MAKER;VEV_5300;XIRECS;52.0;5
8100;BOT_TAKER;BOT_MAKER;HYDROGEL_PACK;XIRECS;10010.0;3
8200;BOT_MAKER;BOT_TAKER;VELVETFRUIT_EXTRACT;XIRECS;5252.0;8
8200;BOT_TAKER;BOT_MAKER;VEV_4000;XIRECS;1277.0;1
8300;BOT_TAKER;BOT_MAKER;VELVETFRUIT_EXTRACT;XIRECS;5258.0;5
8500;BOT_TAKER;BOT_MAKER;HYDROGEL_PACK;XIRECS;10018.0;4
8500;BOT_TAKER;BOT_MAKER;VELVETFRUIT_EXTRACT;XIRECS;5256.0;5
8500;BOT_MAKER;BOT_TAKER;VEV_6500;XIRECS;0.0;3
8600;BOT_MAKER;BOT_TAKER;VEV_6500;XIRECS;0.0;3
8700;BOT_TAKER;BOT_MAKER;VELVETFRUIT_EXTRACT;XIRECS;5255.0;6
8700;BOT_TAKER;BOT_MAKER;VEV_5500;XIRECS;6.0;5
8700;BOT_MAKER;BOT_TAKER;VEV_5500;XIRECS;5.0;5
8800;BOT_TAKER;BOT_MAKER;HYDROGEL_PACK;XIRECS;10014.0;5
8800;BOT_TAKER;BOT_MAKER;VEV_5500;XIRECS;6.0;5
8900;BOT_TAKER;BOT_MAKER;VELVETFRUIT_EXTRACT;XIRECS;5252.0;7
8900;BOT_TAKER;BOT_MAKER;VEV_4000;XIRECS;1279.0;2
9000;BOT_TAKER;BOT_MAKER;VELVETFRUIT_EXTRACT;XIRECS;5254.0;8
9100;BOT_TAKER;BOT_MAKER;HYDROGEL_PACK;XIRECS;10016.0;4
9100;BOT_MAKER;BOT_TAKER;HYDROGEL_PACK;XIRECS;10000.0;3
9300;BOT_MAKER;BOT_TAKER;HYDROGEL_PACK;XIRECS;9997.0;3
9300;BOT_TAKER;BOT_MAKER;VELVETFRUIT_EXTRACT;XIRECS;5255.0;6
9600;BOT_MAKER;BOT_TAKER;VELVETFRUIT_EXTRACT;XIRECS;5251.0;6
9700;BOT_TAKER;BOT_MAKER;VELVETFRUIT_EXTRACT;XIRECS;5258.0;7
9800;BOT_MAKER;BOT_TAKER;VELVETFRUIT_EXTRACT;XIRECS;5252.0;5
9900;BOT_MAKER;BOT_TAKER;HYDROGEL_PACK;XIRECS;9994.0;6
9900;BOT_MAKER;BOT_TAKER;HYDROGEL_PACK;XIRECS;9994.0;6
9900;BOT_TAKER;BOT_MAKER;VELVETFRUIT_EXTRACT;XIRECS;5258.0;3
9900;BOT_TAKER;BOT_MAKER;VEV_5400;XIRECS;15.0;2
9900;BOT_TAKER;BOT_MAKER;VEV_6500;XIRECS;1.0;2
10000;BOT_MAKER;BOT_TAKER;VELVETFRUIT_EXTRACT;XIRECS;5254.0;7
10100;BOT_MAKER;BOT_TAKER;VELVETFRUIT_EXTRACT;XIRECS;5256.0;8
10200;BOT_TAKER;BOT_MAKER;VELVETFRUIT_EXTRACT;XIRECS;5261.0;3
10200;BOT_TAKER;BOT_MAKER;VEV_6000;XIRECS;1.0;5
10300;BOT_MAKER;BOT_TAKER;VEV_5500;XIRECS;5.0;4
10300;BOT_MAKER;BOT_TAKER;VEV_5500;XIRECS;5.0;5
10400;BOT_MAKER;BOT_TAKER;VELVETFRUIT_EXTRACT;XIRECS;5254.0;8
10400;BOT_TAKER;BOT_MAKER;VEV_6500;XIRECS;1.0;3
10500;BOT_MAKER;BOT_TAKER;VEV_4000;XIRECS;1265.0;2
10600;BOT_TAKER;BOT_MAKER;VELVETFRUIT_EXTRACT;XIRECS;5256.0;5
10600;BOT_MAKER;BOT_TAKER;VEV_4000;XIRECS;1265.0;3
10700;BOT_TAKER;BOT_MAKER;HYDROGEL_PACK;XIRECS;10008.0;5
10800;BOT_MAKER;BOT_TAKER;HYDROGEL_PACK;XIRECS;9991.0;4
10900;BOT_MAKER;BOT_TAKER;VEV_4000;XIRECS;1265.0;2
11000;BOT_MAKER;BOT_TAKER;HYDROGEL_PACK;XIRECS;9987.0;2
11000;BOT_TAKER;BOT_MAKER;VELVETFRUIT_EXTRACT;XIRECS;5257.0;3
11100;BOT_MAKER;BOT_TAKER;VELVETFRUIT_EXTRACT;XIRECS;5253.0;4
11100;BOT_TAKER;BOT_MAKER;VEV_5300;XIRECS;50.0;3
11100;BOT_MAKER;BOT_TAKER;VEV_5400;XIRECS;13.0;2
11200;BOT_TAKER;BOT_MAKER;HYDROGEL_PACK;XIRECS;10005.0;6
11200;BOT_MAKER;BOT_TAKER;VELVETFRUIT_EXTRACT;XIRECS;5252.0;8
11400;BOT_MAKER;BOT_TAKER;HYDROGEL_PACK;XIRECS;9989.0;3
11400;BOT_TAKER;BOT_MAKER;VELVETFRUIT_EXTRACT;XIRECS;5258.0;4
11600;BOT_MAKER;BOT_TAKER;HYDROGEL_PACK;XIRECS;9993.0;5
11600;BOT_TAKER;BOT_MAKER;VELVETFRUIT_EXTRACT;XIRECS;5258.0;5
11800;BOT_TAKER;BOT_MAKER;VELVETFRUIT_EXTRACT;XIRECS;5257.0;7
11900;BOT_MAKER;BOT_TAKER;VEV_6500;XIRECS;0.0;4
12000;BOT_TAKER;BOT_MAKER;HYDROGEL_PACK;XIRECS;10014.0;6
12100;BOT_TAKER;BOT_MAKER;VEV_5400;XIRECS;13.0;3
12200;BOT_MAKER;BOT_TAKER;VEV_6000;XIRECS;0.0;4
12400;BOT_MAKER;BOT_TAKER;HYDROGEL_PACK;XIRECS;9994.0;3
12500;BOT_MAKER;BOT_TAKER;VEV_4000;XIRECS;1269.0;1
12700;BOT_TAKER;BOT_MAKER;HYDROGEL_PACK;XIRECS;10007.0;4
12800;BOT_MAKER;BOT_TAKER;VELVETFRUIT_EXTRACT;XIRECS;5255.0;10
12900;BOT_TAKER;BOT_MAKER;VELVETFRUIT_EXTRACT;XIRECS;5260.0;4
12900;BOT_MAKER;BOT_TAKER;VEV_5300;XIRECS;49.0;3
13000;BOT_TAKER;BOT_MAKER;VELVETFRUIT_EXTRACT;XIRECS;5260.0;5
13300;BOT_TAKER;BOT_MAKER;HYDROGEL_PACK;XIRECS;10010.0;4
13300;BOT_TAKER;BOT_MAKER;VELVETFRUIT_EXTRACT;XIRECS;5259.0;5
13400;BOT_TAKER;BOT_MAKER;HYDROGEL_PACK;XIRECS;10010.0;4
13400;BOT_MAKER;BOT_TAKER;VEV_4000;XIRECS;1266.0;3
13400;BOT_MAKER;BOT_TAKER;VEV_6000;XIRECS;0.0;3
13500;BOT_TAKER;BOT_MAKER;VEV_5300;XIRECS;53.0;4
13500;BOT_TAKER;BOT_MAKER;VEV_5500;XIRECS;5.0;4
13600;BOT_TAKER;BOT_MAKER;HYDROGEL_PACK;XIRECS;10009.0;2
13600;BOT_TAKER;BOT_MAKER;HYDROGEL_PACK;XIRECS;10009.0;6
13700;BOT_MAKER;BOT_TAKER;HYDROGEL_PACK;XIRECS;9994.0;6
13800;BOT_TAKER;BOT_MAKER;VELVETFRUIT_EXTRACT;XIRECS;5257.0;6
14000;BOT_TAKER;BOT_MAKER;HYDROGEL_PACK;XIRECS;10012.0;6
14000;BOT_TAKER;BOT_MAKER;VEV_6500;XIRECS;1.0;5
14100;BOT_TAKER;BOT_MAKER;VELVETFRUIT_EXTRACT;XIRECS;5258.0;5
14100;BOT_TAKER;BOT_MAKER;VEV_5400;XIRECS;14.0;3
14200;BOT_MAKER;BOT_TAKER;VELVETFRUIT_EXTRACT;XIRECS;5253.0;7
14300;BOT_TAKER;BOT_MAKER;HYDROGEL_PACK;XIRECS;10011.0;4
14300;BOT_TAKER;BOT_MAKER;VEV_4000;XIRECS;1287.0;1
14500;BOT_MAKER;BOT_TAKER;VEV_4000;XIRECS;1265.0;1
14700;BOT_MAKER;BOT_TAKER;VEV_5500;XIRECS;4.0;2
14900;BOT_MAKER;BOT_TAKER;VELVETFRUIT_EXTRACT;XIRECS;5251.0;4
15000;BOT_TAKER;BOT_MAKER;HYDROGEL_PACK;XIRECS;10012.0;4
15000;BOT_MAKER;BOT_TAKER;VELVETFRUIT_EXTRACT;XIRECS;5251.0;8
15000;BOT_MAKER;BOT_TAKER;VEV_6500;XIRECS;0.0;4
15200;BOT_TAKER;BOT_MAKER;HYDROGEL_PACK;XIRECS;10010.0;4
15300;BOT_MAKER;BOT_TAKER;HYDROGEL_PACK;XIRECS;9994.0;6
15500;BOT_MAKER;BOT_TAKER;HYDROGEL_PACK;XIRECS;9995.0;2
15600;BOT_MAKER;BOT_TAKER;HYDROGEL_PACK;XIRECS;9997.0;3
15700;BOT_MAKER;BOT_TAKER;HYDROGEL_PACK;XIRECS;9999.0;3
15700;BOT_TAKER;BOT_MAKER;VELVETFRUIT_EXTRACT;XIRECS;5260.0;3
15700;BOT_TAKER;BOT_MAKER;VEV_5300;XIRECS;51.0;5
15800;BOT_TAKER;BOT_MAKER;VEV_6000;XIRECS;1.0;3
15900;BOT_MAKER;BOT_TAKER;VELVETFRUIT_EXTRACT;XIRECS;5252.0;5
16000;BOT_MAKER;BOT_TAKER;HYDROGEL_PACK;XIRECS;10003.0;5
16100;BOT_TAKER;BOT_MAKER;VEV_6000;XIRECS;1.0;2
16200;BOT_MAKER;BOT_TAKER;HYDROGEL_PACK;XIRECS;10002.0;4
16300;BOT_MAKER;BOT_TAKER;VEV_4000;XIRECS;1265.0;3
16400;BOT_TAKER;BOT_MAKER;VELVETFRUIT_EXTRACT;XIRECS;5256.0;5
16400;BOT_MAKER;BOT_TAKER;VEV_5500;XIRECS;4.0;5
16500;BOT_MAKER;BOT_TAKER;VELVETFRUIT_EXTRACT;XIRECS;5251.0;5
16600;BOT_MAKER;BOT_TAKER;HYDROGEL_PACK;XIRECS;10000.0;3
16600;BOT_MAKER;BOT_TAKER;HYDROGEL_PACK;XIRECS;10000.0;2
16600;BOT_MAKER;BOT_TAKER;VELVETFRUIT_EXTRACT;XIRECS;5252.0;5
16600;BOT_MAKER;BOT_TAKER;VEV_4000;XIRECS;1268.0;2
16800;BOT_MAKER;BOT_TAKER;HYDROGEL_PACK;XIRECS;10004.0;6
16900;BOT_TAKER;BOT_MAKER;HYDROGEL_PACK;XIRECS;10017.0;2
16900;BOT_TAKER;BOT_MAKER;VELVETFRUIT_EXTRACT;XIRECS;5257.0;5
17000;BOT_MAKER;BOT_TAKER;VELVETFRUIT_EXTRACT;XIRECS;5252.0;3
17100;BOT_MAKER;BOT_TAKER;HYDROGEL_PACK;XIRECS;10005.0;2
17200;BOT_TAKER;BOT_MAKER;HYDROGEL_PACK;XIRECS;10021.0;4
17200;BOT_TAKER;BOT_MAKER;VELVETFRUIT_EXTRACT;XIRECS;5257.0;7
17300;BOT_TAKER;BOT_MAKER;VEV_6500;XIRECS;1.0;4
17400;BOT_TAKER;BOT_MAKER;HYDROGEL_PACK;XIRECS;10014.0;5
17400;BOT_MAKER;BOT_TAKER;VELVETFRUIT_EXTRACT;XIRECS;5254.0;14
17400;BOT_TAKER;BOT_MAKER;VEV_4000;XIRECS;1285.0;3
17500;BOT_MAKER;BOT_TAKER;HYDROGEL_PACK;XIRECS;10000.0;6
17600;BOT_MAKER;BOT_TAKER;VEV_6000;XIRECS;0.0;5
17800;BOT_TAKER;BOT_MAKER;HYDROGEL_PACK;XIRECS;10015.0;3
17900;BOT_TAKER;BOT_MAKER;VELVETFRUIT_EXTRACT;XIRECS;5256.0;8
17900;BOT_TAKER;BOT_MAKER;VEV_6500;XIRECS;1.0;3
18100;BOT_TAKER;BOT_MAKER;VELVETFRUIT_EXTRACT;XIRECS;5258.0;8
18100;BOT_TAKER;BOT_MAKER;VEV_6000;XIRECS;1.0;5
18300;BOT_MAKER;BOT_TAKER;VELVETFRUIT_EXTRACT;XIRECS;5253.0;5
18300;BOT_TAKER;BOT_MAKER;VEV_5300;XIRECS;54.0;4
18300;BOT_MAKER;BOT_TAKER;VEV_5500;XIRECS;5.0;3
18300;BOT_MAKER;BOT_TAKER;VEV_6500;XIRECS;0.0;4
18500;BOT_MAKER;BOT_TAKER;HYDROGEL_PACK;XIRECS;9999.0;3
18500;BOT_MAKER;BOT_TAKER;VELVETFRUIT_EXTRACT;XIRECS;5251.0;4
18500;BOT_MAKER;BOT_TAKER;VEV_4000;XIRECS;1263.0;1
18600;BOT_MAKER;BOT_TAKER;VELVETFRUIT_EXTRACT;XIRECS;5248.0;5
18700;BOT_TAKER;BOT_MAKER;VELVETFRUIT_EXTRACT;XIRECS;5254.0;8
18700;BOT_TAKER;BOT_MAKER;VEV_5500;XIRECS;6.0;3
18900;BOT_TAKER;BOT_MAKER;VEV_4000;XIRECS;1283.0;1
19000;BOT_TAKER;BOT_MAKER;HYDROGEL_PACK;XIRECS;10014.0;3
19000;BOT_TAKER;BOT_MAKER;VELVETFRUIT_EXTRACT;XIRECS;5254.0;5
19100;BOT_TAKER;BOT_MAKER;VELVETFRUIT_EXTRACT;XIRECS;5252.0;5
19300;BOT_MAKER;BOT_TAKER;VELVETFRUIT_EXTRACT;XIRECS;5248.0;8
19300;BOT_MAKER;BOT_TAKER;VEV_5200;XIRECS;99.0;5
19400;BOT_MAKER;BOT_TAKER;HYDROGEL_PACK;XIRECS;9998.0;4
19400;BOT_TAKER;BOT_MAKER;VEV_5400;XIRECS;15.0;4
19600;BOT_MAKER;BOT_TAKER;HYDROGEL_PACK;XIRECS;9999.0;5
19600;BOT_TAKER;BOT_MAKER;VELVETFRUIT_EXTRACT;XIRECS;5250.0;8
19900;BOT_MAKER;BOT_TAKER;VELVETFRUIT_EXTRACT;XIRECS;5245.0;4
20000;BOT_MAKER;BOT_TAKER;HYDROGEL_PACK;XIRECS;9996.0;2
20000;BOT_TAKER;BOT_MAKER;VELVETFRUIT_EXTRACT;XIRECS;5249.0;4
20000;BOT_MAKER;BOT_TAKER;VEV_6000;XIRECS;0.0;2
20100;BOT_MAKER;BOT_TAKER;VEV_5400;XIRECS;14.0;3
20200;BOT_TAKER;BOT_MAKER;HYDROGEL_PACK;XIRECS;10014.0;2
20200;BOT_MAKER;BOT_TAKER;VEV_4000;XIRECS;1264.0;3
20200;BOT_MAKER;BOT_TAKER;VEV_5400;XIRECS;14.0;2
20200;BOT_TAKER;BOT_MAKER;VEV_6000;XIRECS;1.0;5
20400;BOT_TAKER;BOT_MAKER;HYDROGEL_PACK;XIRECS;10011.0;4
20400;BOT_MAKER;BOT_TAKER;VELVETFRUIT_EXTRACT;XIRECS;5247.0;3
20500;BOT_TAKER;BOT_MAKER;HYDROGEL_PACK;XIRECS;10013.0;2
20500;BOT_MAKER;BOT_TAKER;VEV_6500;XIRECS;0.0;5
20600;BOT_TAKER;BOT_MAKER;VELVETFRUIT_EXTRACT;XIRECS;5255.0;8
20600;BOT_MAKER;BOT_TAKER;VEV_4000;XIRECS;1267.0;3
20700;BOT_MAKER;BOT_TAKER;VELVETFRUIT_EXTRACT;XIRECS;5250.0;3
20800;BOT_MAKER;BOT_TAKER;VELVETFRUIT_EXTRACT;XIRECS;5252.0;5
21000;BOT_TAKER;BOT_MAKER;VELVETFRUIT_EXTRACT;XIRECS;5255.0;7
21000;BOT_MAKER;BOT_TAKER;VEV_5500;XIRECS;4.0;5
21100;BOT_MAKER;BOT_TAKER;HYDROGEL_PACK;XIRECS;9999.0;3
21100;BOT_TAKER;BOT_MAKER;VELVETFRUIT_EXTRACT;XIRECS;5256.0;4
21100;BOT_MAKER;BOT_TAKER;VEV_5300;XIRECS;54.0;4
21200;BOT_MAKER;BOT_TAKER;HYDROGEL_PACK;XIRECS;9997.0;5
21200;BOT_MAKER;BOT_TAKER;VELVETFRUIT_EXTRACT;XIRECS;5251.0;6
21300;BOT_TAKER;BOT_MAKER;HYDROGEL_PACK;XIRECS;10014.0;5
21300;BOT_MAKER;BOT_TAKER;VELVETFRUIT_EXTRACT;XIRECS;5250.0;4
21300;BOT_MAKER;BOT_TAKER;VEV_6500;XIRECS;0.0;5
21500;BOT_MAKER;BOT_TAKER;HYDROGEL_PACK;XIRECS;9996.0;6
21600;BOT_MAKER;BOT_TAKER;HYDROGEL_PACK;XIRECS;9997.0;4
21600;BOT_MAKER;BOT_TAKER;VELVETFRUIT_EXTRACT;XIRECS;5249.0;8
21700;BOT_TAKER;BOT_MAKER;HYDROGEL_PACK;XIRECS;10007.0;5
21700;BOT_TAKER;BOT_MAKER;VELVETFRUIT_EXTRACT;XIRECS;5253.0;6
21700;BOT_MAKER;BOT_TAKER;VEV_6000;XIRECS;0.0;5
21800;BOT_TAKER;BOT_MAKER;VELVETFRUIT_EXTRACT;XIRECS;5254.0;4
21900;BOT_TAKER;BOT_MAKER;VELVETFRUIT_EXTRACT;XIRECS;5255.0;4
21900;BOT_MAKER;BOT_TAKER;VEV_4000;XIRECS;1264.0;1
21900;BOT_TAKER;BOT_MAKER;VEV_5400;XIRECS;15.0;5
22000;BOT_MAKER;BOT_TAKER;HYDROGEL_PACK;XIRECS;9989.0;5
22000;BOT_TAKER;BOT_MAKER;VELVETFRUIT_EXTRACT;XIRECS;5255.0;6
22100;BOT_TAKER;BOT_MAKER;HYDROGEL_PACK;XIRECS;10008.0;3
22100;BOT_MAKER;BOT_TAKER;VEV_5500;XIRECS;5.0;2
22200;BOT_TAKER;BOT_MAKER;HYDROGEL_PACK;XIRECS;10006.0;6
22200;BOT_TAKER;BOT_MAKER;VELVETFRUIT_EXTRACT;XIRECS;5253.0;10
22200;BOT_MAKER;BOT_TAKER;VEV_4000;XIRECS;1264.0;1
22400;BOT_TAKER;BOT_MAKER;VELVETFRUIT_EXTRACT;XIRECS;5253.0;6
22600;BOT_TAKER;BOT_MAKER;HYDROGEL_PACK;XIRECS;10004.0;6
22800;BOT_TAKER;BOT_MAKER;HYDROGEL_PACK;XIRECS;10009.0;2
22800;BOT_MAKER;BOT_TAKER;VELVETFRUIT_EXTRACT;XIRECS;5249.0;3
23100;BOT_MAKER;BOT_TAKER;HYDROGEL_PACK;XIRECS;9993.0;3
23100;BOT_TAKER;BOT_MAKER;VEV_4000;XIRECS;1289.0;1
23400;BOT_TAKER;BOT_MAKER;VEV_4000;XIRECS;1288.0;1
23500;BOT_TAKER;BOT_MAKER;HYDROGEL_PACK;XIRECS;10010.0;3
23500;BOT_MAKER;BOT_TAKER;VELVETFRUIT_EXTRACT;XIRECS;5253.0;5
23500;BOT_TAKER;BOT_MAKER;VELVETFRUIT_EXTRACT;XIRECS;5258.0;13
23600;BOT_MAKER;BOT_TAKER;HYDROGEL_PACK;XIRECS;9994.0;4
23600;BOT_MAKER;BOT_TAKER;VEV_6500;XIRECS;0.0;5
23700;BOT_MAKER;BOT_TAKER;VEV_5500;XIRECS;4.0;4
23800;BOT_MAKER;BOT_TAKER;HYDROGEL_PACK;XIRECS;9994.0;6
23800;BOT_MAKER;BOT_TAKER;VEV_4000;XIRECS;1267.0;2
24000;BOT_TAKER;BOT_MAKER;HYDROGEL_PACK;XIRECS;10011.0;2
24000;BOT_TAKER;BOT_MAKER;VELVETFRUIT_EXTRACT;XIRECS;5260.0;6
24100;BOT_TAKER;BOT_MAKER;HYDROGEL_PACK;XIRECS;10010.0;6
24100;BOT_TAKER;BOT_MAKER;VELVETFRUIT_EXTRACT;XIRECS;5258.0;4
24100;BOT_MAKER;BOT_TAKER;VEV_4000;XIRECS;1267.0;2
24100;BOT_TAKER;BOT_MAKER;VEV_6500;XIRECS;1.0;3
24400;BOT_MAKER;BOT_TAKER;HYDROGEL_PACK;XIRECS;9995.0;3
24400;BOT_MAKER;BOT_TAKER;VEV_4000;XIRECS;1268.0;1
24500;BOT_MAKER;BOT_TAKER;HYDROGEL_PACK;XIRECS;9995.0;6
24600;BOT_TAKER;BOT_MAKER;VELVETFRUIT_EXTRACT;XIRECS;5259.0;7
24700;BOT_MAKER;BOT_TAKER;VELVETFRUIT_EXTRACT;XIRECS;5253.0;6
24800;BOT_MAKER;BOT_TAKER;VELVETFRUIT_EXTRACT;XIRECS;5252.0;6
24800;BOT_MAKER;BOT_TAKER;VEV_5300;XIRECS;50.0;2
24800;BOT_MAKER;BOT_TAKER;VEV_5400;XIRECS;13.0;5
25000;BOT_MAKER;BOT_TAKER;VEV_4000;XIRECS;1266.0;1
25100;BOT_TAKER;BOT_MAKER;VELVETFRUIT_EXTRACT;XIRECS;5258.0;4
25200;BOT_TAKER;BOT_MAKER;HYDROGEL_PACK;XIRECS;10016.0;2
25200;BOT_MAKER;BOT_TAKER;VELVETFRUIT_EXTRACT;XIRECS;5254.0;7
25200;BOT_MAKER;BOT_TAKER;VEV_5400;XIRECS;14.0;3
25400;BOT_TAKER;BOT_MAKER;VELVETFRUIT_EXTRACT;XIRECS;5258.0;7
25500;BOT_TAKER;BOT_MAKER;HYDROGEL_PACK;XIRECS;10025.0;4
25600;BOT_MAKER;BOT_TAKER;VELVETFRUIT_EXTRACT;XIRECS;5249.0;5
25700;BOT_MAKER;BOT_TAKER;VEV_6500;XIRECS;0.0;5
25800;BOT_TAKER;BOT_MAKER;HYDROGEL_PACK;XIRECS;10028.0;4
25800;BOT_TAKER;BOT_MAKER;VEV_4000;XIRECS;1294.0;1
25800;BOT_TAKER;BOT_MAKER;VEV_6000;XIRECS;1.0;5
25800;BOT_TAKER;BOT_MAKER;VEV_6500;XIRECS;1.0;5
25900;BOT_MAKER;BOT_TAKER;HYDROGEL_PACK;XIRECS;10013.0;6
26100;BOT_MAKER;BOT_TAKER;VELVETFRUIT_EXTRACT;XIRECS;5249.0;7
26100;BOT_MAKER;BOT_TAKER;VEV_6000;XIRECS;0.0;3
26200;BOT_MAKER;BOT_TAKER;VEV_5400;XIRECS;14.0;3
26300;BOT_MAKER;BOT_TAKER;HYDROGEL_PACK;XIRECS;10016.0;3
26600;BOT_MAKER;BOT_TAKER;HYDROGEL_PACK;XIRECS;10019.0;5
26800;BOT_MAKER;BOT_TAKER;VELVETFRUIT_EXTRACT;XIRECS;5246.0;7
26900;BOT_TAKER;BOT_MAKER;HYDROGEL_PACK;XIRECS;10037.0;5
26900;BOT_TAKER;BOT_MAKER;VELVETFRUIT_EXTRACT;XIRECS;5251.0;6
27000;BOT_MAKER;BOT_TAKER;VELVETFRUIT_EXTRACT;XIRECS;5245.0;5
27100;BOT_TAKER;BOT_MAKER;VELVETFRUIT_EXTRACT;XIRECS;5251.0;6
27200;BOT_TAKER;BOT_MAKER;HYDROGEL_PACK;XIRECS;10039.0;4
27200;BOT_MAKER;BOT_TAKER;VEV_6000;XIRECS;0.0;5
27300;BOT_MAKER;BOT_TAKER;HYDROGEL_PACK;XIRECS;10023.0;6
27300;BOT_MAKER;BOT_TAKER;VELVETFRUIT_EXTRACT;XIRECS;5246.0;4
27500;BOT_MAKER;BOT_TAKER;VELVETFRUIT_EXTRACT;XIRECS;5247.0;6
27500;BOT_TAKER;BOT_MAKER;VEV_4000;XIRECS;1288.0;3
27500;BOT_TAKER;BOT_MAKER;VEV_5500;XIRECS;5.0;4
27600;BOT_TAKER;BOT_MAKER;VELVETFRUIT_EXTRACT;XIRECS;5253.0;14
27600;BOT_MAKER;BOT_TAKER;VEV_5500;XIRECS;4.0;3
27600;BOT_TAKER;BOT_MAKER;VEV_6500;XIRECS;1.0;5
27700;BOT_TAKER;BOT_MAKER;VELVETFRUIT_EXTRACT;XIRECS;5253.0;3
27700;BOT_MAKER;BOT_TAKER;VEV_4000;XIRECS;1268.0;3
27800;BOT_MAKER;BOT_TAKER;VEV_5500;XIRECS;4.0;2
27900;BOT_MAKER;BOT_TAKER;VEV_6000;XIRECS;0.0;3
28100;BOT_TAKER;BOT_MAKER;VELVETFRUIT_EXTRACT;XIRECS;5251.0;7
28100;BOT_TAKER;BOT_MAKER;VEV_5400;XIRECS;15.0;4
28200;BOT_TAKER;BOT_MAKER;HYDROGEL_PACK;XIRECS;10030.0;6
28300;BOT_MAKER;BOT_TAKER;VELVETFRUIT_EXTRACT;XIRECS;5243.0;11
28300;BOT_MAKER;BOT_TAKER;VEV_5500;XIRECS;4.0;5
28400;BOT_TAKER;BOT_MAKER;VELVETFRUIT_EXTRACT;XIRECS;5250.0;7
28500;BOT_TAKER;BOT_MAKER;VEV_4000;XIRECS;1288.0;2
28600;BOT_TAKER;BOT_MAKER;VELVETFRUIT_EXTRACT;XIRECS;5250.0;5
28700;BOT_MAKER;BOT_TAKER;HYDROGEL_PACK;XIRECS;10008.0;4
28800;BOT_MAKER;BOT_TAKER;VEV_5500;XIRECS;4.0;5
28900;BOT_MAKER;BOT_TAKER;HYDROGEL_PACK;XIRECS;10010.0;2
29000;BOT_MAKER;BOT_TAKER;HYDROGEL_PACK;XIRECS;10011.0;3
29000;BOT_MAKER;BOT_TAKER;VELVETFRUIT_EXTRACT;XIRECS;5241.0;3
29000;BOT_TAKER;BOT_MAKER;VEV_6500;XIRECS;1.0;5
29100;BOT_MAKER;BOT_TAKER;HYDROGEL_PACK;XIRECS;10013.0;6
29200;BOT_MAKER;BOT_TAKER;HYDROGEL_PACK;XIRECS;10011.0;6
29300;BOT_MAKER;BOT_TAKER;HYDROGEL_PACK;XIRECS;10011.0;2
29300;BOT_MAKER;BOT_TAKER;VELVETFRUIT_EXTRACT;XIRECS;5242.0;8
29300;BOT_TAKER;BOT_MAKER;VEV_4000;XIRECS;1282.0;2
29400;BOT_TAKER;BOT_MAKER;VEV_5500;XIRECS;5.0;5
29500;BOT_TAKER;BOT_MAKER;HYDROGEL_PACK;XIRECS;10026.0;4
29500;BOT_MAKER;BOT_TAKER;VELVETFRUIT_EXTRACT;XIRECS;5241.0;6
29600;BOT_TAKER;BOT_MAKER;HYDROGEL_PACK;XIRECS;10024.0;6
29600;BOT_TAKER;BOT_MAKER;VELVETFRUIT_EXTRACT;XIRECS;5246.0;4
29800;BOT_MAKER;BOT_TAKER;HYDROGEL_PACK;XIRECS;10007.0;4
29800;BOT_TAKER;BOT_MAKER;VELVETFRUIT_EXTRACT;XIRECS;5247.0;7
29800;BOT_MAKER;BOT_TAKER;VEV_4000;XIRECS;1259.0;3
29800;BOT_TAKER;BOT_MAKER;VEV_6500;XIRECS;1.0;2
29900;BOT_TAKER;BOT_MAKER;HYDROGEL_PACK;XIRECS;10021.0;5
29900;BOT_MAKER;BOT_TAKER;VELVETFRUIT_EXTRACT;XIRECS;5242.0;3
29900;BOT_MAKER;BOT_TAKER;VEV_6000;XIRECS;0.0;3
30000;BOT_MAKER;BOT_TAKER;VELVETFRUIT_EXTRACT;XIRECS;5242.0;3
30100;BOT_MAKER;BOT_TAKER;VELVETFRUIT_EXTRACT;XIRECS;5241.0;15
30200;BOT_MAKER;BOT_TAKER;VELVETFRUIT_EXTRACT;XIRECS;5242.0;3
30200;BOT_TAKER;BOT_MAKER;VEV_4000;XIRECS;1280.0;2
30200;BOT_MAKER;BOT_TAKER;VEV_6000;XIRECS;0.0;5
30300;BOT_TAKER;BOT_MAKER;VELVETFRUIT_EXTRACT;XIRECS;5246.0;5
30400;BOT_TAKER;BOT_MAKER;HYDROGEL_PACK;XIRECS;10026.0;3
30400;BOT_MAKER;BOT_TAKER;VELVETFRUIT_EXTRACT;XIRECS;5241.0;8
30700;BOT_TAKER;BOT_MAKER;VELVETFRUIT_EXTRACT;XIRECS;5243.0;4
30800;BOT_TAKER;BOT_MAKER;HYDROGEL_PACK;XIRECS;10026.0;4
30800;BOT_TAKER;BOT_MAKER;VEV_5500;XIRECS;5.0;4
30900;BOT_MAKER;BOT_TAKER;VELVETFRUIT_EXTRACT;XIRECS;5241.0;4
31000;BOT_MAKER;BOT_TAKER;VELVETFRUIT_EXTRACT;XIRECS;5240.0;5
31100;BOT_MAKER;BOT_TAKER;HYDROGEL_PACK;XIRECS;10016.0;3
31100;BOT_MAKER;BOT_TAKER;VELVETFRUIT_EXTRACT;XIRECS;5242.0;7
31200;BOT_MAKER;BOT_TAKER;HYDROGEL_PACK;XIRECS;10015.0;3
31200;BOT_MAKER;BOT_TAKER;VELVETFRUIT_EXTRACT;XIRECS;5240.0;6
31300;BOT_MAKER;BOT_TAKER;HYDROGEL_PACK;XIRECS;10018.0;5
31500;BOT_TAKER;BOT_MAKER;VELVETFRUIT_EXTRACT;XIRECS;5244.0;5
31700;BOT_MAKER;BOT_TAKER;VELVETFRUIT_EXTRACT;XIRECS;5237.0;5
31800;BOT_TAKER;BOT_MAKER;HYDROGEL_PACK;XIRECS;10032.0;3
31800;BOT_TAKER;BOT_MAKER;VELVETFRUIT_EXTRACT;XIRECS;5243.0;5
31800;BOT_TAKER;BOT_MAKER;VEV_6000;XIRECS;1.0;5
31900;BOT_MAKER;BOT_TAKER;VELVETFRUIT_EXTRACT;XIRECS;5238.0;5
32000;BOT_TAKER;BOT_MAKER;VEV_4000;XIRECS;1278.0;1
32100;BOT_TAKER;BOT_MAKER;HYDROGEL_PACK;XIRECS;10028.0;4
32100;BOT_MAKER;BOT_TAKER;VELVETFRUIT_EXTRACT;XIRECS;5238.0;8
32200;BOT_MAKER;BOT_TAKER;HYDROGEL_PACK;XIRECS;10012.0;3
32300;BOT_TAKER;BOT_MAKER;HYDROGEL_PACK;XIRECS;10029.0;6
32300;BOT_MAKER;BOT_TAKER;VEV_4000;XIRECS;1257.0;1
32400;BOT_TAKER;BOT_MAKER;VELVETFRUIT_EXTRACT;XIRECS;5243.0;5
32500;BOT_MAKER;BOT_TAKER;VELVETFRUIT_EXTRACT;XIRECS;5237.0;8
32600;BOT_TAKER;BOT_MAKER;HYDROGEL_PACK;XIRECS;10028.0;3
32700;BOT_TAKER;BOT_MAKER;HYDROGEL_PACK;XIRECS;10026.0;2
32700;BOT_MAKER;BOT_TAKER;VEV_6000;XIRECS;0.0;4
32900;BOT_TAKER;BOT_MAKER;VEV_4000;XIRECS;1276.0;2
33000;BOT_MAKER;BOT_TAKER;VELVETFRUIT_EXTRACT;XIRECS;5239.0;7
33200;BOT_TAKER;BOT_MAKER;HYDROGEL_PACK;XIRECS;10024.0;4
33300;BOT_MAKER;BOT_TAKER;HYDROGEL_PACK;XIRECS;10007.0;3
33300;BOT_MAKER;BOT_TAKER;VELVETFRUIT_EXTRACT;XIRECS;5238.0;12
33300;BOT_MAKER;BOT_TAKER;VEV_5500;XIRECS;4.0;4
33300;BOT_MAKER;BOT_TAKER;VEV_6000;XIRECS;0.0;4
33400;BOT_MAKER;BOT_TAKER;HYDROGEL_PACK;XIRECS;10007.0;3
33500;BOT_MAKER;BOT_TAKER;HYDROGEL_PACK;XIRECS;10010.0;3
33600;BOT_TAKER;BOT_MAKER;VELVETFRUIT_EXTRACT;XIRECS;5243.0;3
33700;BOT_TAKER;BOT_MAKER;VELVETFRUIT_EXTRACT;XIRECS;5244.0;9
33800;BOT_MAKER;BOT_TAKER;HYDROGEL_PACK;XIRECS;10008.0;5
33900;BOT_TAKER;BOT_MAKER;HYDROGEL_PACK;XIRECS;10022.0;3
33900;BOT_MAKER;BOT_TAKER;VEV_6500;XIRECS;0.0;4
34000;BOT_MAKER;BOT_TAKER;HYDROGEL_PACK;XIRECS;10003.0;3
34100;BOT_MAKER;BOT_TAKER;VELVETFRUIT_EXTRACT;XIRECS;5237.0;8
34200;BOT_MAKER;BOT_TAKER;VELVETFRUIT_EXTRACT;XIRECS;5237.0;7
34400;BOT_MAKER;BOT_TAKER;VELVETFRUIT_EXTRACT;XIRECS;5237.0;8
34400;BOT_MAKER;BOT_TAKER;VEV_4000;XIRECS;1253.0;2
34400;BOT_MAKER;BOT_TAKER;VEV_5400;XIRECS;15.0;2
34400;BOT_MAKER;BOT_TAKER;VEV_5500;XIRECS;4.0;4
34600;BOT_TAKER;BOT_MAKER;VELVETFRUIT_EXTRACT;XIRECS;5242.0;7
34700;BOT_MAKER;BOT_TAKER;HYDROGEL_PACK;XIRECS;10001.0;5
34700;BOT_TAKER;BOT_MAKER;VELVETFRUIT_EXTRACT;XIRECS;5243.0;5
34800;BOT_TAKER;BOT_MAKER;HYDROGEL_PACK;XIRECS;10013.0;3
34800;BOT_TAKER;BOT_MAKER;VELVETFRUIT_EXTRACT;XIRECS;5242.0;8
35000;BOT_TAKER;BOT_MAKER;VELVETFRUIT_EXTRACT;XIRECS;5241.0;5
35100;BOT_MAKER;BOT_TAKER;HYDROGEL_PACK;XIRECS;9996.0;5
35100;BOT_TAKER;BOT_MAKER;VELVETFRUIT_EXTRACT;XIRECS;5241.0;3
35100;BOT_TAKER;BOT_MAKER;VEV_5500;XIRECS;5.0;4
35300;BOT_TAKER;BOT_MAKER;VEV_4000;XIRECS;1277.0;2
35400;BOT_TAKER;BOT_MAKER;HYDROGEL_PACK;XIRECS;10013.0;6
35500;BOT_MAKER;BOT_TAKER;VELVETFRUIT_EXTRACT;XIRECS;5236.0;7
35800;BOT_TAKER;BOT_MAKER;VELVETFRUIT_EXTRACT;XIRECS;5240.0;8
35900;BOT_TAKER;BOT_MAKER;VEV_6000;XIRECS;1.0;4
36000;BOT_TAKER;BOT_MAKER;HYDROGEL_PACK;XIRECS;10019.0;2
36000;BOT_TAKER;BOT_MAKER;VELVETFRUIT_EXTRACT;XIRECS;5239.0;6
36000;BOT_TAKER;BOT_MAKER;VELVETFRUIT_EXTRACT;XIRECS;5239.0;5
36100;BOT_MAKER;BOT_TAKER;HYDROGEL_PACK;XIRECS;9999.0;2
36100;BOT_MAKER;BOT_TAKER;VEV_6000;XIRECS;0.0;3
36100;BOT_TAKER;BOT_MAKER;VEV_6000;XIRECS;1.0;2
36200;BOT_MAKER;BOT_TAKER;HYDROGEL_PACK;XIRECS;9998.0;6
36200;BOT_TAKER;BOT_MAKER;VELVETFRUIT_EXTRACT;XIRECS;5242.0;8
36300;BOT_TAKER;BOT_MAKER;VELVETFRUIT_EXTRACT;XIRECS;5243.0;7
36300;BOT_MAKER;BOT_TAKER;VEV_6500;XIRECS;0.0;5
36300;BOT_TAKER;BOT_MAKER;VEV_6500;XIRECS;1.0;4
36400;BOT_MAKER;BOT_TAKER;HYDROGEL_PACK;XIRECS;9998.0;6
36400;BOT_MAKER;BOT_TAKER;VELVETFRUIT_EXTRACT;XIRECS;5237.0;7
36400;BOT_MAKER;BOT_TAKER;VEV_5300;XIRECS;56.0;4
36500;BOT_TAKER;BOT_MAKER;VEV_6500;XIRECS;1.0;2
36700;BOT_TAKER;BOT_MAKER;VELVETFRUIT_EXTRACT;XIRECS;5242.0;4
36800;BOT_MAKER;BOT_TAKER;HYDROGEL_PACK;XIRECS;10005.0;4
36800;BOT_MAKER;BOT_TAKER;VEV_6500;XIRECS;0.0;2
36900;BOT_TAKER;BOT_MAKER;HYDROGEL_PACK;XIRECS;10021.0;4
36900;BOT_TAKER;BOT_MAKER;VELVETFRUIT_EXTRACT;XIRECS;5242.0;4
37000;BOT_TAKER;BOT_MAKER;VELVETFRUIT_EXTRACT;XIRECS;5242.0;8
37000;BOT_TAKER;BOT_MAKER;VEV_5200;XIRECS;102.0;5
37000;BOT_MAKER;BOT_TAKER;VEV_5500;XIRECS;4.0;4
37100;BOT_TAKER;BOT_MAKER;HYDROGEL_PACK;XIRECS;10020.0;4
37100;BOT_MAKER;BOT_TAKER;VELVETFRUIT_EXTRACT;XIRECS;5237.0;7
37100;BOT_MAKER;BOT_TAKER;VEV_5400;XIRECS;14.0;3
37300;BOT_MAKER;BOT_TAKER;VEV_4000;XIRECS;1259.0;2
37300;BOT_MAKER;BOT_TAKER;VEV_6500;XIRECS;0.0;4
37400;BOT_TAKER;BOT_MAKER;VELVETFRUIT_EXTRACT;XIRECS;5247.0;8
37800;BOT_MAKER;BOT_TAKER;VELVETFRUIT_EXTRACT;XIRECS;5242.0;7
37900;BOT_MAKER;BOT_TAKER;VELVETFRUIT_EXTRACT;XIRECS;5243.0;5
37900;BOT_MAKER;BOT_TAKER;VEV_5500;XIRECS;4.0;4
37900;BOT_TAKER;BOT_MAKER;VEV_6500;XIRECS;1.0;2
38000;BOT_MAKER;BOT_TAKER;HYDROGEL_PACK;XIRECS;10007.0;2
38000;BOT_MAKER;BOT_TAKER;VEV_6000;XIRECS;0.0;3
38100;BOT_TAKER;BOT_MAKER;HYDROGEL_PACK;XIRECS;10027.0;4
38100;BOT_MAKER;BOT_TAKER;VEV_5400;XIRECS;14.0;3
38100;BOT_MAKER;BOT_TAKER;VEV_5500;XIRECS;4.0;3
38300;BOT_MAKER;BOT_TAKER;HYDROGEL_PACK;XIRECS;10013.0;3
38300;BOT_MAKER;BOT_TAKER;VELVETFRUIT_EXTRACT;XIRECS;5248.0;4
38400;BOT_MAKER;BOT_TAKER;VELVETFRUIT_EXTRACT;XIRECS;5249.0;7
38500;BOT_MAKER;BOT_TAKER;VELVETFRUIT_EXTRACT;XIRECS;5247.0;5
38800;BOT_MAKER;BOT_TAKER;HYDROGEL_PACK;XIRECS;10014.0;3
38800;BOT_TAKER;BOT_MAKER;VELVETFRUIT_EXTRACT;XIRECS;5253.0;6
38900;BOT_MAKER;BOT_TAKER;VELVETFRUIT_EXTRACT;XIRECS;5249.0;6
38900;BOT_MAKER;BOT_TAKER;VEV_5400;XIRECS;15.0;2
39100;BOT_TAKER;BOT_MAKER;HYDROGEL_PACK;XIRECS;10027.0;5
39100;BOT_TAKER;BOT_MAKER;VELVETFRUIT_EXTRACT;XIRECS;5253.0;8
39100;BOT_TAKER;BOT_MAKER;VEV_6500;XIRECS;1.0;4
39200;BOT_MAKER;BOT_TAKER;HYDROGEL_PACK;XIRECS;10010.0;2
39200;BOT_TAKER;BOT_MAKER;VELVETFRUIT_EXTRACT;XIRECS;5254.0;3
39400;BOT_MAKER;BOT_TAKER;VELVETFRUIT_EXTRACT;XIRECS;5249.0;4
39500;BOT_MAKER;BOT_TAKER;HYDROGEL_PACK;XIRECS;10005.0;4
39500;BOT_TAKER;BOT_MAKER;VEV_6500;XIRECS;1.0;3
39700;BOT_TAKER;BOT_MAKER;HYDROGEL_PACK;XIRECS;10025.0;2
39800;BOT_TAKER;BOT_MAKER;VELVETFRUIT_EXTRACT;XIRECS;5250.0;6
40100;BOT_MAKER;BOT_TAKER;HYDROGEL_PACK;XIRECS;10007.0;4
40100;BOT_TAKER;BOT_MAKER;VEV_4000;XIRECS;1276.0;1
40100;BOT_MAKER;BOT_TAKER;VEV_6500;XIRECS;0.0;5
40300;BOT_MAKER;BOT_TAKER;HYDROGEL_PACK;XIRECS;10008.0;2
40300;BOT_TAKER;BOT_MAKER;VEV_6500;XIRECS;1.0;5
40400;BOT_TAKER;BOT_MAKER;VEV_4000;XIRECS;1276.0;3
40400;BOT_TAKER;BOT_MAKER;VEV_5300;XIRECS;57.0;3
40500;BOT_TAKER;BOT_MAKER;HYDROGEL_PACK;XIRECS;10028.0;5
40600;BOT_MAKER;BOT_TAKER;HYDROGEL_PACK;XIRECS;10011.0;5
40600;BOT_MAKER;BOT_TAKER;VELVETFRUIT_EXTRACT;XIRECS;5245.0;9
40700;BOT_MAKER;BOT_TAKER;VEV_6000;XIRECS;0.0;5
40800;BOT_TAKER;BOT_MAKER;HYDROGEL_PACK;XIRECS;10027.0;3
40800;BOT_MAKER;BOT_TAKER;VEV_4000;XIRECS;1258.0;1
40800;BOT_TAKER;BOT_MAKER;VEV_6500;XIRECS;1.0;2
40900;BOT_MAKER;BOT_TAKER;HYDROGEL_PACK;XIRECS;10010.0;2
40900;BOT_MAKER;BOT_TAKER;VELVETFRUIT_EXTRACT;XIRECS;5247.0;7
41000;BOT_MAKER;BOT_TAKER;VELVETFRUIT_EXTRACT;XIRECS;5245.0;15
41100;BOT_TAKER;BOT_MAKER;VEV_5400;XIRECS;18.0;5
41200;BOT_MAKER;BOT_TAKER;VELVETFRUIT_EXTRACT;XIRECS;5245.0;9
41300;BOT_MAKER;BOT_TAKER;VELVETFRUIT_EXTRACT;XIRECS;5245.0;8
41400;BOT_TAKER;BOT_MAKER;HYDROGEL_PACK;XIRECS;10029.0;2
41400;BOT_TAKER;BOT_MAKER;VEV_6500;XIRECS;1.0;5
41500;BOT_TAKER;BOT_MAKER;HYDROGEL_PACK;XIRECS;10026.0;4
41700;BOT_TAKER;BOT_MAKER;HYDROGEL_PACK;XIRECS;10025.0;2
41800;BOT_MAKER;BOT_TAKER;VEV_4000;XIRECS;1258.0;1
41800;BOT_TAKER;BOT_MAKER;VEV_5300;XIRECS;60.0;3
41800;BOT_TAKER;BOT_MAKER;VEV_5500;XIRECS;5.0;3
42000;BOT_TAKER;BOT_MAKER;HYDROGEL_PACK;XIRECS;10025.0;5
42100;BOT_MAKER;BOT_TAKER;VELVETFRUIT_EXTRACT;XIRECS;5245.0;4
42300;BOT_TAKER;BOT_MAKER;HYDROGEL_PACK;XIRECS;10024.0;4
42400;BOT_TAKER;BOT_MAKER;HYDROGEL_PACK;XIRECS;10023.0;4
42400;BOT_TAKER;BOT_MAKER;VEV_5300;XIRECS;58.0;3
42400;BOT_TAKER;BOT_MAKER;VEV_6000;XIRECS;1.0;2
42500;BOT_MAKER;BOT_TAKER;VELVETFRUIT_EXTRACT;XIRECS;5241.0;5
42500;BOT_TAKER;BOT_MAKER;VEV_4000;XIRECS;1280.0;2
42500;BOT_TAKER;BOT_MAKER;VEV_5500;XIRECS;5.0;3
42600;BOT_TAKER;BOT_MAKER;HYDROGEL_PACK;XIRECS;10019.0;6
42600;BOT_TAKER;BOT_MAKER;HYDROGEL_PACK;XIRECS;10019.0;5
42700;BOT_MAKER;BOT_TAKER;HYDROGEL_PACK;XIRECS;10002.0;2
42700;BOT_TAKER;BOT_MAKER;VELVETFRUIT_EXTRACT;XIRECS;5246.0;5
42800;BOT_MAKER;BOT_TAKER;HYDROGEL_PACK;XIRECS;10001.0;3
42800;BOT_TAKER;BOT_MAKER;VELVETFRUIT_EXTRACT;XIRECS;5246.0;8
42800;BOT_TAKER;BOT_MAKER;VEV_5300;XIRECS;58.0;4
43000;BOT_TAKER;BOT_MAKER;VELVETFRUIT_EXTRACT;XIRECS;5245.0;5
43000;BOT_TAKER;BOT_MAKER;VEV_6000;XIRECS;1.0;4
43100;BOT_TAKER;BOT_MAKER;VEV_5400;XIRECS;18.0;3
43500;BOT_MAKER;BOT_TAKER;HYDROGEL_PACK;XIRECS;10008.0;5
43500;BOT_MAKER;BOT_TAKER;VELVETFRUIT_EXTRACT;XIRECS;5241.0;13
43700;BOT_TAKER;BOT_MAKER;VEV_4000;XIRECS;1284.0;2
43700;BOT_TAKER;BOT_MAKER;VEV_5500;XIRECS;5.0;3
43800;BOT_MAKER;BOT_TAKER;VELVETFRUIT_EXTRACT;XIRECS;5241.0;8
43900;BOT_MAKER;BOT_TAKER;HYDROGEL_PACK;XIRECS;10008.0;2
44100;BOT_TAKER;BOT_MAKER;VELVETFRUIT_EXTRACT;XIRECS;5243.0;8
44200;BOT_MAKER;BOT_TAKER;HYDROGEL_PACK;XIRECS;10003.0;5
44200;BOT_MAKER;BOT_TAKER;VELVETFRUIT_EXTRACT;XIRECS;5238.0;3
44200;BOT_TAKER;BOT_MAKER;VEV_4000;XIRECS;1287.0;2
44300;BOT_MAKER;BOT_TAKER;VELVETFRUIT_EXTRACT;XIRECS;5238.0;4
44300;BOT_TAKER;BOT_MAKER;VEV_5400;XIRECS;18.0;4
44400;BOT_MAKER;BOT_TAKER;VEV_6500;XIRECS;0.0;4
44500;BOT_TAKER;BOT_MAKER;VEV_5500;XIRECS;4.0;4
44500;BOT_TAKER;BOT_MAKER;VEV_6500;XIRECS;1.0;5
44600;BOT_TAKER;BOT_MAKER;VEV_4000;XIRECS;1289.0;3
44700;BOT_TAKER;BOT_MAKER;HYDROGEL_PACK;XIRECS;10028.0;5
44700;BOT_MAKER;BOT_TAKER;VELVETFRUIT_EXTRACT;XIRECS;5240.0;8
44700;BOT_MAKER;BOT_TAKER;VEV_4000;XIRECS;1267.0;3
45000;BOT_TAKER;BOT_MAKER;HYDROGEL_PACK;XIRECS;10025.0;6
45000;BOT_MAKER;BOT_TAKER;VELVETFRUIT_EXTRACT;XIRECS;5239.0;6
45000;BOT_MAKER;BOT_TAKER;VEV_5400;XIRECS;17.0;4
45100;BOT_TAKER;BOT_MAKER;VELVETFRUIT_EXTRACT;XIRECS;5246.0;3
45300;BOT_TAKER;BOT_MAKER;VELVETFRUIT_EXTRACT;XIRECS;5245.0;5
45400;BOT_TAKER;BOT_MAKER;HYDROGEL_PACK;XIRECS;10024.0;4
45400;BOT_TAKER;BOT_MAKER;VEV_4000;XIRECS;1291.0;2
45400;BOT_MAKER;BOT_TAKER;VEV_6000;XIRECS;0.0;3
45500;BOT_TAKER;BOT_MAKER;VELVETFRUIT_EXTRACT;XIRECS;5248.0;8
45500;BOT_TAKER;BOT_MAKER;VEV_4000;XIRECS;1293.0;2
45500;BOT_MAKER;BOT_TAKER;VEV_6500;XIRECS;0.0;3
45600;BOT_MAKER;BOT_TAKER;VELVETFRUIT_EXTRACT;XIRECS;5243.0;8
45600;BOT_TAKER;BOT_MAKER;VEV_4000;XIRECS;1294.0;3
45700;BOT_TAKER;BOT_MAKER;HYDROGEL_PACK;XIRECS;10024.0;2
45800;BOT_TAKER;BOT_MAKER;VEV_5500;XIRECS;5.0;3
45900;BOT_TAKER;BOT_MAKER;VELVETFRUIT_EXTRACT;XIRECS;5246.0;8
46000;BOT_TAKER;BOT_MAKER;HYDROGEL_PACK;XIRECS;10027.0;3
46000;BOT_TAKER;BOT_MAKER;VELVETFRUIT_EXTRACT;XIRECS;5245.0;7
46100;BOT_MAKER;BOT_TAKER;HYDROGEL_PACK;XIRECS;10012.0;6
46100;BOT_TAKER;BOT_MAKER;VEV_5300;XIRECS;59.0;4
46100;BOT_TAKER;BOT_MAKER;VEV_6500;XIRECS;1.0;2
46200;BOT_MAKER;BOT_TAKER;VELVETFRUIT_EXTRACT;XIRECS;5240.0;3
46300;BOT_TAKER;BOT_MAKER;HYDROGEL_PACK;XIRECS;10025.0;6
46300;BOT_TAKER;BOT_MAKER;VELVETFRUIT_EXTRACT;XIRECS;5244.0;3
46400;BOT_TAKER;BOT_MAKER;HYDROGEL_PACK;XIRECS;10023.0;3
46500;BOT_MAKER;BOT_TAKER;VEV_5400;XIRECS;18.0;2
46600;BOT_TAKER;BOT_MAKER;VEV_4000;XIRECS;1293.0;1
46800;BOT_MAKER;BOT_TAKER;HYDROGEL_PACK;XIRECS;10008.0;6
46900;BOT_MAKER;BOT_TAKER;HYDROGEL_PACK;XIRECS;10006.0;5
46900;BOT_MAKER;BOT_TAKER;VELVETFRUIT_EXTRACT;XIRECS;5239.0;7
46900;BOT_MAKER;BOT_TAKER;VEV_5400;XIRECS;17.0;3
47000;BOT_TAKER;BOT_MAKER;VELVETFRUIT_EXTRACT;XIRECS;5244.0;5
47000;BOT_MAKER;BOT_TAKER;VEV_6500;XIRECS;0.0;2
47100;BOT_MAKER;BOT_TAKER;VELVETFRUIT_EXTRACT;XIRECS;5237.0;6
47200;BOT_MAKER;BOT_TAKER;HYDROGEL_PACK;XIRECS;10007.0;5
47200;BOT_TAKER;BOT_MAKER;VEV_4000;XIRECS;1293.0;2
47400;BOT_TAKER;BOT_MAKER;HYDROGEL_PACK;XIRECS;10023.0;3
47500;BOT_TAKER;BOT_MAKER;VELVETFRUIT_EXTRACT;XIRECS;5242.0;8
47900;BOT_MAKER;BOT_TAKER;HYDROGEL_PACK;XIRECS;10008.0;3
47900;BOT_MAKER;BOT_TAKER;VEV_4000;XIRECS;1269.0;1
47900;BOT_MAKER;BOT_TAKER;VEV_6000;XIRECS;0.0;2
48000;BOT_TAKER;BOT_MAKER;VELVETFRUIT_EXTRACT;XIRECS;5245.0;3
48200;BOT_TAKER;BOT_MAKER;HYDROGEL_PACK;XIRECS;10024.0;2
48300;BOT_TAKER;BOT_MAKER;HYDROGEL_PACK;XIRECS;10023.0;5
48300;BOT_MAKER;BOT_TAKER;VELVETFRUIT_EXTRACT;XIRECS;5240.0;7
48600;BOT_MAKER;BOT_TAKER;HYDROGEL_PACK;XIRECS;10005.0;6
48600;BOT_TAKER;BOT_MAKER;HYDROGEL_PACK;XIRECS;10021.0;4
48700;BOT_MAKER;BOT_TAKER;HYDROGEL_PACK;XIRECS;10005.0;4
48700;BOT_MAKER;BOT_TAKER;VELVETFRUIT_EXTRACT;XIRECS;5243.0;8
48800;BOT_TAKER;BOT_MAKER;HYDROGEL_PACK;XIRECS;10021.0;6
48800;BOT_MAKER;BOT_TAKER;VELVETFRUIT_EXTRACT;XIRECS;5244.0;6
48900;BOT_MAKER;BOT_TAKER;HYDROGEL_PACK;XIRECS;10005.0;6
48900;BOT_TAKER;BOT_MAKER;VELVETFRUIT_EXTRACT;XIRECS;5248.0;5
49000;BOT_TAKER;BOT_MAKER;VEV_6000;XIRECS;1.0;4
49100;BOT_TAKER;BOT_MAKER;HYDROGEL_PACK;XIRECS;10022.0;4
49100;BOT_TAKER;BOT_MAKER;VELVETFRUIT_EXTRACT;XIRECS;5248.0;6
49100;BOT_MAKER;BOT_TAKER;VEV_5400;XIRECS;17.0;2
49100;BOT_TAKER;BOT_MAKER;VEV_5500;XIRECS;5.0;2
49200;BOT_MAKER;BOT_TAKER;VEV_6500;XIRECS;0.0;2
49300;BOT_MAKER;BOT_TAKER;HYDROGEL_PACK;XIRECS;10008.0;5
49400;BOT_MAKER;BOT_TAKER;HYDROGEL_PACK;XIRECS;10010.0;5
49500;BOT_TAKER;BOT_MAKER;VEV_5300;XIRECS;62.0;4
49600;BOT_TAKER;BOT_MAKER;VELVETFRUIT_EXTRACT;XIRECS;5244.0;5
49600;BOT_TAKER;BOT_MAKER;VEV_6500;XIRECS;1.0;2
49700;BOT_MAKER;BOT_TAKER;VELVETFRUIT_EXTRACT;XIRECS;5239.0;7
49800;BOT_MAKER;BOT_TAKER;VELVETFRUIT_EXTRACT;XIRECS;5238.0;8
49900;BOT_MAKER;BOT_TAKER;HYDROGEL_PACK;XIRECS;10004.0;2
50000;BOT_TAKER;BOT_MAKER;HYDROGEL_PACK;XIRECS;10021.0;2
50200;BOT_MAKER;BOT_TAKER;VELVETFRUIT_EXTRACT;XIRECS;5237.0;6
50300;BOT_MAKER;BOT_TAKER;HYDROGEL_PACK;XIRECS;10009.0;4
50300;BOT_TAKER;BOT_MAKER;VEV_5500;XIRECS;5.0;3
50400;BOT_MAKER;BOT_TAKER;HYDROGEL_PACK;XIRECS;10006.0;5
50500;BOT_MAKER;BOT_TAKER;HYDROGEL_PACK;XIRECS;10008.0;6
50600;BOT_TAKER;BOT_MAKER;HYDROGEL_PACK;XIRECS;10025.0;5
50600;BOT_TAKER;BOT_MAKER;VEV_4000;XIRECS;1294.0;3
50700;BOT_TAKER;BOT_MAKER;VEV_5500;XIRECS;5.0;5
50900;BOT_TAKER;BOT_MAKER;VEV_6000;XIRECS;1.0;2
51000;BOT_TAKER;BOT_MAKER;HYDROGEL_PACK;XIRECS;10018.0;6
51000;BOT_TAKER;BOT_MAKER;VEV_6000;XIRECS;1.0;3
51100;BOT_MAKER;BOT_TAKER;VEV_5300;XIRECS;63.0;4
51200;BOT_TAKER;BOT_MAKER;VELVETFRUIT_EXTRACT;XIRECS;5234.0;6
51400;BOT_TAKER;BOT_MAKER;HYDROGEL_PACK;XIRECS;10025.0;4
51500;BOT_TAKER;BOT_MAKER;HYDROGEL_PACK;XIRECS;10022.0;6
51700;BOT_TAKER;BOT_MAKER;HYDROGEL_PACK;XIRECS;10022.0;2
51700;BOT_TAKER;BOT_MAKER;VEV_6500;XIRECS;1.0;3
51800;BOT_MAKER;BOT_TAKER;VELVETFRUIT_EXTRACT;XIRECS;5231.0;8
51900;BOT_TAKER;BOT_MAKER;VEV_5500;XIRECS;6.0;3
52100;BOT_TAKER;BOT_MAKER;VELVETFRUIT_EXTRACT;XIRECS;5235.0;8
52200;BOT_TAKER;BOT_MAKER;HYDROGEL_PACK;XIRECS;10025.0;3
52300;BOT_TAKER;BOT_MAKER;HYDROGEL_PACK;XIRECS;10022.0;5
52300;BOT_TAKER;BOT_MAKER;VELVETFRUIT_EXTRACT;XIRECS;5234.0;8
52400;BOT_MAKER;BOT_TAKER;VEV_6000;XIRECS;0.0;5
52500;BOT_MAKER;BOT_TAKER;HYDROGEL_PACK;XIRECS;10004.0;2
52500;BOT_MAKER;BOT_TAKER;VELVETFRUIT_EXTRACT;XIRECS;5228.0;13
52700;BOT_MAKER;BOT_TAKER;VELVETFRUIT_EXTRACT;XIRECS;5229.0;4
52700;BOT_MAKER;BOT_TAKER;VEV_6000;XIRECS;0.0;2
52700;BOT_TAKER;BOT_MAKER;VEV_6000;XIRECS;1.0;4
52700;BOT_MAKER;BOT_TAKER;VEV_6500;XIRECS;0.0;2
53000;BOT_TAKER;BOT_MAKER;VELVETFRUIT_EXTRACT;XIRECS;5236.0;6
53100;BOT_MAKER;BOT_TAKER;VELVETFRUIT_EXTRACT;XIRECS;5231.0;10
53200;BOT_MAKER;BOT_TAKER;VEV_5500;XIRECS;5.0;5
53300;BOT_MAKER;BOT_TAKER;HYDROGEL_PACK;XIRECS;10006.0;2
53300;BOT_TAKER;BOT_MAKER;VEV_4000;XIRECS;1287.0;2
53300;BOT_MAKER;BOT_TAKER;VEV_5500;XIRECS;5.0;5
53300;BOT_MAKER;BOT_TAKER;VEV_6000;XIRECS;0.0;5
53300;BOT_TAKER;BOT_MAKER;VEV_6500;XIRECS;1.0;5
53500;BOT_TAKER;BOT_MAKER;VELVETFRUIT_EXTRACT;XIRECS;5236.0;5
53500;BOT_MAKER;BOT_TAKER;VELVETFRUIT_EXTRACT;XIRECS;5230.0;5
53600;BOT_TAKER;BOT_MAKER;VELVETFRUIT_EXTRACT;XIRECS;5237.0;6
53600;BOT_TAKER;BOT_MAKER;VEV_4000;XIRECS;1288.0;3
53800;BOT_TAKER;BOT_MAKER;VEV_5500;XIRECS;6.0;2
53900;BOT_MAKER;BOT_TAKER;VELVETFRUIT_EXTRACT;XIRECS;5230.0;5
53900;BOT_TAKER;BOT_MAKER;VEV_5500;XIRECS;6.0;2
54000;BOT_TAKER;BOT_MAKER;VEV_4000;XIRECS;1289.0;1
54100;BOT_MAKER;BOT_TAKER;VEV_4000;XIRECS;1267.0;3
54100;BOT_TAKER;BOT_MAKER;VEV_5500;XIRECS;6.0;5
54100;BOT_MAKER;BOT_TAKER;VEV_6500;XIRECS;0.0;4
54200;BOT_TAKER;BOT_MAKER;HYDROGEL_PACK;XIRECS;10021.0;4
54200;BOT_TAKER;BOT_MAKER;VELVETFRUIT_EXTRACT;XIRECS;5233.0;6
54200;BOT_TAKER;BOT_MAKER;VEV_5500;XIRECS;6.0;3
54200;BOT_TAKER;BOT_MAKER;VEV_6000;XIRECS;1.0;2
54200;BOT_MAKER;BOT_TAKER;VEV_6500;XIRECS;0.0;3
54300;BOT_MAKER;BOT_TAKER;VELVETFRUIT_EXTRACT;XIRECS;5228.0;7
54400;BOT_TAKER;BOT_MAKER;HYDROGEL_PACK;XIRECS;10023.0;6
54400;BOT_TAKER;BOT_MAKER;VELVETFRUIT_EXTRACT;XIRECS;5234.0;4
54400;BOT_MAKER;BOT_TAKER;VEV_4000;XIRECS;1268.0;1
54400;BOT_TAKER;BOT_MAKER;VEV_5500;XIRECS;6.0;4
54500;BOT_MAKER;BOT_TAKER;HYDROGEL_PACK;XIRECS;10005.0;5
54500;BOT_TAKER;BOT_MAKER;VELVETFRUIT_EXTRACT;XIRECS;5235.0;14
54500;BOT_MAKER;BOT_TAKER;VEV_5300;XIRECS;62.0;4
54800;BOT_TAKER;BOT_MAKER;VEV_5300;XIRECS;62.0;4
54800;BOT_TAKER;BOT_MAKER;VEV_6000;XIRECS;1.0;3
54900;BOT_MAKER;BOT_TAKER;HYDROGEL_PACK;XIRECS;10008.0;4
54900;BOT_MAKER;BOT_TAKER;VELVETFRUIT_EXTRACT;XIRECS;5228.0;8
54900;BOT_TAKER;BOT_MAKER;VEV_6500;XIRECS;1.0;2
55000;BOT_MAKER;BOT_TAKER;HYDROGEL_PACK;XIRECS;10008.0;3
55000;BOT_MAKER;BOT_TAKER;VEV_4000;XIRECS;1271.0;2
55200;BOT_TAKER;BOT_MAKER;HYDROGEL_PACK;XIRECS;10029.0;5
55300;BOT_TAKER;BOT_MAKER;VELVETFRUIT_EXTRACT;XIRECS;5233.0;3
55300;BOT_TAKER;BOT_MAKER;VEV_4000;XIRECS;1290.0;1
55300;BOT_TAKER;BOT_MAKER;VEV_5200;XIRECS;90.0;4
55400;BOT_TAKER;BOT_MAKER;VEV_6500;XIRECS;1.0;2
55600;BOT_MAKER;BOT_TAKER;HYDROGEL_PACK;XIRECS;10016.0;3
55600;BOT_TAKER;BOT_MAKER;VELVETFRUIT_EXTRACT;XIRECS;5232.0;5
55600;BOT_MAKER;BOT_TAKER;VEV_6500;XIRECS;0.0;2
55700;BOT_TAKER;BOT_MAKER;VELVETFRUIT_EXTRACT;XIRECS;5232.0;5
55800;BOT_TAKER;BOT_MAKER;VEV_5400;XIRECS;21.0;2
55900;BOT_TAKER;BOT_MAKER;VEV_4000;XIRECS;1290.0;2
55900;BOT_MAKER;BOT_TAKER;VEV_6000;XIRECS;0.0;2
56100;BOT_TAKER;BOT_MAKER;VEV_4000;XIRECS;1290.0;2
56200;BOT_MAKER;BOT_TAKER;HYDROGEL_PACK;XIRECS;10015.0;4
56200;BOT_MAKER;BOT_TAKER;VEV_6000;XIRECS;0.0;3
56300;BOT_TAKER;BOT_MAKER;HYDROGEL_PACK;XIRECS;10032.0;2
56400;BOT_TAKER;BOT_MAKER;HYDROGEL_PACK;XIRECS;10033.0;4
56400;BOT_MAKER;BOT_TAKER;HYDROGEL_PACK;XIRECS;10017.0;6
56400;BOT_TAKER;BOT_MAKER;VELVETFRUIT_EXTRACT;XIRECS;5227.0;7
56600;BOT_TAKER;BOT_MAKER;HYDROGEL_PACK;XIRECS;10034.0;4
56700;BOT_TAKER;BOT_MAKER;VEV_4000;XIRECS;1290.0;1
56800;BOT_TAKER;BOT_MAKER;VEV_6500;XIRECS;1.0;2
56900;BOT_TAKER;BOT_MAKER;VEV_4000;XIRECS;1290.0;3
57000;BOT_TAKER;BOT_MAKER;HYDROGEL_PACK;XIRECS;10033.0;5
57000;BOT_TAKER;BOT_MAKER;VEV_6000;XIRECS;1.0;2
57200;BOT_TAKER;BOT_MAKER;VELVETFRUIT_EXTRACT;XIRECS;5227.0;10
57300;BOT_TAKER;BOT_MAKER;VELVETFRUIT_EXTRACT;XIRECS;5227.0;4
57300;BOT_MAKER;BOT_TAKER;VEV_5500;XIRECS;5.0;4
57400;BOT_MAKER;BOT_TAKER;VELVETFRUIT_EXTRACT;XIRECS;5221.0;13
57500;BOT_TAKER;BOT_MAKER;VEV_5500;XIRECS;6.0;2
57600;BOT_TAKER;BOT_MAKER;VELVETFRUIT_EXTRACT;XIRECS;5227.0;8
57700;BOT_MAKER;BOT_TAKER;VELVETFRUIT_EXTRACT;XIRECS;5223.0;6
57800;BOT_TAKER;BOT_MAKER;VEV_5500;XIRECS;6.0;2
57900;BOT_TAKER;BOT_MAKER;VELVETFRUIT_EXTRACT;XIRECS;5227.0;7
57900;BOT_MAKER;BOT_TAKER;VEV_5500;XIRECS;5.0;4
58000;BOT_MAKER;BOT_TAKER;VEV_6500;XIRECS;0.0;3
58100;BOT_MAKER;BOT_TAKER;HYDROGEL_PACK;XIRECS;10016.0;6
58100;BOT_TAKER;BOT_MAKER;VEV_5500;XIRECS;6.0;4
58300;BOT_TAKER;BOT_MAKER;HYDROGEL_PACK;XIRECS;10032.0;6
58300;BOT_MAKER;BOT_TAKER;VELVETFRUIT_EXTRACT;XIRECS;5224.0;8
58500;BOT_MAKER;BOT_TAKER;HYDROGEL_PACK;XIRECS;10014.0;6
58600;BOT_TAKER;BOT_MAKER;VELVETFRUIT_EXTRACT;XIRECS;5227.0;7
58700;BOT_MAKER;BOT_TAKER;VELVETFRUIT_EXTRACT;XIRECS;5222.0;6
58800;BOT_TAKER;BOT_MAKER;HYDROGEL_PACK;XIRECS;10027.0;5
58800;BOT_MAKER;BOT_TAKER;VELVETFRUIT_EXTRACT;XIRECS;5223.0;7
58800;BOT_MAKER;BOT_TAKER;VEV_4000;XIRECS;1268.0;2
58800;BOT_MAKER;BOT_TAKER;VEV_6500;XIRECS;0.0;4
58900;BOT_TAKER;BOT_MAKER;HYDROGEL_PACK;XIRECS;10031.0;3
58900;BOT_MAKER;BOT_TAKER;VEV_4000;XIRECS;1267.0;3
59000;BOT_TAKER;BOT_MAKER;HYDROGEL_PACK;XIRECS;10029.0;3
59000;BOT_TAKER;BOT_MAKER;VELVETFRUIT_EXTRACT;XIRECS;5227.0;6
59000;BOT_MAKER;BOT_TAKER;VEV_4000;XIRECS;1266.0;2
59000;BOT_MAKER;BOT_TAKER;VEV_5400;XIRECS;20.0;3
59100;BOT_MAKER;BOT_TAKER;VEV_6000;XIRECS;0.0;2
59200;BOT_TAKER;BOT_MAKER;VELVETFRUIT_EXTRACT;XIRECS;5228.0;4
59200;BOT_MAKER;BOT_TAKER;VEV_5400;XIRECS;20.0;5
59300;BOT_TAKER;BOT_MAKER;VELVETFRUIT_EXTRACT;XIRECS;5228.0;8
59300;BOT_TAKER;BOT_MAKER;VEV_5500;XIRECS;6.0;4
59400;BOT_MAKER;BOT_TAKER;VEV_4000;XIRECS;1266.0;2
59400;BOT_TAKER;BOT_MAKER;VEV_5400;XIRECS;23.0;5
59400;BOT_MAKER;BOT_TAKER;VEV_6000;XIRECS;0.0;2
59500;BOT_TAKER;BOT_MAKER;HYDROGEL_PACK;XIRECS;10035.0;3
59500;BOT_TAKER;BOT_MAKER;VELVETFRUIT_EXTRACT;XIRECS;5227.0;3
59600;BOT_MAKER;BOT_TAKER;VEV_4000;XIRECS;1266.0;2
59700;BOT_MAKER;BOT_TAKER;HYDROGEL_PACK;XIRECS;10013.0;4
59700;BOT_TAKER;BOT_MAKER;VEV_6000;XIRECS;1.0;2
59800;BOT_MAKER;BOT_TAKER;VEV_6500;XIRECS;0.0;2
59900;BOT_TAKER;BOT_MAKER;HYDROGEL_PACK;XIRECS;10029.0;6
59900;BOT_TAKER;BOT_MAKER;VELVETFRUIT_EXTRACT;XIRECS;5229.0;6
60000;BOT_TAKER;BOT_MAKER;HYDROGEL_PACK;XIRECS;10029.0;6
60000;BOT_TAKER;BOT_MAKER;VELVETFRUIT_EXTRACT;XIRECS;5227.0;7
60000;BOT_MAKER;BOT_TAKER;VEV_5500;XIRECS;5.0;5
60100;BOT_TAKER;BOT_MAKER;HYDROGEL_PACK;XIRECS;10029.0;3
60100;BOT_TAKER;BOT_MAKER;VELVETFRUIT_EXTRACT;XIRECS;5227.0;9
60100;BOT_MAKER;BOT_TAKER;VELVETFRUIT_EXTRACT;XIRECS;5222.0;3
60100;BOT_TAKER;BOT_MAKER;VEV_6000;XIRECS;1.0;2
60200;BOT_TAKER;BOT_MAKER;VELVETFRUIT_EXTRACT;XIRECS;5228.0;6
60300;BOT_MAKER;BOT_TAKER;HYDROGEL_PACK;XIRECS;10015.0;5
60300;BOT_MAKER;BOT_TAKER;VEV_6000;XIRECS;0.0;5
60400;BOT_TAKER;BOT_MAKER;HYDROGEL_PACK;XIRECS;10034.0;6
60400;BOT_MAKER;BOT_TAKER;VELVETFRUIT_EXTRACT;XIRECS;5223.0;8
60400;BOT_TAKER;BOT_MAKER;VEV_5500;XIRECS;6.0;3
60400;BOT_MAKER;BOT_TAKER;VEV_6500;XIRECS;0.0;5
60600;BOT_MAKER;BOT_TAKER;HYDROGEL_PACK;XIRECS;10014.0;3
60800;BOT_TAKER;BOT_MAKER;HYDROGEL_PACK;XIRECS;10033.0;4
60900;BOT_MAKER;BOT_TAKER;VELVETFRUIT_EXTRACT;XIRECS;5219.0;4
60900;BOT_TAKER;BOT_MAKER;VELVETFRUIT_EXTRACT;XIRECS;5225.0;6
60900;BOT_TAKER;BOT_MAKER;VEV_4000;XIRECS;1286.0;3
60900;BOT_TAKER;BOT_MAKER;VEV_6500;XIRECS;1.0;4
61000;BOT_TAKER;BOT_MAKER;VELVETFRUIT_EXTRACT;XIRECS;5224.0;6
61100;BOT_MAKER;BOT_TAKER;HYDROGEL_PACK;XIRECS;10021.0;2
61100;BOT_TAKER;BOT_MAKER;VELVETFRUIT_EXTRACT;XIRECS;5223.0;8
61200;BOT_TAKER;BOT_MAKER;HYDROGEL_PACK;XIRECS;10036.0;3
61200;BOT_TAKER;BOT_MAKER;VELVETFRUIT_EXTRACT;XIRECS;5224.0;9
61300;BOT_MAKER;BOT_TAKER;HYDROGEL_PACK;XIRECS;10017.0;2
61400;BOT_TAKER;BOT_MAKER;VELVETFRUIT_EXTRACT;XIRECS;5222.0;7
61500;BOT_MAKER;BOT_TAKER;VEV_4000;XIRECS;1265.0;3
61800;BOT_MAKER;BOT_TAKER;VEV_5300;XIRECS;62.0;2
61900;BOT_TAKER;BOT_MAKER;VELVETFRUIT_EXTRACT;XIRECS;5222.0;5
61900;BOT_TAKER;BOT_MAKER;VELVETFRUIT_EXTRACT;XIRECS;5222.0;5
61900;BOT_TAKER;BOT_MAKER;VEV_5500;XIRECS;6.0;4
62000;BOT_TAKER;BOT_MAKER;HYDROGEL_PACK;XIRECS;10034.0;5
62000;BOT_TAKER;BOT_MAKER;VELVETFRUIT_EXTRACT;XIRECS;5222.0;3
62000;BOT_MAKER;BOT_TAKER;VEV_5400;XIRECS;21.0;2
62000;BOT_TAKER;BOT_MAKER;VEV_5400;XIRECS;23.0;5
62100;BOT_TAKER;BOT_MAKER;VELVETFRUIT_EXTRACT;XIRECS;5222.0;6
62200;BOT_MAKER;BOT_TAKER;VEV_4000;XIRECS;1265.0;1
62200;BOT_TAKER;BOT_MAKER;VEV_6000;XIRECS;1.0;4
62300;BOT_MAKER;BOT_TAKER;VELVETFRUIT_EXTRACT;XIRECS;5219.0;5
62300;BOT_MAKER;BOT_TAKER;VEV_4000;XIRECS;1267.0;2
62400;BOT_TAKER;BOT_MAKER;HYDROGEL_PACK;XIRECS;10032.0;5
62500;BOT_MAKER;BOT_TAKER;VEV_6500;XIRECS;0.0;2
62600;BOT_MAKER;BOT_TAKER;HYDROGEL_PACK;XIRECS;10015.0;2
62600;BOT_TAKER;BOT_MAKER;VELVETFRUIT_EXTRACT;XIRECS;5222.0;3
62600;BOT_MAKER;BOT_TAKER;VEV_5300;XIRECS;62.0;2
62600;BOT_MAKER;BOT_TAKER;VEV_6000;XIRECS;0.0;5
62700;BOT_TAKER;BOT_MAKER;HYDROGEL_PACK;XIRECS;10029.0;4
62900;BOT_TAKER;BOT_MAKER;HYDROGEL_PACK;XIRECS;10024.0;6
62900;BOT_TAKER;BOT_MAKER;VELVETFRUIT_EXTRACT;XIRECS;5221.0;11
63100;BOT_MAKER;BOT_TAKER;VEV_5500;XIRECS;5.0;3
63200;BOT_MAKER;BOT_TAKER;HYDROGEL_PACK;XIRECS;10005.0;4
63300;BOT_MAKER;BOT_TAKER;VELVETFRUIT_EXTRACT;XIRECS;5214.0;10
63400;BOT_MAKER;BOT_TAKER;HYDROGEL_PACK;XIRECS;10005.0;6
63400;BOT_TAKER;BOT_MAKER;VELVETFRUIT_EXTRACT;XIRECS;5219.0;10
63500;BOT_TAKER;BOT_MAKER;VEV_4000;XIRECS;1294.0;2
63600;BOT_TAKER;BOT_MAKER;VELVETFRUIT_EXTRACT;XIRECS;5221.0;3
63600;BOT_TAKER;BOT_MAKER;VELVETFRUIT_EXTRACT;XIRECS;5221.0;7
63700;BOT_TAKER;BOT_MAKER;VEV_5300;XIRECS;63.0;4
63800;BOT_TAKER;BOT_MAKER;HYDROGEL_PACK;XIRECS;10021.0;6
63800;BOT_TAKER;BOT_MAKER;VEV_6500;XIRECS;1.0;3
63900;BOT_TAKER;BOT_MAKER;HYDROGEL_PACK;XIRECS;10020.0;5
63900;BOT_MAKER;BOT_TAKER;VEV_6500;XIRECS;0.0;5
64000;BOT_TAKER;BOT_MAKER;HYDROGEL_PACK;XIRECS;10020.0;2
64000;BOT_TAKER;BOT_MAKER;VEV_5500;XIRECS;6.0;2
64100;BOT_TAKER;BOT_MAKER;VEV_5500;XIRECS;6.0;3
64100;BOT_MAKER;BOT_TAKER;VEV_6500;XIRECS;0.0;5
64300;BOT_TAKER;BOT_MAKER;VEV_5500;XIRECS;6.0;4
64600;BOT_TAKER;BOT_MAKER;VELVETFRUIT_EXTRACT;XIRECS;5217.0;3
64700;BOT_TAKER;BOT_MAKER;HYDROGEL_PACK;XIRECS;10016.0;6
64700;BOT_TAKER;BOT_MAKER;VELVETFRUIT_EXTRACT;XIRECS;5216.0;3
64900;BOT_MAKER;BOT_TAKER;HYDROGEL_PACK;XIRECS;9996.0;2
65000;BOT_MAKER;BOT_TAKER;VEV_6500;XIRECS;0.0;2
65100;BOT_MAKER;BOT_TAKER;VEV_5400;XIRECS;19.0;4
65200;BOT_TAKER;BOT_MAKER;HYDROGEL_PACK;XIRECS;10015.0;2
65200;BOT_TAKER;BOT_MAKER;VELVETFRUIT_EXTRACT;XIRECS;5214.0;4
65300;BOT_MAKER;BOT_TAKER;VEV_5500;XIRECS;6.0;2
65300;BOT_TAKER;BOT_MAKER;VEV_6500;XIRECS;1.0;5
65500;BOT_MAKER;BOT_TAKER;HYDROGEL_PACK;XIRECS;10002.0;6
65500;BOT_MAKER;BOT_TAKER;VELVETFRUIT_EXTRACT;XIRECS;5209.0;3
65500;BOT_TAKER;BOT_MAKER;VEV_5400;XIRECS;22.0;3
65600;BOT_TAKER;BOT_MAKER;VELVETFRUIT_EXTRACT;XIRECS;5215.0;5
65700;BOT_TAKER;BOT_MAKER;VELVETFRUIT_EXTRACT;XIRECS;5217.0;8
65700;BOT_MAKER;BOT_TAKER;VEV_5400;XIRECS;20.0;5
65800;BOT_TAKER;BOT_MAKER;VEV_4000;XIRECS;1282.0;3
65900;BOT_MAKER;BOT_TAKER;VELVETFRUIT_EXTRACT;XIRECS;5210.0;4
65900;BOT_MAKER;BOT_TAKER;VEV_4000;XIRECS;1260.0;1
65900;BOT_TAKER;BOT_MAKER;VEV_5300;XIRECS;66.0;3
65900;BOT_MAKER;BOT_TAKER;VEV_6000;XIRECS;0.0;5
66000;BOT_TAKER;BOT_MAKER;VELVETFRUIT_EXTRACT;XIRECS;5213.0;8
66100;BOT_MAKER;BOT_TAKER;VELVETFRUIT_EXTRACT;XIRECS;5208.0;3
66400;BOT_TAKER;BOT_MAKER;VEV_4000;XIRECS;1280.0;1
66500;BOT_TAKER;BOT_MAKER;VELVETFRUIT_EXTRACT;XIRECS;5214.0;8
66600;BOT_MAKER;BOT_TAKER;VELVETFRUIT_EXTRACT;XIRECS;5207.0;6
66600;BOT_TAKER;BOT_MAKER;VEV_6500;XIRECS;1.0;4
66800;BOT_MAKER;BOT_TAKER;HYDROGEL_PACK;XIRECS;10008.0;5
66800;BOT_TAKER;BOT_MAKER;VEV_4000;XIRECS;1280.0;3
66900;BOT_TAKER;BOT_MAKER;VELVETFRUIT_EXTRACT;XIRECS;5211.0;6
67000;BOT_TAKER;BOT_MAKER;VELVETFRUIT_EXTRACT;XIRECS;5210.0;4
67100;BOT_TAKER;BOT_MAKER;VELVETFRUIT_EXTRACT;XIRECS;5212.0;3
67100;BOT_MAKER;BOT_TAKER;VEV_5400;XIRECS;20.0;2
67100;BOT_MAKER;BOT_TAKER;VEV_6000;XIRECS;0.0;3
67300;BOT_MAKER;BOT_TAKER;VELVETFRUIT_EXTRACT;XIRECS;5207.0;4
67300;BOT_MAKER;BOT_TAKER;VEV_4000;XIRECS;1256.0;2
67400;BOT_TAKER;BOT_MAKER;VELVETFRUIT_EXTRACT;XIRECS;5211.0;6
67400;BOT_TAKER;BOT_MAKER;VEV_6500;XIRECS;1.0;5
67500;BOT_TAKER;BOT_MAKER;VEV_6500;XIRECS;1.0;2
67600;BOT_TAKER;BOT_MAKER;HYDROGEL_PACK;XIRECS;10024.0;3
67800;BOT_MAKER;BOT_TAKER;VEV_4000;XIRECS;1253.0;2
67800;BOT_MAKER;BOT_TAKER;VEV_6000;XIRECS;0.0;5
67900;BOT_MAKER;BOT_TAKER;VEV_5300;XIRECS;62.0;4
68000;BOT_TAKER;BOT_MAKER;HYDROGEL_PACK;XIRECS;10023.0;5
68000;BOT_MAKER;BOT_TAKER;VELVETFRUIT_EXTRACT;XIRECS;5206.0;3
68000;BOT_TAKER;BOT_MAKER;VEV_4000;XIRECS;1276.0;3
68100;BOT_TAKER;BOT_MAKER;VEV_5500;XIRECS;7.0;2
68200;BOT_TAKER;BOT_MAKER;VELVETFRUIT_EXTRACT;XIRECS;5211.0;15
68200;BOT_TAKER;BOT_MAKER;VEV_4000;XIRECS;1275.0;3
68300;BOT_MAKER;BOT_TAKER;VELVETFRUIT_EXTRACT;XIRECS;5209.0;8
68400;BOT_TAKER;BOT_MAKER;VEV_5500;XIRECS;7.0;5
68500;BOT_MAKER;BOT_TAKER;VELVETFRUIT_EXTRACT;XIRECS;5207.0;3
68600;BOT_MAKER;BOT_TAKER;HYDROGEL_PACK;XIRECS;10005.0;2
68600;BOT_MAKER;BOT_TAKER;VELVETFRUIT_EXTRACT;XIRECS;5207.0;8
68700;BOT_TAKER;BOT_MAKER;HYDROGEL_PACK;XIRECS;10024.0;5
68700;BOT_TAKER;BOT_MAKER;VELVETFRUIT_EXTRACT;XIRECS;5214.0;5
68800;BOT_TAKER;BOT_MAKER;VELVETFRUIT_EXTRACT;XIRECS;5213.0;3
68900;BOT_TAKER;BOT_MAKER;VEV_4000;XIRECS;1275.0;2
68900;BOT_MAKER;BOT_TAKER;VEV_5300;XIRECS;63.0;3
69200;BOT_MAKER;BOT_TAKER;HYDROGEL_PACK;XIRECS;10008.0;3
69200;BOT_TAKER;BOT_MAKER;VELVETFRUIT_EXTRACT;XIRECS;5216.0;6
69400;BOT_TAKER;BOT_MAKER;HYDROGEL_PACK;XIRECS;10026.0;4
69400;BOT_TAKER;BOT_MAKER;VELVETFRUIT_EXTRACT;XIRECS;5217.0;8
69400;BOT_MAKER;BOT_TAKER;VEV_4000;XIRECS;1254.0;1
69400;BOT_TAKER;BOT_MAKER;VEV_6500;XIRECS;1.0;4
69500;BOT_MAKER;BOT_TAKER;VEV_4000;XIRECS;1254.0;1
69500;BOT_TAKER;BOT_MAKER;VEV_5500;XIRECS;6.0;5
69600;BOT_TAKER;BOT_MAKER;HYDROGEL_PACK;XIRECS;10022.0;5
69600;BOT_TAKER;BOT_MAKER;VELVETFRUIT_EXTRACT;XIRECS;5218.0;4
69600;BOT_TAKER;BOT_MAKER;VEV_6500;XIRECS;1.0;2
69700;BOT_MAKER;BOT_TAKER;VELVETFRUIT_EXTRACT;XIRECS;5213.0;6
69700;BOT_MAKER;BOT_TAKER;VEV_4000;XIRECS;1252.0;1
69700;BOT_TAKER;BOT_MAKER;VEV_6500;XIRECS;1.0;2
69800;BOT_MAKER;BOT_TAKER;HYDROGEL_PACK;XIRECS;10002.0;5
69900;BOT_TAKER;BOT_MAKER;VELVETFRUIT_EXTRACT;XIRECS;5216.0;8
70000;BOT_MAKER;BOT_TAKER;VELVETFRUIT_EXTRACT;XIRECS;5210.0;7
70100;BOT_MAKER;BOT_TAKER;HYDROGEL_PACK;XIRECS;10009.0;3
70100;BOT_MAKER;BOT_TAKER;VEV_4000;XIRECS;1255.0;3
70100;BOT_MAKER;BOT_TAKER;VEV_5500;XIRECS;5.0;2
70200;BOT_MAKER;BOT_TAKER;VEV_5500;XIRECS;5.0;2
70200;BOT_TAKER;BOT_MAKER;VEV_6000;XIRECS;1.0;2
70400;BOT_MAKER;BOT_TAKER;VELVETFRUIT_EXTRACT;XIRECS;5208.0;8
70500;BOT_TAKER;BOT_MAKER;HYDROGEL_PACK;XIRECS;10029.0;2
70500;BOT_TAKER;BOT_MAKER;VELVETFRUIT_EXTRACT;XIRECS;5213.0;6
70700;BOT_TAKER;BOT_MAKER;HYDROGEL_PACK;XIRECS;10027.0;6
70800;BOT_TAKER;BOT_MAKER;HYDROGEL_PACK;XIRECS;10029.0;6
70800;BOT_TAKER;BOT_MAKER;VEV_4000;XIRECS;1277.0;3
70900;BOT_MAKER;BOT_TAKER;HYDROGEL_PACK;XIRECS;10014.0;5
71100;BOT_TAKER;BOT_MAKER;VEV_5500;XIRECS;6.0;3
71100;BOT_TAKER;BOT_MAKER;VEV_6500;XIRECS;1.0;2
71200;BOT_MAKER;BOT_TAKER;HYDROGEL_PACK;XIRECS;10018.0;4
71200;BOT_MAKER;BOT_TAKER;VEV_4000;XIRECS;1257.0;3
71200;BOT_TAKER;BOT_MAKER;VEV_5300;XIRECS;61.0;2
71400;BOT_TAKER;BOT_MAKER;VELVETFRUIT_EXTRACT;XIRECS;5209.0;6
71500;BOT_MAKER;BOT_TAKER;VELVETFRUIT_EXTRACT;XIRECS;5205.0;5
71600;BOT_MAKER;BOT_TAKER;VEV_6000;XIRECS;0.0;4
71700;BOT_MAKER;BOT_TAKER;HYDROGEL_PACK;XIRECS;10019.0;2
71800;BOT_TAKER;BOT_MAKER;HYDROGEL_PACK;XIRECS;10035.0;5
71800;BOT_TAKER;BOT_MAKER;VEV_4000;XIRECS;1279.0;3
72100;BOT_MAKER;BOT_TAKER;HYDROGEL_PACK;XIRECS;10016.0;6
72100;BOT_TAKER;BOT_MAKER;VEV_5300;XIRECS;60.0;4
72200;BOT_MAKER;BOT_TAKER;VEV_6000;XIRECS;0.0;5
72300;BOT_TAKER;BOT_MAKER;VELVETFRUIT_EXTRACT;XIRECS;5214.0;8
72400;BOT_MAKER;BOT_TAKER;HYDROGEL_PACK;XIRECS;10015.0;2
72400;BOT_MAKER;BOT_TAKER;VEV_6000;XIRECS;0.0;4
72500;BOT_MAKER;BOT_TAKER;VEV_4000;XIRECS;1257.0;2
72600;BOT_TAKER;BOT_MAKER;VEV_4000;XIRECS;1278.0;1
72700;BOT_TAKER;BOT_MAKER;VELVETFRUIT_EXTRACT;XIRECS;5211.0;8
72700;BOT_MAKER;BOT_TAKER;VEV_4000;XIRECS;1257.0;3
72700;BOT_TAKER;BOT_MAKER;VEV_5300;XIRECS;60.0;5
72800;BOT_TAKER;BOT_MAKER;HYDROGEL_PACK;XIRECS;10034.0;2
72900;BOT_MAKER;BOT_TAKER;HYDROGEL_PACK;XIRECS;10020.0;4
72900;BOT_MAKER;BOT_TAKER;VELVETFRUIT_EXTRACT;XIRECS;5207.0;7
73100;BOT_TAKER;BOT_MAKER;VELVETFRUIT_EXTRACT;XIRECS;5212.0;8
73100;BOT_TAKER;BOT_MAKER;VEV_5500;XIRECS;5.0;5
73200;BOT_MAKER;BOT_TAKER;VELVETFRUIT_EXTRACT;XIRECS;5207.0;5
73500;BOT_TAKER;BOT_MAKER;VEV_5500;XIRECS;6.0;4
73600;BOT_TAKER;BOT_MAKER;HYDROGEL_PACK;XIRECS;10035.0;5
73600;BOT_MAKER;BOT_TAKER;VEV_4000;XIRECS;1256.0;2
73700;BOT_TAKER;BOT_MAKER;HYDROGEL_PACK;XIRECS;10034.0;6
73700;BOT_TAKER;BOT_MAKER;VEV_4000;XIRECS;1277.0;3
73900;BOT_TAKER;BOT_MAKER;VEV_4000;XIRECS;1277.0;2
74000;BOT_MAKER;BOT_TAKER;HYDROGEL_PACK;XIRECS;10015.0;6
74000;BOT_TAKER;BOT_MAKER;VELVETFRUIT_EXTRACT;XIRECS;5211.0;4
74100;BOT_MAKER;BOT_TAKER;VEV_4000;XIRECS;1253.0;2
74300;BOT_MAKER;BOT_TAKER;VELVETFRUIT_EXTRACT;XIRECS;5205.0;8
74500;BOT_TAKER;BOT_MAKER;VEV_5300;XIRECS;58.0;2
74900;BOT_MAKER;BOT_TAKER;HYDROGEL_PACK;XIRECS;10022.0;2
74900;BOT_TAKER;BOT_MAKER;VEV_5400;XIRECS;21.0;5
75000;BOT_MAKER;BOT_TAKER;HYDROGEL_PACK;XIRECS;10017.0;4
75000;BOT_TAKER;BOT_MAKER;VEV_5500;XIRECS;6.0;2
75300;BOT_MAKER;BOT_TAKER;VEV_5400;XIRECS;20.0;2
75400;BOT_TAKER;BOT_MAKER;VEV_4000;XIRECS;1272.0;3
75400;BOT_MAKER;BOT_TAKER;VEV_6000;XIRECS;0.0;2
75500;BOT_TAKER;BOT_MAKER;HYDROGEL_PACK;XIRECS;10027.0;5
75500;BOT_MAKER;BOT_TAKER;VEV_5500;XIRECS;5.0;5
75600;BOT_TAKER;BOT_MAKER;VELVETFRUIT_EXTRACT;XIRECS;5208.0;5
75600;BOT_TAKER;BOT_MAKER;VELVETFRUIT_EXTRACT;XIRECS;5208.0;3
75700;BOT_TAKER;BOT_MAKER;HYDROGEL_PACK;XIRECS;10019.0;4
75700;BOT_TAKER;BOT_MAKER;VELVETFRUIT_EXTRACT;XIRECS;5209.0;3
75700;BOT_TAKER;BOT_MAKER;VEV_6500;XIRECS;1.0;4
75800;BOT_MAKER;BOT_TAKER;HYDROGEL_PACK;XIRECS;10003.0;2
75900;BOT_TAKER;BOT_MAKER;VEV_5200;XIRECS;77.0;3
76100;BOT_MAKER;BOT_TAKER;VELVETFRUIT_EXTRACT;XIRECS;5198.0;5
76200;BOT_TAKER;BOT_MAKER;VEV_4000;XIRECS;1267.0;3
76300;BOT_MAKER;BOT_TAKER;VELVETFRUIT_EXTRACT;XIRECS;5198.0;7
76300;BOT_MAKER;BOT_TAKER;VEV_4000;XIRECS;1246.0;2
76400;BOT_MAKER;BOT_TAKER;HYDROGEL_PACK;XIRECS;10005.0;6
76500;BOT_TAKER;BOT_MAKER;HYDROGEL_PACK;XIRECS;10023.0;6
76500;BOT_MAKER;BOT_TAKER;VEV_4000;XIRECS;1246.0;1
76600;BOT_MAKER;BOT_TAKER;VELVETFRUIT_EXTRACT;XIRECS;5200.0;7
76700;BOT_MAKER;BOT_TAKER;HYDROGEL_PACK;XIRECS;10006.0;5
76800;BOT_MAKER;BOT_TAKER;VELVETFRUIT_EXTRACT;XIRECS;5200.0;5
76900;BOT_TAKER;BOT_MAKER;VEV_6500;XIRECS;1.0;4
77000;BOT_TAKER;BOT_MAKER;HYDROGEL_PACK;XIRECS;10018.0;2
77000;BOT_TAKER;BOT_MAKER;VEV_5400;XIRECS;21.0;2
77200;BOT_MAKER;BOT_TAKER;VELVETFRUIT_EXTRACT;XIRECS;5200.0;8
77300;BOT_MAKER;BOT_TAKER;VEV_4000;XIRECS;1242.0;2
77400;BOT_TAKER;BOT_MAKER;HYDROGEL_PACK;XIRECS;10020.0;5
77400;BOT_MAKER;BOT_TAKER;VELVETFRUIT_EXTRACT;XIRECS;5200.0;8
77400;BOT_MAKER;BOT_TAKER;VEV_6500;XIRECS;0.0;3
77500;BOT_TAKER;BOT_MAKER;HYDROGEL_PACK;XIRECS;10018.0;6
77700;BOT_MAKER;BOT_TAKER;VEV_5500;XIRECS;5.0;3
77800;BOT_MAKER;BOT_TAKER;HYDROGEL_PACK;XIRECS;10005.0;4
77800;BOT_MAKER;BOT_TAKER;VELVETFRUIT_EXTRACT;XIRECS;5201.0;4
77900;BOT_TAKER;BOT_MAKER;VEV_6000;XIRECS;1.0;2
78000;BOT_MAKER;BOT_TAKER;HYDROGEL_PACK;XIRECS;10006.0;2
78000;BOT_TAKER;BOT_MAKER;VELVETFRUIT_EXTRACT;XIRECS;5209.0;7
78100;BOT_MAKER;BOT_TAKER;HYDROGEL_PACK;XIRECS;10004.0;6
78200;BOT_TAKER;BOT_MAKER;HYDROGEL_PACK;XIRECS;10022.0;5
78200;BOT_MAKER;BOT_TAKER;VELVETFRUIT_EXTRACT;XIRECS;5204.0;9
78300;BOT_TAKER;BOT_MAKER;VEV_5500;XIRECS;6.0;5
78400;BOT_MAKER;BOT_TAKER;HYDROGEL_PACK;XIRECS;10008.0;4
78400;BOT_TAKER;BOT_MAKER;VELVETFRUIT_EXTRACT;XIRECS;5209.0;3
78500;BOT_MAKER;BOT_TAKER;HYDROGEL_PACK;XIRECS;10008.0;5
78500;BOT_MAKER;BOT_TAKER;VELVETFRUIT_EXTRACT;XIRECS;5204.0;7
78500;BOT_MAKER;BOT_TAKER;VEV_4000;XIRECS;1244.0;1
78500;BOT_MAKER;BOT_TAKER;VEV_5400;XIRECS;20.0;3
78500;BOT_TAKER;BOT_MAKER;VEV_6000;XIRECS;1.0;2
78600;BOT_MAKER;BOT_TAKER;HYDROGEL_PACK;XIRECS;10008.0;5
78600;BOT_MAKER;BOT_TAKER;VEV_5400;XIRECS;21.0;4
78700;BOT_MAKER;BOT_TAKER;VELVETFRUIT_EXTRACT;XIRECS;5205.0;7
78700;BOT_TAKER;BOT_MAKER;VELVETFRUIT_EXTRACT;XIRECS;5210.0;10
78800;BOT_TAKER;BOT_MAKER;VELVETFRUIT_EXTRACT;XIRECS;5212.0;15
78900;BOT_TAKER;BOT_MAKER;HYDROGEL_PACK;XIRECS;10020.0;6
78900;BOT_MAKER;BOT_TAKER;VEV_5400;XIRECS;20.0;5
78900;BOT_TAKER;BOT_MAKER;VEV_6000;XIRECS;1.0;3
79000;BOT_TAKER;BOT_MAKER;HYDROGEL_PACK;XIRECS;10021.0;3
79000;BOT_MAKER;BOT_TAKER;VEV_5400;XIRECS;20.0;4
79000;BOT_TAKER;BOT_MAKER;VEV_6000;XIRECS;1.0;3
79100;BOT_MAKER;BOT_TAKER;HYDROGEL_PACK;XIRECS;10003.0;3
79100;BOT_TAKER;BOT_MAKER;VELVETFRUIT_EXTRACT;XIRECS;5211.0;6
79200;BOT_MAKER;BOT_TAKER;HYDROGEL_PACK;XIRECS;10006.0;6
79200;BOT_MAKER;BOT_TAKER;VELVETFRUIT_EXTRACT;XIRECS;5204.0;7
79300;BOT_MAKER;BOT_TAKER;VEV_5500;XIRECS;5.0;3
79300;BOT_TAKER;BOT_MAKER;VEV_6000;XIRECS;1.0;2
79400;BOT_TAKER;BOT_MAKER;VEV_4000;XIRECS;1270.0;2
79500;BOT_MAKER;BOT_TAKER;VEV_4000;XIRECS;1249.0;3
79500;BOT_TAKER;BOT_MAKER;VEV_5300;XIRECS;58.0;2
79600;BOT_TAKER;BOT_MAKER;VEV_5500;XIRECS;6.0;2
79700;BOT_MAKER;BOT_TAKER;HYDROGEL_PACK;XIRECS;9999.0;3
79700;BOT_TAKER;BOT_MAKER;VEV_6500;XIRECS;1.0;3
79800;BOT_TAKER;BOT_MAKER;VEV_4000;XIRECS;1267.0;2
79800;BOT_MAKER;BOT_TAKER;VEV_6000;XIRECS;0.0;2
79900;BOT_TAKER;BOT_MAKER;HYDROGEL_PACK;XIRECS;10016.0;5
79900;BOT_TAKER;BOT_MAKER;VELVETFRUIT_EXTRACT;XIRECS;5211.0;7
79900;BOT_TAKER;BOT_MAKER;VEV_6500;XIRECS;1.0;4
80000;BOT_TAKER;BOT_MAKER;HYDROGEL_PACK;XIRECS;10017.0;3
80000;BOT_TAKER;BOT_MAKER;VELVETFRUIT_EXTRACT;XIRECS;5210.0;7
80100;BOT_TAKER;BOT_MAKER;HYDROGEL_PACK;XIRECS;10014.0;2
80100;BOT_MAKER;BOT_TAKER;VELVETFRUIT_EXTRACT;XIRECS;5206.0;3
80100;BOT_MAKER;BOT_TAKER;VELVETFRUIT_EXTRACT;XIRECS;5206.0;6
80300;BOT_MAKER;BOT_TAKER;HYDROGEL_PACK;XIRECS;9992.0;4
80300;BOT_TAKER;BOT_MAKER;VELVETFRUIT_EXTRACT;XIRECS;5212.0;5
80400;BOT_MAKER;BOT_TAKER;HYDROGEL_PACK;XIRECS;9988.0;4
80400;BOT_TAKER;BOT_MAKER;VELVETFRUIT_EXTRACT;XIRECS;5212.0;3
80400;BOT_MAKER;BOT_TAKER;VEV_6000;XIRECS;0.0;4
80600;BOT_TAKER;BOT_MAKER;HYDROGEL_PACK;XIRECS;10006.0;2
80600;BOT_TAKER;BOT_MAKER;VELVETFRUIT_EXTRACT;XIRECS;5212.0;7
80600;BOT_MAKER;BOT_TAKER;VEV_4000;XIRECS;1243.0;3
80700;BOT_TAKER;BOT_MAKER;VEV_6500;XIRECS;1.0;4
80800;BOT_TAKER;BOT_MAKER;HYDROGEL_PACK;XIRECS;10008.0;5
80900;BOT_TAKER;BOT_MAKER;HYDROGEL_PACK;XIRECS;10009.0;5
81000;BOT_TAKER;BOT_MAKER;VELVETFRUIT_EXTRACT;XIRECS;5208.0;8
81200;BOT_TAKER;BOT_MAKER;VELVETFRUIT_EXTRACT;XIRECS;5207.0;4
81200;BOT_MAKER;BOT_TAKER;VEV_6000;XIRECS;0.0;5
81300;BOT_TAKER;BOT_MAKER;VELVETFRUIT_EXTRACT;XIRECS;5206.0;6
81300;BOT_MAKER;BOT_TAKER;VEV_6000;XIRECS;0.0;4
81400;BOT_MAKER;BOT_TAKER;HYDROGEL_PACK;XIRECS;9993.0;4
81500;BOT_TAKER;BOT_MAKER;VELVETFRUIT_EXTRACT;XIRECS;5205.0;5
81500;BOT_TAKER;BOT_MAKER;VEV_4000;XIRECS;1262.0;3
81500;BOT_TAKER;BOT_MAKER;VEV_6000;XIRECS;1.0;4
81600;BOT_TAKER;BOT_MAKER;HYDROGEL_PACK;XIRECS;10011.0;6
81800;BOT_MAKER;BOT_TAKER;VELVETFRUIT_EXTRACT;XIRECS;5200.0;3
81900;BOT_MAKER;BOT_TAKER;VELVETFRUIT_EXTRACT;XIRECS;5199.0;3
81900;BOT_MAKER;BOT_TAKER;VEV_4000;XIRECS;1238.0;2
82000;BOT_TAKER;BOT_MAKER;VELVETFRUIT_EXTRACT;XIRECS;5204.0;8
82000;BOT_TAKER;BOT_MAKER;VEV_5400;XIRECS;19.0;5
82100;BOT_TAKER;BOT_MAKER;VELVETFRUIT_EXTRACT;XIRECS;5204.0;4
82300;BOT_TAKER;BOT_MAKER;HYDROGEL_PACK;XIRECS;10000.0;2
82300;BOT_TAKER;BOT_MAKER;VEV_5200;XIRECS;75.0;2
82500;BOT_MAKER;BOT_TAKER;VEV_5400;XIRECS;19.0;5
82500;BOT_MAKER;BOT_TAKER;VEV_6500;XIRECS;0.0;2
82600;BOT_TAKER;BOT_MAKER;VEV_4000;XIRECS;1261.0;1
82700;BOT_MAKER;BOT_TAKER;VELVETFRUIT_EXTRACT;XIRECS;5202.0;8
82800;BOT_TAKER;BOT_MAKER;HYDROGEL_PACK;XIRECS;9998.0;3
82800;BOT_TAKER;BOT_MAKER;VELVETFRUIT_EXTRACT;XIRECS;5208.0;6
82900;BOT_TAKER;BOT_MAKER;HYDROGEL_PACK;XIRECS;10001.0;3
83000;BOT_MAKER;BOT_TAKER;HYDROGEL_PACK;XIRECS;9981.0;2
83000;BOT_TAKER;BOT_MAKER;VELVETFRUIT_EXTRACT;XIRECS;5209.0;7
83200;BOT_MAKER;BOT_TAKER;VELVETFRUIT_EXTRACT;XIRECS;5204.0;8
83200;BOT_MAKER;BOT_TAKER;VEV_6500;XIRECS;0.0;4
83300;BOT_TAKER;BOT_MAKER;VELVETFRUIT_EXTRACT;XIRECS;5209.0;7
83400;BOT_TAKER;BOT_MAKER;VELVETFRUIT_EXTRACT;XIRECS;5209.0;6
83600;BOT_MAKER;BOT_TAKER;VELVETFRUIT_EXTRACT;XIRECS;5204.0;4
83900;BOT_MAKER;BOT_TAKER;HYDROGEL_PACK;XIRECS;9967.0;3
84000;BOT_TAKER;BOT_MAKER;VEV_5400;XIRECS;21.0;2
84000;BOT_MAKER;BOT_TAKER;VEV_6000;XIRECS;0.0;3
84100;BOT_TAKER;BOT_MAKER;VELVETFRUIT_EXTRACT;XIRECS;5205.0;4
84200;BOT_MAKER;BOT_TAKER;VEV_4000;XIRECS;1239.0;3
84300;BOT_TAKER;BOT_MAKER;VEV_5500;XIRECS;6.0;5
84400;BOT_TAKER;BOT_MAKER;VELVETFRUIT_EXTRACT;XIRECS;5204.0;7
84400;BOT_MAKER;BOT_TAKER;VEV_4000;XIRECS;1237.0;3
84600;BOT_MAKER;BOT_TAKER;HYDROGEL_PACK;XIRECS;9966.0;3
84700;BOT_MAKER;BOT_TAKER;HYDROGEL_PACK;XIRECS;9966.0;6
84700;BOT_TAKER;BOT_MAKER;VELVETFRUIT_EXTRACT;XIRECS;5204.0;3
84700;BOT_MAKER;BOT_TAKER;VEV_5300;XIRECS;56.0;2
84800;BOT_TAKER;BOT_MAKER;HYDROGEL_PACK;XIRECS;9980.0;3
84900;BOT_MAKER;BOT_TAKER;HYDROGEL_PACK;XIRECS;9964.0;2
84900;BOT_MAKER;BOT_TAKER;VELVETFRUIT_EXTRACT;XIRECS;5196.0;3
85000;BOT_TAKER;BOT_MAKER;VEV_4000;XIRECS;1260.0;1
85100;BOT_MAKER;BOT_TAKER;HYDROGEL_PACK;XIRECS;9965.0;2
85100;BOT_MAKER;BOT_TAKER;VELVETFRUIT_EXTRACT;XIRECS;5196.0;4
85100;BOT_MAKER;BOT_TAKER;VEV_5500;XIRECS;5.0;2
85200;BOT_TAKER;BOT_MAKER;HYDROGEL_PACK;XIRECS;9983.0;5
85200;BOT_TAKER;BOT_MAKER;VELVETFRUIT_EXTRACT;XIRECS;5202.0;6
85300;BOT_TAKER;BOT_MAKER;VELVETFRUIT_EXTRACT;XIRECS;5203.0;7
85400;BOT_TAKER;BOT_MAKER;VEV_6000;XIRECS;1.0;3
85500;BOT_MAKER;BOT_TAKER;VELVETFRUIT_EXTRACT;XIRECS;5197.0;4
85600;BOT_TAKER;BOT_MAKER;VELVETFRUIT_EXTRACT;XIRECS;5201.0;8
85600;BOT_MAKER;BOT_TAKER;VEV_6000;XIRECS;0.0;5
85700;BOT_MAKER;BOT_TAKER;HYDROGEL_PACK;XIRECS;9965.0;5
85700;BOT_MAKER;BOT_TAKER;VELVETFRUIT_EXTRACT;XIRECS;5198.0;7
85700;BOT_MAKER;BOT_TAKER;VEV_5500;XIRECS;5.0;5
85900;BOT_MAKER;BOT_TAKER;VELVETFRUIT_EXTRACT;XIRECS;5196.0;8
86000;BOT_TAKER;BOT_MAKER;HYDROGEL_PACK;XIRECS;9979.0;6
86000;BOT_TAKER;BOT_MAKER;VELVETFRUIT_EXTRACT;XIRECS;5203.0;13
86000;BOT_MAKER;BOT_TAKER;VEV_4000;XIRECS;1239.0;2
86200;BOT_TAKER;BOT_MAKER;VEV_6500;XIRECS;1.0;3
86300;BOT_TAKER;BOT_MAKER;VELVETFRUIT_EXTRACT;XIRECS;5202.0;3
86300;BOT_TAKER;BOT_MAKER;VELVETFRUIT_EXTRACT;XIRECS;5202.0;7
86400;BOT_TAKER;BOT_MAKER;VELVETFRUIT_EXTRACT;XIRECS;5204.0;7
86500;BOT_MAKER;BOT_TAKER;VEV_4000;XIRECS;1240.0;1
86600;BOT_MAKER;BOT_TAKER;VEV_5300;XIRECS;53.0;5
86900;BOT_TAKER;BOT_MAKER;VEV_4000;XIRECS;1264.0;2
87100;BOT_TAKER;BOT_MAKER;VELVETFRUIT_EXTRACT;XIRECS;5204.0;7
87100;BOT_MAKER;BOT_TAKER;VEV_4000;XIRECS;1243.0;2
87200;BOT_MAKER;BOT_TAKER;VELVETFRUIT_EXTRACT;XIRECS;5199.0;8
87200;BOT_TAKER;BOT_MAKER;VEV_5500;XIRECS;6.0;2
87400;BOT_TAKER;BOT_MAKER;HYDROGEL_PACK;XIRECS;9987.0;6
87400;BOT_MAKER;BOT_TAKER;VEV_5400;XIRECS;20.0;4
87600;BOT_TAKER;BOT_MAKER;VEV_5100;XIRECS;172.0;1
87600;BOT_TAKER;BOT_MAKER;VEV_5500;XIRECS;6.0;5
87700;BOT_TAKER;BOT_MAKER;VEV_4000;XIRECS;1267.0;1
87700;BOT_MAKER;BOT_TAKER;VEV_6000;XIRECS;0.0;4
87800;BOT_TAKER;BOT_MAKER;HYDROGEL_PACK;XIRECS;9987.0;2
87800;BOT_TAKER;BOT_MAKER;VELVETFRUIT_EXTRACT;XIRECS;5207.0;6
87800;BOT_MAKER;BOT_TAKER;VEV_6000;XIRECS;0.0;3
88000;BOT_TAKER;BOT_MAKER;HYDROGEL_PACK;XIRECS;9991.0;4
88100;BOT_TAKER;BOT_MAKER;VELVETFRUIT_EXTRACT;XIRECS;5207.0;8
88200;BOT_TAKER;BOT_MAKER;HYDROGEL_PACK;XIRECS;9996.0;5
88200;BOT_TAKER;BOT_MAKER;VEV_4000;XIRECS;1269.0;1
88300;BOT_TAKER;BOT_MAKER;HYDROGEL_PACK;XIRECS;9997.0;6
88300;BOT_TAKER;BOT_MAKER;VELVETFRUIT_EXTRACT;XIRECS;5205.0;7
88300;BOT_TAKER;BOT_MAKER;VEV_6000;XIRECS;1.0;5
88500;BOT_TAKER;BOT_MAKER;VELVETFRUIT_EXTRACT;XIRECS;5206.0;6
88600;BOT_MAKER;BOT_TAKER;HYDROGEL_PACK;XIRECS;9978.0;6
88800;BOT_MAKER;BOT_TAKER;VELVETFRUIT_EXTRACT;XIRECS;5201.0;3
88800;BOT_TAKER;BOT_MAKER;VEV_5300;XIRECS;56.0;2
88900;BOT_MAKER;BOT_TAKER;HYDROGEL_PACK;XIRECS;9977.0;5
88900;BOT_TAKER;BOT_MAKER;VELVETFRUIT_EXTRACT;XIRECS;5209.0;8
88900;BOT_MAKER;BOT_TAKER;VELVETFRUIT_EXTRACT;XIRECS;5203.0;3
88900;BOT_MAKER;BOT_TAKER;VEV_5500;XIRECS;5.0;5
89000;BOT_MAKER;BOT_TAKER;VELVETFRUIT_EXTRACT;XIRECS;5204.0;4
89200;BOT_TAKER;BOT_MAKER;VEV_4000;XIRECS;1264.0;3
89300;BOT_MAKER;BOT_TAKER;HYDROGEL_PACK;XIRECS;9986.0;4
89400;BOT_MAKER;BOT_TAKER;HYDROGEL_PACK;XIRECS;9982.0;3
89600;BOT_TAKER;BOT_MAKER;HYDROGEL_PACK;XIRECS;9998.0;5
89600;BOT_MAKER;BOT_TAKER;VEV_5300;XIRECS;54.0;5
89700;BOT_MAKER;BOT_TAKER;HYDROGEL_PACK;XIRECS;9985.0;4
89800;BOT_MAKER;BOT_TAKER;VELVETFRUIT_EXTRACT;XIRECS;5208.0;5
89800;BOT_MAKER;BOT_TAKER;VEV_6000;XIRECS;0.0;4
90000;BOT_TAKER;BOT_MAKER;VELVETFRUIT_EXTRACT;XIRECS;5212.0;8
90000;BOT_MAKER;BOT_TAKER;VEV_5300;XIRECS;53.0;4
90000;BOT_MAKER;BOT_TAKER;VEV_6500;XIRECS;0.0;4
90100;BOT_MAKER;BOT_TAKER;VELVETFRUIT_EXTRACT;XIRECS;5205.0;8
90100;BOT_MAKER;BOT_TAKER;VELVETFRUIT_EXTRACT;XIRECS;5205.0;5
90200;BOT_TAKER;BOT_MAKER;HYDROGEL_PACK;XIRECS;10002.0;4
90200;BOT_MAKER;BOT_TAKER;VEV_4000;XIRECS;1245.0;3
90300;BOT_TAKER;BOT_MAKER;VELVETFRUIT_EXTRACT;XIRECS;5210.0;8
90400;BOT_MAKER;BOT_TAKER;VEV_5500;XIRECS;5.0;5
90500;BOT_MAKER;BOT_TAKER;HYDROGEL_PACK;XIRECS;9976.0;4
90500;BOT_MAKER;BOT_TAKER;VELVETFRUIT_EXTRACT;XIRECS;5205.0;7
90500;BOT_TAKER;BOT_MAKER;VEV_4000;XIRECS;1266.0;3
90500;BOT_TAKER;BOT_MAKER;VEV_6000;XIRECS;1.0;4
90600;BOT_TAKER;BOT_MAKER;HYDROGEL_PACK;XIRECS;9992.0;4
90600;BOT_TAKER;BOT_MAKER;VELVETFRUIT_EXTRACT;XIRECS;5210.0;5
90700;BOT_MAKER;BOT_TAKER;HYDROGEL_PACK;XIRECS;9973.0;6
90800;BOT_MAKER;BOT_TAKER;HYDROGEL_PACK;XIRECS;9973.0;2
90800;BOT_MAKER;BOT_TAKER;VELVETFRUIT_EXTRACT;XIRECS;5205.0;5
91100;BOT_MAKER;BOT_TAKER;HYDROGEL_PACK;XIRECS;9973.0;4
91100;BOT_TAKER;BOT_MAKER;VELVETFRUIT_EXTRACT;XIRECS;5215.0;7
91100;BOT_MAKER;BOT_TAKER;VEV_6000;XIRECS;0.0;4
91400;BOT_TAKER;BOT_MAKER;HYDROGEL_PACK;XIRECS;9995.0;5
91400;BOT_MAKER;BOT_TAKER;HYDROGEL_PACK;XIRECS;9979.0;6
91500;BOT_MAKER;BOT_TAKER;HYDROGEL_PACK;XIRECS;9978.0;5
91700;BOT_MAKER;BOT_TAKER;VELVETFRUIT_EXTRACT;XIRECS;5212.0;8
91800;BOT_TAKER;BOT_MAKER;VEV_5400;XIRECS;23.0;4
91900;BOT_MAKER;BOT_TAKER;HYDROGEL_PACK;XIRECS;9983.0;4
91900;BOT_MAKER;BOT_TAKER;VELVETFRUIT_EXTRACT;XIRECS;5214.0;6
92000;BOT_MAKER;BOT_TAKER;HYDROGEL_PACK;XIRECS;9986.0;3
92000;BOT_MAKER;BOT_TAKER;VELVETFRUIT_EXTRACT;XIRECS;5215.0;6
92200;BOT_MAKER;BOT_TAKER;VEV_6500;XIRECS;0.0;3
92300;BOT_TAKER;BOT_MAKER;VELVETFRUIT_EXTRACT;XIRECS;5220.0;9
92400;BOT_TAKER;BOT_MAKER;VELVETFRUIT_EXTRACT;XIRECS;5220.0;9
92500;BOT_TAKER;BOT_MAKER;VELVETFRUIT_EXTRACT;XIRECS;5221.0;3
92500;BOT_MAKER;BOT_TAKER;VEV_6500;XIRECS;0.0;3
92700;BOT_MAKER;BOT_TAKER;HYDROGEL_PACK;XIRECS;9984.0;3
92700;BOT_MAKER;BOT_TAKER;VEV_4000;XIRECS;1246.0;2
92700;BOT_TAKER;BOT_MAKER;VEV_6000;XIRECS;1.0;5
92900;BOT_MAKER;BOT_TAKER;HYDROGEL_PACK;XIRECS;9994.0;6
92900;BOT_TAKER;BOT_MAKER;VEV_5500;XIRECS;7.0;4
93100;BOT_TAKER;BOT_MAKER;HYDROGEL_PACK;XIRECS;10011.0;4
93100;BOT_MAKER;BOT_TAKER;VELVETFRUIT_EXTRACT;XIRECS;5218.0;7
93200;BOT_MAKER;BOT_TAKER;HYDROGEL_PACK;XIRECS;9995.0;5
93300;BOT_MAKER;BOT_TAKER;VEV_4000;XIRECS;1247.0;1
93300;BOT_MAKER;BOT_TAKER;VEV_4000;XIRECS;1247.0;2
93600;BOT_MAKER;BOT_TAKER;VEV_4000;XIRECS;1249.0;3
93700;BOT_MAKER;BOT_TAKER;VELVETFRUIT_EXTRACT;XIRECS;5214.0;8
93700;BOT_TAKER;BOT_MAKER;VEV_4000;XIRECS;1270.0;3
93700;BOT_TAKER;BOT_MAKER;VEV_5300;XIRECS;58.0;5
93700;BOT_TAKER;BOT_MAKER;VEV_5400;XIRECS;22.0;2
93800;BOT_TAKER;BOT_MAKER;VEV_5300;XIRECS;58.0;5
93900;BOT_TAKER;BOT_MAKER;HYDROGEL_PACK;XIRECS;10016.0;6
93900;BOT_MAKER;BOT_TAKER;VELVETFRUIT_EXTRACT;XIRECS;5215.0;7
93900;BOT_MAKER;BOT_TAKER;VEV_5500;XIRECS;6.0;4
94100;BOT_MAKER;BOT_TAKER;HYDROGEL_PACK;XIRECS;10002.0;6
94100;BOT_MAKER;BOT_TAKER;VEV_5300;XIRECS;57.0;3
94300;BOT_MAKER;BOT_TAKER;VELVETFRUIT_EXTRACT;XIRECS;5213.0;6
94400;BOT_MAKER;BOT_TAKER;HYDROGEL_PACK;XIRECS;10004.0;6
94400;BOT_MAKER;BOT_TAKER;VEV_5300;XIRECS;57.0;4
94500;BOT_TAKER;BOT_MAKER;HYDROGEL_PACK;XIRECS;10019.0;5
94600;BOT_MAKER;BOT_TAKER;VEV_6500;XIRECS;0.0;2
94700;BOT_TAKER;BOT_MAKER;VEV_4000;XIRECS;1272.0;2
94700;BOT_TAKER;BOT_MAKER;VEV_6000;XIRECS;1.0;3
94800;BOT_TAKER;BOT_MAKER;VELVETFRUIT_EXTRACT;XIRECS;5218.0;7
94800;BOT_MAKER;BOT_TAKER;VELVETFRUIT_EXTRACT;XIRECS;5213.0;3
94900;BOT_MAKER;BOT_TAKER;HYDROGEL_PACK;XIRECS;10004.0;2
94900;BOT_MAKER;BOT_TAKER;VELVETFRUIT_EXTRACT;XIRECS;5214.0;4
94900;BOT_MAKER;BOT_TAKER;VEV_5500;XIRECS;5.0;2
95000;BOT_TAKER;BOT_MAKER;VELVETFRUIT_EXTRACT;XIRECS;5221.0;6
95100;BOT_MAKER;BOT_TAKER;HYDROGEL_PACK;XIRECS;10002.0;4
95100;BOT_TAKER;BOT_MAKER;VELVETFRUIT_EXTRACT;XIRECS;5221.0;6
95100;BOT_MAKER;BOT_TAKER;VEV_4000;XIRECS;1254.0;3
95300;BOT_MAKER;BOT_TAKER;HYDROGEL_PACK;XIRECS;10002.0;3
95300;BOT_MAKER;BOT_TAKER;VEV_5400;XIRECS;20.0;4
95300;BOT_TAKER;BOT_MAKER;VEV_6000;XIRECS;1.0;5
95500;BOT_MAKER;BOT_TAKER;HYDROGEL_PACK;XIRECS;9998.0;4
95500;BOT_TAKER;BOT_MAKER;VEV_5500;XIRECS;6.0;4
95500;BOT_MAKER;BOT_TAKER;VEV_6000;XIRECS;0.0;4
95600;BOT_TAKER;BOT_MAKER;VELVETFRUIT_EXTRACT;XIRECS;5223.0;6
95600;BOT_MAKER;BOT_TAKER;VEV_5400;XIRECS;20.0;4
95700;BOT_TAKER;BOT_MAKER;HYDROGEL_PACK;XIRECS;10009.0;5
95700;BOT_TAKER;BOT_MAKER;VELVETFRUIT_EXTRACT;XIRECS;5224.0;6
95800;BOT_MAKER;BOT_TAKER;VEV_4000;XIRECS;1260.0;2
95800;BOT_TAKER;BOT_MAKER;VEV_6000;XIRECS;1.0;2
96000;BOT_MAKER;BOT_TAKER;VELVETFRUIT_EXTRACT;XIRECS;5216.0;8
96100;BOT_TAKER;BOT_MAKER;HYDROGEL_PACK;XIRECS;10007.0;6
96100;BOT_TAKER;BOT_MAKER;VEV_4000;XIRECS;1282.0;1
96100;BOT_TAKER;BOT_MAKER;VEV_6500;XIRECS;1.0;2
96200;BOT_MAKER;BOT_TAKER;VELVETFRUIT_EXTRACT;XIRECS;5215.0;8
96300;BOT_MAKER;BOT_TAKER;HYDROGEL_PACK;XIRECS;9990.0;3
96300;BOT_MAKER;BOT_TAKER;VEV_4000;XIRECS;1262.0;3
96400;BOT_TAKER;BOT_MAKER;HYDROGEL_PACK;XIRECS;10003.0;2
96400;BOT_MAKER;BOT_TAKER;VELVETFRUIT_EXTRACT;XIRECS;5214.0;3
96400;BOT_TAKER;BOT_MAKER;VELVETFRUIT_EXTRACT;XIRECS;5219.0;4
96400;BOT_TAKER;BOT_MAKER;VEV_5400;XIRECS;21.0;4
96500;BOT_MAKER;BOT_TAKER;HYDROGEL_PACK;XIRECS;9988.0;3
96500;BOT_MAKER;BOT_TAKER;VEV_5500;XIRECS;5.0;5
96600;BOT_MAKER;BOT_TAKER;VEV_5500;XIRECS;5.0;3
96700;BOT_MAKER;BOT_TAKER;VELVETFRUIT_EXTRACT;XIRECS;5213.0;4
96700;BOT_TAKER;BOT_MAKER;VEV_5400;XIRECS;22.0;5
96700;BOT_TAKER;BOT_MAKER;VEV_6500;XIRECS;1.0;4
96800;BOT_TAKER;BOT_MAKER;VELVETFRUIT_EXTRACT;XIRECS;5220.0;6
96900;BOT_TAKER;BOT_MAKER;VELVETFRUIT_EXTRACT;XIRECS;5219.0;4
96900;BOT_MAKER;BOT_TAKER;VEV_4000;XIRECS;1260.0;2
97100;BOT_TAKER;BOT_MAKER;VELVETFRUIT_EXTRACT;XIRECS;5220.0;7
97200;BOT_TAKER;BOT_MAKER;VELVETFRUIT_EXTRACT;XIRECS;5221.0;5
97300;BOT_TAKER;BOT_MAKER;VELVETFRUIT_EXTRACT;XIRECS;5219.0;5
97500;BOT_TAKER;BOT_MAKER;VELVETFRUIT_EXTRACT;XIRECS;5219.0;3
97600;BOT_MAKER;BOT_TAKER;HYDROGEL_PACK;XIRECS;9985.0;5
97600;BOT_MAKER;BOT_TAKER;VELVETFRUIT_EXTRACT;XIRECS;5214.0;5
97800;BOT_MAKER;BOT_TAKER;VELVETFRUIT_EXTRACT;XIRECS;5214.0;6
97800;BOT_MAKER;BOT_TAKER;VEV_6000;XIRECS;0.0;4
97900;BOT_TAKER;BOT_MAKER;HYDROGEL_PACK;XIRECS;10002.0;2
97900;BOT_MAKER;BOT_TAKER;VELVETFRUIT_EXTRACT;XIRECS;5213.0;7
97900;BOT_TAKER;BOT_MAKER;VEV_5400;XIRECS;22.0;5
97900;BOT_TAKER;BOT_MAKER;VEV_5500;XIRECS;7.0;5
98000;BOT_TAKER;BOT_MAKER;VELVETFRUIT_EXTRACT;XIRECS;5216.0;4
98000;BOT_MAKER;BOT_TAKER;VEV_6000;XIRECS;0.0;4
98100;BOT_TAKER;BOT_MAKER;HYDROGEL_PACK;XIRECS;10000.0;5
98200;BOT_MAKER;BOT_TAKER;VELVETFRUIT_EXTRACT;XIRECS;5211.0;8
98300;BOT_MAKER;BOT_TAKER;VELVETFRUIT_EXTRACT;XIRECS;5211.0;5
98400;BOT_TAKER;BOT_MAKER;VELVETFRUIT_EXTRACT;XIRECS;5218.0;6
98400;BOT_MAKER;BOT_TAKER;VEV_4000;XIRECS;1260.0;1
98500;BOT_TAKER;BOT_MAKER;VELVETFRUIT_EXTRACT;XIRECS;5218.0;8
98500;BOT_MAKER;BOT_TAKER;VEV_5300;XIRECS;58.0;5
98500;BOT_TAKER;BOT_MAKER;VEV_5400;XIRECS;21.0;3
98600;BOT_TAKER;BOT_MAKER;HYDROGEL_PACK;XIRECS;10003.0;3
98800;BOT_MAKER;BOT_TAKER;HYDROGEL_PACK;XIRECS;9993.0;3
99000;BOT_TAKER;BOT_MAKER;HYDROGEL_PACK;XIRECS;10012.0;4
99100;BOT_MAKER;BOT_TAKER;HYDROGEL_PACK;XIRECS;9991.0;3
99200;BOT_TAKER;BOT_MAKER;VELVETFRUIT_EXTRACT;XIRECS;5213.0;7
99300;BOT_TAKER;BOT_MAKER;VELVETFRUIT_EXTRACT;XIRECS;5214.0;5
99400;BOT_TAKER;BOT_MAKER;HYDROGEL_PACK;XIRECS;10006.0;5
99400;BOT_MAKER;BOT_TAKER;HYDROGEL_PACK;XIRECS;9990.0;3
99400;BOT_TAKER;BOT_MAKER;VEV_5300;XIRECS;60.0;5
99400;BOT_MAKER;BOT_TAKER;VEV_6000;XIRECS;0.0;5
99700;BOT_MAKER;BOT_TAKER;HYDROGEL_PACK;XIRECS;9991.0;5
99700;BOT_TAKER;BOT_MAKER;VELVETFRUIT_EXTRACT;XIRECS;5214.0;8
99800;BOT_TAKER;BOT_MAKER;VEV_6000;XIRECS;1.0;3
99900;BOT_TAKER;BOT_MAKER;VELVETFRUIT_EXTRACT;XIRECS;5214.0;5
100000;BOT_MAKER;BOT_TAKER;HYDROGEL_PACK;XIRECS;9993.0;3
100000;BOT_TAKER;BOT_MAKER;VEV_5500;XIRECS;7.0;2
100100;BOT_MAKER;BOT_TAKER;VEV_4000;XIRECS;1261.0;3
100100;BOT_TAKER;BOT_MAKER;VEV_5400;XIRECS;21.0;4
100300;BOT_TAKER;BOT_MAKER;HYDROGEL_PACK;XIRECS;10014.0;6
100300;BOT_MAKER;BOT_TAKER;VELVETFRUIT_EXTRACT;XIRECS;5210.0;7
100300;BOT_MAKER;BOT_TAKER;VELVETFRUIT_EXTRACT;XIRECS;5210.0;10
100400;BOT_MAKER;BOT_TAKER;HYDROGEL_PACK;XIRECS;9998.0;5
100500;BOT_MAKER;BOT_TAKER;VEV_4000;XIRECS;1261.0;2
100600;BOT_TAKER;BOT_MAKER;VELVETFRUIT_EXTRACT;XIRECS;5214.0;5
100600;BOT_TAKER;BOT_MAKER;VEV_6500;XIRECS;1.0;4
100700;BOT_MAKER;BOT_TAKER;VEV_5500;XIRECS;6.0;3
100900;BOT_MAKER;BOT_TAKER;VEV_6500;XIRECS;0.0;2
101200;BOT_TAKER;BOT_MAKER;HYDROGEL_PACK;XIRECS;10021.0;5
101300;BOT_TAKER;BOT_MAKER;VELVETFRUIT_EXTRACT;XIRECS;5218.0;7
101400;BOT_TAKER;BOT_MAKER;VELVETFRUIT_EXTRACT;XIRECS;5218.0;8
101400;BOT_MAKER;BOT_TAKER;VEV_6000;XIRECS;0.0;2
101500;BOT_TAKER;BOT_MAKER;HYDROGEL_PACK;XIRECS;10023.0;6
101500;BOT_MAKER;BOT_TAKER;VEV_5400;XIRECS;19.0;5
101500;BOT_TAKER;BOT_MAKER;VEV_6000;XIRECS;1.0;2
101600;BOT_TAKER;BOT_MAKER;VEV_4000;XIRECS;1283.0;1
101700;BOT_TAKER;BOT_MAKER;VELVETFRUIT_EXTRACT;XIRECS;5222.0;4
101700;BOT_MAKER;BOT_TAKER;VELVETFRUIT_EXTRACT;XIRECS;5216.0;7
101800;BOT_TAKER;BOT_MAKER;VEV_4000;XIRECS;1285.0;2
101900;BOT_TAKER;BOT_MAKER;VEV_6000;XIRECS;1.0;3
101900;BOT_MAKER;BOT_TAKER;VEV_6500;XIRECS;0.0;4
102000;BOT_TAKER;BOT_MAKER;VELVETFRUIT_EXTRACT;XIRECS;5221.0;5
102100;BOT_TAKER;BOT_MAKER;VELVETFRUIT_EXTRACT;XIRECS;5220.0;10
102200;BOT_MAKER;BOT_TAKER;VELVETFRUIT_EXTRACT;XIRECS;5214.0;8
102300;BOT_MAKER;BOT_TAKER;HYDROGEL_PACK;XIRECS;10010.0;5
102400;BOT_MAKER;BOT_TAKER;VELVETFRUIT_EXTRACT;XIRECS;5213.0;5
102400;BOT_MAKER;BOT_TAKER;VEV_4000;XIRECS;1262.0;3
102500;BOT_TAKER;BOT_MAKER;VELVETFRUIT_EXTRACT;XIRECS;5219.0;7
102600;BOT_TAKER;BOT_MAKER;HYDROGEL_PACK;XIRECS;10028.0;5
102600;BOT_TAKER;BOT_MAKER;VELVETFRUIT_EXTRACT;XIRECS;5219.0;7
102700;BOT_MAKER;BOT_TAKER;VELVETFRUIT_EXTRACT;XIRECS;5213.0;7
102800;BOT_TAKER;BOT_MAKER;VEV_5400;XIRECS;18.0;2
102900;BOT_TAKER;BOT_MAKER;VELVETFRUIT_EXTRACT;XIRECS;5219.0;9
103000;BOT_MAKER;BOT_TAKER;VEV_6000;XIRECS;0.0;5
103000;BOT_TAKER;BOT_MAKER;VEV_6500;XIRECS;1.0;4
103100;BOT_MAKER;BOT_TAKER;HYDROGEL_PACK;XIRECS;10010.0;5
103600;BOT_TAKER;BOT_MAKER;VEV_4000;XIRECS;1285.0;2
103700;BOT_MAKER;BOT_TAKER;VELVETFRUIT_EXTRACT;XIRECS;5214.0;6
103800;BOT_MAKER;BOT_TAKER;VELVETFRUIT_EXTRACT;XIRECS;5214.0;7
103900;BOT_MAKER;BOT_TAKER;VEV_6000;XIRECS;0.0;4
103900;BOT_TAKER;BOT_MAKER;VEV_6500;XIRECS;1.0;2
104000;BOT_TAKER;BOT_MAKER;HYDROGEL_PACK;XIRECS;10033.0;4
104000;BOT_TAKER;BOT_MAKER;VEV_4000;XIRECS;1285.0;3
104000;BOT_TAKER;BOT_MAKER;VEV_5500;XIRECS;7.0;5
104000;BOT_MAKER;BOT_TAKER;VEV_6500;XIRECS;0.0;2
104100;BOT_TAKER;BOT_MAKER;VEV_4000;XIRECS;1286.0;2
104100;BOT_TAKER;BOT_MAKER;VEV_5400;XIRECS;20.0;2
104100;BOT_TAKER;BOT_MAKER;VEV_6000;XIRECS;1.0;4
104200;BOT_MAKER;BOT_TAKER;VELVETFRUIT_EXTRACT;XIRECS;5212.0;4
104200;BOT_TAKER;BOT_MAKER;VEV_6500;XIRECS;1.0;2
104300;BOT_TAKER;BOT_MAKER;VELVETFRUIT_EXTRACT;XIRECS;5218.0;3
104400;BOT_MAKER;BOT_TAKER;HYDROGEL_PACK;XIRECS;10017.0;5
104400;BOT_TAKER;BOT_MAKER;VELVETFRUIT_EXTRACT;XIRECS;5217.0;12
104400;BOT_MAKER;BOT_TAKER;VEV_4000;XIRECS;1264.0;1
104500;BOT_MAKER;BOT_TAKER;VEV_5300;XIRECS;59.0;3
104500;BOT_MAKER;BOT_TAKER;VEV_6500;XIRECS;0.0;4
104700;BOT_TAKER;BOT_MAKER;VELVETFRUIT_EXTRACT;XIRECS;5218.0;4
104700;BOT_MAKER;BOT_TAKER;VEV_4000;XIRECS;1261.0;1
104700;BOT_TAKER;BOT_MAKER;VEV_5500;XIRECS;7.0;5
104800;BOT_MAKER;BOT_TAKER;VELVETFRUIT_EXTRACT;XIRECS;5213.0;4
104900;BOT_TAKER;BOT_MAKER;HYDROGEL_PACK;XIRECS;10025.0;2
104900;BOT_TAKER;BOT_MAKER;HYDROGEL_PACK;XIRECS;10025.0;6
104900;BOT_MAKER;BOT_TAKER;VELVETFRUIT_EXTRACT;XIRECS;5214.0;6
104900;BOT_MAKER;BOT_TAKER;VEV_4000;XIRECS;1261.0;1
105000;BOT_MAKER;BOT_TAKER;VELVETFRUIT_EXTRACT;XIRECS;5213.0;6
105000;BOT_MAKER;BOT_TAKER;VEV_4000;XIRECS;1260.0;3
105100;BOT_TAKER;BOT_MAKER;VELVETFRUIT_EXTRACT;XIRECS;5218.0;13
105100;BOT_TAKER;BOT_MAKER;VEV_4000;XIRECS;1281.0;1
105100;BOT_TAKER;BOT_MAKER;VEV_5500;XIRECS;7.0;2
105200;BOT_MAKER;BOT_TAKER;VEV_4000;XIRECS;1261.0;1
105200;BOT_MAKER;BOT_TAKER;VEV_5500;XIRECS;6.0;5
105500;BOT_MAKER;BOT_TAKER;HYDROGEL_PACK;XIRECS;9999.0;2
105500;BOT_MAKER;BOT_TAKER;VEV_5400;XIRECS;19.0;4
105700;BOT_MAKER;BOT_TAKER;HYDROGEL_PACK;XIRECS;9998.0;3
105700;BOT_MAKER;BOT_TAKER;HYDROGEL_PACK;XIRECS;9998.0;6
105800;BOT_TAKER;BOT_MAKER;VELVETFRUIT_EXTRACT;XIRECS;5221.0;5
105800;BOT_TAKER;BOT_MAKER;VEV_6000;XIRECS;1.0;2
106200;BOT_MAKER;BOT_TAKER;VELVETFRUIT_EXTRACT;XIRECS;5214.0;7
106300;BOT_MAKER;BOT_TAKER;HYDROGEL_PACK;XIRECS;9995.0;5
106300;BOT_TAKER;BOT_MAKER;VELVETFRUIT_EXTRACT;XIRECS;5220.0;9
106300;BOT_MAKER;BOT_TAKER;VEV_4000;XIRECS;1263.0;3
106400;BOT_MAKER;BOT_TAKER;HYDROGEL_PACK;XIRECS;9994.0;2
106500;BOT_MAKER;BOT_TAKER;HYDROGEL_PACK;XIRECS;9994.0;6
106500;BOT_MAKER;BOT_TAKER;VELVETFRUIT_EXTRACT;XIRECS;5212.0;3
106500;BOT_MAKER;BOT_TAKER;VELVETFRUIT_EXTRACT;XIRECS;5212.0;5
106500;BOT_TAKER;BOT_MAKER;VEV_5500;XIRECS;7.0;4
106500;BOT_TAKER;BOT_MAKER;VEV_6000;XIRECS;1.0;4
106500;BOT_TAKER;BOT_MAKER;VEV_6000;XIRECS;1.0;2
106600;BOT_TAKER;BOT_MAKER;VEV_6500;XIRECS;1.0;2
106700;BOT_TAKER;BOT_MAKER;VELVETFRUIT_EXTRACT;XIRECS;5216.0;7
106800;BOT_MAKER;BOT_TAKER;VELVETFRUIT_EXTRACT;XIRECS;5211.0;8
107000;BOT_MAKER;BOT_TAKER;VELVETFRUIT_EXTRACT;XIRECS;5212.0;5
107000;BOT_TAKER;BOT_MAKER;VEV_4000;XIRECS;1286.0;3
107300;BOT_MAKER;BOT_TAKER;VELVETFRUIT_EXTRACT;XIRECS;5212.0;3
107400;BOT_MAKER;BOT_TAKER;VEV_4000;XIRECS;1264.0;2
107600;BOT_TAKER;BOT_MAKER;VELVETFRUIT_EXTRACT;XIRECS;5215.0;3
107700;BOT_TAKER;BOT_MAKER;HYDROGEL_PACK;XIRECS;10015.0;6
107800;BOT_TAKER;BOT_MAKER;HYDROGEL_PACK;XIRECS;10016.0;4
107900;BOT_MAKER;BOT_TAKER;VEV_6500;XIRECS;0.0;5
108000;BOT_MAKER;BOT_TAKER;VEV_6000;XIRECS;0.0;2
108300;BOT_MAKER;BOT_TAKER;HYDROGEL_PACK;XIRECS;10004.0;4
108300;BOT_TAKER;BOT_MAKER;VEV_4000;XIRECS;1286.0;2
108400;BOT_TAKER;BOT_MAKER;VELVETFRUIT_EXTRACT;XIRECS;5216.0;8
108500;BOT_MAKER;BOT_TAKER;HYDROGEL_PACK;XIRECS;10002.0;2
108600;BOT_TAKER;BOT_MAKER;HYDROGEL_PACK;XIRECS;10020.0;3
108600;BOT_TAKER;BOT_MAKER;VELVETFRUIT_EXTRACT;XIRECS;5217.0;7
108900;BOT_MAKER;BOT_TAKER;HYDROGEL_PACK;XIRECS;10003.0;4
108900;BOT_MAKER;BOT_TAKER;VEV_4000;XIRECS;1264.0;1
108900;BOT_TAKER;BOT_MAKER;VEV_5400;XIRECS;21.0;2
108900;BOT_TAKER;BOT_MAKER;VEV_6000;XIRECS;1.0;3
109100;BOT_TAKER;BOT_MAKER;VELVETFRUIT_EXTRACT;XIRECS;5216.0;7
109300;BOT_TAKER;BOT_MAKER;VELVETFRUIT_EXTRACT;XIRECS;5216.0;6
109500;BOT_TAKER;BOT_MAKER;VELVETFRUIT_EXTRACT;XIRECS;5216.0;7
109600;BOT_TAKER;BOT_MAKER;VELVETFRUIT_EXTRACT;XIRECS;5217.0;6
109700;BOT_MAKER;BOT_TAKER;VELVETFRUIT_EXTRACT;XIRECS;5212.0;4
109800;BOT_MAKER;BOT_TAKER;VELVETFRUIT_EXTRACT;XIRECS;5212.0;6
109800;BOT_TAKER;BOT_MAKER;VEV_5500;XIRECS;6.0;5
109800;BOT_TAKER;BOT_MAKER;VEV_6500;XIRECS;1.0;2
109900;BOT_TAKER;BOT_MAKER;HYDROGEL_PACK;XIRECS;10011.0;3
109900;BOT_MAKER;BOT_TAKER;VELVETFRUIT_EXTRACT;XIRECS;5213.0;14
109900;BOT_TAKER;BOT_MAKER;VEV_5300;XIRECS;63.0;4
110000;BOT_TAKER;BOT_MAKER;HYDROGEL_PACK;XIRECS;10010.0;2
110000;BOT_TAKER;BOT_MAKER;VELVETFRUIT_EXTRACT;XIRECS;5218.0;6
110000;BOT_TAKER;BOT_MAKER;VEV_5400;XIRECS;20.0;2
110100;BOT_MAKER;BOT_TAKER;HYDROGEL_PACK;XIRECS;9994.0;2
110100;BOT_MAKER;BOT_TAKER;VELVETFRUIT_EXTRACT;XIRECS;5211.0;8
110300;BOT_MAKER;BOT_TAKER;HYDROGEL_PACK;XIRECS;9994.0;4
110300;BOT_TAKER;BOT_MAKER;VELVETFRUIT_EXTRACT;XIRECS;5216.0;6
110300;BOT_TAKER;BOT_MAKER;VEV_6000;XIRECS;1.0;4
110500;BOT_TAKER;BOT_MAKER;VELVETFRUIT_EXTRACT;XIRECS;5216.0;7
110500;BOT_TAKER;BOT_MAKER;VEV_4000;XIRECS;1290.0;1
110700;BOT_MAKER;BOT_TAKER;HYDROGEL_PACK;XIRECS;9993.0;2
110700;BOT_MAKER;BOT_TAKER;VELVETFRUIT_EXTRACT;XIRECS;5211.0;7
110800;BOT_TAKER;BOT_MAKER;HYDROGEL_PACK;XIRECS;10007.0;5
110800;BOT_TAKER;BOT_MAKER;VELVETFRUIT_EXTRACT;XIRECS;5218.0;5
111000;BOT_TAKER;BOT_MAKER;VELVETFRUIT_EXTRACT;XIRECS;5220.0;4
111000;BOT_MAKER;BOT_TAKER;VEV_4000;XIRECS;1265.0;1
111100;BOT_MAKER;BOT_TAKER;VELVETFRUIT_EXTRACT;XIRECS;5214.0;7
111100;BOT_MAKER;BOT_TAKER;VEV_5500;XIRECS;5.0;3
111200;BOT_MAKER;BOT_TAKER;VELVETFRUIT_EXTRACT;XIRECS;5214.0;7
111200;BOT_TAKER;BOT_MAKER;VEV_6000;XIRECS;1.0;3
111500;BOT_MAKER;BOT_TAKER;VEV_4000;XIRECS;1267.0;2
111500;BOT_MAKER;BOT_TAKER;VEV_4000;XIRECS;1267.0;1
111500;BOT_MAKER;BOT_TAKER;VEV_5500;XIRECS;5.0;4
111600;BOT_MAKER;BOT_TAKER;VELVETFRUIT_EXTRACT;XIRECS;5213.0;5
111800;BOT_TAKER;BOT_MAKER;VELVETFRUIT_EXTRACT;XIRECS;5219.0;5
111800;BOT_MAKER;BOT_TAKER;VEV_5400;XIRECS;18.0;5
111800;BOT_MAKER;BOT_TAKER;VEV_5500;XIRECS;5.0;3
111900;BOT_TAKER;BOT_MAKER;VEV_6000;XIRECS;1.0;4
112000;BOT_TAKER;BOT_MAKER;VELVETFRUIT_EXTRACT;XIRECS;5221.0;6
112200;BOT_TAKER;BOT_MAKER;HYDROGEL_PACK;XIRECS;10009.0;3
112200;BOT_TAKER;BOT_MAKER;VELVETFRUIT_EXTRACT;XIRECS;5221.0;6
112200;BOT_MAKER;BOT_TAKER;VEV_4000;XIRECS;1264.0;3
112300;BOT_TAKER;BOT_MAKER;HYDROGEL_PACK;XIRECS;10009.0;2
112300;BOT_MAKER;BOT_TAKER;VEV_5300;XIRECS;63.0;2
112300;BOT_TAKER;BOT_MAKER;VEV_6500;XIRECS;1.0;2
112400;BOT_MAKER;BOT_TAKER;HYDROGEL_PACK;XIRECS;9994.0;2
112400;BOT_MAKER;BOT_TAKER;VELVETFRUIT_EXTRACT;XIRECS;5218.0;5
112500;BOT_TAKER;BOT_MAKER;HYDROGEL_PACK;XIRECS;10012.0;6
112700;BOT_MAKER;BOT_TAKER;HYDROGEL_PACK;XIRECS;9999.0;3
112800;BOT_MAKER;BOT_TAKER;VEV_6500;XIRECS;0.0;5
112900;BOT_MAKER;BOT_TAKER;VEV_6000;XIRECS;0.0;5
113000;BOT_TAKER;BOT_MAKER;HYDROGEL_PACK;XIRECS;10019.0;3
113000;BOT_TAKER;BOT_MAKER;VEV_4000;XIRECS;1282.0;3
113100;BOT_TAKER;BOT_MAKER;VELVETFRUIT_EXTRACT;XIRECS;5223.0;5
113100;BOT_TAKER;BOT_MAKER;VEV_6500;XIRECS;1.0;3
113400;BOT_MAKER;BOT_TAKER;VELVETFRUIT_EXTRACT;XIRECS;5217.0;5
113400;BOT_TAKER;BOT_MAKER;VEV_6000;XIRECS;1.0;2
113500;BOT_MAKER;BOT_TAKER;VELVETFRUIT_EXTRACT;XIRECS;5217.0;4
113500;BOT_TAKER;BOT_MAKER;VEV_4000;XIRECS;1283.0;1
113500;BOT_MAKER;BOT_TAKER;VEV_5300;XIRECS;63.0;4
113500;BOT_MAKER;BOT_TAKER;VEV_5500;XIRECS;5.0;4
113600;BOT_TAKER;BOT_MAKER;VEV_5400;XIRECS;19.0;5
113600;BOT_MAKER;BOT_TAKER;VEV_6500;XIRECS;0.0;4
113800;BOT_MAKER;BOT_TAKER;HYDROGEL_PACK;XIRECS;10010.0;4
113800;BOT_MAKER;BOT_TAKER;VELVETFRUIT_EXTRACT;XIRECS;5215.0;8
113900;BOT_MAKER;BOT_TAKER;HYDROGEL_PACK;XIRECS;10015.0;6
113900;BOT_TAKER;BOT_MAKER;VELVETFRUIT_EXTRACT;XIRECS;5220.0;8
114000;BOT_MAKER;BOT_TAKER;HYDROGEL_PACK;XIRECS;10016.0;4
114000;BOT_MAKER;BOT_TAKER;VELVETFRUIT_EXTRACT;XIRECS;5216.0;5
114000;BOT_TAKER;BOT_MAKER;VEV_4000;XIRECS;1286.0;3
114100;BOT_TAKER;BOT_MAKER;VELVETFRUIT_EXTRACT;XIRECS;5221.0;5
114300;BOT_MAKER;BOT_TAKER;VELVETFRUIT_EXTRACT;XIRECS;5216.0;6
114600;BOT_TAKER;BOT_MAKER;HYDROGEL_PACK;XIRECS;10037.0;6
114600;BOT_TAKER;BOT_MAKER;VELVETFRUIT_EXTRACT;XIRECS;5221.0;3
114700;BOT_MAKER;BOT_TAKER;VELVETFRUIT_EXTRACT;XIRECS;5216.0;5
114700;BOT_MAKER;BOT_TAKER;VELVETFRUIT_EXTRACT;XIRECS;5216.0;5
114700;BOT_MAKER;BOT_TAKER;VEV_5400;XIRECS;19.0;2
114900;BOT_TAKER;BOT_MAKER;VELVETFRUIT_EXTRACT;XIRECS;5219.0;6
114900;BOT_MAKER;BOT_TAKER;VEV_5500;XIRECS;4.0;3
115000;BOT_MAKER;BOT_TAKER;HYDROGEL_PACK;XIRECS;10015.0;3
115100;BOT_MAKER;BOT_TAKER;VELVETFRUIT_EXTRACT;XIRECS;5213.0;3
115200;BOT_MAKER;BOT_TAKER;HYDROGEL_PACK;XIRECS;10010.0;3
115200;BOT_TAKER;BOT_MAKER;VEV_6500;XIRECS;1.0;5
115300;BOT_MAKER;BOT_TAKER;VEV_4000;XIRECS;1268.0;2
115400;BOT_TAKER;BOT_MAKER;VEV_4000;XIRECS;1289.0;3
115400;BOT_MAKER;BOT_TAKER;VEV_6000;XIRECS;0.0;3
115500;BOT_MAKER;BOT_TAKER;VEV_4000;XIRECS;1268.0;2
115500;BOT_TAKER;BOT_MAKER;VEV_6000;XIRECS;1.0;2
115800;BOT_TAKER;BOT_MAKER;HYDROGEL_PACK;XIRECS;10031.0;6
116000;BOT_TAKER;BOT_MAKER;VELVETFRUIT_EXTRACT;XIRECS;5216.0;8
116100;BOT_MAKER;BOT_TAKER;VEV_5400;XIRECS;20.0;4
116200;BOT_TAKER;BOT_MAKER;HYDROGEL_PACK;XIRECS;10024.0;2
116300;BOT_MAKER;BOT_TAKER;VELVETFRUIT_EXTRACT;XIRECS;5210.0;5
116300;BOT_TAKER;BOT_MAKER;VEV_5500;XIRECS;6.0;3
116400;BOT_MAKER;BOT_TAKER;VELVETFRUIT_EXTRACT;XIRECS;5211.0;3
116600;BOT_MAKER;BOT_TAKER;HYDROGEL_PACK;XIRECS;10008.0;2
116600;BOT_MAKER;BOT_TAKER;VELVETFRUIT_EXTRACT;XIRECS;5213.0;3
116700;BOT_TAKER;BOT_MAKER;HYDROGEL_PACK;XIRECS;10023.0;6
116700;BOT_TAKER;BOT_MAKER;VELVETFRUIT_EXTRACT;XIRECS;5215.0;6
116800;BOT_TAKER;BOT_MAKER;VELVETFRUIT_EXTRACT;XIRECS;5214.0;3
116800;BOT_TAKER;BOT_MAKER;VEV_4000;XIRECS;1287.0;2
116900;BOT_TAKER;BOT_MAKER;VELVETFRUIT_EXTRACT;XIRECS;5214.0;5
117100;BOT_MAKER;BOT_TAKER;VELVETFRUIT_EXTRACT;XIRECS;5209.0;10
117300;BOT_MAKER;BOT_TAKER;VELVETFRUIT_EXTRACT;XIRECS;5208.0;7
117300;BOT_TAKER;BOT_MAKER;VEV_4000;XIRECS;1290.0;1
117400;BOT_TAKER;BOT_MAKER;HYDROGEL_PACK;XIRECS;10021.0;3
117600;BOT_MAKER;BOT_TAKER;VEV_5400;XIRECS;20.0;2
117700;BOT_MAKER;BOT_TAKER;VEV_5500;XIRECS;5.0;4
117800;BOT_MAKER;BOT_TAKER;VELVETFRUIT_EXTRACT;XIRECS;5210.0;7
118000;BOT_MAKER;BOT_TAKER;HYDROGEL_PACK;XIRECS;10011.0;6
118000;BOT_TAKER;BOT_MAKER;VELVETFRUIT_EXTRACT;XIRECS;5215.0;5
118000;BOT_TAKER;BOT_MAKER;VELVETFRUIT_EXTRACT;XIRECS;5215.0;7
118000;BOT_MAKER;BOT_TAKER;VEV_5400;XIRECS;19.0;5
118000;BOT_TAKER;BOT_MAKER;VEV_6500;XIRECS;1.0;4
118100;BOT_MAKER;BOT_TAKER;HYDROGEL_PACK;XIRECS;10013.0;3
118100;BOT_TAKER;BOT_MAKER;VEV_4000;XIRECS;1289.0;3
118100;BOT_TAKER;BOT_MAKER;VEV_5300;XIRECS;67.0;3
118200;BOT_TAKER;BOT_MAKER;VELVETFRUIT_EXTRACT;XIRECS;5214.0;8
118300;BOT_TAKER;BOT_MAKER;VELVETFRUIT_EXTRACT;XIRECS;5214.0;4
118400;BOT_MAKER;BOT_TAKER;HYDROGEL_PACK;XIRECS;10013.0;6
118400;BOT_MAKER;BOT_TAKER;VELVETFRUIT_EXTRACT;XIRECS;5209.0;5
118600;BOT_MAKER;BOT_TAKER;VEV_6500;XIRECS;0.0;4
118700;BOT_MAKER;BOT_TAKER;VEV_5300;XIRECS;65.0;4
118800;BOT_MAKER;BOT_TAKER;HYDROGEL_PACK;XIRECS;10013.0;4
118800;BOT_MAKER;BOT_TAKER;VELVETFRUIT_EXTRACT;XIRECS;5209.0;9
118800;BOT_MAKER;BOT_TAKER;VEV_5500;XIRECS;4.0;2
118900;BOT_MAKER;BOT_TAKER;VELVETFRUIT_EXTRACT;XIRECS;5210.0;5
119000;BOT_MAKER;BOT_TAKER;VEV_4000;XIRECS;1270.0;3
119000;BOT_MAKER;BOT_TAKER;VEV_5500;XIRECS;4.0;2
119100;BOT_MAKER;BOT_TAKER;VELVETFRUIT_EXTRACT;XIRECS;5212.0;5
119200;BOT_MAKER;BOT_TAKER;HYDROGEL_PACK;XIRECS;10013.0;6
119400;BOT_TAKER;BOT_MAKER;VEV_6500;XIRECS;1.0;2
119600;BOT_TAKER;BOT_MAKER;VELVETFRUIT_EXTRACT;XIRECS;5217.0;3
119700;BOT_MAKER;BOT_TAKER;HYDROGEL_PACK;XIRECS;10011.0;5
119700;BOT_TAKER;BOT_MAKER;VELVETFRUIT_EXTRACT;XIRECS;5216.0;13
119700;BOT_TAKER;BOT_MAKER;VEV_4000;XIRECS;1291.0;3
119700;BOT_MAKER;BOT_TAKER;VEV_6000;XIRECS;0.0;3
119900;BOT_TAKER;BOT_MAKER;HYDROGEL_PACK;XIRECS;10030.0;4
119900;BOT_MAKER;BOT_TAKER;VELVETFRUIT_EXTRACT;XIRECS;5209.0;7
119900;BOT_TAKER;BOT_MAKER;VEV_4000;XIRECS;1291.0;2
119900;BOT_TAKER;BOT_MAKER;VEV_5500;XIRECS;5.0;4
120000;BOT_MAKER;BOT_TAKER;HYDROGEL_PACK;XIRECS;10016.0;6
120000;BOT_MAKER;BOT_TAKER;VELVETFRUIT_EXTRACT;XIRECS;5209.0;5
120000;BOT_TAKER;BOT_MAKER;VEV_5500;XIRECS;5.0;2
120100;BOT_TAKER;BOT_MAKER;VELVETFRUIT_EXTRACT;XIRECS;5215.0;6
120200;BOT_MAKER;BOT_TAKER;VELVETFRUIT_EXTRACT;XIRECS;5209.0;7
120300;BOT_TAKER;BOT_MAKER;VELVETFRUIT_EXTRACT;XIRECS;5216.0;3
120400;BOT_MAKER;BOT_TAKER;VELVETFRUIT_EXTRACT;XIRECS;5211.0;4
120400;BOT_MAKER;BOT_TAKER;VEV_6000;XIRECS;0.0;5
120600;BOT_TAKER;BOT_MAKER;HYDROGEL_PACK;XIRECS;10029.0;5
120700;BOT_MAKER;BOT_TAKER;VELVETFRUIT_EXTRACT;XIRECS;5210.0;6
120700;BOT_MAKER;BOT_TAKER;VEV_5400;XIRECS;22.0;2
120800;BOT_TAKER;BOT_MAKER;VELVETFRUIT_EXTRACT;XIRECS;5216.0;6
121000;BOT_MAKER;BOT_TAKER;VEV_5500;XIRECS;4.0;4
121200;BOT_TAKER;BOT_MAKER;VELVETFRUIT_EXTRACT;XIRECS;5212.0;8
121300;BOT_TAKER;BOT_MAKER;HYDROGEL_PACK;XIRECS;10028.0;5
121300;BOT_MAKER;BOT_TAKER;VELVETFRUIT_EXTRACT;XIRECS;5206.0;5
121400;BOT_TAKER;BOT_MAKER;VELVETFRUIT_EXTRACT;XIRECS;5211.0;11
121400;BOT_MAKER;BOT_TAKER;VEV_4000;XIRECS;1275.0;3
121500;BOT_TAKER;BOT_MAKER;HYDROGEL_PACK;XIRECS;10030.0;5
121500;BOT_MAKER;BOT_TAKER;VELVETFRUIT_EXTRACT;XIRECS;5208.0;8
121600;BOT_MAKER;BOT_TAKER;HYDROGEL_PACK;XIRECS;10017.0;5
121600;BOT_TAKER;BOT_MAKER;VELVETFRUIT_EXTRACT;XIRECS;5215.0;8
121700;BOT_TAKER;BOT_MAKER;VELVETFRUIT_EXTRACT;XIRECS;5215.0;5
121900;BOT_MAKER;BOT_TAKER;VELVETFRUIT_EXTRACT;XIRECS;5207.0;6
121900;BOT_MAKER;BOT_TAKER;VEV_5400;XIRECS;22.0;5
121900;BOT_TAKER;BOT_MAKER;VEV_6500;XIRECS;1.0;5
122000;BOT_TAKER;BOT_MAKER;VEV_6000;XIRECS;1.0;4
122100;BOT_MAKER;BOT_TAKER;VELVETFRUIT_EXTRACT;XIRECS;5207.0;7
122100;BOT_TAKER;BOT_MAKER;VEV_6000;XIRECS;1.0;4
122200;BOT_TAKER;BOT_MAKER;HYDROGEL_PACK;XIRECS;10044.0;3
122200;BOT_TAKER;BOT_MAKER;VEV_5400;XIRECS;23.0;3
122300;BOT_MAKER;BOT_TAKER;HYDROGEL_PACK;XIRECS;10029.0;3
122300;BOT_TAKER;BOT_MAKER;VEV_5500;XIRECS;5.0;2
122400;BOT_TAKER;BOT_MAKER;VEV_6000;XIRECS;1.0;4
122500;BOT_TAKER;BOT_MAKER;HYDROGEL_PACK;XIRECS;10049.0;2
122500;BOT_TAKER;BOT_MAKER;VELVETFRUIT_EXTRACT;XIRECS;5213.0;4
122500;BOT_MAKER;BOT_TAKER;VEV_5200;XIRECS;64.0;2
122600;BOT_TAKER;BOT_MAKER;HYDROGEL_PACK;XIRECS;10046.0;6
122600;BOT_TAKER;BOT_MAKER;VEV_5400;XIRECS;24.0;3
122700;BOT_TAKER;BOT_MAKER;VELVETFRUIT_EXTRACT;XIRECS;5211.0;7
122700;BOT_TAKER;BOT_MAKER;VEV_6500;XIRECS;1.0;4
122800;BOT_MAKER;BOT_TAKER;HYDROGEL_PACK;XIRECS;10028.0;2
122800;BOT_TAKER;BOT_MAKER;VELVETFRUIT_EXTRACT;XIRECS;5213.0;7
122800;BOT_TAKER;BOT_MAKER;VEV_4000;XIRECS;1305.0;2
123000;BOT_MAKER;BOT_TAKER;VELVETFRUIT_EXTRACT;XIRECS;5206.0;7
123100;BOT_MAKER;BOT_TAKER;VELVETFRUIT_EXTRACT;XIRECS;5206.0;8
123200;BOT_MAKER;BOT_TAKER;HYDROGEL_PACK;XIRECS;10031.0;5
123200;BOT_MAKER;BOT_TAKER;VELVETFRUIT_EXTRACT;XIRECS;5206.0;5
123200;BOT_MAKER;BOT_TAKER;VEV_4000;XIRECS;1283.0;1
123300;BOT_MAKER;BOT_TAKER;VELVETFRUIT_EXTRACT;XIRECS;5206.0;4
123300;BOT_TAKER;BOT_MAKER;VEV_4000;XIRECS;1305.0;3
123400;BOT_TAKER;BOT_MAKER;VELVETFRUIT_EXTRACT;XIRECS;5211.0;6
123400;BOT_MAKER;BOT_TAKER;VEV_4000;XIRECS;1283.0;1
123400;BOT_MAKER;BOT_TAKER;VEV_5300;XIRECS;68.0;5
123500;BOT_MAKER;BOT_TAKER;VEV_4000;XIRECS;1283.0;1
123600;BOT_MAKER;BOT_TAKER;HYDROGEL_PACK;XIRECS;10038.0;3
123600;BOT_MAKER;BOT_TAKER;VEV_6000;XIRECS;0.0;4
123700;BOT_TAKER;BOT_MAKER;VELVETFRUIT_EXTRACT;XIRECS;5211.0;4
123900;BOT_MAKER;BOT_TAKER;VEV_5500;XIRECS;4.0;2
124000;BOT_TAKER;BOT_MAKER;VEV_6500;XIRECS;1.0;2
124100;BOT_TAKER;BOT_MAKER;VEV_5300;XIRECS;70.0;4
124200;BOT_TAKER;BOT_MAKER;VELVETFRUIT_EXTRACT;XIRECS;5210.0;6
124200;BOT_TAKER;BOT_MAKER;VELVETFRUIT_EXTRACT;XIRECS;5210.0;8
124400;BOT_MAKER;BOT_TAKER;VELVETFRUIT_EXTRACT;XIRECS;5205.0;5
124500;BOT_TAKER;BOT_MAKER;HYDROGEL_PACK;XIRECS;10058.0;5
124500;BOT_MAKER;BOT_TAKER;VEV_5400;XIRECS;23.0;3
124600;BOT_MAKER;BOT_TAKER;VELVETFRUIT_EXTRACT;XIRECS;5203.0;7
124700;BOT_TAKER;BOT_MAKER;HYDROGEL_PACK;XIRECS;10062.0;5
124800;BOT_TAKER;BOT_MAKER;VEV_6000;XIRECS;1.0;4
124900;BOT_MAKER;BOT_TAKER;VELVETFRUIT_EXTRACT;XIRECS;5202.0;7
124900;BOT_MAKER;BOT_TAKER;VEV_4000;XIRECS;1281.0;1
124900;BOT_TAKER;BOT_MAKER;VEV_6000;XIRECS;1.0;4
125000;BOT_MAKER;BOT_TAKER;HYDROGEL_PACK;XIRECS;10046.0;2
125000;BOT_TAKER;BOT_MAKER;VEV_6500;XIRECS;1.0;4
125000;BOT_MAKER;BOT_TAKER;VEV_6500;XIRECS;0.0;4
125100;BOT_TAKER;BOT_MAKER;VELVETFRUIT_EXTRACT;XIRECS;5208.0;8
125100;BOT_TAKER;BOT_MAKER;VELVETFRUIT_EXTRACT;XIRECS;5208.0;4
125100;BOT_MAKER;BOT_TAKER;VEV_4000;XIRECS;1281.0;1
125200;BOT_TAKER;BOT_MAKER;VELVETFRUIT_EXTRACT;XIRECS;5208.0;7
125200;BOT_MAKER;BOT_TAKER;VEV_4000;XIRECS;1282.0;2
125300;BOT_MAKER;BOT_TAKER;HYDROGEL_PACK;XIRECS;10044.0;5
125300;BOT_TAKER;BOT_MAKER;HYDROGEL_PACK;XIRECS;10060.0;6
125300;BOT_TAKER;BOT_MAKER;VELVETFRUIT_EXTRACT;XIRECS;5209.0;6
125400;BOT_MAKER;BOT_TAKER;VELVETFRUIT_EXTRACT;XIRECS;5204.0;4
125400;BOT_TAKER;BOT_MAKER;VEV_4000;XIRECS;1305.0;3
125500;BOT_MAKER;BOT_TAKER;VELVETFRUIT_EXTRACT;XIRECS;5202.0;3
125500;BOT_TAKER;BOT_MAKER;VEV_4000;XIRECS;1306.0;3
125500;BOT_MAKER;BOT_TAKER;VEV_6000;XIRECS;0.0;2
125600;BOT_MAKER;BOT_TAKER;VELVETFRUIT_EXTRACT;XIRECS;5202.0;11
125600;BOT_MAKER;BOT_TAKER;VEV_4000;XIRECS;1285.0;3
125600;BOT_TAKER;BOT_MAKER;VEV_6500;XIRECS;1.0;4
125700;BOT_TAKER;BOT_MAKER;HYDROGEL_PACK;XIRECS;10063.0;3
125700;BOT_MAKER;BOT_TAKER;HYDROGEL_PACK;XIRECS;10047.0;3
125700;BOT_MAKER;BOT_TAKER;VEV_6000;XIRECS;0.0;5
125900;BOT_MAKER;BOT_TAKER;VELVETFRUIT_EXTRACT;XIRECS;5201.0;6
126100;BOT_MAKER;BOT_TAKER;HYDROGEL_PACK;XIRECS;10046.0;4
126100;BOT_TAKER;BOT_MAKER;VELVETFRUIT_EXTRACT;XIRECS;5207.0;8
126100;BOT_TAKER;BOT_MAKER;VEV_5500;XIRECS;5.0;5
126200;BOT_TAKER;BOT_MAKER;HYDROGEL_PACK;XIRECS;10062.0;2
126200;BOT_MAKER;BOT_TAKER;VEV_5500;XIRECS;4.0;5
126300;BOT_MAKER;BOT_TAKER;HYDROGEL_PACK;XIRECS;10044.0;5
126300;BOT_MAKER;BOT_TAKER;VELVETFRUIT_EXTRACT;XIRECS;5202.0;7
126300;BOT_TAKER;BOT_MAKER;VEV_6500;XIRECS;1.0;2
126400;BOT_MAKER;BOT_TAKER;HYDROGEL_PACK;XIRECS;10045.0;5
126400;BOT_TAKER;BOT_MAKER;VEV_4000;XIRECS;1303.0;2
126500;BOT_MAKER;BOT_TAKER;VELVETFRUIT_EXTRACT;XIRECS;5200.0;5
126500;BOT_TAKER;BOT_MAKER;VEV_4000;XIRECS;1301.0;3
126600;BOT_MAKER;BOT_TAKER;VELVETFRUIT_EXTRACT;XIRECS;5201.0;3
126600;BOT_MAKER;BOT_TAKER;VEV_5500;XIRECS;4.0;2
126900;BOT_MAKER;BOT_TAKER;VELVETFRUIT_EXTRACT;XIRECS;5202.0;5
126900;BOT_TAKER;BOT_MAKER;VEV_6000;XIRECS;1.0;2
126900;BOT_MAKER;BOT_TAKER;VEV_6500;XIRECS;0.0;3
127000;BOT_MAKER;BOT_TAKER;VELVETFRUIT_EXTRACT;XIRECS;5200.0;4
127000;BOT_TAKER;BOT_MAKER;VEV_6000;XIRECS;1.0;5
127100;BOT_TAKER;BOT_MAKER;VELVETFRUIT_EXTRACT;XIRECS;5206.0;8
127100;BOT_MAKER;BOT_TAKER;VELVETFRUIT_EXTRACT;XIRECS;5201.0;4
127200;BOT_TAKER;BOT_MAKER;VEV_4000;XIRECS;1299.0;1
127300;BOT_MAKER;BOT_TAKER;VEV_6500;XIRECS;0.0;3
127400;BOT_MAKER;BOT_TAKER;VEV_5300;XIRECS;70.0;3
127400;BOT_TAKER;BOT_MAKER;VEV_5500;XIRECS;5.0;2
127700;BOT_MAKER;BOT_TAKER;VEV_5300;XIRECS;71.0;4
127800;BOT_TAKER;BOT_MAKER;HYDROGEL_PACK;XIRECS;10064.0;3
127800;BOT_MAKER;BOT_TAKER;VELVETFRUIT_EXTRACT;XIRECS;5201.0;5
127900;BOT_TAKER;BOT_MAKER;VELVETFRUIT_EXTRACT;XIRECS;5208.0;7
127900;BOT_TAKER;BOT_MAKER;VEV_4000;XIRECS;1300.0;2
127900;BOT_TAKER;BOT_MAKER;VEV_6500;XIRECS;1.0;3
127900;BOT_MAKER;BOT_TAKER;VEV_6500;XIRECS;0.0;5
128000;BOT_TAKER;BOT_MAKER;VELVETFRUIT_EXTRACT;XIRECS;5207.0;6
128000;BOT_TAKER;BOT_MAKER;VELVETFRUIT_EXTRACT;XIRECS;5207.0;8
128200;BOT_TAKER;BOT_MAKER;HYDROGEL_PACK;XIRECS;10072.0;4
128200;BOT_MAKER;BOT_TAKER;VEV_4000;XIRECS;1278.0;1
128200;BOT_MAKER;BOT_TAKER;VEV_5500;XIRECS;4.0;2
128300;BOT_MAKER;BOT_TAKER;VELVETFRUIT_EXTRACT;XIRECS;5199.0;4
128300;BOT_MAKER;BOT_TAKER;VEV_5500;XIRECS;4.0;5
128400;BOT_TAKER;BOT_MAKER;HYDROGEL_PACK;XIRECS;10070.0;5
128400;BOT_TAKER;BOT_MAKER;VELVETFRUIT_EXTRACT;XIRECS;5204.0;8
128500;BOT_TAKER;BOT_MAKER;HYDROGEL_PACK;XIRECS;10072.0;3
128500;BOT_TAKER;BOT_MAKER;VEV_5500;XIRECS;6.0;2
128600;BOT_MAKER;BOT_TAKER;HYDROGEL_PACK;XIRECS;10053.0;3
128600;BOT_TAKER;BOT_MAKER;VELVETFRUIT_EXTRACT;XIRECS;5202.0;6
129000;BOT_MAKER;BOT_TAKER;VELVETFRUIT_EXTRACT;XIRECS;5195.0;5
129000;BOT_TAKER;BOT_MAKER;VEV_5500;XIRECS;6.0;4
129100;BOT_TAKER;BOT_MAKER;HYDROGEL_PACK;XIRECS;10076.0;5
129100;BOT_TAKER;BOT_MAKER;VELVETFRUIT_EXTRACT;XIRECS;5201.0;5
129200;BOT_MAKER;BOT_TAKER;HYDROGEL_PACK;XIRECS;10060.0;2
129200;BOT_TAKER;BOT_MAKER;VEV_5300;XIRECS;72.0;5
129300;BOT_TAKER;BOT_MAKER;HYDROGEL_PACK;XIRECS;10078.0;6
129300;BOT_MAKER;BOT_TAKER;VEV_5200;XIRECS;73.0;4
129500;BOT_MAKER;BOT_TAKER;VELVETFRUIT_EXTRACT;XIRECS;5199.0;5
129700;BOT_TAKER;BOT_MAKER;HYDROGEL_PACK;XIRECS;10066.0;5
129800;BOT_TAKER;BOT_MAKER;VELVETFRUIT_EXTRACT;XIRECS;5203.0;7
129800;BOT_TAKER;BOT_MAKER;VEV_5400;XIRECS;23.0;4
129900;BOT_MAKER;BOT_TAKER;HYDROGEL_PACK;XIRECS;10055.0;2
129900;BOT_MAKER;BOT_TAKER;VELVETFRUIT_EXTRACT;XIRECS;5199.0;8
130000;BOT_MAKER;BOT_TAKER;VELVETFRUIT_EXTRACT;XIRECS;5200.0;3
130000;BOT_MAKER;BOT_TAKER;VELVETFRUIT_EXTRACT;XIRECS;5200.0;5
130000;BOT_MAKER;BOT_TAKER;VEV_4000;XIRECS;1277.0;2
130000;BOT_MAKER;BOT_TAKER;VEV_6000;XIRECS;0.0;2
130100;BOT_MAKER;BOT_TAKER;VELVETFRUIT_EXTRACT;XIRECS;5200.0;4
130100;BOT_MAKER;BOT_TAKER;VEV_5400;XIRECS;23.0;4
130200;BOT_TAKER;BOT_MAKER;HYDROGEL_PACK;XIRECS;10072.0;6
130200;BOT_MAKER;BOT_TAKER;VELVETFRUIT_EXTRACT;XIRECS;5200.0;6
130200;BOT_MAKER;BOT_TAKER;VEV_4000;XIRECS;1277.0;1
130200;BOT_TAKER;BOT_MAKER;VEV_6000;XIRECS;1.0;4
130300;BOT_MAKER;BOT_TAKER;VELVETFRUIT_EXTRACT;XIRECS;5200.0;6
130400;BOT_MAKER;BOT_TAKER;HYDROGEL_PACK;XIRECS;10056.0;3
130500;BOT_TAKER;BOT_MAKER;VEV_4000;XIRECS;1298.0;2
130600;BOT_MAKER;BOT_TAKER;HYDROGEL_PACK;XIRECS;10054.0;2
130600;BOT_MAKER;BOT_TAKER;VELVETFRUIT_EXTRACT;XIRECS;5201.0;6
130700;BOT_TAKER;BOT_MAKER;VEV_4000;XIRECS;1299.0;3
130700;BOT_MAKER;BOT_TAKER;VEV_6500;XIRECS;0.0;5
130800;BOT_MAKER;BOT_TAKER;HYDROGEL_PACK;XIRECS;10054.0;5
131000;BOT_TAKER;BOT_MAKER;VEV_6500;XIRECS;1.0;2
131100;BOT_TAKER;BOT_MAKER;HYDROGEL_PACK;XIRECS;10067.0;2
131100;BOT_MAKER;BOT_TAKER;VEV_4000;XIRECS;1279.0;3
131200;BOT_MAKER;BOT_TAKER;VELVETFRUIT_EXTRACT;XIRECS;5205.0;4
131200;BOT_TAKER;BOT_MAKER;VEV_4000;XIRECS;1301.0;1
131300;BOT_MAKER;BOT_TAKER;VEV_4000;XIRECS;1280.0;3
131400;BOT_MAKER;BOT_TAKER;VELVETFRUIT_EXTRACT;XIRECS;5209.0;3
131500;BOT_TAKER;BOT_MAKER;VELVETFRUIT_EXTRACT;XIRECS;5215.0;5
131700;BOT_TAKER;BOT_MAKER;VEV_6000;XIRECS;1.0;5
131800;BOT_MAKER;BOT_TAKER;VELVETFRUIT_EXTRACT;XIRECS;5208.0;5
131900;BOT_MAKER;BOT_TAKER;HYDROGEL_PACK;XIRECS;10061.0;4
131900;BOT_TAKER;BOT_MAKER;VELVETFRUIT_EXTRACT;XIRECS;5213.0;5
131900;BOT_MAKER;BOT_TAKER;VEV_4000;XIRECS;1281.0;1
132000;BOT_MAKER;BOT_TAKER;VEV_6500;XIRECS;0.0;5
132100;BOT_TAKER;BOT_MAKER;VELVETFRUIT_EXTRACT;XIRECS;5213.0;6
132100;BOT_MAKER;BOT_TAKER;VEV_5500;XIRECS;4.0;5
132200;BOT_MAKER;BOT_TAKER;VEV_6000;XIRECS;0.0;5
132300;BOT_MAKER;BOT_TAKER;HYDROGEL_PACK;XIRECS;10065.0;6
132300;BOT_MAKER;BOT_TAKER;VEV_4000;XIRECS;1279.0;2
132400;BOT_TAKER;BOT_MAKER;HYDROGEL_PACK;XIRECS;10084.0;6
132400;BOT_TAKER;BOT_MAKER;VELVETFRUIT_EXTRACT;XIRECS;5216.0;8
132500;BOT_TAKER;BOT_MAKER;HYDROGEL_PACK;XIRECS;10083.0;2
132500;BOT_TAKER;BOT_MAKER;VELVETFRUIT_EXTRACT;XIRECS;5216.0;6
132500;BOT_MAKER;BOT_TAKER;VEV_4000;XIRECS;1276.0;2
132600;BOT_MAKER;BOT_TAKER;HYDROGEL_PACK;XIRECS;10064.0;6
132600;BOT_TAKER;BOT_MAKER;VELVETFRUIT_EXTRACT;XIRECS;5216.0;5
132700;BOT_MAKER;BOT_TAKER;VELVETFRUIT_EXTRACT;XIRECS;5210.0;5
132800;BOT_MAKER;BOT_TAKER;VELVETFRUIT_EXTRACT;XIRECS;5209.0;5
132900;BOT_MAKER;BOT_TAKER;HYDROGEL_PACK;XIRECS;10062.0;3
133000;BOT_TAKER;BOT_MAKER;VEV_6000;XIRECS;1.0;2
133100;BOT_MAKER;BOT_TAKER;HYDROGEL_PACK;XIRECS;10065.0;6
133100;BOT_MAKER;BOT_TAKER;VELVETFRUIT_EXTRACT;XIRECS;5208.0;4
133200;BOT_TAKER;BOT_MAKER;HYDROGEL_PACK;XIRECS;10083.0;6
133200;BOT_MAKER;BOT_TAKER;VELVETFRUIT_EXTRACT;XIRECS;5207.0;4
133200;BOT_TAKER;BOT_MAKER;VEV_6500;XIRECS;1.0;3
133300;BOT_TAKER;BOT_MAKER;VEV_6500;XIRECS;1.0;4
133400;BOT_TAKER;BOT_MAKER;HYDROGEL_PACK;XIRECS;10086.0;2
133400;BOT_TAKER;BOT_MAKER;VEV_6000;XIRECS;1.0;3
133500;BOT_TAKER;BOT_MAKER;HYDROGEL_PACK;XIRECS;10085.0;2
