day;timestamp;product;bid_price_1;bid_volume_1;bid_price_2;bid_volume_2;bid_price_3;bid_volume_3;ask_price_1;ask_volume_1;ask_price_2;ask_volume_2;ask_price_3;ask_volume_3;mid_price;profit_and_loss
-2;0;HYDROGEL_PACK;9971;14;9969;22;;;9987;14;9990;22;;;9979.0;0.0
-2;0;VELVETFRUIT_EXTRACT;5260;22;5259;49;;;5264;22;5265;68;;;5262.0;0.0
-2;0;VEV_4000;1252;12;1249;22;;;1273;12;1276;22;;;1262.5;0.0
-2;0;VEV_4500;754;12;752;20;;;770;12;772;20;;;762.0;0.0
-2;0;VEV_5000;263;29;;;;;269;11;270;16;;;266.0;0.0
-2;0;VEV_5100;;;;;;;177;10;178;20;;;177.0;0.0
-2;0;VEV_5200;100;29;99;31;;;103;21;;;;;101.5;0.0
-2;0;VEV_5300;49;20;48;17;;;51;20;52;19;;;50.0;0.0
-2;0;VEV_5400;16;29;;;;;;;;;;;16.0;0.0
-2;0;VEV_5500;6;27;;;;;7;22;;;;;6.5;0.0
-2;0;VEV_6000;0;19;;;;;1;19;;;;;0.5;0.0
-2;0;VEV_6500;0;13;;;;;1;13;;;;;0.5;0.0
-2;100;HYDROGEL_PACK;9969;10;9966;23;;;9985;10;9987;23;;;9977.0;0.0
-2;100;VELVETFRUIT_EXTRACT;5260;61;;;;;5266;56;;;;;5263.0;0.0
-2;100;VEV_4000;1251;9;1249;19;;;1273;9;1275;19;;;1262.0;0.0
-2;100;VEV_4500;753;7;752;8;751;20;769;7;770;21;771;20;761.0;0.0
-2;100;VEV_5000;260;6;259;19;;;266;8;267;16;;;263.0;0.0
-2;100;VEV_5100;172;27;171;18;;;177;16;;;;;174.5;0.0
-2;100;VEV_5200;101;6;;;;;104;23;;;;;102.5;0.0
-2;100;VEV_5300;49;9;48;19;;;51;26;52;22;;;50.0;0.0
-2;100;VEV_5400;;;;;;;;;;;;;0.0;0.0
-2;100;VEV_5500;6;20;;;;;7;17;;;;;6.5;0.0
-2;100;VEV_6000;0;22;;;;;1;22;;;;;0.5;0.0
-2;100;VEV_6500;0;13;;;;;1;13;;;;;0.5;0.0
-2;200;HYDROGEL_PACK;9965;12;9963;29;;;9981;12;9983;29;;;9973.0;0.0
-2;200;VELVETFRUIT_EXTRACT;5262;23;5261;32;;;5267;32;;;;;5264.5;0.0
-2;200;VEV_4000;1250;13;1248;25;;;1271;13;1274;25;;;1260.5;0.0
-2;200;VEV_4500;751;12;749;16;;;767;12;769;16;;;759.0;0.0
-2;200;VEV_5000;262;8;;;;;268;7;;;;;265.0;0.0
-2;200;VEV_5100;172;31;171;21;;;176;22;177;12;;;174.0;0.0
-2;200;VEV_5200;101;12;100;15;;;;;;;;;101.0;0.0
-2;200;VEV_5300;49;24;48;21;;;51;19;;;;;50.0;0.0
-2;200;VEV_5400;16;21;;;;;18;26;;;;;17.0;0.0
-2;200;VEV_5500;6;23;;;;;7;27;;;;;6.5;0.0
-2;200;VEV_6000;0;16;;;;;1;16;;;;;0.5;0.0
-2;200;VEV_6500;0;19;;;;;1;19;;;;;0.5;0.0
-2;300;HYDROGEL_PACK;9962;22;;;;;9980;14;9983;22;;;9971.0;0.0
-2;300;VELVETFRUIT_EXTRACT;5263;15;5262;54;;;5268;72;;;;;5265.5;0.0
-2;300;VEV_4000;1249;12;1247;16;;;1271;12;1273;16;;;1260.0;0.0
-2;300;VEV_4500;752;7;750;17;;;768;7;770;17;;;760.0;0.0
-2;300;VEV_5000;261;11;;;;;;;;;;;261.0;0.0
-2;300;VEV_5100;172;26;;;;;176;11;177;24;;;174.0;0.0
-2;300;VEV_5200;101;20;;;;;104;13;;;;;102.5;0.0
-2;300;VEV_5300;50;17;;;;;52;21;;;;;51.0;0.0
-2;300;VEV_5400;16;28;;;;;18;26;;;;;17.0;0.0
-2;300;VEV_5500;6;18;;;;;7;23;;;;;6.5;0.0
-2;300;VEV_6000;0;21;;;;;1;21;;;;;0.5;0.0
-2;300;VEV_6500;0;13;;;;;1;13;;;;;0.5;0.0
-2;400;HYDROGEL_PACK;9964;11;9962;27;;;9980;11;9983;27;;;9972.0;0.0
-2;400;VELVETFRUIT_EXTRACT;5263;24;5262;47;5262;39;5267;24;5268;52;5269;47;5265.0;0.0
-2;400;VEV_4000;1249;8;1247;26;;;1270;8;1273;26;;;1259.5;0.0
-2;400;VEV_4500;752;6;750;14;;;768;6;770;14;;;760.0;0.0
-2;400;VEV_5000;260;6;259;21;;;266;6;267;20;;;263.0;0.0
-2;400;VEV_5100;172;32;;;;;176;27;;;;;174.0;0.0
-2;400;VEV_5200;100;22;;;;;104;22;;;;;102.0;0.0
-2;400;VEV_5300;49;19;;;;;51;23;52;14;;;50.0;0.0
-2;400;VEV_5400;17;7;16;27;;;;;;;;;17.0;0.0
-2;400;VEV_5500;6;21;;;;;7;28;;;;;6.5;0.0
-2;400;VEV_6000;0;22;;;;;1;22;;;;;0.5;0.0
-2;400;VEV_6500;0;24;;;;;1;24;;;;;0.5;0.0
-2;500;HYDROGEL_PACK;9966;11;9963;22;;;9982;11;9984;22;;;9974.0;0.0
-2;500;VELVETFRUIT_EXTRACT;5262;40;;;;;5267;25;5268;59;;;5264.5;0.0
-2;500;VEV_4000;1248;15;1246;25;;;1269;15;1272;25;;;1258.5;0.0
-2;500;VEV_4500;750;6;748;24;;;766;6;768;24;;;758.0;0.0
-2;500;VEV_5000;259;6;258;18;;;265;11;266;36;;;262.0;0.0
-2;500;VEV_5100;173;12;172;25;;;177;6;178;35;;;175.0;0.0
-2;500;VEV_5200;;;;;;;104;29;;;;;104.0;0.0
-2;500;VEV_5300;50;19;49;19;;;52;14;52;9;;;51.0;0.0
-2;500;VEV_5400;16;21;;;;;18;26;;;;;17.0;0.0
-2;500;VEV_5500;6;24;;;;;7;22;;;;;6.5;0.0
-2;500;VEV_6000;0;29;;;;;1;29;;;;;0.5;0.0
-2;500;VEV_6500;0;15;;;;;1;15;;;;;0.5;0.0
-2;600;HYDROGEL_PACK;9969;12;9966;22;;;9985;12;9987;22;;;9977.0;0.0
-2;600;VELVETFRUIT_EXTRACT;5263;69;;;;;5269;60;;;;;5266.0;0.0
-2;600;VEV_4000;1249;9;1247;25;;;1271;9;1273;25;;;1260.0;0.0
-2;600;VEV_4500;751;6;749;21;;;767;6;769;21;;;759.0;0.0
-2;600;VEV_5000;257;8;;;;;263;12;264;30;;;260.0;0.0
-2;600;VEV_5100;173;29;;;;;177;9;178;12;;;175.0;0.0
-2;600;VEV_5200;100;34;;;;;104;25;;;;;102.0;0.0
-2;600;VEV_5300;49;25;;;;;52;23;;;;;50.5;0.0
-2;600;VEV_5400;17;25;;;;;19;25;;;;;18.0;0.0
-2;600;VEV_5500;6;18;;;;;7;27;;;;;6.5;0.0
-2;600;VEV_6000;0;20;;;;;1;20;;;;;0.5;0.0
-2;600;VEV_6500;0;15;;;;;1;15;;;;;0.5;0.0
-2;700;HYDROGEL_PACK;9972;12;9970;24;;;9988;12;9991;24;;;9980.0;0.0
-2;700;VELVETFRUIT_EXTRACT;5265;47;5265;17;;;5270;17;5271;54;;;5267.5;0.0
-2;700;VEV_4000;1250;8;1247;21;;;1271;8;1273;21;;;1260.5;0.0
-2;700;VEV_4500;752;8;750;18;;;769;11;770;18;;;760.5;0.0
-2;700;VEV_5000;256;22;;;;;264;18;;;;;260.0;0.0
-2;700;VEV_5100;172;12;;;;;177;23;;;;;174.5;0.0
-2;700;VEV_5200;101;9;;;;;103;33;104;18;;;102.0;0.0
-2;700;VEV_5300;50;22;;;;;52;25;;;;;51.0;0.0
-2;700;VEV_5400;17;22;;;;;19;24;;;;;18.0;0.0
-2;700;VEV_5500;6;26;;;;;7;21;;;;;6.5;0.0
-2;700;VEV_6000;0;27;;;;;1;27;;;;;0.5;0.0
-2;700;VEV_6500;0;10;;;;;1;10;;;;;0.5;0.0
-2;800;HYDROGEL_PACK;9976;15;9973;20;;;9992;15;9994;20;;;9984.0;0.0
-2;800;VELVETFRUIT_EXTRACT;5266;22;5265;62;;;5271;67;5272;35;;;5268.5;0.0
-2;800;VEV_4000;1251;8;1249;17;;;1273;8;1275;17;;;1262.0;0.0
-2;800;VEV_4500;754;7;752;19;;;770;7;771;6;772;19;762.0;0.0
-2;800;VEV_5000;256;7;255;20;;;262;8;263;23;;;259.0;0.0
-2;800;VEV_5100;172;18;;;;;;;;;;;172.0;0.0
-2;800;VEV_5200;;;;;;;;;;;;;0.0;0.0
-2;800;VEV_5300;50;9;;;;;52;9;;;;;51.0;0.0
-2;800;VEV_5400;;;;;;;18;20;19;16;;;18.0;0.0
-2;800;VEV_5500;5;25;;;;;7;10;;;;;6.0;0.0
-2;800;VEV_6000;0;19;;;;;1;19;;;;;0.5;0.0
-2;800;VEV_6500;0;17;;;;;1;17;;;;;0.5;0.0
-2;900;HYDROGEL_PACK;9978;12;9975;29;;;9994;12;9996;29;;;9986.0;0.0
-2;900;VELVETFRUIT_EXTRACT;5266;17;5265;57;;;5270;17;5271;44;;;5268.0;0.0
-2;900;VEV_4000;1254;11;1251;26;;;1275;11;1277;26;;;1264.5;0.0
-2;900;VEV_4500;753;7;751;14;;;769;7;771;14;;;761.0;0.0
-2;900;VEV_5000;255;22;254;15;;;261;9;262;21;;;258.0;0.0
-2;900;VEV_5100;172;8;171;24;;;177;14;;;;;174.5;0.0
-2;900;VEV_5200;101;12;100;31;;;103;9;104;34;;;102.0;0.0
-2;900;VEV_5300;50;16;;;;;;;;;;;50.0;0.0
-2;900;VEV_5400;17;27;17;18;;;;;;;;;17.0;0.0
-2;900;VEV_5500;5;20;;;;;7;26;;;;;6.0;0.0
-2;900;VEV_6000;0;25;;;;;1;25;;;;;0.5;0.0
-2;900;VEV_6500;0;14;;;;;1;14;;;;;0.5;0.0
-2;1000;HYDROGEL_PACK;9980;12;9977;30;;;9996;12;9998;30;;;9988.0;0.0
-2;1000;VELVETFRUIT_EXTRACT;5267;25;5266;35;;;5272;53;;;;;5269.5;0.0
-2;1000;VEV_4000;1254;7;1252;16;;;1275;7;1278;16;;;1264.5;0.0
-2;1000;VEV_4500;753;8;751;21;;;769;8;771;21;;;761.0;0.0
-2;1000;VEV_5000;256;9;255;29;;;262;8;263;22;;;259.0;0.0
-2;1000;VEV_5100;174;21;;;;;178;11;179;24;;;176.0;0.0
-2;1000;VEV_5200;101;9;100;26;;;;;;;;;101.0;0.0
-2;1000;VEV_5300;49;6;;;;;51;23;;;;;50.0;0.0
-2;1000;VEV_5400;17;19;;;;;18;19;19;19;;;17.5;0.0
-2;1000;VEV_5500;6;17;;;;;7;24;;;;;6.5;0.0
-2;1000;VEV_6000;0;23;;;;;1;23;;;;;0.5;0.0
-2;1000;VEV_6500;0;16;;;;;1;16;;;;;0.5;0.0
-2;1100;HYDROGEL_PACK;9982;11;9980;28;;;9998;11;10001;28;;;9990.0;0.0
-2;1100;VELVETFRUIT_EXTRACT;5265;34;;;;;5271;31;5271;60;;;5268.0;0.0
-2;1100;VEV_4000;1254;7;1251;28;;;1275;7;1277;28;;;1264.5;0.0
-2;1100;VEV_4500;754;6;752;14;;;770;6;772;14;;;762.0;0.0
-2;1100;VEV_5000;257;11;256;16;;;263;11;264;14;;;260.0;0.0
-2;1100;VEV_5100;174;7;;;;;178;19;179;29;;;176.0;0.0
-2;1100;VEV_5200;100;28;;;;;103;31;;;;;101.5;0.0
-2;1100;VEV_5300;;;;;;;52;23;;;;;52.0;0.0
-2;1100;VEV_5400;17;27;;;;;18;20;19;22;;;17.5;0.0
-2;1100;VEV_5500;5;19;;;;;7;30;;;;;6.0;0.0
-2;1100;VEV_6000;0;22;;;;;1;22;;;;;0.5;0.0
-2;1100;VEV_6500;0;16;;;;;1;16;;;;;0.5;0.0
-2;1200;HYDROGEL_PACK;9983;10;9981;24;;;9999;10;10002;24;;;9991.0;0.0
-2;1200;VELVETFRUIT_EXTRACT;5267;15;;;;;5273;43;;;;;5270.0;0.0
-2;1200;VEV_4000;1254;7;1251;29;;;1275;7;1278;29;;;1264.5;0.0
-2;1200;VEV_4500;752;10;751;9;750;14;768;10;769;8;770;14;760.0;0.0
-2;1200;VEV_5000;257;10;256;17;;;263;6;264;21;;;260.0;0.0
-2;1200;VEV_5100;174;8;173;32;;;178;24;179;24;;;176.0;0.0
-2;1200;VEV_5200;101;7;;;;;103;27;;;;;102.0;0.0
-2;1200;VEV_5300;51;25;;;;;53;7;;;;;52.0;0.0
-2;1200;VEV_5400;;;;;;;18;5;19;27;;;18.0;0.0
-2;1200;VEV_5500;5;22;;;;;7;21;;;;;6.0;0.0
-2;1200;VEV_6000;0;22;;;;;1;22;;;;;0.5;0.0
-2;1200;VEV_6500;0;14;;;;;1;14;;;;;0.5;0.0
-2;1300;HYDROGEL_PACK;9985;14;9983;24;;;10001;14;10004;24;;;9993.0;0.0
-2;1300;VELVETFRUIT_EXTRACT;5267;15;;;;;5273;64;;;;;5270.0;0.0
-2;1300;VEV_4000;1252;12;1249;24;;;1273;12;1276;24;;;1262.5;0.0
-2;1300;VEV_4500;753;10;751;12;;;771;12;;;;;762.0;0.0
-2;1300;VEV_5000;257;11;256;22;;;264;21;;;;;260.5;0.0
-2;1300;VEV_5100;174;31;;;;;178;20;179;23;;;176.0;0.0
-2;1300;VEV_5200;101;24;;;;;104;12;105;21;;;102.5;0.0
-2;1300;VEV_5300;50;24;;;;;52;26;;;;;51.0;0.0
-2;1300;VEV_5400;17;22;;;;;18;6;19;22;;;17.5;0.0
-2;1300;VEV_5500;5;16;;;;;7;19;;;;;6.0;0.0
-2;1300;VEV_6000;0;23;;;;;1;23;;;;;0.5;0.0
-2;1300;VEV_6500;0;12;;;;;1;12;;;;;0.5;0.0
-2;1400;HYDROGEL_PACK;9985;15;9982;28;;;10001;15;10003;28;;;9993.0;0.0
-2;1400;VELVETFRUIT_EXTRACT;5266;15;5265;44;;;5271;43;;;;;5268.5;0.0
-2;1400;VEV_4000;1253;8;1250;20;;;1274;8;1277;20;;;1263.5;0.0
-2;1400;VEV_4500;753;11;752;22;751;22;769;11;770;8;771;22;761.0;0.0
-2;1400;VEV_5000;255;15;;;;;262;9;263;12;;;258.5;0.0
-2;1400;VEV_5100;173;23;172;19;;;177;26;;;;;175.0;0.0
-2;1400;VEV_5200;100;32;;;;;103;12;104;27;;;101.5;0.0
-2;1400;VEV_5300;50;28;49;20;;;52;28;;;;;51.0;0.0
-2;1400;VEV_5400;18;20;;;;;19;22;;;;;18.5;0.0
-2;1400;VEV_5500;5;21;;;;;7;22;;;;;6.0;0.0
-2;1400;VEV_6000;0;20;;;;;1;20;;;;;0.5;0.0
-2;1400;VEV_6500;0;14;;;;;1;14;;;;;0.5;0.0
-2;1500;HYDROGEL_PACK;9984;11;9981;22;;;10000;11;10002;22;;;9992.0;0.0
-2;1500;VELVETFRUIT_EXTRACT;5266;59;5266;18;;;5271;18;5272;23;;;5268.5;0.0
-2;1500;VEV_4000;1252;11;1250;17;;;1274;11;1276;17;;;1263.0;0.0
-2;1500;VEV_4500;753;8;752;11;;;769;8;771;18;;;761.0;0.0
-2;1500;VEV_5000;256;9;;;;;262;8;263;23;;;259.0;0.0
-2;1500;VEV_5100;174;7;173;29;;;;;;;;;174.0;0.0
-2;1500;VEV_5200;100;23;;;;;102;9;;;;;101.0;0.0
-2;1500;VEV_5300;49;23;;;;;51;27;;;;;50.0;0.0
-2;1500;VEV_5400;18;6;17;25;;;19;19;;;;;18.5;0.0
-2;1500;VEV_5500;5;27;;;;;7;24;;;;;6.0;0.0
-2;1500;VEV_6000;0;26;;;;;1;26;;;;;0.5;0.0
-2;1500;VEV_6500;0;18;;;;;1;18;;;;;0.5;0.0
-2;1600;HYDROGEL_PACK;9986;15;9984;22;;;10002;15;10005;22;;;9994.0;0.0
-2;1600;VELVETFRUIT_EXTRACT;5266;23;5265;49;;;5270;23;5271;37;;;5268.0;0.0
-2;1600;VEV_4000;1251;8;1249;23;;;1272;8;1275;23;;;1261.5;0.0
-2;1600;VEV_4500;751;8;749;21;;;767;8;768;18;769;21;759.0;0.0
-2;1600;VEV_5000;256;9;255;12;;;262;11;263;22;;;259.0;0.0
-2;1600;VEV_5100;172;18;;;;;;;;;;;172.0;0.0
-2;1600;VEV_5200;;;;;;;101;33;;;;;101.0;0.0
-2;1600;VEV_5300;49;22;48;29;;;51;22;52;18;;;50.0;0.0
-2;1600;VEV_5400;18;24;;;;;19;17;;;;;18.5;0.0
-2;1600;VEV_5500;5;19;;;;;6;25;;;;;5.5;0.0
-2;1600;VEV_6000;0;23;;;;;1;23;;;;;0.5;0.0
-2;1600;VEV_6500;0;14;;;;;1;14;;;;;0.5;0.0
-2;1700;HYDROGEL_PACK;9989;10;9986;26;;;10005;10;10007;26;;;9997.0;0.0
-2;1700;VELVETFRUIT_EXTRACT;5264;63;;;;;5270;22;;;;;5267.0;0.0
-2;1700;VEV_4000;1252;10;1249;29;;;1273;10;1276;29;;;1262.5;0.0
-2;1700;VEV_4500;750;10;748;15;;;766;10;768;15;;;758.0;0.0
-2;1700;VEV_5000;255;6;;;;;261;11;262;14;;;258.0;0.0
-2;1700;VEV_5100;172;13;;;;;177;23;;;;;174.5;0.0
-2;1700;VEV_5200;101;8;100;24;;;;;;;;;101.0;0.0
-2;1700;VEV_5300;49;28;;;;;51;20;52;25;;;50.0;0.0
-2;1700;VEV_5400;17;27;;;;;19;21;;;;;18.0;0.0
-2;1700;VEV_5500;5;22;;;;;6;20;;;;;5.5;0.0
-2;1700;VEV_6000;0;25;;;;;1;25;;;;;0.5;0.0
-2;1700;VEV_6500;0;12;;;;;1;12;;;;;0.5;0.0
-2;1800;HYDROGEL_PACK;9990;10;9988;29;;;10006;10;10009;29;;;9998.0;0.0
-2;1800;VELVETFRUIT_EXTRACT;5263;59;;;;;5269;62;;;;;5266.0;0.0
-2;1800;VEV_4000;1252;11;1250;18;;;1273;11;1276;18;;;1262.5;0.0
-2;1800;VEV_4500;750;8;748;22;;;766;8;768;22;;;758.0;0.0
-2;1800;VEV_5000;256;9;255;21;;;262;9;263;15;;;259.0;0.0
-2;1800;VEV_5100;172;8;;;;;176;8;177;13;;;174.0;0.0
-2;1800;VEV_5200;102;11;101;24;;;104;31;105;33;;;103.0;0.0
-2;1800;VEV_5300;48;24;;;;;50;24;;;;;49.0;0.0
-2;1800;VEV_5400;17;10;;;;;18;21;19;22;;;17.5;0.0
-2;1800;VEV_5500;5;22;;;;;6;18;;;;;5.5;0.0
-2;1800;VEV_6000;0;19;;;;;1;19;;;;;0.5;0.0
-2;1800;VEV_6500;0;17;;;;;1;17;;;;;0.5;0.0
-2;1900;HYDROGEL_PACK;9991;12;9988;22;;;10007;12;10009;22;;;9999.0;0.0
-2;1900;VELVETFRUIT_EXTRACT;5265;25;5264;32;;;5269;25;5270;46;5271;49;5267.0;0.0
-2;1900;VEV_4000;1251;10;1249;25;;;1273;10;1275;25;;;1262.0;0.0
-2;1900;VEV_4500;749;6;747;12;;;765;6;766;10;767;12;757.0;0.0
-2;1900;VEV_5000;256;10;255;15;;;262;29;263;13;;;259.0;0.0
-2;1900;VEV_5100;172;26;;;;;177;7;178;12;;;174.5;0.0
-2;1900;VEV_5200;101;32;;;;;104;25;105;17;;;102.5;0.0
-2;1900;VEV_5300;49;9;48;20;;;51;26;;;;;50.0;0.0
-2;1900;VEV_5400;;;;;;;19;23;;;;;19.0;0.0
-2;1900;VEV_5500;5;22;;;;;6;22;;;;;5.5;0.0
-2;1900;VEV_6000;0;30;;;;;1;30;;;;;0.5;0.0
-2;1900;VEV_6500;0;18;;;;;1;18;;;;;0.5;0.0
-2;2000;HYDROGEL_PACK;9991;11;9988;28;;;10007;11;10009;28;;;9999.0;0.0
-2;2000;VELVETFRUIT_EXTRACT;5264;53;;;;;5270;64;;;;;5267.0;0.0
-2;2000;VEV_4000;1252;8;1250;15;;;1273;8;1276;15;;;1262.5;0.0
-2;2000;VEV_4500;749;12;747;23;;;765;12;767;23;;;757.0;0.0
-2;2000;VEV_5000;255;8;254;22;;;261;9;262;13;;;258.0;0.0
-2;2000;VEV_5100;172;21;171;22;;;176;10;;;;;174.0;0.0
-2;2000;VEV_5200;103;29;102;21;;;105;22;106;17;;;104.0;0.0
-2;2000;VEV_5300;49;10;;;;;51;10;52;15;;;50.0;0.0
-2;2000;VEV_5400;17;28;;;;;18;21;19;24;;;17.5;0.0
-2;2000;VEV_5500;5;12;;;;;6;24;;;;;5.5;0.0
-2;2000;VEV_6000;0;22;;;;;1;22;;;;;0.5;0.0
-2;2000;VEV_6500;0;13;;;;;1;13;;;;;0.5;0.0
-2;2100;HYDROGEL_PACK;9993;13;9991;20;;;10009;13;10012;20;;;10001.0;0.0
-2;2100;VELVETFRUIT_EXTRACT;5266;20;5265;39;;;5270;20;5271;22;5272;45;5268.0;0.0
-2;2100;VEV_4000;1254;9;1252;21;;;1276;9;1278;21;;;1265.0;0.0
-2;2100;VEV_4500;749;7;747;15;;;766;10;767;15;;;757.5;0.0
-2;2100;VEV_5000;256;29;255;22;;;262;11;263;15;;;259.0;0.0
-2;2100;VEV_5100;172;16;;;;;;;;;;;172.0;0.0
-2;2100;VEV_5200;105;10;;;;;;;;;;;105.0;0.0
-2;2100;VEV_5300;49;10;48;12;;;;;;;;;49.0;0.0
-2;2100;VEV_5400;17;19;;;;;19;23;;;;;18.0;0.0
-2;2100;VEV_5500;5;19;;;;;6;26;;;;;5.5;0.0
-2;2100;VEV_6000;0;21;;;;;1;21;;;;;0.5;0.0
-2;2100;VEV_6500;0;14;;;;;1;14;;;;;0.5;0.0
-2;2200;HYDROGEL_PACK;9994;14;9991;21;;;10010;14;10012;21;;;10002.0;0.0
-2;2200;VELVETFRUIT_EXTRACT;5264;50;5264;24;;;5270;61;;;;;5267.0;0.0
-2;2200;VEV_4000;1256;13;1253;23;;;1277;13;1280;23;;;1266.5;0.0
-2;2200;VEV_4500;748;8;747;24;;;767;24;;;;;757.5;0.0
-2;2200;VEV_5000;257;7;256;15;;;264;15;;;;;260.5;0.0
-2;2200;VEV_5100;174;12;173;17;;;178;21;;;;;176.0;0.0
-2;2200;VEV_5200;103;13;;;;;107;34;;;;;105.0;0.0
-2;2200;VEV_5300;49;27;;;;;51;15;;;;;50.0;0.0
-2;2200;VEV_5400;16;21;;;;;18;25;;;;;17.0;0.0
-2;2200;VEV_5500;5;23;;;;;7;19;;;;;6.0;0.0
-2;2200;VEV_6000;0;24;;;;;1;24;;;;;0.5;0.0
-2;2200;VEV_6500;0;17;;;;;1;17;;;;;0.5;0.0
-2;2300;HYDROGEL_PACK;9993;13;9990;26;;;10009;13;10011;26;;;10001.0;0.0
-2;2300;VELVETFRUIT_EXTRACT;5264;15;5263;38;5263;46;5268;15;5269;25;;;5266.0;0.0
-2;2300;VEV_4000;1255;13;1252;27;;;1276;13;1279;27;;;1265.5;0.0
-2;2300;VEV_4500;749;7;;;;;765;7;767;16;;;757.0;0.0
-2;2300;VEV_5000;258;24;257;21;;;264;8;265;24;;;261.0;0.0
-2;2300;VEV_5100;171;8;170;17;;;176;23;;;;;173.5;0.0
-2;2300;VEV_5200;105;11;104;12;;;108;24;;;;;106.5;0.0
-2;2300;VEV_5300;49;21;;;;;51;20;;;;;50.0;0.0
-2;2300;VEV_5400;17;18;;;;;18;23;;;;;17.5;0.0
-2;2300;VEV_5500;5;27;;;;;6;19;;;;;5.5;0.0
-2;2300;VEV_6000;0;23;;;;;1;23;;;;;0.5;0.0
-2;2300;VEV_6500;0;16;;;;;1;16;;;;;0.5;0.0
-2;2400;HYDROGEL_PACK;9992;10;9989;20;;;10008;10;10010;20;;;10000.0;0.0
-2;2400;VELVETFRUIT_EXTRACT;5264;22;5263;69;;;5269;32;;;;;5266.5;0.0
-2;2400;VEV_4000;1256;7;1254;17;;;1278;7;1280;17;;;1267.0;0.0
-2;2400;VEV_4500;749;12;747;22;;;766;11;767;22;;;757.5;0.0
-2;2400;VEV_5000;258;12;;;;;264;21;265;20;;;261.0;0.0
-2;2400;VEV_5100;171;6;;;;;175;31;176;14;;;173.0;0.0
-2;2400;VEV_5200;;;;;;;106;27;107;22;;;106.0;0.0
-2;2400;VEV_5300;;;;;;;51;24;;;;;51.0;0.0
-2;2400;VEV_5400;;;;;;;18;24;;;;;18.0;0.0
-2;2400;VEV_5500;5;9;;;;;7;24;;;;;6.0;0.0
-2;2400;VEV_6000;0;25;;;;;1;25;;;;;0.5;0.0
-2;2400;VEV_6500;0;14;;;;;1;14;;;;;0.5;0.0
-2;2500;HYDROGEL_PACK;9989;14;9986;29;;;10005;14;10007;29;;;9997.0;0.0
-2;2500;VELVETFRUIT_EXTRACT;5263;34;5263;21;;;5268;21;5269;42;5269;65;5265.5;0.0
-2;2500;VEV_4000;1258;9;1255;19;;;1279;9;1282;19;;;1268.5;0.0
-2;2500;VEV_4500;751;6;750;10;749;18;767;6;769;18;;;759.0;0.0
-2;2500;VEV_5000;256;12;255;21;;;263;21;;;;;259.5;0.0
-2;2500;VEV_5100;171;25;170;22;;;175;9;176;22;;;173.0;0.0
-2;2500;VEV_5200;104;28;;;;;107;8;108;33;;;105.5;0.0
-2;2500;VEV_5300;50;22;;;;;52;26;;;;;51.0;0.0
-2;2500;VEV_5400;17;18;16;26;;;18;17;;;;;17.5;0.0
-2;2500;VEV_5500;5;21;;;;;7;23;;;;;6.0;0.0
-2;2500;VEV_6000;0;18;;;;;1;18;;;;;0.5;0.0
-2;2500;VEV_6500;0;17;;;;;1;17;;;;;0.5;0.0
-2;2600;HYDROGEL_PACK;9986;12;9984;20;;;10002;12;10005;20;;;9994.0;0.0
-2;2600;VELVETFRUIT_EXTRACT;5262;63;;;;;5267;19;5268;41;;;5264.5;0.0
-2;2600;VEV_4000;1258;14;1256;15;;;1280;14;1282;15;;;1269.0;0.0
-2;2600;VEV_4500;752;7;750;21;;;768;7;769;8;770;21;760.0;0.0
-2;2600;VEV_5000;256;34;;;;;263;6;264;23;;;259.5;0.0
-2;2600;VEV_5100;171;12;170;15;;;175;6;;;;;173.0;0.0
-2;2600;VEV_5200;106;27;;;;;110;35;;;;;108.0;0.0
-2;2600;VEV_5300;50;20;49;23;;;52;25;;;;;51.0;0.0
-2;2600;VEV_5400;17;21;17;29;;;;;;;;;17.0;0.0
-2;2600;VEV_5500;5;21;;;;;7;20;;;;;6.0;0.0
-2;2600;VEV_6000;0;27;;;;;1;27;;;;;0.5;0.0
-2;2600;VEV_6500;0;21;;;;;1;21;;;;;0.5;0.0
-2;2700;HYDROGEL_PACK;9985;10;9982;29;;;10001;10;10003;29;;;9993.0;0.0
-2;2700;VELVETFRUIT_EXTRACT;5262;33;;;;;5268;30;;;;;5265.0;0.0
-2;2700;VEV_4000;1259;12;1256;22;;;1280;12;1283;22;;;1269.5;0.0
-2;2700;VEV_4500;753;11;751;18;;;769;11;771;18;;;761.0;0.0
-2;2700;VEV_5000;258;9;257;19;;;;;;;;;258.0;0.0
-2;2700;VEV_5100;170;29;;;;;175;6;176;16;;;172.5;0.0
-2;2700;VEV_5200;106;11;105;26;;;108;24;;;;;107.0;0.0
-2;2700;VEV_5300;50;24;;;;;52;19;;;;;51.0;0.0
-2;2700;VEV_5400;17;26;;;;;19;19;;;;;18.0;0.0
-2;2700;VEV_5500;5;27;;;;;7;26;;;;;6.0;0.0
-2;2700;VEV_6000;0;24;;;;;1;24;;;;;0.5;0.0
-2;2700;VEV_6500;0;15;;;;;1;15;;;;;0.5;0.0
-2;2800;HYDROGEL_PACK;9984;14;9982;27;;;10000;14;10003;27;;;9992.0;0.0
-2;2800;VELVETFRUIT_EXTRACT;5264;69;5264;17;5263;30;5269;17;5270;60;;;5266.5;0.0
-2;2800;VEV_4000;1260;15;1257;30;;;1281;15;1284;30;;;1270.5;0.0
-2;2800;VEV_4500;751;18;;;;;770;12;771;18;;;760.5;0.0
-2;2800;VEV_5000;259;7;;;;;265;9;266;12;;;262.0;0.0
-2;2800;VEV_5100;;;;;;;175;8;176;21;;;175.0;0.0
-2;2800;VEV_5200;106;34;105;20;;;109;23;;;;;107.5;0.0
-2;2800;VEV_5300;49;5;48;17;;;51;8;;;;;50.0;0.0
-2;2800;VEV_5400;17;17;;;;;;;;;;;17.0;0.0
-2;2800;VEV_5500;5;23;;;;;7;20;;;;;6.0;0.0
-2;2800;VEV_6000;0;20;;;;;1;20;;;;;0.5;0.0
-2;2800;VEV_6500;0;16;;;;;1;16;;;;;0.5;0.0
-2;2900;HYDROGEL_PACK;9985;10;9982;30;;;10001;10;10003;30;;;9993.0;0.0
-2;2900;VELVETFRUIT_EXTRACT;5264;16;;;;;5270;54;;;;;5267.0;0.0
-2;2900;VEV_4000;1259;9;1256;27;;;1280;9;1282;27;;;1269.5;0.0
-2;2900;VEV_4500;752;14;;;;;770;12;772;14;;;761.0;0.0
-2;2900;VEV_5000;260;20;259;20;;;267;23;;;;;263.5;0.0
-2;2900;VEV_5100;;;;;;;176;26;;;;;176.0;0.0
-2;2900;VEV_5200;105;30;;;;;108;9;109;24;;;106.5;0.0
-2;2900;VEV_5300;49;5;48;17;;;51;24;;;;;50.0;0.0
-2;2900;VEV_5400;17;22;;;;;;;;;;;17.0;0.0
-2;2900;VEV_5500;5;16;;;;;7;27;;;;;6.0;0.0
-2;2900;VEV_6000;0;30;;;;;1;30;;;;;0.5;0.0
-2;2900;VEV_6500;0;16;;;;;1;16;;;;;0.5;0.0
-2;3000;HYDROGEL_PACK;9984;14;9982;21;;;10000;14;10003;21;;;9992.0;0.0
-2;3000;VELVETFRUIT_EXTRACT;5265;45;;;;;5271;17;5272;41;;;5268.0;0.0
-2;3000;VEV_4000;1258;11;1256;24;;;1280;11;1282;24;;;1269.0;0.0
-2;3000;VEV_4500;753;10;752;11;;;771;16;;;;;762.0;0.0
-2;3000;VEV_5000;260;8;259;16;;;266;26;267;12;;;263.0;0.0
-2;3000;VEV_5100;172;30;;;;;176;22;177;22;;;174.0;0.0
-2;3000;VEV_5200;;;;;;;109;24;;;;;109.0;0.0
-2;3000;VEV_5300;48;20;;;;;50;27;;;;;49.0;0.0
-2;3000;VEV_5400;17;25;;;;;19;24;;;;;18.0;0.0
-2;3000;VEV_5500;5;27;;;;;7;28;;;;;6.0;0.0
-2;3000;VEV_6000;0;21;;;;;1;21;;;;;0.5;0.0
-2;3000;VEV_6500;0;18;;;;;1;18;;;;;0.5;0.0
-2;3100;HYDROGEL_PACK;9982;13;9980;30;;;9998;13;10000;30;;;9990.0;0.0
-2;3100;VELVETFRUIT_EXTRACT;5265;32;5265;19;5264;31;5271;70;;;;;5268.0;0.0
-2;3100;VEV_4000;1258;13;1256;29;;;1280;13;1282;29;;;1269.0;0.0
-2;3100;VEV_4500;753;7;;;;;769;7;771;17;;;761.0;0.0
-2;3100;VEV_5000;260;11;259;31;;;266;12;267;12;;;263.0;0.0
-2;3100;VEV_5100;173;8;172;24;;;177;33;;;;;175.0;0.0
-2;3100;VEV_5200;106;8;105;26;;;108;12;109;28;;;107.0;0.0
-2;3100;VEV_5300;;;;;;;51;22;;;;;51.0;0.0
-2;3100;VEV_5400;16;25;;;;;17;20;18;18;;;16.5;0.0
-2;3100;VEV_5500;5;29;;;;;6;25;;;;;5.5;0.0
-2;3100;VEV_6000;0;29;;;;;1;29;;;;;0.5;0.0
-2;3100;VEV_6500;0;17;;;;;1;17;;;;;0.5;0.0
-2;3200;HYDROGEL_PACK;9984;15;9981;30;;;10000;15;10002;30;;;9992.0;0.0
-2;3200;VELVETFRUIT_EXTRACT;5266;16;5265;70;;;5270;16;5271;71;;;5268.0;0.0
-2;3200;VEV_4000;1257;15;1255;26;;;1278;15;1281;26;;;1267.5;0.0
-2;3200;VEV_4500;751;7;750;9;749;22;767;7;769;22;;;759.0;0.0
-2;3200;VEV_5000;261;6;260;31;;;267;7;;;;;264.0;0.0
-2;3200;VEV_5100;171;23;;;;;176;8;177;33;;;173.5;0.0
-2;3200;VEV_5200;105;30;;;;;;;;;;;105.0;0.0
-2;3200;VEV_5300;49;19;;;;;51;21;;;;;50.0;0.0
-2;3200;VEV_5400;17;29;17;21;;;18;23;;;;;17.5;0.0
-2;3200;VEV_5500;5;19;;;;;6;24;;;;;5.5;0.0
-2;3200;VEV_6000;0;23;;;;;1;23;;;;;0.5;0.0
-2;3200;VEV_6500;0;16;;;;;1;16;;;;;0.5;0.0
-2;3300;HYDROGEL_PACK;9983;15;9981;25;;;9999;15;10002;25;;;9991.0;0.0
-2;3300;VELVETFRUIT_EXTRACT;5265;66;;;;;5270;15;5271;35;;;5267.5;0.0
-2;3300;VEV_4000;1257;10;1255;16;;;1279;10;1281;16;;;1268.0;0.0
-2;3300;VEV_4500;752;11;751;12;750;17;768;11;770;17;;;760.0;0.0
-2;3300;VEV_5000;260;10;259;12;;;266;8;;;;;263.0;0.0
-2;3300;VEV_5100;171;8;;;;;175;9;176;26;;;173.0;0.0
-2;3300;VEV_5200;105;25;;;;;109;12;;;;;107.0;0.0
-2;3300;VEV_5300;48;20;47;15;;;50;21;;;;;49.0;0.0
-2;3300;VEV_5400;17;21;16;21;;;18;25;;;;;17.5;0.0
-2;3300;VEV_5500;5;19;;;;;6;24;;;;;5.5;0.0
-2;3300;VEV_6000;0;22;;;;;1;22;;;;;0.5;0.0
-2;3300;VEV_6500;0;15;;;;;1;15;;;;;0.5;0.0
-2;3400;HYDROGEL_PACK;9984;10;9982;24;;;10000;10;10002;24;;;9992.0;0.0
-2;3400;VELVETFRUIT_EXTRACT;5265;56;;;;;5270;21;5271;59;;;5267.5;0.0
-2;3400;VEV_4000;1256;13;1254;21;;;1277;13;;;;;1266.5;0.0
-2;3400;VEV_4500;752;8;751;11;750;15;768;8;770;15;;;760.0;0.0
-2;3400;VEV_5000;261;28;260;19;;;267;32;268;15;;;264.0;0.0
-2;3400;VEV_5100;171;28;;;;;176;13;;;;;173.5;0.0
-2;3400;VEV_5200;105;8;;;;;107;11;108;29;;;106.0;0.0
-2;3400;VEV_5300;48;20;;;;;50;23;;;;;49.0;0.0
-2;3400;VEV_5400;;;;;;;;;;;;;0.0;0.0
-2;3400;VEV_5500;5;25;;;;;7;18;;;;;6.0;0.0
-2;3400;VEV_6000;0;23;;;;;1;23;;;;;0.5;0.0
-2;3400;VEV_6500;0;17;;;;;1;17;;;;;0.5;0.0
-2;3500;HYDROGEL_PACK;9981;15;9979;24;;;9997;15;10000;24;;;9989.0;0.0
-2;3500;VELVETFRUIT_EXTRACT;5267;17;5266;69;;;5271;17;5272;35;;;5269.0;0.0
-2;3500;VEV_4000;1256;7;1253;21;;;1277;7;1280;21;;;1266.5;0.0
-2;3500;VEV_4500;752;7;750;19;;;768;7;769;19;;;760.0;0.0
-2;3500;VEV_5000;261;11;260;14;;;267;7;268;13;;;264.0;0.0
-2;3500;VEV_5100;172;10;171;24;;;177;35;;;;;174.5;0.0
-2;3500;VEV_5200;;;;;;;;;;;;;0.0;0.0
-2;3500;VEV_5300;;;;;;;51;23;;;;;51.0;0.0
-2;3500;VEV_5400;;;;;;;19;22;;;;;19.0;0.0
-2;3500;VEV_5500;5;18;;;;;7;16;;;;;6.0;0.0
-2;3500;VEV_6000;0;15;;;;;1;15;;;;;0.5;0.0
-2;3500;VEV_6500;0;20;;;;;1;20;;;;;0.5;0.0
-2;3600;HYDROGEL_PACK;9983;10;9980;25;;;9999;10;10001;25;;;9991.0;0.0
-2;3600;VELVETFRUIT_EXTRACT;5266;20;5265;50;5265;33;5271;32;;;;;5268.5;0.0
-2;3600;VEV_4000;1256;10;1253;26;;;1277;10;1280;26;;;1266.5;0.0
-2;3600;VEV_4500;751;11;749;24;;;767;11;769;24;;;759.0;0.0
-2;3600;VEV_5000;262;28;261;21;;;268;12;;;;;265.0;0.0
-2;3600;VEV_5100;171;16;;;;;176;31;177;26;;;173.5;0.0
-2;3600;VEV_5200;106;22;105;28;;;109;22;;;;;107.5;0.0
-2;3600;VEV_5300;48;5;47;16;;;50;25;;;;;49.0;0.0
-2;3600;VEV_5400;16;24;;;;;17;28;18;23;;;16.5;0.0
-2;3600;VEV_5500;5;21;;;;;7;21;;;;;6.0;0.0
-2;3600;VEV_6000;0;28;;;;;1;28;;;;;0.5;0.0
-2;3600;VEV_6500;0;16;;;;;1;16;;;;;0.5;0.0
-2;3700;HYDROGEL_PACK;9985;15;9982;21;;;10001;15;10003;21;;;9993.0;0.0
-2;3700;VELVETFRUIT_EXTRACT;5263;23;;;;;5268;21;5269;59;5270;35;5265.5;0.0
-2;3700;VEV_4000;1256;10;1254;21;;;1277;10;1280;21;;;1266.5;0.0
-2;3700;VEV_4500;752;6;750;21;;;768;6;770;21;;;760.0;0.0
-2;3700;VEV_5000;260;12;259;12;;;266;11;267;16;;;263.0;0.0
-2;3700;VEV_5100;;;;;;;177;27;;;;;177.0;0.0
-2;3700;VEV_5200;106;7;105;19;;;108;25;109;27;;;107.0;0.0
-2;3700;VEV_5300;48;22;47;20;;;50;17;51;22;;;49.0;0.0
-2;3700;VEV_5400;17;18;;;;;19;22;;;;;18.0;0.0
-2;3700;VEV_5500;5;26;;;;;6;24;;;;;5.5;0.0
-2;3700;VEV_6000;0;22;;;;;1;22;;;;;0.5;0.0
-2;3700;VEV_6500;0;15;;;;;1;15;;;;;0.5;0.0
-2;3800;HYDROGEL_PACK;9985;10;9982;29;;;10001;10;10003;29;;;9993.0;0.0
-2;3800;VELVETFRUIT_EXTRACT;5263;55;;;;;5268;20;5269;50;5269;65;5265.5;0.0
-2;3800;VEV_4000;1254;14;1252;21;;;1276;14;1278;21;;;1265.0;0.0
-2;3800;VEV_4500;750;6;748;15;;;766;6;768;15;;;758.0;0.0
-2;3800;VEV_5000;260;7;259;13;;;266;10;267;24;;;263.0;0.0
-2;3800;VEV_5100;174;35;173;28;;;178;28;179;16;;;176.0;0.0
-2;3800;VEV_5200;106;31;;;;;110;24;;;;;108.0;0.0
-2;3800;VEV_5300;48;17;;;;;50;5;;;;;49.0;0.0
-2;3800;VEV_5400;16;22;;;;;17;21;18;27;;;16.5;0.0
-2;3800;VEV_5500;5;24;;;;;6;29;;;;;5.5;0.0
-2;3800;VEV_6000;0;18;;;;;1;18;;;;;0.5;0.0
-2;3800;VEV_6500;0;17;;;;;1;17;;;;;0.5;0.0
-2;3900;HYDROGEL_PACK;9986;13;9983;30;;;10002;13;10004;30;;;9994.0;0.0
-2;3900;VELVETFRUIT_EXTRACT;5262;24;5261;25;;;5267;64;5268;36;;;5264.5;0.0
-2;3900;VEV_4000;1255;8;1252;19;;;1276;8;1278;19;;;1265.5;0.0
-2;3900;VEV_4500;750;8;748;21;;;766;8;768;21;;;758.0;0.0
-2;3900;VEV_5000;261;12;260;16;;;268;24;;;;;264.5;0.0
-2;3900;VEV_5100;172;11;;;;;176;6;;;;;174.0;0.0
-2;3900;VEV_5200;106;28;;;;;109;22;;;;;107.5;0.0
-2;3900;VEV_5300;49;24;;;;;51;15;51;18;;;50.0;0.0
-2;3900;VEV_5400;16;22;;;;;17;27;;;;;16.5;0.0
-2;3900;VEV_5500;5;25;;;;;7;17;;;;;6.0;0.0
-2;3900;VEV_6000;0;21;;;;;1;21;;;;;0.5;0.0
-2;3900;VEV_6500;0;15;;;;;1;15;;;;;0.5;0.0
-2;4000;HYDROGEL_PACK;9985;15;9982;20;;;10001;15;10003;20;;;9993.0;0.0
-2;4000;VELVETFRUIT_EXTRACT;5263;16;5262;63;;;5268;58;;;;;5265.5;0.0
-2;4000;VEV_4000;1254;11;1251;26;;;1275;11;1278;26;;;1264.5;0.0
-2;4000;VEV_4500;750;12;748;15;;;766;12;768;15;;;758.0;0.0
-2;4000;VEV_5000;261;8;;;;;268;20;;;;;264.5;0.0
-2;4000;VEV_5100;173;10;172;17;;;177;32;178;30;;;175.0;0.0
-2;4000;VEV_5200;106;27;105;24;;;108;9;;;;;107.0;0.0
-2;4000;VEV_5300;49;20;;;;;;;;;;;49.0;0.0
-2;4000;VEV_5400;16;19;;;;;18;17;;;;;17.0;0.0
-2;4000;VEV_5500;6;27;;;;;7;26;;;;;6.5;0.0
-2;4000;VEV_6000;0;22;;;;;1;22;;;;;0.5;0.0
-2;4000;VEV_6500;0;13;;;;;1;13;;;;;0.5;0.0
-2;4100;HYDROGEL_PACK;9985;12;9983;26;;;10001;12;10004;26;;;9993.0;0.0
-2;4100;VELVETFRUIT_EXTRACT;5261;67;;;;;5266;17;5267;74;;;5263.5;0.0
-2;4100;VEV_4000;1254;12;1251;19;;;1275;12;1277;19;;;1264.5;0.0
-2;4100;VEV_4500;744;16;;;;;762;6;764;16;;;753.0;0.0
-2;4100;VEV_5000;261;9;260;19;;;267;8;268;18;;;264.0;0.0
-2;4100;VEV_5100;173;32;172;27;;;177;18;178;20;;;175.0;0.0
-2;4100;VEV_5200;105;26;;;;;108;28;;;;;106.5;0.0
-2;4100;VEV_5300;48;19;;;;;50;10;;;;;49.0;0.0
-2;4100;VEV_5400;17;26;17;20;;;19;22;;;;;18.0;0.0
-2;4100;VEV_5500;6;25;;;;;7;18;;;;;6.5;0.0
-2;4100;VEV_6000;0;22;;;;;1;22;;;;;0.5;0.0
-2;4100;VEV_6500;0;17;;;;;1;17;;;;;0.5;0.0
-2;4200;HYDROGEL_PACK;9986;12;9984;30;;;10002;12;10005;30;;;9994.0;0.0
-2;4200;VELVETFRUIT_EXTRACT;5261;53;;;;;5267;62;;;;;5264.0;0.0
-2;4200;VEV_4000;1252;13;1250;23;;;1273;13;1276;23;;;1262.5;0.0
-2;4200;VEV_4500;749;6;747;18;;;765;6;767;18;;;757.0;0.0
-2;4200;VEV_5000;261;33;260;24;;;267;12;268;23;;;264.0;0.0
-2;4200;VEV_5100;174;31;;;;;178;9;179;19;;;176.0;0.0
-2;4200;VEV_5200;;;;;;;108;35;109;23;;;108.0;0.0
-2;4200;VEV_5300;48;19;47;10;;;50;17;51;14;;;49.0;0.0
-2;4200;VEV_5400;17;22;;;;;18;28;19;21;;;17.5;0.0
-2;4200;VEV_5500;5;17;;;;;7;23;;;;;6.0;0.0
-2;4200;VEV_6000;0;26;;;;;1;26;;;;;0.5;0.0
-2;4200;VEV_6500;0;15;;;;;1;15;;;;;0.5;0.0
-2;4300;HYDROGEL_PACK;9985;14;9982;28;;;10001;14;10003;28;;;9993.0;0.0
-2;4300;VELVETFRUIT_EXTRACT;5262;20;5261;35;;;5267;35;;;;;5264.5;0.0
-2;4300;VEV_4000;1251;7;1249;20;;;1273;7;1275;20;;;1262.0;0.0
-2;4300;VEV_4500;749;10;748;13;747;17;765;10;767;17;;;757.0;0.0
-2;4300;VEV_5000;261;13;;;;;268;8;269;17;;;264.5;0.0
-2;4300;VEV_5100;175;7;;;;;179;11;180;19;;;177.0;0.0
-2;4300;VEV_5200;106;24;105;13;;;109;34;;;;;107.5;0.0
-2;4300;VEV_5300;48;18;;;;;50;19;;;;;49.0;0.0
-2;4300;VEV_5400;16;21;;;;;18;27;;;;;17.0;0.0
-2;4300;VEV_5500;6;22;;;;;7;21;;;;;6.5;0.0
-2;4300;VEV_6000;0;24;;;;;1;24;;;;;0.5;0.0
-2;4300;VEV_6500;0;10;;;;;1;10;;;;;0.5;0.0
-2;4400;HYDROGEL_PACK;9984;11;9982;28;;;10000;11;10003;28;;;9992.0;0.0
-2;4400;VELVETFRUIT_EXTRACT;5260;51;;;;;5266;42;5267;30;;;5263.0;0.0
-2;4400;VEV_4000;1253;8;1250;25;;;1274;8;1277;25;;;1263.5;0.0
-2;4400;VEV_4500;;;;;;;766;23;;;;;766.0;0.0
-2;4400;VEV_5000;262;29;261;17;;;268;26;269;13;;;265.0;0.0
-2;4400;VEV_5100;173;24;;;;;178;29;;;;;175.5;0.0
-2;4400;VEV_5200;106;27;;;;;109;24;110;28;;;107.5;0.0
-2;4400;VEV_5300;48;25;47;18;;;50;23;51;10;;;49.0;0.0
-2;4400;VEV_5400;;;;;;;19;19;;;;;19.0;0.0
-2;4400;VEV_5500;6;27;;;;;7;9;;;;;6.5;0.0
-2;4400;VEV_6000;0;26;;;;;1;26;;;;;0.5;0.0
-2;4400;VEV_6500;0;16;;;;;1;16;;;;;0.5;0.0
-2;4500;HYDROGEL_PACK;9983;12;9980;23;;;9999;12;10001;23;;;9991.0;0.0
-2;4500;VELVETFRUIT_EXTRACT;5261;19;5260;48;;;5265;19;5266;69;5267;47;5263.0;0.0
-2;4500;VEV_4000;1254;15;1251;19;;;1275;15;1278;19;;;1264.5;0.0
-2;4500;VEV_4500;747;10;746;24;745;24;764;12;765;24;;;755.5;0.0
-2;4500;VEV_5000;263;8;262;19;;;269;8;270;18;;;266.0;0.0
-2;4500;VEV_5100;175;23;174;12;;;179;12;180;21;;;177.0;0.0
-2;4500;VEV_5200;105;24;;;;;109;27;;;;;107.0;0.0
-2;4500;VEV_5300;48;22;47;13;;;50;24;;;;;49.0;0.0
-2;4500;VEV_5400;17;27;16;22;;;17;20;;;;;17.0;0.0
-2;4500;VEV_5500;6;25;;;;;7;21;;;;;6.5;0.0
-2;4500;VEV_6000;0;20;;;;;1;20;;;;;0.5;0.0
-2;4500;VEV_6500;0;11;;;;;1;11;;;;;0.5;0.0
-2;4600;HYDROGEL_PACK;9984;12;9981;23;;;10000;12;10002;23;;;9992.0;0.0
-2;4600;VELVETFRUIT_EXTRACT;5261;17;5260;32;;;5266;34;;;;;5263.5;0.0
-2;4600;VEV_4000;1256;8;1253;15;;;1277;8;1280;15;;;1266.5;0.0
-2;4600;VEV_4500;746;9;744;20;;;762;9;764;20;;;754.0;0.0
-2;4600;VEV_5000;263;6;;;;;269;8;270;16;;;266.0;0.0
-2;4600;VEV_5100;177;10;;;;;182;30;;;;;179.5;0.0
-2;4600;VEV_5200;105;17;;;;;109;12;;;;;107.0;0.0
-2;4600;VEV_5300;49;24;;;;;51;20;52;10;;;50.0;0.0
-2;4600;VEV_5400;16;23;;;;;;;;;;;16.0;0.0
-2;4600;VEV_5500;6;20;;;;;7;24;;;;;6.5;0.0
-2;4600;VEV_6000;0;26;;;;;1;26;;;;;0.5;0.0
-2;4600;VEV_6500;0;19;;;;;1;19;;;;;0.5;0.0
-2;4700;HYDROGEL_PACK;9985;10;9982;24;;;10001;10;10003;24;;;9993.0;0.0
-2;4700;VELVETFRUIT_EXTRACT;5261;64;;;;;5267;58;;;;;5264.0;0.0
-2;4700;VEV_4000;1259;10;1256;19;;;1280;10;1283;19;;;1269.5;0.0
-2;4700;VEV_4500;747;12;746;15;745;13;763;12;765;13;;;755.0;0.0
-2;4700;VEV_5000;264;8;263;15;;;270;30;271;21;;;267.0;0.0
-2;4700;VEV_5100;178;27;177;16;;;;;;;;;178.0;0.0
-2;4700;VEV_5200;105;22;;;;;108;11;;;;;106.5;0.0
-2;4700;VEV_5300;49;21;;;;;51;6;;;;;50.0;0.0
-2;4700;VEV_5400;16;23;16;26;;;18;24;;;;;17.0;0.0
-2;4700;VEV_5500;6;21;;;;;7;19;;;;;6.5;0.0
-2;4700;VEV_6000;0;24;;;;;1;24;;;;;0.5;0.0
-2;4700;VEV_6500;0;11;;;;;1;11;;;;;0.5;0.0
-2;4800;HYDROGEL_PACK;9985;14;9982;24;;;10001;14;10003;24;;;9993.0;0.0
-2;4800;VELVETFRUIT_EXTRACT;5264;23;5263;38;;;5268;23;5269;63;5270;34;5266.0;0.0
-2;4800;VEV_4000;1258;10;1255;27;;;1279;10;1282;27;;;1268.5;0.0
-2;4800;VEV_4500;746;9;744;15;;;762;9;764;15;;;754.0;0.0
-2;4800;VEV_5000;266;9;265;13;;;272;9;273;17;;;269.0;0.0
-2;4800;VEV_5100;176;31;175;14;;;180;30;;;;;178.0;0.0
-2;4800;VEV_5200;105;22;;;;;108;33;109;14;;;106.5;0.0
-2;4800;VEV_5300;49;26;48;17;;;51;8;;;;;50.0;0.0
-2;4800;VEV_5400;16;16;;;;;18;19;;;;;17.0;0.0
-2;4800;VEV_5500;6;28;;;;;;;;;;;6.0;0.0
-2;4800;VEV_6000;0;15;;;;;1;15;;;;;0.5;0.0
-2;4800;VEV_6500;0;13;;;;;1;13;;;;;0.5;0.0
-2;4900;HYDROGEL_PACK;9985;10;9982;21;;;10001;10;10003;21;;;9993.0;0.0
-2;4900;VELVETFRUIT_EXTRACT;5263;39;;;;;5269;46;;;;;5266.0;0.0
-2;4900;VEV_4000;1257;8;1254;19;;;1278;8;1280;19;;;1267.5;0.0
-2;4900;VEV_4500;747;8;745;18;;;765;18;;;;;756.0;0.0
-2;4900;VEV_5000;265;8;264;16;;;271;8;272;14;;;268.0;0.0
-2;4900;VEV_5100;174;29;;;;;179;7;180;12;;;176.5;0.0
-2;4900;VEV_5200;106;22;105;27;;;108;28;;;;;107.0;0.0
-2;4900;VEV_5300;49;6;48;10;;;52;29;;;;;50.5;0.0
-2;4900;VEV_5400;16;15;;;;;18;16;;;;;17.0;0.0
-2;4900;VEV_5500;6;24;;;;;7;19;;;;;6.5;0.0
-2;4900;VEV_6000;0;23;;;;;1;23;;;;;0.5;0.0
-2;4900;VEV_6500;0;16;;;;;1;16;;;;;0.5;0.0
-2;5000;HYDROGEL_PACK;9985;10;9982;28;;;10001;10;10003;28;;;9993.0;0.0
-2;5000;VELVETFRUIT_EXTRACT;5264;57;;;;;5269;18;5270;56;5271;38;5266.5;0.0
-2;5000;VEV_4000;1258;10;1255;19;;;1279;10;1282;19;;;1268.5;0.0
-2;5000;VEV_4500;748;12;747;6;746;19;764;12;766;19;;;756.0;0.0
-2;5000;VEV_5000;265;36;264;16;;;271;11;272;15;;;268.0;0.0
-2;5000;VEV_5100;175;7;174;19;;;179;12;180;20;;;177.0;0.0
-2;5000;VEV_5200;105;35;;;;;;;;;;;105.0;0.0
-2;5000;VEV_5300;49;22;48;12;;;51;5;52;11;;;50.0;0.0
-2;5000;VEV_5400;;;;;;;18;25;;;;;18.0;0.0
-2;5000;VEV_5500;6;28;;;;;7;25;;;;;6.5;0.0
-2;5000;VEV_6000;0;26;;;;;1;26;;;;;0.5;0.0
-2;5000;VEV_6500;0;11;;;;;1;11;;;;;0.5;0.0
-2;5100;HYDROGEL_PACK;9988;11;9985;25;;;10004;11;10006;25;;;9996.0;0.0
-2;5100;VELVETFRUIT_EXTRACT;5264;44;5264;40;;;5270;41;;;;;5267.0;0.0
-2;5100;VEV_4000;1259;8;1256;22;;;1280;8;1282;22;;;1269.5;0.0
-2;5100;VEV_4500;746;10;;;;;762;10;764;15;;;754.0;0.0
-2;5100;VEV_5000;266;9;265;15;;;273;19;;;;;269.5;0.0
-2;5100;VEV_5100;173;27;;;;;178;12;179;14;;;175.5;0.0
-2;5100;VEV_5200;106;8;105;32;;;;;;;;;106.0;0.0
-2;5100;VEV_5300;49;19;;;;;51;21;;;;;50.0;0.0
-2;5100;VEV_5400;16;25;;;;;18;21;;;;;17.0;0.0
-2;5100;VEV_5500;6;25;;;;;7;27;;;;;6.5;0.0
-2;5100;VEV_6000;0;20;;;;;1;20;;;;;0.5;0.0
-2;5100;VEV_6500;0;17;;;;;1;17;;;;;0.5;0.0
-2;5200;HYDROGEL_PACK;9987;13;9984;20;;;10003;13;10005;20;;;9995.0;0.0
-2;5200;VELVETFRUIT_EXTRACT;5266;24;5265;56;;;5270;24;5271;54;;;5268.0;0.0
-2;5200;VEV_4000;1260;10;1257;29;;;1281;10;1284;29;;;1270.5;0.0
-2;5200;VEV_4500;746;12;744;24;;;764;24;;;;;755.0;0.0
-2;5200;VEV_5000;266;31;;;;;272;8;;;;;269.0;0.0
-2;5200;VEV_5100;173;20;172;13;;;178;18;;;;;175.5;0.0
-2;5200;VEV_5200;;;;;;;109;27;;;;;109.0;0.0
-2;5200;VEV_5300;48;22;;;;;50;25;;;;;49.0;0.0
-2;5200;VEV_5400;;;;;;;18;25;;;;;18.0;0.0
-2;5200;VEV_5500;6;18;;;;;7;20;;;;;6.5;0.0
-2;5200;VEV_6000;0;21;;;;;1;21;;;;;0.5;0.0
-2;5200;VEV_6500;0;16;;;;;1;16;;;;;0.5;0.0
-2;5300;HYDROGEL_PACK;9986;11;9983;28;;;10002;11;10004;28;;;9994.0;0.0
-2;5300;VELVETFRUIT_EXTRACT;5267;34;;;;;5273;21;;;;;5270.0;0.0
-2;5300;VEV_4000;1261;11;1258;23;;;1282;11;1285;23;;;1271.5;0.0
-2;5300;VEV_4500;745;12;743;22;;;763;22;;;;;754.0;0.0
-2;5300;VEV_5000;266;8;265;25;;;272;7;273;12;;;269.0;0.0
-2;5300;VEV_5100;173;13;;;;;179;29;;;;;176.0;0.0
-2;5300;VEV_5200;105;23;;;;;108;6;109;17;;;106.5;0.0
-2;5300;VEV_5300;48;30;;;;;50;21;;;;;49.0;0.0
-2;5300;VEV_5400;;;;;;;18;29;;;;;18.0;0.0
-2;5300;VEV_5500;6;19;;;;;7;10;;;;;6.5;0.0
-2;5300;VEV_6000;0;20;;;;;1;20;;;;;0.5;0.0
-2;5300;VEV_6500;0;20;;;;;1;20;;;;;0.5;0.0
-2;5400;HYDROGEL_PACK;9984;10;9982;24;;;10000;10;10003;24;;;9992.0;0.0
-2;5400;VELVETFRUIT_EXTRACT;5267;48;5267;34;;;5273;69;;;;;5270.0;0.0
-2;5400;VEV_4000;1260;7;1257;19;;;1281;7;1284;19;;;1270.5;0.0
-2;5400;VEV_4500;744;7;742;23;;;760;7;762;23;;;752.0;0.0
-2;5400;VEV_5000;265;27;264;17;;;272;21;;;;;268.5;0.0
-2;5400;VEV_5100;174;16;;;;;179;22;;;;;176.5;0.0
-2;5400;VEV_5200;107;12;106;25;;;109;24;;;;;108.0;0.0
-2;5400;VEV_5300;48;9;;;;;50;22;;;;;49.0;0.0
-2;5400;VEV_5400;17;22;16;19;;;18;26;;;;;17.5;0.0
-2;5400;VEV_5500;6;29;;;;;7;25;;;;;6.5;0.0
-2;5400;VEV_6000;0;18;;;;;1;18;;;;;0.5;0.0
-2;5400;VEV_6500;0;13;;;;;1;13;;;;;0.5;0.0
-2;5500;HYDROGEL_PACK;9984;11;9982;22;;;10000;11;10003;22;;;9992.0;0.0
-2;5500;VELVETFRUIT_EXTRACT;5267;16;;;;;5272;21;5273;66;5274;30;5269.5;0.0
-2;5500;VEV_4000;1259;9;1256;30;;;1280;9;1283;30;;;1269.5;0.0
-2;5500;VEV_4500;746;8;744;24;;;762;8;764;24;;;754.0;0.0
-2;5500;VEV_5000;267;6;266;16;;;273;8;274;16;;;270.0;0.0
-2;5500;VEV_5100;175;9;174;13;;;179;22;180;19;;;177.0;0.0
-2;5500;VEV_5200;;;;;;;109;24;;;;;109.0;0.0
-2;5500;VEV_5300;48;21;;;;;50;27;;;;;49.0;0.0
-2;5500;VEV_5400;16;26;;;;;;;;;;;16.0;0.0
-2;5500;VEV_5500;6;18;;;;;7;20;;;;;6.5;0.0
-2;5500;VEV_6000;0;21;;;;;1;21;;;;;0.5;0.0
-2;5500;VEV_6500;0;14;;;;;1;14;;;;;0.5;0.0
-2;5600;HYDROGEL_PACK;9982;13;9980;25;;;9998;13;10001;25;;;9990.0;0.0
-2;5600;VELVETFRUIT_EXTRACT;5266;60;;;;;5271;17;5272;15;;;5268.5;0.0
-2;5600;VEV_4000;1258;7;1255;15;;;1279;7;1282;15;;;1268.5;0.0
-2;5600;VEV_4500;746;9;744;12;;;762;9;764;12;;;754.0;0.0
-2;5600;VEV_5000;267;7;;;;;273;23;274;17;;;270.0;0.0
-2;5600;VEV_5100;175;27;174;16;;;179;8;180;30;;;177.0;0.0
-2;5600;VEV_5200;107;9;;;;;110;17;;;;;108.5;0.0
-2;5600;VEV_5300;48;29;;;;;50;16;50;20;;;49.0;0.0
-2;5600;VEV_5400;16;28;;;;;18;23;;;;;17.0;0.0
-2;5600;VEV_5500;6;24;;;;;7;20;;;;;6.5;0.0
-2;5600;VEV_6000;0;21;;;;;1;21;;;;;0.5;0.0
-2;5600;VEV_6500;0;16;;;;;1;16;;;;;0.5;0.0
-2;5700;HYDROGEL_PACK;9982;12;9979;29;;;9998;12;10000;29;;;9990.0;0.0
-2;5700;VELVETFRUIT_EXTRACT;5266;22;5265;30;;;5270;22;5271;33;5272;30;5268.0;0.0
-2;5700;VEV_4000;1259;11;1256;26;;;1280;11;1282;26;;;1269.5;0.0
-2;5700;VEV_4500;745;7;744;10;743;24;761;7;763;24;;;753.0;0.0
-2;5700;VEV_5000;267;10;;;;;273;9;274;21;;;270.0;0.0
-2;5700;VEV_5100;175;25;174;24;;;179;6;180;14;;;177.0;0.0
-2;5700;VEV_5200;107;7;106;24;;;109;12;110;25;;;108.0;0.0
-2;5700;VEV_5300;47;20;;;;;;;;;;;47.0;0.0
-2;5700;VEV_5400;16;17;;;;;;;;;;;16.0;0.0
-2;5700;VEV_5500;6;18;;;;;7;25;;;;;6.5;0.0
-2;5700;VEV_6000;0;19;;;;;1;19;;;;;0.5;0.0
-2;5700;VEV_6500;0;12;;;;;1;12;;;;;0.5;0.0
-2;5800;HYDROGEL_PACK;9981;12;9978;24;;;9997;12;9999;24;;;9989.0;0.0
-2;5800;VELVETFRUIT_EXTRACT;5266;18;5265;43;;;5270;18;5271;35;;;5268.0;0.0
-2;5800;VEV_4000;1258;13;1255;26;;;1279;13;1282;26;;;1268.5;0.0
-2;5800;VEV_4500;744;17;;;;;762;10;764;17;;;753.0;0.0
-2;5800;VEV_5000;268;27;;;;;274;10;;;;;271.0;0.0
-2;5800;VEV_5100;175;32;;;;;179;9;180;20;;;177.0;0.0
-2;5800;VEV_5200;107;21;;;;;110;12;;;;;108.5;0.0
-2;5800;VEV_5300;48;23;;;;;50;29;;;;;49.0;0.0
-2;5800;VEV_5400;16;26;;;;;18;25;;;;;17.0;0.0
-2;5800;VEV_5500;6;29;;;;;7;18;;;;;6.5;0.0
-2;5800;VEV_6000;0;27;;;;;1;27;;;;;0.5;0.0
-2;5800;VEV_6500;0;18;;;;;1;18;;;;;0.5;0.0
-2;5900;HYDROGEL_PACK;9980;14;9978;23;;;9996;14;9999;23;;;9988.0;0.0
-2;5900;VELVETFRUIT_EXTRACT;5266;69;5266;16;;;5272;39;;;;;5269.0;0.0
-2;5900;VEV_4000;1257;13;1255;16;;;1278;13;1281;16;;;1267.5;0.0
-2;5900;VEV_4500;746;9;744;18;;;762;9;764;18;;;754.0;0.0
-2;5900;VEV_5000;268;25;267;15;;;274;6;275;18;;;271.0;0.0
-2;5900;VEV_5100;174;31;;;;;;;;;;;174.0;0.0
-2;5900;VEV_5200;106;31;105;21;;;108;10;;;;;107.0;0.0
-2;5900;VEV_5300;48;18;;;;;50;9;;;;;49.0;0.0
-2;5900;VEV_5400;;;;;;;18;23;;;;;18.0;0.0
-2;5900;VEV_5500;6;23;;;;;7;26;;;;;6.5;0.0
-2;5900;VEV_6000;0;21;;;;;1;21;;;;;0.5;0.0
-2;5900;VEV_6500;0;15;;;;;1;15;;;;;0.5;0.0
-2;6000;HYDROGEL_PACK;9975;14;9973;30;;;9991;14;9994;30;;;9983.0;0.0
-2;6000;VELVETFRUIT_EXTRACT;5267;22;5266;52;;;5272;48;;;;;5269.5;0.0
-2;6000;VEV_4000;1257;15;1254;25;;;1278;15;1280;25;;;1267.5;0.0
-2;6000;VEV_4500;744;17;;;;;762;8;764;17;;;753.0;0.0
-2;6000;VEV_5000;267;8;;;;;273;6;274;23;;;270.0;0.0
-2;6000;VEV_5100;174;9;173;22;;;179;17;;;;;176.5;0.0
-2;6000;VEV_5200;107;28;106;34;;;110;27;;;;;108.5;0.0
-2;6000;VEV_5300;48;18;47;20;;;50;29;;;;;49.0;0.0
-2;6000;VEV_5400;16;30;;;;;18;23;;;;;17.0;0.0
-2;6000;VEV_5500;6;20;;;;;7;23;;;;;6.5;0.0
-2;6000;VEV_6000;0;20;;;;;1;20;;;;;0.5;0.0
-2;6000;VEV_6500;0;12;;;;;1;12;;;;;0.5;0.0
-2;6100;HYDROGEL_PACK;9977;10;9974;29;;;9993;10;9995;29;;;9985.0;0.0
-2;6100;VELVETFRUIT_EXTRACT;5267;19;5266;63;;;5272;57;;;;;5269.5;0.0
-2;6100;VEV_4000;1256;12;1253;15;;;1277;12;1280;15;;;1266.5;0.0
-2;6100;VEV_4500;746;6;744;12;;;762;6;764;12;;;754.0;0.0
-2;6100;VEV_5000;266;10;265;12;;;272;8;273;27;;;269.0;0.0
-2;6100;VEV_5100;173;12;172;18;;;177;8;178;23;;;175.0;0.0
-2;6100;VEV_5200;107;30;;;;;111;24;;;;;109.0;0.0
-2;6100;VEV_5300;47;26;;;;;49;21;;;;;48.0;0.0
-2;6100;VEV_5400;16;19;;;;;18;24;;;;;17.0;0.0
-2;6100;VEV_5500;6;27;;;;;7;25;;;;;6.5;0.0
-2;6100;VEV_6000;0;24;;;;;1;24;;;;;0.5;0.0
-2;6100;VEV_6500;0;12;;;;;1;12;;;;;0.5;0.0
-2;6200;HYDROGEL_PACK;9976;12;9973;21;;;9992;12;9994;21;;;9984.0;0.0
-2;6200;VELVETFRUIT_EXTRACT;5267;43;5267;17;;;5273;50;;;;;5270.0;0.0
-2;6200;VEV_4000;1255;13;1252;28;;;1276;13;1279;28;;;1265.5;0.0
-2;6200;VEV_4500;745;6;;;;;761;6;763;17;;;753.0;0.0
-2;6200;VEV_5000;267;34;;;;;273;7;274;21;;;270.0;0.0
-2;6200;VEV_5100;175;12;174;24;;;179;10;;;;;177.0;0.0
-2;6200;VEV_5200;108;24;;;;;111;27;;;;;109.5;0.0
-2;6200;VEV_5300;47;5;;;;;50;12;;;;;48.5;0.0
-2;6200;VEV_5400;16;20;;;;;;;;;;;16.0;0.0
-2;6200;VEV_5500;6;17;;;;;7;22;;;;;6.5;0.0
-2;6200;VEV_6000;0;21;;;;;1;21;;;;;0.5;0.0
-2;6200;VEV_6500;0;14;;;;;1;14;;;;;0.5;0.0
-2;6300;HYDROGEL_PACK;9977;14;9975;25;;;9993;14;9996;25;;;9985.0;0.0
-2;6300;VELVETFRUIT_EXTRACT;5267;50;5267;33;;;5273;32;;;;;5270.0;0.0
-2;6300;VEV_4000;1254;8;1252;17;;;1275;8;1278;17;;;1264.5;0.0
-2;6300;VEV_4500;744;12;743;8;742;22;760;12;762;22;;;752.0;0.0
-2;6300;VEV_5000;266;8;265;18;;;272;10;273;19;;;269.0;0.0
-2;6300;VEV_5100;176;21;175;14;;;180;8;181;12;;;178.0;0.0
-2;6300;VEV_5200;108;26;107;26;;;111;34;;;;;109.5;0.0
-2;6300;VEV_5300;47;19;;;;;49;15;;;;;48.0;0.0
-2;6300;VEV_5400;16;20;;;;;17;30;;;;;16.5;0.0
-2;6300;VEV_5500;6;19;;;;;7;27;;;;;6.5;0.0
-2;6300;VEV_6000;0;21;;;;;1;21;;;;;0.5;0.0
-2;6300;VEV_6500;0;12;;;;;1;12;;;;;0.5;0.0
-2;6400;HYDROGEL_PACK;9977;14;9975;25;;;9993;14;9996;25;;;9985.0;0.0
-2;6400;VELVETFRUIT_EXTRACT;5268;21;5267;54;;;5272;21;5273;53;;;5270.0;0.0
-2;6400;VEV_4000;1255;15;1252;30;;;1276;15;1278;30;;;1265.5;0.0
-2;6400;VEV_4500;745;11;;;;;761;11;763;16;;;753.0;0.0
-2;6400;VEV_5000;265;12;264;12;;;271;8;272;12;;;268.0;0.0
-2;6400;VEV_5100;;;;;;;181;7;182;20;;;181.0;0.0
-2;6400;VEV_5200;108;11;107;12;;;111;33;;;;;109.5;0.0
-2;6400;VEV_5300;47;24;;;;;49;24;;;;;48.0;0.0
-2;6400;VEV_5400;16;20;;;;;18;19;;;;;17.0;0.0
-2;6400;VEV_5500;6;26;;;;;7;23;;;;;6.5;0.0
-2;6400;VEV_6000;0;22;;;;;1;22;;;;;0.5;0.0
-2;6400;VEV_6500;0;17;;;;;1;17;;;;;0.5;0.0
-2;6500;HYDROGEL_PACK;9977;13;9974;24;;;9993;13;9995;24;;;9985.0;0.0
-2;6500;VELVETFRUIT_EXTRACT;5269;21;5268;50;;;5274;39;;;;;5271.5;0.0
-2;6500;VEV_4000;1254;11;1251;18;;;1275;11;1278;18;;;1264.5;0.0
-2;6500;VEV_4500;742;13;;;;;762;13;;;;;752.0;0.0
-2;6500;VEV_5000;264;11;263;13;;;270;34;271;28;;;267.0;0.0
-2;6500;VEV_5100;178;12;177;29;;;182;7;183;23;;;180.0;0.0
-2;6500;VEV_5200;109;30;108;15;;;111;23;112;26;;;110.0;0.0
-2;6500;VEV_5300;48;20;;;;;50;19;;;;;49.0;0.0
-2;6500;VEV_5400;16;24;;;;;;;;;;;16.0;0.0
-2;6500;VEV_5500;6;22;;;;;7;25;;;;;6.5;0.0
-2;6500;VEV_6000;0;26;;;;;1;26;;;;;0.5;0.0
-2;6500;VEV_6500;0;10;;;;;1;10;;;;;0.5;0.0
-2;6600;HYDROGEL_PACK;9976;13;9973;28;;;9992;13;9994;28;;;9984.0;0.0
-2;6600;VELVETFRUIT_EXTRACT;5268;64;;;;;5274;58;;;;;5271.0;0.0
-2;6600;VEV_4000;1254;7;1252;24;;;1276;7;1278;24;;;1265.0;0.0
-2;6600;VEV_4500;742;7;740;17;;;758;7;760;17;;;750.0;0.0
-2;6600;VEV_5000;264;12;263;18;;;270;6;;;;;267.0;0.0
-2;6600;VEV_5100;179;9;178;16;;;;;;;;;179.0;0.0
-2;6600;VEV_5200;109;7;108;27;;;111;29;112;24;;;110.0;0.0
-2;6600;VEV_5300;48;24;;;;;50;19;;;;;49.0;0.0
-2;6600;VEV_5400;16;22;;;;;18;21;;;;;17.0;0.0
-2;6600;VEV_5500;6;15;;;;;7;24;;;;;6.5;0.0
-2;6600;VEV_6000;0;24;;;;;1;24;;;;;0.5;0.0
-2;6600;VEV_6500;0;13;;;;;1;13;;;;;0.5;0.0
-2;6700;HYDROGEL_PACK;9977;12;9975;27;;;9993;12;9996;27;;;9985.0;0.0
-2;6700;VELVETFRUIT_EXTRACT;5268;33;5268;17;;;5274;17;;;;;5271.0;0.0
-2;6700;VEV_4000;1254;10;1251;25;;;1275;10;1278;25;;;1264.5;0.0
-2;6700;VEV_4500;739;24;;;;;757;7;759;24;;;748.0;0.0
-2;6700;VEV_5000;261;8;260;20;;;267;8;268;20;;;264.0;0.0
-2;6700;VEV_5100;179;13;;;;;184;27;185;19;;;181.5;0.0
-2;6700;VEV_5200;109;29;;;;;112;18;;;;;110.5;0.0
-2;6700;VEV_5300;47;10;;;;;49;7;;;;;48.0;0.0
-2;6700;VEV_5400;;;;;;;17;16;18;17;;;17.0;0.0
-2;6700;VEV_5500;6;28;;;;;7;20;;;;;6.5;0.0
-2;6700;VEV_6000;0;22;;;;;1;22;;;;;0.5;0.0
-2;6700;VEV_6500;0;14;;;;;1;14;;;;;0.5;0.0
-2;6800;HYDROGEL_PACK;9976;10;9973;25;;;9992;10;9994;25;;;9984.0;0.0
-2;6800;VELVETFRUIT_EXTRACT;5268;52;5267;49;;;5274;67;;;;;5271.0;0.0
-2;6800;VEV_4000;1253;8;1251;27;;;1274;8;1277;27;;;1263.5;0.0
-2;6800;VEV_4500;741;12;739;17;;;757;12;759;17;;;749.0;0.0
-2;6800;VEV_5000;260;11;;;;;267;18;;;;;263.5;0.0
-2;6800;VEV_5100;180;20;;;;;186;22;;;;;183.0;0.0
-2;6800;VEV_5200;110;6;109;21;;;113;16;;;;;111.5;0.0
-2;6800;VEV_5300;47;8;;;;;50;10;;;;;48.5;0.0
-2;6800;VEV_5400;;;;;;;18;24;;;;;18.0;0.0
-2;6800;VEV_5500;5;20;;;;;7;23;;;;;6.0;0.0
-2;6800;VEV_6000;0;24;;;;;1;24;;;;;0.5;0.0
-2;6800;VEV_6500;0;13;;;;;1;13;;;;;0.5;0.0
-2;6900;HYDROGEL_PACK;9976;13;9973;27;;;9992;13;9994;27;;;9984.0;0.0
-2;6900;VELVETFRUIT_EXTRACT;5266;34;5266;43;;;5271;24;5272;65;;;5268.5;0.0
-2;6900;VEV_4000;1252;15;1250;15;;;1273;15;1276;15;;;1262.5;0.0
-2;6900;VEV_4500;741;6;;;;;757;6;759;22;;;749.0;0.0
-2;6900;VEV_5000;262;11;;;;;268;8;269;19;;;265.0;0.0
-2;6900;VEV_5100;180;11;;;;;184;12;185;15;;;182.0;0.0
-2;6900;VEV_5200;109;10;108;32;;;111;9;112;24;;;110.0;0.0
-2;6900;VEV_5300;47;19;46;16;;;49;28;;;;;48.0;0.0
-2;6900;VEV_5400;17;22;16;24;;;17;26;18;12;;;17.0;0.0
-2;6900;VEV_5500;5;26;;;;;7;26;;;;;6.0;0.0
-2;6900;VEV_6000;0;29;;;;;1;29;;;;;0.5;0.0
-2;6900;VEV_6500;0;13;;;;;1;13;;;;;0.5;0.0
-2;7000;HYDROGEL_PACK;9978;11;9976;23;;;9994;11;9997;23;;;9986.0;0.0
-2;7000;VELVETFRUIT_EXTRACT;5265;67;;;;;5271;64;;;;;5268.0;0.0
-2;7000;VEV_4000;1252;13;1250;20;;;1274;13;1276;20;;;1263.0;0.0
-2;7000;VEV_4500;743;6;741;16;;;759;6;760;16;;;751.0;0.0
-2;7000;VEV_5000;264;18;263;23;;;270;11;271;21;;;267.0;0.0
-2;7000;VEV_5100;180;27;179;16;;;184;11;185;22;;;182.0;0.0
-2;7000;VEV_5200;109;21;108;31;;;112;24;;;;;110.5;0.0
-2;7000;VEV_5300;47;19;46;30;;;49;16;;;;;48.0;0.0
-2;7000;VEV_5400;16;10;;;;;;;;;;;16.0;0.0
-2;7000;VEV_5500;5;21;;;;;6;22;;;;;5.5;0.0
-2;7000;VEV_6000;0;22;;;;;1;22;;;;;0.5;0.0
-2;7000;VEV_6500;0;19;;;;;1;19;;;;;0.5;0.0
-2;7100;HYDROGEL_PACK;9980;12;9977;23;;;9996;12;9998;23;;;9988.0;0.0
-2;7100;VELVETFRUIT_EXTRACT;5267;21;5266;23;;;5272;67;;;;;5269.5;0.0
-2;7100;VEV_4000;1251;9;1248;23;;;1272;9;1275;23;;;1261.5;0.0
-2;7100;VEV_4500;745;9;743;13;;;761;9;762;13;762;12;753.0;0.0
-2;7100;VEV_5000;263;11;;;;;269;8;270;24;;;266.0;0.0
-2;7100;VEV_5100;180;12;179;14;;;184;9;185;13;;;182.0;0.0
-2;7100;VEV_5200;108;9;;;;;110;24;111;28;;;109.0;0.0
-2;7100;VEV_5300;47;24;;;;;49;19;;;;;48.0;0.0
-2;7100;VEV_5400;17;22;16;20;;;18;17;;;;;17.5;0.0
-2;7100;VEV_5500;5;23;;;;;6;17;;;;;5.5;0.0
-2;7100;VEV_6000;0;26;;;;;1;26;;;;;0.5;0.0
-2;7100;VEV_6500;0;13;;;;;1;13;;;;;0.5;0.0
-2;7200;HYDROGEL_PACK;9980;10;9977;30;;;9996;10;9998;30;;;9988.0;0.0
-2;7200;VELVETFRUIT_EXTRACT;5267;39;;;;;5272;17;5273;42;;;5269.5;0.0
-2;7200;VEV_4000;1251;10;1249;25;;;1272;10;1275;25;;;1261.5;0.0
-2;7200;VEV_4500;745;8;743;23;;;761;8;762;8;;;753.0;0.0
-2;7200;VEV_5000;263;10;262;15;;;269;8;270;12;;;266.0;0.0
-2;7200;VEV_5100;181;21;180;26;;;186;22;;;;;183.5;0.0
-2;7200;VEV_5200;108;27;107;25;;;111;23;;;;;109.5;0.0
-2;7200;VEV_5300;47;23;46;17;;;49;24;50;16;;;48.0;0.0
-2;7200;VEV_5400;16;27;;;;;17;24;18;21;;;16.5;0.0
-2;7200;VEV_5500;5;20;;;;;6;27;;;;;5.5;0.0
-2;7200;VEV_6000;0;24;;;;;1;24;;;;;0.5;0.0
-2;7200;VEV_6500;0;17;;;;;1;17;;;;;0.5;0.0
-2;7300;HYDROGEL_PACK;9978;11;9976;25;;;9994;11;9996;25;;;9986.0;0.0
-2;7300;VELVETFRUIT_EXTRACT;5267;42;;;;;5272;21;5273;60;;;5269.5;0.0
-2;7300;VEV_4000;1251;14;1249;18;;;1273;14;1275;18;;;1262.0;0.0
-2;7300;VEV_4500;742;17;;;;;760;8;762;17;;;751.0;0.0
-2;7300;VEV_5000;263;29;262;13;;;269;29;270;15;;;266.0;0.0
-2;7300;VEV_5100;182;9;181;17;;;187;27;;;;;184.5;0.0
-2;7300;VEV_5200;108;12;;;;;111;32;;;;;109.5;0.0
-2;7300;VEV_5300;47;27;46;18;;;;;;;;;47.0;0.0
-2;7300;VEV_5400;16;20;;;;;17;19;18;30;;;16.5;0.0
-2;7300;VEV_5500;5;9;;;;;6;25;;;;;5.5;0.0
-2;7300;VEV_6000;0;25;;;;;1;25;;;;;0.5;0.0
-2;7300;VEV_6500;0;13;;;;;1;13;;;;;0.5;0.0
-2;7400;HYDROGEL_PACK;9981;11;9979;27;;;9997;11;10000;27;;;9989.0;0.0
-2;7400;VELVETFRUIT_EXTRACT;5269;17;5268;56;;;5274;52;;;;;5271.5;0.0
-2;7400;VEV_4000;1251;11;1249;19;;;1273;11;1275;19;;;1262.0;0.0
-2;7400;VEV_4500;743;19;;;;;761;9;763;19;;;752.0;0.0
-2;7400;VEV_5000;262;21;261;21;;;268;25;269;16;;;265.0;0.0
-2;7400;VEV_5100;181;9;;;;;185;10;186;24;;;183.0;0.0
-2;7400;VEV_5200;106;22;;;;;110;22;;;;;108.0;0.0
-2;7400;VEV_5300;46;28;;;;;48;19;;;;;47.0;0.0
-2;7400;VEV_5400;16;26;;;;;17;17;18;18;;;16.5;0.0
-2;7400;VEV_5500;5;20;;;;;6;24;;;;;5.5;0.0
-2;7400;VEV_6000;0;23;;;;;1;23;;;;;0.5;0.0
-2;7400;VEV_6500;0;14;;;;;1;14;;;;;0.5;0.0
-2;7500;HYDROGEL_PACK;9981;15;9979;21;;;9997;15;10000;21;;;9989.0;0.0
-2;7500;VELVETFRUIT_EXTRACT;5270;21;5269;32;;;5274;21;5275;65;;;5272.0;0.0
-2;7500;VEV_4000;1251;9;1249;23;;;1273;9;1275;23;;;1262.0;0.0
-2;7500;VEV_4500;744;13;;;;;762;6;;;;;753.0;0.0
-2;7500;VEV_5000;262;9;261;23;;;268;12;269;13;;;265.0;0.0
-2;7500;VEV_5100;182;32;;;;;186;8;187;24;;;184.0;0.0
-2;7500;VEV_5200;107;9;106;23;;;109;12;110;15;;;108.0;0.0
-2;7500;VEV_5300;46;28;;;;;48;23;;;;;47.0;0.0
-2;7500;VEV_5400;;;;;;;18;22;;;;;18.0;0.0
-2;7500;VEV_5500;5;20;;;;;7;25;;;;;6.0;0.0
-2;7500;VEV_6000;0;15;;;;;1;15;;;;;0.5;0.0
-2;7500;VEV_6500;0;12;;;;;1;12;;;;;0.5;0.0
-2;7600;HYDROGEL_PACK;9981;14;9978;21;;;9997;14;9999;21;;;9989.0;0.0
-2;7600;VELVETFRUIT_EXTRACT;5269;37;;;;;5274;20;5275;53;;;5271.5;0.0
-2;7600;VEV_4000;1252;15;1249;16;;;1273;15;1275;16;;;1262.5;0.0
-2;7600;VEV_4500;744;10;742;16;;;760;10;761;9;762;16;752.0;0.0
-2;7600;VEV_5000;263;9;;;;;269;8;270;18;;;266.0;0.0
-2;7600;VEV_5100;182;27;181;19;;;186;6;187;15;;;184.0;0.0
-2;7600;VEV_5200;106;9;;;;;109;25;;;;;107.5;0.0
-2;7600;VEV_5300;46;19;;;;;48;22;49;21;;;47.0;0.0
-2;7600;VEV_5400;16;25;;;;;;;;;;;16.0;0.0
-2;7600;VEV_5500;5;21;;;;;7;20;;;;;6.0;0.0
-2;7600;VEV_6000;0;20;;;;;1;20;;;;;0.5;0.0
-2;7600;VEV_6500;0;15;;;;;1;15;;;;;0.5;0.0
-2;7700;HYDROGEL_PACK;9982;14;9979;30;;;9998;14;10000;30;;;9990.0;0.0
-2;7700;VELVETFRUIT_EXTRACT;5269;63;;;;;5275;49;5276;48;;;5272.0;0.0
-2;7700;VEV_4000;1252;9;1249;25;;;1273;9;1275;25;;;1262.5;0.0
-2;7700;VEV_4500;742;9;740;19;;;758;9;760;19;;;750.0;0.0
-2;7700;VEV_5000;264;8;263;13;;;270;35;271;12;;;267.0;0.0
-2;7700;VEV_5100;181;28;180;17;;;185;6;;;;;183.0;0.0
-2;7700;VEV_5200;107;25;;;;;111;23;;;;;109.0;0.0
-2;7700;VEV_5300;46;6;;;;;48;15;;;;;47.0;0.0
-2;7700;VEV_5400;;;;;;;17;15;18;23;;;17.0;0.0
-2;7700;VEV_5500;5;19;;;;;7;26;;;;;6.0;0.0
-2;7700;VEV_6000;0;24;;;;;1;24;;;;;0.5;0.0
-2;7700;VEV_6500;0;17;;;;;1;17;;;;;0.5;0.0
-2;7800;HYDROGEL_PACK;9982;14;9979;22;;;9998;14;10000;22;;;9990.0;0.0
-2;7800;VELVETFRUIT_EXTRACT;5271;23;;;;;5276;16;5277;54;;;5273.5;0.0
-2;7800;VEV_4000;1251;12;1249;19;;;1273;12;1275;19;;;1262.0;0.0
-2;7800;VEV_4500;740;19;;;;;758;10;760;19;;;749.0;0.0
-2;7800;VEV_5000;265;23;264;20;;;271;11;272;24;;;268.0;0.0
-2;7800;VEV_5100;181;12;180;15;;;185;9;186;32;;;183.0;0.0
-2;7800;VEV_5200;108;25;107;29;;;110;27;;;;;109.0;0.0
-2;7800;VEV_5300;46;26;;;;;48;19;;;;;47.0;0.0
-2;7800;VEV_5400;16;25;16;24;;;18;19;;;;;17.0;0.0
-2;7800;VEV_5500;5;22;;;;;7;15;;;;;6.0;0.0
-2;7800;VEV_6000;0;19;;;;;1;19;;;;;0.5;0.0
-2;7800;VEV_6500;0;13;;;;;1;13;;;;;0.5;0.0
-2;7900;HYDROGEL_PACK;9984;15;9981;20;;;10000;15;10002;20;;;9992.0;0.0
-2;7900;VELVETFRUIT_EXTRACT;5269;55;;;;;5275;30;;;;;5272.0;0.0
-2;7900;VEV_4000;1250;14;1248;18;;;1272;14;1274;18;;;1261.0;0.0
-2;7900;VEV_4500;741;8;739;13;;;757;8;759;13;;;749.0;0.0
-2;7900;VEV_5000;263;8;262;17;;;269;11;270;17;;;266.0;0.0
-2;7900;VEV_5100;181;31;180;32;;;185;9;186;18;;;183.0;0.0
-2;7900;VEV_5200;108;18;;;;;111;23;112;27;;;109.5;0.0
-2;7900;VEV_5300;46;23;;;;;48;17;;;;;47.0;0.0
-2;7900;VEV_5400;16;19;;;;;18;19;;;;;17.0;0.0
-2;7900;VEV_5500;5;16;;;;;7;25;;;;;6.0;0.0
-2;7900;VEV_6000;0;27;;;;;1;27;;;;;0.5;0.0
-2;7900;VEV_6500;0;12;;;;;1;12;;;;;0.5;0.0
-2;8000;HYDROGEL_PACK;9984;14;9982;21;;;10000;14;10003;21;;;9992.0;0.0
-2;8000;VELVETFRUIT_EXTRACT;5270;32;;;;;5276;65;;;;;5273.0;0.0
-2;8000;VEV_4000;1250;11;1247;19;;;1271;11;1273;19;;;1260.5;0.0
-2;8000;VEV_4500;742;9;740;14;;;758;9;760;14;;;750.0;0.0
-2;8000;VEV_5000;263;9;;;;;269;11;270;18;;;266.0;0.0
-2;8000;VEV_5100;180;21;179;27;;;184;32;;;;;182.0;0.0
-2;8000;VEV_5200;110;10;109;29;;;113;35;;;;;111.5;0.0
-2;8000;VEV_5300;46;6;;;;;48;26;;;;;47.0;0.0
-2;8000;VEV_5400;16;28;16;22;;;18;22;;;;;17.0;0.0
-2;8000;VEV_5500;5;22;;;;;7;25;;;;;6.0;0.0
-2;8000;VEV_6000;0;20;;;;;1;20;;;;;0.5;0.0
-2;8000;VEV_6500;0;17;;;;;1;17;;;;;0.5;0.0
-2;8100;HYDROGEL_PACK;9983;21;;;;;10002;13;10004;21;;;9992.5;0.0
-2;8100;VELVETFRUIT_EXTRACT;5270;55;;;;;5276;70;;;;;5273.0;0.0
-2;8100;VEV_4000;1250;15;1248;19;;;1272;15;1274;19;;;1261.0;0.0
-2;8100;VEV_4500;740;7;738;19;;;756;7;758;19;;;748.0;0.0
-2;8100;VEV_5000;261;11;260;13;;;267;6;;;;;264.0;0.0
-2;8100;VEV_5100;181;12;;;;;185;25;;;;;183.0;0.0
-2;8100;VEV_5200;108;35;;;;;112;21;;;;;110.0;0.0
-2;8100;VEV_5300;46;22;;;;;48;21;49;23;;;47.0;0.0
-2;8100;VEV_5400;16;21;;;;;18;24;;;;;17.0;0.0
-2;8100;VEV_5500;5;27;;;;;7;20;;;;;6.0;0.0
-2;8100;VEV_6000;0;19;;;;;1;19;;;;;0.5;0.0
-2;8100;VEV_6500;0;17;;;;;1;17;;;;;0.5;0.0
-2;8200;HYDROGEL_PACK;9986;13;9983;29;;;10002;13;10004;29;;;9994.0;0.0
-2;8200;VELVETFRUIT_EXTRACT;5271;50;;;;;5277;32;;;;;5274.0;0.0
-2;8200;VEV_4000;1252;9;1250;27;;;1273;9;1276;27;;;1262.5;0.0
-2;8200;VEV_4500;740;10;738;12;;;756;10;758;12;;;748.0;0.0
-2;8200;VEV_5000;261;12;260;19;;;267;8;;;;;264.0;0.0
-2;8200;VEV_5100;180;10;179;19;;;184;12;;;;;182.0;0.0
-2;8200;VEV_5200;108;30;;;;;112;25;;;;;110.0;0.0
-2;8200;VEV_5300;;;;;;;49;23;;;;;49.0;0.0
-2;8200;VEV_5400;16;20;;;;;17;28;;;;;16.5;0.0
-2;8200;VEV_5500;6;25;;;;;7;20;;;;;6.5;0.0
-2;8200;VEV_6000;0;24;;;;;1;24;;;;;0.5;0.0
-2;8200;VEV_6500;0;13;;;;;1;13;;;;;0.5;0.0
-2;8300;HYDROGEL_PACK;9986;15;9984;25;;;10002;15;10005;25;;;9994.0;0.0
-2;8300;VELVETFRUIT_EXTRACT;5270;64;;;;;5276;49;5277;39;;;5273.0;0.0
-2;8300;VEV_4000;1253;15;1251;24;;;1275;15;1277;24;;;1264.0;0.0
-2;8300;VEV_4500;738;23;;;;;757;6;758;23;;;747.5;0.0
-2;8300;VEV_5000;260;8;259;25;;;266;30;267;22;;;263.0;0.0
-2;8300;VEV_5100;180;22;179;26;;;184;10;185;17;;;182.0;0.0
-2;8300;VEV_5200;109;33;;;;;111;20;112;25;;;110.0;0.0
-2;8300;VEV_5300;47;10;;;;;49;27;;;;;48.0;0.0
-2;8300;VEV_5400;;;;;;;18;28;;;;;18.0;0.0
-2;8300;VEV_5500;6;24;;;;;7;25;;;;;6.5;0.0
-2;8300;VEV_6000;0;22;;;;;1;22;;;;;0.5;0.0
-2;8300;VEV_6500;0;17;;;;;1;17;;;;;0.5;0.0
-2;8400;HYDROGEL_PACK;9986;12;9983;26;;;10002;12;10004;26;;;9994.0;0.0
-2;8400;VELVETFRUIT_EXTRACT;5271;32;;;;;5277;40;;;;;5274.0;0.0
-2;8400;VEV_4000;1253;12;1251;16;;;1274;12;1277;16;;;1263.5;0.0
-2;8400;VEV_4500;741;9;;;;;757;9;758;11;759;17;749.0;0.0
-2;8400;VEV_5000;259;9;258;15;;;265;12;;;;;262.0;0.0
-2;8400;VEV_5100;179;8;;;;;183;20;184;18;;;181.0;0.0
-2;8400;VEV_5200;109;27;;;;;111;27;112;23;;;110.0;0.0
-2;8400;VEV_5300;47;21;;;;;49;23;;;;;48.0;0.0
-2;8400;VEV_5400;16;22;16;21;;;18;22;;;;;17.0;0.0
-2;8400;VEV_5500;6;18;;;;;7;23;;;;;6.5;0.0
-2;8400;VEV_6000;0;30;;;;;1;30;;;;;0.5;0.0
-2;8400;VEV_6500;0;18;;;;;1;18;;;;;0.5;0.0
-2;8500;HYDROGEL_PACK;9985;12;9982;28;;;10001;12;10003;28;;;9993.0;0.0
-2;8500;VELVETFRUIT_EXTRACT;5272;18;5271;54;;;5276;18;5277;56;;;5274.0;0.0
-2;8500;VEV_4000;1253;12;1250;15;;;1274;12;1277;15;;;1263.5;0.0
-2;8500;VEV_4500;740;11;738;21;;;756;11;758;21;;;748.0;0.0
-2;8500;VEV_5000;258;29;257;27;;;264;31;;;;;261.0;0.0
-2;8500;VEV_5100;177;13;;;;;182;26;183;30;;;179.5;0.0
-2;8500;VEV_5200;110;31;109;19;;;;;;;;;110.0;0.0
-2;8500;VEV_5300;48;22;47;22;;;;;;;;;48.0;0.0
-2;8500;VEV_5400;16;30;;;;;18;21;;;;;17.0;0.0
-2;8500;VEV_5500;6;25;;;;;7;24;;;;;6.5;0.0
-2;8500;VEV_6000;0;21;;;;;1;21;;;;;0.5;0.0
-2;8500;VEV_6500;0;18;;;;;1;18;;;;;0.5;0.0
-2;8600;HYDROGEL_PACK;9987;12;9985;30;;;10003;12;10006;30;;;9995.0;0.0
-2;8600;VELVETFRUIT_EXTRACT;5272;52;5272;20;;;5277;20;5278;30;;;5274.5;0.0
-2;8600;VEV_4000;1252;11;1249;17;;;1273;11;1275;17;;;1262.5;0.0
-2;8600;VEV_4500;739;11;737;13;;;756;9;757;13;;;747.5;0.0
-2;8600;VEV_5000;258;12;257;12;;;;;;;;;258.0;0.0
-2;8600;VEV_5100;176;25;;;;;180;8;181;20;;;178.0;0.0
-2;8600;VEV_5200;109;7;108;25;;;112;21;;;;;110.5;0.0
-2;8600;VEV_5300;48;21;;;;;50;9;;;;;49.0;0.0
-2;8600;VEV_5400;16;21;;;;;17;23;18;16;;;16.5;0.0
-2;8600;VEV_5500;6;16;;;;;7;25;;;;;6.5;0.0
-2;8600;VEV_6000;0;27;;;;;1;27;;;;;0.5;0.0
-2;8600;VEV_6500;0;10;;;;;1;10;;;;;0.5;0.0
-2;8700;HYDROGEL_PACK;9988;13;9985;25;;;10004;13;10006;25;;;9996.0;0.0
-2;8700;VELVETFRUIT_EXTRACT;5271;58;;;;;5276;22;5277;59;;;5273.5;0.0
-2;8700;VEV_4000;1252;11;1250;17;;;1274;11;1276;17;;;1263.0;0.0
-2;8700;VEV_4500;739;9;737;15;;;755;9;756;9;757;15;747.0;0.0
-2;8700;VEV_5000;259;6;258;14;;;265;10;266;32;;;262.0;0.0
-2;8700;VEV_5100;178;8;177;20;;;182;20;;;;;180.0;0.0
-2;8700;VEV_5200;;;;;;;111;12;;;;;111.0;0.0
-2;8700;VEV_5300;48;29;47;13;;;50;24;;;;;49.0;0.0
-2;8700;VEV_5400;16;16;16;17;;;18;16;;;;;17.0;0.0
-2;8700;VEV_5500;6;28;;;;;7;19;;;;;6.5;0.0
-2;8700;VEV_6000;0;19;;;;;1;19;;;;;0.5;0.0
-2;8700;VEV_6500;0;17;;;;;1;17;;;;;0.5;0.0
-2;8800;HYDROGEL_PACK;9987;13;9984;26;;;10003;13;10005;26;;;9995.0;0.0
-2;8800;VELVETFRUIT_EXTRACT;5273;18;5272;39;;;5278;64;;;;;5275.5;0.0
-2;8800;VEV_4000;1252;9;1249;27;;;1273;9;1276;27;;;1262.5;0.0
-2;8800;VEV_4500;740;11;738;15;;;756;11;758;15;;;748.0;0.0
-2;8800;VEV_5000;259;26;258;12;;;265;8;266;19;;;262.0;0.0
-2;8800;VEV_5100;178;12;177;16;;;182;30;183;23;;;180.0;0.0
-2;8800;VEV_5200;107;24;;;;;111;17;;;;;109.0;0.0
-2;8800;VEV_5300;47;6;;;;;49;16;50;16;;;48.0;0.0
-2;8800;VEV_5400;16;27;16;5;;;;;;;;;16.0;0.0
-2;8800;VEV_5500;6;21;;;;;7;24;;;;;6.5;0.0
-2;8800;VEV_6000;0;23;;;;;1;23;;;;;0.5;0.0
-2;8800;VEV_6500;0;20;;;;;1;20;;;;;0.5;0.0
-2;8900;HYDROGEL_PACK;9988;10;9986;26;;;10004;10;10007;26;;;9996.0;0.0
-2;8900;VELVETFRUIT_EXTRACT;5272;64;;;;;5277;23;5278;22;;;5274.5;0.0
-2;8900;VEV_4000;1253;14;1250;27;;;1274;14;1276;27;;;1263.5;0.0
-2;8900;VEV_4500;741;8;739;19;;;759;19;;;;;750.0;0.0
-2;8900;VEV_5000;258;8;257;15;;;265;29;;;;;261.5;0.0
-2;8900;VEV_5100;179;7;178;21;;;183;8;;;;;181.0;0.0
-2;8900;VEV_5200;108;10;107;23;;;110;34;111;26;;;109.0;0.0
-2;8900;VEV_5300;48;16;;;;;50;6;;;;;49.0;0.0
-2;8900;VEV_5400;17;19;;;;;18;19;;;;;17.5;0.0
-2;8900;VEV_5500;6;22;;;;;7;19;;;;;6.5;0.0
-2;8900;VEV_6000;0;26;;;;;1;26;;;;;0.5;0.0
-2;8900;VEV_6500;0;20;;;;;1;20;;;;;0.5;0.0
-2;9000;HYDROGEL_PACK;9990;10;9987;23;;;10006;10;10008;23;;;9998.0;0.0
-2;9000;VELVETFRUIT_EXTRACT;5271;34;5271;25;;;5277;44;;;;;5274.0;0.0
-2;9000;VEV_4000;1251;14;1249;30;;;1273;14;1275;30;;;1262.0;0.0
-2;9000;VEV_4500;740;7;738;15;;;756;7;758;15;;;748.0;0.0
-2;9000;VEV_5000;259;10;258;16;;;265;8;266;29;;;262.0;0.0
-2;9000;VEV_5100;179;9;178;20;;;183;30;184;12;;;181.0;0.0
-2;9000;VEV_5200;;;;;;;111;28;112;27;;;111.0;0.0
-2;9000;VEV_5300;;;;;;;50;6;51;11;;;50.0;0.0
-2;9000;VEV_5400;16;20;16;23;;;17;22;18;23;;;16.5;0.0
-2;9000;VEV_5500;6;21;;;;;7;27;;;;;6.5;0.0
-2;9000;VEV_6000;0;19;;;;;1;19;;;;;0.5;0.0
-2;9000;VEV_6500;0;16;;;;;1;16;;;;;0.5;0.0
-2;9100;HYDROGEL_PACK;9989;15;9986;20;;;10005;15;10007;20;;;9997.0;0.0
-2;9100;VELVETFRUIT_EXTRACT;5272;17;5271;19;;;5277;55;;;;;5274.5;0.0
-2;9100;VEV_4000;1251;10;1248;30;;;1272;10;1275;30;;;1261.5;0.0
-2;9100;VEV_4500;739;8;737;16;;;755;8;756;16;756;11;747.0;0.0
-2;9100;VEV_5000;260;6;259;26;;;266;12;267;16;;;263.0;0.0
-2;9100;VEV_5100;;;;;;;184;21;;;;;184.0;0.0
-2;9100;VEV_5200;108;25;;;;;111;8;112;17;;;109.5;0.0
-2;9100;VEV_5300;48;26;;;;;50;8;;;;;49.0;0.0
-2;9100;VEV_5400;16;22;;;;;17;22;;;;;16.5;0.0
-2;9100;VEV_5500;6;20;;;;;7;23;;;;;6.5;0.0
-2;9100;VEV_6000;0;20;;;;;1;20;;;;;0.5;0.0
-2;9100;VEV_6500;0;17;;;;;1;17;;;;;0.5;0.0
-2;9200;HYDROGEL_PACK;9987;15;9985;20;;;10003;15;10006;20;;;9995.0;0.0
-2;9200;VELVETFRUIT_EXTRACT;5271;64;;;;;5277;60;;;;;5274.0;0.0
-2;9200;VEV_4000;1251;7;1249;21;;;1272;7;1275;21;;;1261.5;0.0
-2;9200;VEV_4500;740;9;738;19;;;756;9;757;19;;;748.0;0.0
-2;9200;VEV_5000;261;12;260;14;;;;;;;;;261.0;0.0
-2;9200;VEV_5100;179;12;178;12;;;184;15;;;;;181.5;0.0
-2;9200;VEV_5200;107;12;;;;;111;31;;;;;109.0;0.0
-2;9200;VEV_5300;48;28;;;;;50;8;;;;;49.0;0.0
-2;9200;VEV_5400;16;19;;;;;18;26;;;;;17.0;0.0
-2;9200;VEV_5500;6;27;;;;;7;10;;;;;6.5;0.0
-2;9200;VEV_6000;0;21;;;;;1;21;;;;;0.5;0.0
-2;9200;VEV_6500;0;15;;;;;1;15;;;;;0.5;0.0
-2;9300;HYDROGEL_PACK;9985;11;9983;30;;;10001;11;10004;30;;;9993.0;0.0
-2;9300;VELVETFRUIT_EXTRACT;5274;50;5274;17;;;5280;42;;;;;5277.0;0.0
-2;9300;VEV_4000;1252;10;1249;20;;;1273;10;1276;20;;;1262.5;0.0
-2;9300;VEV_4500;739;8;737;12;;;756;6;757;12;;;747.5;0.0
-2;9300;VEV_5000;260;12;259;22;;;267;14;;;;;263.5;0.0
-2;9300;VEV_5100;178;22;177;15;;;182;12;183;21;;;180.0;0.0
-2;9300;VEV_5200;109;28;108;28;;;111;9;;;;;110.0;0.0
-2;9300;VEV_5300;47;7;46;19;;;49;24;;;;;48.0;0.0
-2;9300;VEV_5400;15;13;;;;;17;20;;;;;16.0;0.0
-2;9300;VEV_5500;6;22;;;;;7;17;;;;;6.5;0.0
-2;9300;VEV_6000;0;24;;;;;1;24;;;;;0.5;0.0
-2;9300;VEV_6500;0;13;;;;;1;13;;;;;0.5;0.0
-2;9400;HYDROGEL_PACK;9987;12;9984;25;;;10003;12;10005;25;;;9995.0;0.0
-2;9400;VELVETFRUIT_EXTRACT;5274;38;;;;;5279;22;5280;56;;;5276.5;0.0
-2;9400;VEV_4000;1253;13;1250;20;;;1274;13;1276;20;;;1263.5;0.0
-2;9400;VEV_4500;738;12;736;14;;;754;12;756;14;;;746.0;0.0
-2;9400;VEV_5000;261;11;;;;;267;6;268;18;;;264.0;0.0
-2;9400;VEV_5100;178;20;;;;;182;21;183;20;;;180.0;0.0
-2;9400;VEV_5200;110;21;;;;;112;24;;;;;111.0;0.0
-2;9400;VEV_5300;48;20;;;;;50;26;;;;;49.0;0.0
-2;9400;VEV_5400;;;;;;;16;25;17;25;;;16.0;0.0
-2;9400;VEV_5500;6;19;;;;;7;25;;;;;6.5;0.0
-2;9400;VEV_6000;0;19;;;;;1;19;;;;;0.5;0.0
-2;9400;VEV_6500;0;16;;;;;1;16;;;;;0.5;0.0
-2;9500;HYDROGEL_PACK;9989;10;9987;20;;;10005;10;10008;20;;;9997.0;0.0
-2;9500;VELVETFRUIT_EXTRACT;5273;35;;;;;5278;18;5279;59;;;5275.5;0.0
-2;9500;VEV_4000;1255;12;1252;23;;;1276;12;1279;23;;;1265.5;0.0
-2;9500;VEV_4500;738;10;736;15;;;754;10;756;15;;;746.0;0.0
-2;9500;VEV_5000;262;6;261;16;;;268;9;269;23;;;265.0;0.0
-2;9500;VEV_5100;177;6;;;;;182;23;;;;;179.5;0.0
-2;9500;VEV_5200;109;22;;;;;113;23;;;;;111.0;0.0
-2;9500;VEV_5300;48;23;;;;;50;18;;;;;49.0;0.0
-2;9500;VEV_5400;15;24;;;;;17;15;;;;;16.0;0.0
-2;9500;VEV_5500;6;26;;;;;7;29;;;;;6.5;0.0
-2;9500;VEV_6000;0;23;;;;;1;23;;;;;0.5;0.0
-2;9500;VEV_6500;0;12;;;;;1;12;;;;;0.5;0.0
-2;9600;HYDROGEL_PACK;9990;10;9987;23;;;10006;10;10008;23;;;9998.0;0.0
-2;9600;VELVETFRUIT_EXTRACT;5272;23;5271;31;;;5276;23;5277;70;;;5274.0;0.0
-2;9600;VEV_4000;1255;15;1253;17;;;1277;15;1279;17;;;1266.0;0.0
-2;9600;VEV_4500;739;7;737;17;;;755;7;757;17;;;747.0;0.0
-2;9600;VEV_5000;264;31;263;21;;;271;15;;;;;267.5;0.0
-2;9600;VEV_5100;178;8;177;28;;;183;32;;;;;180.5;0.0
-2;9600;VEV_5200;109;31;;;;;112;11;113;30;;;110.5;0.0
-2;9600;VEV_5300;47;25;46;13;;;;;;;;;47.0;0.0
-2;9600;VEV_5400;16;18;15;18;;;16;5;17;22;;;16.0;0.0
-2;9600;VEV_5500;6;20;;;;;7;20;;;;;6.5;0.0
-2;9600;VEV_6000;0;20;;;;;1;20;;;;;0.5;0.0
-2;9600;VEV_6500;0;15;;;;;1;15;;;;;0.5;0.0
-2;9700;HYDROGEL_PACK;9992;14;9989;22;;;10008;14;10010;22;;;10000.0;0.0
-2;9700;VELVETFRUIT_EXTRACT;5271;33;;;;;5276;19;5277;42;;;5273.5;0.0
-2;9700;VEV_4000;1257;8;1254;23;;;1278;8;1281;23;;;1267.5;0.0
-2;9700;VEV_4500;740;11;738;24;;;756;11;757;24;;;748.0;0.0
-2;9700;VEV_5000;263;24;;;;;270;22;271;19;;;266.5;0.0
-2;9700;VEV_5100;178;23;177;13;;;182;25;;;;;180.0;0.0
-2;9700;VEV_5200;110;29;;;;;114;22;;;;;112.0;0.0
-2;9700;VEV_5300;47;21;;;;;49;22;;;;;48.0;0.0
-2;9700;VEV_5400;;;;;;;;;;;;;0.0;0.0
-2;9700;VEV_5500;6;19;;;;;7;26;;;;;6.5;0.0
-2;9700;VEV_6000;0;21;;;;;1;21;;;;;0.5;0.0
-2;9700;VEV_6500;0;12;;;;;1;12;;;;;0.5;0.0
-2;9800;HYDROGEL_PACK;9993;11;9991;25;;;10009;11;10012;25;;;10001.0;0.0
-2;9800;VELVETFRUIT_EXTRACT;5270;30;;;;;5276;65;;;;;5273.0;0.0
-2;9800;VEV_4000;1255;13;1253;28;;;1277;13;1279;28;;;1266.0;0.0
-2;9800;VEV_4500;738;10;736;13;;;754;10;755;6;756;13;746.0;0.0
-2;9800;VEV_5000;265;6;264;17;;;272;21;;;;;268.5;0.0
-2;9800;VEV_5100;177;8;176;22;;;181;11;182;14;;;179.0;0.0
-2;9800;VEV_5200;;;;;;;113;33;114;27;;;113.0;0.0
-2;9800;VEV_5300;48;8;;;;;;;;;;;48.0;0.0
-2;9800;VEV_5400;15;11;15;8;;;17;22;;;;;16.0;0.0
-2;9800;VEV_5500;6;29;;;;;7;24;;;;;6.5;0.0
-2;9800;VEV_6000;0;23;;;;;1;23;;;;;0.5;0.0
-2;9800;VEV_6500;0;17;;;;;1;17;;;;;0.5;0.0
-2;9900;HYDROGEL_PACK;9993;15;9991;23;;;10009;15;10012;23;;;10001.0;0.0
-2;9900;VELVETFRUIT_EXTRACT;5270;53;;;;;5275;24;5276;53;;;5272.5;0.0
-2;9900;VEV_4000;1256;11;1253;30;;;1277;11;1280;30;;;1266.5;0.0
-2;9900;VEV_4500;739;12;738;11;737;24;755;12;757;24;;;747.0;0.0
-2;9900;VEV_5000;266;9;;;;;272;12;273;31;;;269.0;0.0
-2;9900;VEV_5100;178;7;177;17;;;182;21;;;;;180.0;0.0
-2;9900;VEV_5200;111;25;;;;;115;18;;;;;113.0;0.0
-2;9900;VEV_5300;47;19;46;26;;;49;24;;;;;48.0;0.0
-2;9900;VEV_5400;15;20;;;;;17;25;;;;;16.0;0.0
-2;9900;VEV_5500;6;20;;;;;7;19;;;;;6.5;0.0
-2;9900;VEV_6000;0;19;;;;;1;19;;;;;0.5;0.0
-2;9900;VEV_6500;0;14;;;;;1;14;;;;;0.5;0.0
-2;10000;HYDROGEL_PACK;9992;12;9989;29;;;10008;12;10010;29;;;10000.0;0.0
-2;10000;VELVETFRUIT_EXTRACT;5272;52;;;;;5278;15;;;;;5275.0;0.0
-2;10000;VEV_4000;1255;13;1253;22;;;1276;13;1279;22;;;1265.5;0.0
-2;10000;VEV_4500;738;10;736;15;;;754;10;756;15;;;746.0;0.0
-2;10000;VEV_5000;;;;;;;275;6;;;;;275.0;0.0
-2;10000;VEV_5100;178;10;177;33;;;182;30;183;26;;;180.0;0.0
-2;10000;VEV_5200;;;;;;;115;11;;;;;115.0;0.0
-2;10000;VEV_5300;47;27;;;;;49;26;;;;;48.0;0.0
-2;10000;VEV_5400;15;26;;;;;;;;;;;15.0;0.0
-2;10000;VEV_5500;6;20;;;;;7;15;;;;;6.5;0.0
-2;10000;VEV_6000;0;25;;;;;1;25;;;;;0.5;0.0
-2;10000;VEV_6500;0;17;;;;;1;17;;;;;0.5;0.0
-2;10100;HYDROGEL_PACK;9994;13;9992;30;;;10010;13;10013;30;;;10002.0;0.0
-2;10100;VELVETFRUIT_EXTRACT;5272;25;5271;20;;;5276;25;5277;73;;;5274.0;0.0
-2;10100;VEV_4000;1254;12;1252;30;;;1276;12;1278;30;;;1265.0;0.0
-2;10100;VEV_4500;739;7;737;16;;;755;7;756;16;;;747.0;0.0
-2;10100;VEV_5000;269;27;268;17;;;275;8;276;21;;;272.0;0.0
-2;10100;VEV_5100;179;8;178;12;;;183;8;184;23;;;181.0;0.0
-2;10100;VEV_5200;;;;;;;116;19;;;;;116.0;0.0
-2;10100;VEV_5300;;;;;;;50;20;;;;;50.0;0.0
-2;10100;VEV_5400;15;27;15;23;;;16;25;17;19;;;15.5;0.0
-2;10100;VEV_5500;6;24;;;;;7;21;;;;;6.5;0.0
-2;10100;VEV_6000;0;21;;;;;1;21;;;;;0.5;0.0
-2;10100;VEV_6500;0;17;;;;;1;17;;;;;0.5;0.0
-2;10200;HYDROGEL_PACK;9991;10;9989;23;;;10007;10;10010;23;;;9999.0;0.0
-2;10200;VELVETFRUIT_EXTRACT;5273;67;;;;;5279;55;;;;;5276.0;0.0
-2;10200;VEV_4000;1255;7;1253;16;;;1277;7;1279;16;;;1266.0;0.0
-2;10200;VEV_4500;737;10;735;12;;;753;10;755;12;;;745.0;0.0
-2;10200;VEV_5000;270;9;269;21;;;276;9;277;24;;;273.0;0.0
-2;10200;VEV_5100;178;25;177;24;;;182;7;183;19;;;180.0;0.0
-2;10200;VEV_5200;113;14;;;;;;;;;;;113.0;0.0
-2;10200;VEV_5300;48;6;;;;;50;17;;;;;49.0;0.0
-2;10200;VEV_5400;16;24;15;27;;;;;;;;;16.0;0.0
-2;10200;VEV_5500;6;28;;;;;7;27;;;;;6.5;0.0
-2;10200;VEV_6000;0;23;;;;;1;23;;;;;0.5;0.0
-2;10200;VEV_6500;0;14;;;;;1;14;;;;;0.5;0.0
-2;10300;HYDROGEL_PACK;9988;15;9986;29;;;10004;15;10007;29;;;9996.0;0.0
-2;10300;VELVETFRUIT_EXTRACT;5275;23;5274;54;;;5280;71;;;;;5277.5;0.0
-2;10300;VEV_4000;1254;15;1252;17;;;1276;15;1278;17;;;1265.0;0.0
-2;10300;VEV_4500;737;6;735;12;;;753;6;755;12;;;745.0;0.0
-2;10300;VEV_5000;271;12;270;20;;;277;11;278;19;;;274.0;0.0
-2;10300;VEV_5100;178;24;177;33;;;183;17;;;;;180.5;0.0
-2;10300;VEV_5200;113;16;;;;;116;33;117;25;;;114.5;0.0
-2;10300;VEV_5300;48;20;;;;;50;5;;;;;49.0;0.0
-2;10300;VEV_5400;15;6;;;;;17;25;;;;;16.0;0.0
-2;10300;VEV_5500;6;20;;;;;7;22;;;;;6.5;0.0
-2;10300;VEV_6000;0;20;;;;;1;20;;;;;0.5;0.0
-2;10300;VEV_6500;0;18;;;;;1;18;;;;;0.5;0.0
-2;10400;HYDROGEL_PACK;9988;10;9986;26;;;10004;10;10007;26;;;9996.0;0.0
-2;10400;VELVETFRUIT_EXTRACT;5274;62;;;;;5280;50;;;;;5277.0;0.0
-2;10400;VEV_4000;1256;11;1254;21;;;1277;11;1280;21;;;1266.5;0.0
-2;10400;VEV_4500;736;9;734;15;;;752;9;754;15;;;744.0;0.0
-2;10400;VEV_5000;271;11;270;29;;;277;11;278;14;;;274.0;0.0
-2;10400;VEV_5100;178;9;;;;;182;33;183;16;;;180.0;0.0
-2;10400;VEV_5200;112;34;;;;;116;21;;;;;114.0;0.0
-2;10400;VEV_5300;48;24;;;;;50;27;;;;;49.0;0.0
-2;10400;VEV_5400;15;22;;;;;16;22;17;21;;;15.5;0.0
-2;10400;VEV_5500;6;16;;;;;7;24;;;;;6.5;0.0
-2;10400;VEV_6000;0;27;;;;;1;27;;;;;0.5;0.0
-2;10400;VEV_6500;0;14;;;;;1;14;;;;;0.5;0.0
-2;10500;HYDROGEL_PACK;9985;11;9982;25;;;10001;11;10003;25;;;9993.0;0.0
-2;10500;VELVETFRUIT_EXTRACT;5275;39;;;;;5281;37;;;;;5278.0;0.0
-2;10500;VEV_4000;1257;9;1255;26;;;1278;9;1281;26;;;1267.5;0.0
-2;10500;VEV_4500;735;10;733;20;;;751;10;753;20;;;743.0;0.0
-2;10500;VEV_5000;272;9;271;15;;;278;12;279;29;;;275.0;0.0
-2;10500;VEV_5100;178;7;177;18;;;182;22;183;20;;;180.0;0.0
-2;10500;VEV_5200;114;6;113;14;;;116;7;117;28;;;115.0;0.0
-2;10500;VEV_5300;47;24;;;;;;;;;;;47.0;0.0
-2;10500;VEV_5400;15;21;;;;;17;26;;;;;16.0;0.0
-2;10500;VEV_5500;6;19;;;;;7;19;;;;;6.5;0.0
-2;10500;VEV_6000;0;24;;;;;1;24;;;;;0.5;0.0
-2;10500;VEV_6500;0;17;;;;;1;17;;;;;0.5;0.0
-2;10600;HYDROGEL_PACK;9983;14;9980;20;;;9999;14;10001;20;;;9991.0;0.0
-2;10600;VELVETFRUIT_EXTRACT;5274;58;;;;;5279;23;5280;49;;;5276.5;0.0
-2;10600;VEV_4000;1258;12;1256;24;;;1279;12;1282;24;;;1268.5;0.0
-2;10600;VEV_4500;736;8;734;12;;;752;8;754;12;;;744.0;0.0
-2;10600;VEV_5000;272;12;271;22;;;279;14;;;;;275.5;0.0
-2;10600;VEV_5100;177;30;;;;;181;12;182;12;;;179.0;0.0
-2;10600;VEV_5200;113;8;112;12;;;115;8;116;20;;;114.0;0.0
-2;10600;VEV_5300;48;21;;;;;50;23;;;;;49.0;0.0
-2;10600;VEV_5400;15;7;;;;;;;;;;;15.0;0.0
-2;10600;VEV_5500;6;28;;;;;7;26;;;;;6.5;0.0
-2;10600;VEV_6000;0;18;;;;;1;18;;;;;0.5;0.0
-2;10600;VEV_6500;0;18;;;;;1;18;;;;;0.5;0.0
-2;10700;HYDROGEL_PACK;9984;10;9981;27;;;10000;10;10002;27;;;9992.0;0.0
-2;10700;VELVETFRUIT_EXTRACT;5276;21;5275;41;5275;45;5280;21;5281;43;;;5278.0;0.0
-2;10700;VEV_4000;1257;7;1254;20;;;1278;7;1281;20;;;1267.5;0.0
-2;10700;VEV_4500;737;10;736;8;;;753;10;754;20;;;745.0;0.0
-2;10700;VEV_5000;270;19;;;;;277;9;278;21;;;273.5;0.0
-2;10700;VEV_5100;175;24;;;;;180;6;;;;;177.5;0.0
-2;10700;VEV_5200;112;31;;;;;;;;;;;112.0;0.0
-2;10700;VEV_5300;47;20;;;;;49;20;;;;;48.0;0.0
-2;10700;VEV_5400;14;24;;;;;15;21;16;19;;;14.5;0.0
-2;10700;VEV_5500;6;20;;;;;7;23;;;;;6.5;0.0
-2;10700;VEV_6000;0;16;;;;;1;16;;;;;0.5;0.0
-2;10700;VEV_6500;0;12;;;;;1;12;;;;;0.5;0.0
-2;10800;HYDROGEL_PACK;9983;11;9981;23;;;9999;11;10002;23;;;9991.0;0.0
-2;10800;VELVETFRUIT_EXTRACT;5276;22;5275;35;;;5280;22;5281;57;;;5278.0;0.0
-2;10800;VEV_4000;1256;11;1254;29;;;1278;11;1280;29;;;1267.0;0.0
-2;10800;VEV_4500;737;7;735;23;;;753;7;755;23;;;745.0;0.0
-2;10800;VEV_5000;271;7;270;16;;;277;9;278;14;;;274.0;0.0
-2;10800;VEV_5100;177;30;176;24;;;182;29;;;;;179.5;0.0
-2;10800;VEV_5200;;;;;;;116;11;;;;;116.0;0.0
-2;10800;VEV_5300;47;20;;;;;49;19;;;;;48.0;0.0
-2;10800;VEV_5400;15;21;14;16;;;15;21;16;14;;;15.0;0.0
-2;10800;VEV_5500;6;29;;;;;7;21;;;;;6.5;0.0
-2;10800;VEV_6000;0;25;;;;;1;25;;;;;0.5;0.0
-2;10800;VEV_6500;0;15;;;;;1;15;;;;;0.5;0.0
-2;10900;HYDROGEL_PACK;9984;13;9982;23;;;10000;13;10003;23;;;9992.0;0.0
-2;10900;VELVETFRUIT_EXTRACT;5278;24;;;;;5283;23;5284;70;5285;43;5280.5;0.0
-2;10900;VEV_4000;1255;15;1253;27;;;1276;15;1279;27;;;1265.5;0.0
-2;10900;VEV_4500;735;7;;;;;751;7;752;8;753;24;743.0;0.0
-2;10900;VEV_5000;272;9;271;21;;;279;16;;;;;275.5;0.0
-2;10900;VEV_5100;176;11;175;21;;;180;12;181;19;;;178.0;0.0
-2;10900;VEV_5200;;;;;;;117;24;;;;;117.0;0.0
-2;10900;VEV_5300;47;24;;;;;49;4;;;;;48.0;0.0
-2;10900;VEV_5400;15;5;;;;;16;19;;;;;15.5;0.0
-2;10900;VEV_5500;6;21;;;;;7;6;;;;;6.5;0.0
-2;10900;VEV_6000;0;27;;;;;1;27;;;;;0.5;0.0
-2;10900;VEV_6500;0;12;;;;;1;12;;;;;0.5;0.0
-2;11000;HYDROGEL_PACK;9985;13;9982;26;;;10001;13;10003;26;;;9993.0;0.0
-2;11000;VELVETFRUIT_EXTRACT;5280;17;5279;62;;;5284;17;5285;60;;;5282.0;0.0
-2;11000;VEV_4000;1255;10;1252;28;;;1276;10;1278;28;;;1265.5;0.0
-2;11000;VEV_4500;736;11;734;13;;;752;11;754;13;;;744.0;0.0
-2;11000;VEV_5000;272;6;271;12;;;278;12;279;24;;;275.0;0.0
-2;11000;VEV_5100;177;21;176;18;;;181;32;182;20;;;179.0;0.0
-2;11000;VEV_5200;113;20;;;;;116;11;117;35;;;114.5;0.0
-2;11000;VEV_5300;47;24;;;;;49;24;;;;;48.0;0.0
-2;11000;VEV_5400;14;23;;;;;16;18;;;;;15.0;0.0
-2;11000;VEV_5500;6;25;;;;;7;19;;;;;6.5;0.0
-2;11000;VEV_6000;0;21;;;;;1;21;;;;;0.5;0.0
-2;11000;VEV_6500;0;14;;;;;1;14;;;;;0.5;0.0
-2;11100;HYDROGEL_PACK;9989;11;9986;24;;;10005;11;10007;24;;;9997.0;0.0
-2;11100;VELVETFRUIT_EXTRACT;5279;22;5278;39;;;5284;52;;;;;5281.5;0.0
-2;11100;VEV_4000;1254;9;1251;20;;;1275;9;1278;20;;;1264.5;0.0
-2;11100;VEV_4500;734;12;733;7;;;750;12;752;24;;;742.0;0.0
-2;11100;VEV_5000;273;32;272;15;;;279;9;280;13;;;276.0;0.0
-2;11100;VEV_5100;177;8;;;;;181;22;182;32;;;179.0;0.0
-2;11100;VEV_5200;;;;;;;116;29;117;19;;;116.0;0.0
-2;11100;VEV_5300;47;16;;;;;49;16;;;;;48.0;0.0
-2;11100;VEV_5400;15;18;14;28;;;16;16;;;;;15.5;0.0
-2;11100;VEV_5500;6;21;;;;;7;30;;;;;6.5;0.0
-2;11100;VEV_6000;0;22;;;;;1;22;;;;;0.5;0.0
-2;11100;VEV_6500;0;17;;;;;1;17;;;;;0.5;0.0
-2;11200;HYDROGEL_PACK;9990;11;9987;29;;;10006;11;10008;29;;;9998.0;0.0
-2;11200;VELVETFRUIT_EXTRACT;5280;17;5279;25;;;5285;58;;;;;5282.5;0.0
-2;11200;VEV_4000;1252;11;1250;22;;;1273;11;1276;22;;;1262.5;0.0
-2;11200;VEV_4500;734;11;732;12;;;750;11;752;12;;;742.0;0.0
-2;11200;VEV_5000;274;7;273;16;;;280;6;281;12;;;277.0;0.0
-2;11200;VEV_5100;176;27;;;;;181;9;182;17;;;178.5;0.0
-2;11200;VEV_5200;113;22;;;;;116;25;;;;;114.5;0.0
-2;11200;VEV_5300;47;22;;;;;49;24;;;;;48.0;0.0
-2;11200;VEV_5400;15;19;;;;;17;28;;;;;16.0;0.0
-2;11200;VEV_5500;6;19;;;;;7;22;;;;;6.5;0.0
-2;11200;VEV_6000;0;21;;;;;1;21;;;;;0.5;0.0
-2;11200;VEV_6500;0;16;;;;;1;16;;;;;0.5;0.0
-2;11300;HYDROGEL_PACK;9989;10;9987;22;;;10005;10;10008;22;;;9997.0;0.0
-2;11300;VELVETFRUIT_EXTRACT;5280;35;;;;;5286;33;5287;31;;;5283.0;0.0
-2;11300;VEV_4000;1252;14;1250;23;;;1273;14;1276;23;;;1262.5;0.0
-2;11300;VEV_4500;731;7;729;21;;;747;7;749;21;;;739.0;0.0
-2;11300;VEV_5000;273;11;272;13;;;279;6;280;22;;;276.0;0.0
-2;11300;VEV_5100;177;6;176;23;;;182;13;;;;;179.5;0.0
-2;11300;VEV_5200;111;21;;;;;114;12;115;20;;;112.5;0.0
-2;11300;VEV_5300;48;19;;;;;50;16;50;5;;;49.0;0.0
-2;11300;VEV_5400;;;;;;;;;;;;;0.0;0.0
-2;11300;VEV_5500;6;26;;;;;7;18;;;;;6.5;0.0
-2;11300;VEV_6000;0;30;;;;;1;30;;;;;0.5;0.0
-2;11300;VEV_6500;0;14;;;;;1;14;;;;;0.5;0.0
-2;11400;HYDROGEL_PACK;9991;13;9989;30;;;10007;13;10010;30;;;9999.0;0.0
-2;11400;VELVETFRUIT_EXTRACT;5280;19;5279;30;;;5285;72;;;;;5282.5;0.0
-2;11400;VEV_4000;1253;13;1250;22;;;1274;13;1276;22;;;1263.5;0.0
-2;11400;VEV_4500;732;11;731;24;730;17;748;11;750;17;;;740.0;0.0
-2;11400;VEV_5000;275;6;274;16;;;281;12;282;20;;;278.0;0.0
-2;11400;VEV_5100;175;22;;;;;180;9;181;31;;;177.5;0.0
-2;11400;VEV_5200;112;6;111;23;;;114;20;115;31;;;113.0;0.0
-2;11400;VEV_5300;48;20;;;;;50;25;;;;;49.0;0.0
-2;11400;VEV_5400;15;26;15;8;;;17;22;;;;;16.0;0.0
-2;11400;VEV_5500;6;17;;;;;7;29;;;;;6.5;0.0
-2;11400;VEV_6000;0;19;;;;;1;19;;;;;0.5;0.0
-2;11400;VEV_6500;0;12;;;;;1;12;;;;;0.5;0.0
-2;11500;HYDROGEL_PACK;9989;13;9986;21;;;10005;13;10007;21;;;9997.0;0.0
-2;11500;VELVETFRUIT_EXTRACT;5279;37;;;;;5284;22;5285;69;;;5281.5;0.0
-2;11500;VEV_4000;1253;7;1251;18;;;1274;7;1277;18;;;1263.5;0.0
-2;11500;VEV_4500;734;8;733;6;732;21;750;8;751;21;;;742.0;0.0
-2;11500;VEV_5000;275;10;274;20;;;281;9;;;;;278.0;0.0
-2;11500;VEV_5100;176;11;175;14;;;180;29;181;29;;;178.0;0.0
-2;11500;VEV_5200;110;27;;;;;114;15;;;;;112.0;0.0
-2;11500;VEV_5300;47;20;;;;;49;24;;;;;48.0;0.0
-2;11500;VEV_5400;15;29;;;;;17;13;;;;;16.0;0.0
-2;11500;VEV_5500;6;18;;;;;7;13;;;;;6.5;0.0
-2;11500;VEV_6000;0;23;;;;;1;23;;;;;0.5;0.0
-2;11500;VEV_6500;0;14;;;;;1;14;;;;;0.5;0.0
-2;11600;HYDROGEL_PACK;9990;11;9988;20;;;10006;11;10009;20;;;9998.0;0.0
-2;11600;VELVETFRUIT_EXTRACT;5278;40;;;;;5284;15;;;;;5281.0;0.0
-2;11600;VEV_4000;1254;15;1251;22;;;1275;15;1278;22;;;1264.5;0.0
-2;11600;VEV_4500;733;7;731;15;;;749;7;751;15;;;741.0;0.0
-2;11600;VEV_5000;276;27;275;22;;;282;9;283;17;;;279.0;0.0
-2;11600;VEV_5100;176;11;175;28;;;180;28;;;;;178.0;0.0
-2;11600;VEV_5200;;;;;;;114;6;115;18;;;114.0;0.0
-2;11600;VEV_5300;;;;;;;49;19;50;18;;;49.0;0.0
-2;11600;VEV_5400;15;27;;;;;17;25;;;;;16.0;0.0
-2;11600;VEV_5500;6;23;;;;;7;16;;;;;6.5;0.0
-2;11600;VEV_6000;0;23;;;;;1;23;;;;;0.5;0.0
-2;11600;VEV_6500;0;14;;;;;1;14;;;;;0.5;0.0
-2;11700;HYDROGEL_PACK;9993;15;9991;23;;;10009;15;10012;23;;;10001.0;0.0
-2;11700;VELVETFRUIT_EXTRACT;5279;17;5279;21;;;5284;21;5285;63;;;5281.5;0.0
-2;11700;VEV_4000;1253;15;1250;28;;;1274;15;1277;28;;;1263.5;0.0
-2;11700;VEV_4500;735;9;733;22;;;751;9;753;22;;;743.0;0.0
-2;11700;VEV_5000;275;8;274;22;;;281;6;282;15;;;278.0;0.0
-2;11700;VEV_5100;;;;;;;180;23;;;;;180.0;0.0
-2;11700;VEV_5200;110;24;;;;;113;35;;;;;111.5;0.0
-2;11700;VEV_5300;47;21;;;;;49;19;;;;;48.0;0.0
-2;11700;VEV_5400;;;;;;;17;20;;;;;17.0;0.0
-2;11700;VEV_5500;6;24;;;;;7;26;;;;;6.5;0.0
-2;11700;VEV_6000;0;25;;;;;1;25;;;;;0.5;0.0
-2;11700;VEV_6500;0;16;;;;;1;16;;;;;0.5;0.0
-2;11800;HYDROGEL_PACK;9992;11;9989;20;;;10008;11;10010;20;;;10000.0;0.0
-2;11800;VELVETFRUIT_EXTRACT;5278;63;;;;;5284;62;;;;;5281.0;0.0
-2;11800;VEV_4000;1253;14;1251;27;;;1275;14;1277;27;;;1264.0;0.0
-2;11800;VEV_4500;734;9;732;12;;;750;9;752;12;;;742.0;0.0
-2;11800;VEV_5000;274;19;;;;;281;23;282;20;;;277.5;0.0
-2;11800;VEV_5100;176;12;175;17;;;181;25;;;;;178.5;0.0
-2;11800;VEV_5200;111;20;110;23;;;113;25;114;30;;;112.0;0.0
-2;11800;VEV_5300;48;25;;;;;50;24;51;13;;;49.0;0.0
-2;11800;VEV_5400;14;30;;;;;16;19;;;;;15.0;0.0
-2;11800;VEV_5500;6;20;;;;;7;25;;;;;6.5;0.0
-2;11800;VEV_6000;0;21;;;;;1;21;;;;;0.5;0.0
-2;11800;VEV_6500;0;11;;;;;1;11;;;;;0.5;0.0
-2;11900;HYDROGEL_PACK;9994;15;9992;26;;;10010;15;10013;26;;;10002.0;0.0
-2;11900;VELVETFRUIT_EXTRACT;5277;65;;;;;5282;21;5283;66;;;5279.5;0.0
-2;11900;VEV_4000;1253;9;1250;18;;;1274;9;;;;;1263.5;0.0
-2;11900;VEV_4500;735;10;733;18;;;751;10;752;11;753;18;743.0;0.0
-2;11900;VEV_5000;275;8;274;22;;;281;6;282;27;;;278.0;0.0
-2;11900;VEV_5100;176;9;175;21;;;;;;;;;176.0;0.0
-2;11900;VEV_5200;111;7;110;19;;;;;;;;;111.0;0.0
-2;11900;VEV_5300;49;26;;;;;51;23;;;;;50.0;0.0
-2;11900;VEV_5400;15;15;15;29;;;17;24;;;;;16.0;0.0
-2;11900;VEV_5500;6;26;;;;;7;20;;;;;6.5;0.0
-2;11900;VEV_6000;0;28;;;;;1;28;;;;;0.5;0.0
-2;11900;VEV_6500;0;22;;;;;1;22;;;;;0.5;0.0
-2;12000;HYDROGEL_PACK;9991;13;9989;24;;;10007;13;10010;24;;;9999.0;0.0
-2;12000;VELVETFRUIT_EXTRACT;5280;61;;;;;5286;56;;;;;5283.0;0.0
-2;12000;VEV_4000;1253;12;1250;29;;;1274;12;1277;29;;;1263.5;0.0
-2;12000;VEV_4500;735;6;733;23;;;751;6;753;23;;;743.0;0.0
-2;12000;VEV_5000;277;20;;;;;283;11;284;19;;;280.0;0.0
-2;12000;VEV_5100;177;7;176;22;;;181;12;182;24;;;179.0;0.0
-2;12000;VEV_5200;111;12;;;;;115;12;;;;;113.0;0.0
-2;12000;VEV_5300;49;28;48;10;;;51;19;;;;;50.0;0.0
-2;12000;VEV_5400;15;23;15;26;;;17;23;;;;;16.0;0.0
-2;12000;VEV_5500;6;19;;;;;7;20;;;;;6.5;0.0
-2;12000;VEV_6000;0;22;;;;;1;22;;;;;0.5;0.0
-2;12000;VEV_6500;0;16;;;;;1;16;;;;;0.5;0.0
-2;12100;HYDROGEL_PACK;9990;10;9988;26;;;10006;10;10009;26;;;9998.0;0.0
-2;12100;VELVETFRUIT_EXTRACT;5279;32;5279;53;;;5285;68;;;;;5282.0;0.0
-2;12100;VEV_4000;1252;8;1249;18;;;1273;8;1276;18;;;1262.5;0.0
-2;12100;VEV_4500;735;12;733;19;;;751;12;752;9;753;19;743.0;0.0
-2;12100;VEV_5000;276;36;275;22;;;282;9;283;15;;;279.0;0.0
-2;12100;VEV_5100;176;27;;;;;180;7;181;16;;;178.0;0.0
-2;12100;VEV_5200;112;8;;;;;115;23;;;;;113.5;0.0
-2;12100;VEV_5300;48;29;;;;;50;8;51;19;;;49.0;0.0
-2;12100;VEV_5400;;;;;;;;;;;;;0.0;0.0
-2;12100;VEV_5500;6;24;;;;;7;27;;;;;6.5;0.0
-2;12100;VEV_6000;0;20;;;;;1;20;;;;;0.5;0.0
-2;12100;VEV_6500;0;14;;;;;1;14;;;;;0.5;0.0
-2;12200;HYDROGEL_PACK;9988;14;9986;22;;;10007;22;;;;;9997.5;0.0
-2;12200;VELVETFRUIT_EXTRACT;5280;56;;;;;5286;41;;;;;5283.0;0.0
-2;12200;VEV_4000;1251;15;1249;21;;;1272;15;1275;21;;;1261.5;0.0
-2;12200;VEV_4500;734;9;732;14;;;750;9;752;14;;;742.0;0.0
-2;12200;VEV_5000;276;30;275;19;;;282;6;283;19;;;279.0;0.0
-2;12200;VEV_5100;175;22;174;12;;;179;20;180;15;;;177.0;0.0
-2;12200;VEV_5200;112;25;111;27;;;115;18;;;;;113.5;0.0
-2;12200;VEV_5300;;;;;;;51;24;;;;;51.0;0.0
-2;12200;VEV_5400;16;26;15;16;;;17;23;;;;;16.5;0.0
-2;12200;VEV_5500;6;24;;;;;7;19;;;;;6.5;0.0
-2;12200;VEV_6000;0;24;;;;;1;24;;;;;0.5;0.0
-2;12200;VEV_6500;0;13;;;;;1;13;;;;;0.5;0.0
-2;12300;HYDROGEL_PACK;9990;10;9987;29;;;10006;10;10008;29;;;9998.0;0.0
-2;12300;VELVETFRUIT_EXTRACT;5280;67;;;;;5285;21;5286;43;;;5282.5;0.0
-2;12300;VEV_4000;1250;9;1247;15;;;1271;9;1274;15;;;1260.5;0.0
-2;12300;VEV_4500;733;11;731;12;;;749;11;751;12;;;741.0;0.0
-2;12300;VEV_5000;275;22;274;17;;;281;6;282;15;;;278.0;0.0
-2;12300;VEV_5100;175;9;174;15;;;179;7;;;;;177.0;0.0
-2;12300;VEV_5200;111;22;;;;;114;8;115;28;;;112.5;0.0
-2;12300;VEV_5300;48;24;;;;;50;15;;;;;49.0;0.0
-2;12300;VEV_5400;15;20;;;;;16;25;17;18;;;15.5;0.0
-2;12300;VEV_5500;6;22;;;;;7;25;;;;;6.5;0.0
-2;12300;VEV_6000;0;23;;;;;1;23;;;;;0.5;0.0
-2;12300;VEV_6500;0;14;;;;;1;14;;;;;0.5;0.0
-2;12400;HYDROGEL_PACK;9990;11;9988;27;;;10006;11;10009;27;;;9998.0;0.0
-2;12400;VELVETFRUIT_EXTRACT;5279;66;;;;;5285;67;;;;;5282.0;0.0
-2;12400;VEV_4000;1252;8;1250;21;;;1273;8;1276;21;;;1262.5;0.0
-2;12400;VEV_4500;731;23;;;;;749;9;750;23;750;9;740.0;0.0
-2;12400;VEV_5000;277;12;276;13;;;283;7;284;18;;;280.0;0.0
-2;12400;VEV_5100;174;21;173;20;;;178;19;;;;;176.0;0.0
-2;12400;VEV_5200;;;;;;;114;27;115;27;;;114.0;0.0
-2;12400;VEV_5300;48;22;;;;;50;9;;;;;49.0;0.0
-2;12400;VEV_5400;16;21;15;19;;;17;20;;;;;16.5;0.0
-2;12400;VEV_5500;6;27;;;;;7;22;;;;;6.5;0.0
-2;12400;VEV_6000;0;23;;;;;1;23;;;;;0.5;0.0
-2;12400;VEV_6500;0;17;;;;;1;17;;;;;0.5;0.0
-2;12500;HYDROGEL_PACK;9986;11;9984;21;;;10002;11;10005;21;;;9994.0;0.0
-2;12500;VELVETFRUIT_EXTRACT;5277;64;;;;;5282;22;5283;57;;;5279.5;0.0
-2;12500;VEV_4000;1252;12;1249;28;;;1273;12;1275;28;;;1262.5;0.0
-2;12500;VEV_4500;732;8;730;13;;;749;12;750;13;;;740.5;0.0
-2;12500;VEV_5000;277;23;276;20;;;284;21;;;;;280.5;0.0
-2;12500;VEV_5100;174;9;;;;;179;25;;;;;176.5;0.0
-2;12500;VEV_5200;111;25;110;17;;;113;34;;;;;112.0;0.0
-2;12500;VEV_5300;;;;;;;50;22;;;;;50.0;0.0
-2;12500;VEV_5400;;;;;;;17;16;;;;;17.0;0.0
-2;12500;VEV_5500;6;27;;;;;7;26;;;;;6.5;0.0
-2;12500;VEV_6000;0;27;;;;;1;27;;;;;0.5;0.0
-2;12500;VEV_6500;0;16;;;;;1;16;;;;;0.5;0.0
-2;12600;HYDROGEL_PACK;9985;11;9982;25;;;10001;11;10003;25;;;9993.0;0.0
-2;12600;VELVETFRUIT_EXTRACT;5276;59;;;;;5281;17;5282;71;;;5278.5;0.0
-2;12600;VEV_4000;1252;8;1249;22;;;1273;8;1276;22;;;1262.5;0.0
-2;12600;VEV_4500;733;9;731;20;;;750;23;751;20;;;741.5;0.0
-2;12600;VEV_5000;275;7;274;21;;;281;6;282;13;;;278.0;0.0
-2;12600;VEV_5100;175;7;174;18;;;;;;;;;175.0;0.0
-2;12600;VEV_5200;111;12;;;;;114;22;;;;;112.5;0.0
-2;12600;VEV_5300;;;;;;;51;15;;;;;51.0;0.0
-2;12600;VEV_5400;15;21;;;;;17;18;;;;;16.0;0.0
-2;12600;VEV_5500;5;9;;;;;7;26;;;;;6.0;0.0
-2;12600;VEV_6000;0;16;;;;;1;16;;;;;0.5;0.0
-2;12600;VEV_6500;0;16;;;;;1;16;;;;;0.5;0.0
-2;12700;HYDROGEL_PACK;9984;11;9982;27;;;10000;11;10003;27;;;9992.0;0.0
-2;12700;VELVETFRUIT_EXTRACT;5277;70;;;;;5282;15;5283;58;;;5279.5;0.0
-2;12700;VEV_4000;1252;15;1250;26;;;1273;15;1276;26;;;1262.5;0.0
-2;12700;VEV_4500;734;8;733;10;732;14;750;8;751;14;;;742.0;0.0
-2;12700;VEV_5000;273;15;;;;;280;6;;;;;276.5;0.0
-2;12700;VEV_5100;176;29;175;17;;;180;27;181;29;;;178.0;0.0
-2;12700;VEV_5200;111;22;;;;;113;6;114;33;;;112.0;0.0
-2;12700;VEV_5300;49;21;;;;;51;22;;;;;50.0;0.0
-2;12700;VEV_5400;15;25;15;24;;;17;21;;;;;16.0;0.0
-2;12700;VEV_5500;5;21;;;;;7;15;;;;;6.0;0.0
-2;12700;VEV_6000;0;24;;;;;1;24;;;;;0.5;0.0
-2;12700;VEV_6500;0;19;;;;;1;19;;;;;0.5;0.0
-2;12800;HYDROGEL_PACK;9982;15;9980;28;;;9998;15;10001;28;;;9990.0;0.0
-2;12800;VELVETFRUIT_EXTRACT;5275;45;;;;;5281;24;;;;;5278.0;0.0
-2;12800;VEV_4000;1253;10;1250;20;;;1274;10;1277;20;;;1263.5;0.0
-2;12800;VEV_4500;733;7;731;20;;;749;7;751;20;;;741.0;0.0
-2;12800;VEV_5000;273;12;;;;;280;26;281;21;;;276.5;0.0
-2;12800;VEV_5100;176;10;175;24;;;181;18;;;;;178.5;0.0
-2;12800;VEV_5200;111;35;;;;;113;6;114;23;;;112.0;0.0
-2;12800;VEV_5300;49;29;;;;;51;24;;;;;50.0;0.0
-2;12800;VEV_5400;15;28;;;;;;;;;;;15.0;0.0
-2;12800;VEV_5500;5;20;;;;;7;19;;;;;6.0;0.0
-2;12800;VEV_6000;0;22;;;;;1;22;;;;;0.5;0.0
-2;12800;VEV_6500;0;18;;;;;1;18;;;;;0.5;0.0
-2;12900;HYDROGEL_PACK;9979;10;9977;29;;;9995;10;9997;29;;;9987.0;0.0
-2;12900;VELVETFRUIT_EXTRACT;5276;20;5275;50;5275;50;5281;43;;;;;5278.5;0.0
-2;12900;VEV_4000;1253;14;1251;29;;;1275;14;1277;29;;;1264.0;0.0
-2;12900;VEV_4500;736;8;734;22;;;752;8;754;22;;;744.0;0.0
-2;12900;VEV_5000;272;12;271;26;;;278;6;279;15;;;275.0;0.0
-2;12900;VEV_5100;176;26;175;13;;;180;6;181;23;;;178.0;0.0
-2;12900;VEV_5200;110;19;;;;;;;;;;;110.0;0.0
-2;12900;VEV_5300;49;22;48;14;;;51;16;;;;;50.0;0.0
-2;12900;VEV_5400;16;7;15;17;;;;;;;;;16.0;0.0
-2;12900;VEV_5500;5;23;;;;;7;25;;;;;6.0;0.0
-2;12900;VEV_6000;0;26;;;;;1;26;;;;;0.5;0.0
-2;12900;VEV_6500;0;20;;;;;1;20;;;;;0.5;0.0
-2;13000;HYDROGEL_PACK;9977;10;9974;22;;;9993;10;9995;22;;;9985.0;0.0
-2;13000;VELVETFRUIT_EXTRACT;5275;71;;;;;5280;17;5281;62;;;5277.5;0.0
-2;13000;VEV_4000;1255;11;1252;15;;;1276;11;1279;15;;;1265.5;0.0
-2;13000;VEV_4500;733;22;;;;;751;8;752;10;753;22;742.0;0.0
-2;13000;VEV_5000;273;12;272;16;;;279;8;280;23;;;276.0;0.0
-2;13000;VEV_5100;176;11;;;;;;;;;;;176.0;0.0
-2;13000;VEV_5200;110;9;109;14;;;112;11;113;22;;;111.0;0.0
-2;13000;VEV_5300;49;24;;;;;51;9;;;;;50.0;0.0
-2;13000;VEV_5400;15;16;;;;;17;25;;;;;16.0;0.0
-2;13000;VEV_5500;6;22;;;;;7;26;;;;;6.5;0.0
-2;13000;VEV_6000;0;27;;;;;1;27;;;;;0.5;0.0
-2;13000;VEV_6500;0;20;;;;;1;20;;;;;0.5;0.0
-2;13100;HYDROGEL_PACK;9978;11;9976;22;;;9994;11;9997;22;;;9986.0;0.0
-2;13100;VELVETFRUIT_EXTRACT;5277;18;5276;32;;;5282;58;;;;;5279.5;0.0
-2;13100;VEV_4000;1255;9;1252;25;;;1276;9;1279;25;;;1265.5;0.0
-2;13100;VEV_4500;734;12;732;23;;;750;12;752;23;;;742.0;0.0
-2;13100;VEV_5000;272;11;;;;;278;9;279;14;;;275.0;0.0
-2;13100;VEV_5100;175;20;174;26;;;179;21;;;;;177.0;0.0
-2;13100;VEV_5200;112;10;111;13;;;114;26;115;27;;;113.0;0.0
-2;13100;VEV_5300;49;25;;;;;51;9;;;;;50.0;0.0
-2;13100;VEV_5400;15;24;;;;;17;26;;;;;16.0;0.0
-2;13100;VEV_5500;6;26;;;;;7;26;;;;;6.5;0.0
-2;13100;VEV_6000;0;19;;;;;1;19;;;;;0.5;0.0
-2;13100;VEV_6500;0;20;;;;;1;20;;;;;0.5;0.0
-2;13200;HYDROGEL_PACK;9977;12;9974;23;;;9993;12;9995;23;;;9985.0;0.0
-2;13200;VELVETFRUIT_EXTRACT;5277;48;;;;;5283;35;;;;;5280.0;0.0
-2;13200;VEV_4000;1255;13;1252;25;;;1276;13;1279;25;;;1265.5;0.0
-2;13200;VEV_4500;734;8;732;20;;;750;8;751;20;;;742.0;0.0
-2;13200;VEV_5000;272;25;271;13;;;;;;;;;272.0;0.0
-2;13200;VEV_5100;175;6;174;24;;;180;19;;;;;177.5;0.0
-2;13200;VEV_5200;112;25;111;30;;;115;22;;;;;113.5;0.0
-2;13200;VEV_5300;49;28;;;;;51;23;;;;;50.0;0.0
-2;13200;VEV_5400;15;20;;;;;17;22;;;;;16.0;0.0
-2;13200;VEV_5500;6;18;;;;;7;21;;;;;6.5;0.0
-2;13200;VEV_6000;0;26;;;;;1;26;;;;;0.5;0.0
-2;13200;VEV_6500;0;16;;;;;1;16;;;;;0.5;0.0
-2;13300;HYDROGEL_PACK;9976;12;9974;25;;;9992;12;9995;25;;;9984.0;0.0
-2;13300;VELVETFRUIT_EXTRACT;5277;37;;;;;5283;65;;;;;5280.0;0.0
-2;13300;VEV_4000;1256;14;1253;16;;;1277;14;1279;16;;;1266.5;0.0
-2;13300;VEV_4500;733;10;731;15;;;749;10;750;11;751;15;741.0;0.0
-2;13300;VEV_5000;;;;;;;279;9;280;25;;;279.0;0.0
-2;13300;VEV_5100;176;24;175;18;;;;;;;;;176.0;0.0
-2;13300;VEV_5200;111;24;110;31;;;114;29;;;;;112.5;0.0
-2;13300;VEV_5300;49;10;;;;;51;19;;;;;50.0;0.0
-2;13300;VEV_5400;15;23;15;5;;;16;15;17;27;;;15.5;0.0
-2;13300;VEV_5500;6;18;;;;;7;22;;;;;6.5;0.0
-2;13300;VEV_6000;0;26;;;;;1;26;;;;;0.5;0.0
-2;13300;VEV_6500;0;13;;;;;1;13;;;;;0.5;0.0
-2;13400;HYDROGEL_PACK;9973;30;;;;;9992;12;9994;30;;;9982.5;0.0
-2;13400;VELVETFRUIT_EXTRACT;5276;65;;;;;5281;25;5282;48;5282;49;5278.5;0.0
-2;13400;VEV_4000;1257;13;1254;18;;;1278;13;1281;18;;;1267.5;0.0
-2;13400;VEV_4500;732;22;;;;;751;22;751;6;;;741.5;0.0
-2;13400;VEV_5000;272;22;271;34;;;278;26;279;24;;;275.0;0.0
-2;13400;VEV_5100;175;24;;;;;180;8;;;;;177.5;0.0
-2;13400;VEV_5200;111;23;;;;;114;13;;;;;112.5;0.0
-2;13400;VEV_5300;49;10;;;;;51;28;52;27;;;50.0;0.0
-2;13400;VEV_5400;15;21;;;;;17;29;;;;;16.0;0.0
-2;13400;VEV_5500;6;6;;;;;7;22;;;;;6.5;0.0
-2;13400;VEV_6000;0;22;;;;;1;22;;;;;0.5;0.0
-2;13400;VEV_6500;0;11;;;;;1;11;;;;;0.5;0.0
-2;13500;HYDROGEL_PACK;9972;14;9969;24;;;9988;14;9990;24;;;9980.0;0.0
-2;13500;VELVETFRUIT_EXTRACT;5278;22;5277;37;;;5282;22;5283;34;;;5280.0;0.0
-2;13500;VEV_4000;1257;8;1255;17;;;1279;8;1281;17;;;1268.0;0.0
-2;13500;VEV_4500;734;8;732;14;;;750;8;752;14;;;742.0;0.0
-2;13500;VEV_5000;274;12;273;24;;;280;32;281;24;;;277.0;0.0
-2;13500;VEV_5100;176;10;175;22;;;181;33;;;;;178.5;0.0
-2;13500;VEV_5200;109;35;;;;;113;25;;;;;111.0;0.0
-2;13500;VEV_5300;49;26;;;;;51;28;51;6;;;50.0;0.0
-2;13500;VEV_5400;15;22;;;;;17;19;;;;;16.0;0.0
-2;13500;VEV_5500;6;25;;;;;7;27;;;;;6.5;0.0
-2;13500;VEV_6000;0;16;;;;;1;16;;;;;0.5;0.0
-2;13500;VEV_6500;0;16;;;;;1;16;;;;;0.5;0.0
-2;13600;HYDROGEL_PACK;9972;14;9969;27;;;9988;14;9990;27;;;9980.0;0.0
-2;13600;VELVETFRUIT_EXTRACT;5278;20;5277;30;;;5283;59;5284;48;;;5280.5;0.0
-2;13600;VEV_4000;1259;9;1257;27;;;1280;9;1283;27;;;1269.5;0.0
-2;13600;VEV_4500;734;12;732;16;;;750;12;752;16;;;742.0;0.0
-2;13600;VEV_5000;276;11;275;21;;;282;6;283;14;;;279.0;0.0
-2;13600;VEV_5100;175;11;174;27;;;179;12;180;22;;;177.0;0.0
-2;13600;VEV_5200;108;25;;;;;111;23;112;14;;;109.5;0.0
-2;13600;VEV_5300;48;24;47;11;;;50;6;;;;;49.0;0.0
-2;13600;VEV_5400;15;20;15;23;;;16;23;17;24;;;15.5;0.0
-2;13600;VEV_5500;6;26;;;;;7;19;;;;;6.5;0.0
-2;13600;VEV_6000;0;25;;;;;1;25;;;;;0.5;0.0
-2;13600;VEV_6500;0;17;;;;;1;17;;;;;0.5;0.0
-2;13700;HYDROGEL_PACK;9969;11;9966;27;;;9985;11;9987;27;;;9977.0;0.0
-2;13700;VELVETFRUIT_EXTRACT;5277;48;5277;23;;;5282;23;5283;64;;;5279.5;0.0
-2;13700;VEV_4000;1259;7;1256;30;;;1280;7;1283;30;;;1269.5;0.0
-2;13700;VEV_4500;734;8;733;7;732;19;750;8;752;19;;;742.0;0.0
-2;13700;VEV_5000;277;31;276;22;;;283;22;284;12;;;280.0;0.0
-2;13700;VEV_5100;175;22;174;23;;;179;6;180;19;;;177.0;0.0
-2;13700;VEV_5200;;;;;;;113;26;;;;;113.0;0.0
-2;13700;VEV_5300;48;21;47;14;;;50;21;;;;;49.0;0.0
-2;13700;VEV_5400;15;28;;;;;16;9;17;22;;;15.5;0.0
-2;13700;VEV_5500;6;28;;;;;7;18;;;;;6.5;0.0
-2;13700;VEV_6000;0;21;;;;;1;21;;;;;0.5;0.0
-2;13700;VEV_6500;0;17;;;;;1;17;;;;;0.5;0.0
-2;13800;HYDROGEL_PACK;9966;11;9963;21;;;9982;11;9984;21;;;9974.0;0.0
-2;13800;VELVETFRUIT_EXTRACT;5277;52;;;;;5283;53;;;;;5280.0;0.0
-2;13800;VEV_4000;1259;9;1257;19;;;1281;9;1283;19;;;1270.0;0.0
-2;13800;VEV_4500;735;10;733;13;;;753;13;;;;;744.0;0.0
-2;13800;VEV_5000;278;29;;;;;285;10;286;12;;;281.5;0.0
-2;13800;VEV_5100;175;12;174;24;;;179;11;;;;;177.0;0.0
-2;13800;VEV_5200;109;16;;;;;113;23;;;;;111.0;0.0
-2;13800;VEV_5300;48;21;;;;;50;24;;;;;49.0;0.0
-2;13800;VEV_5400;;;;;;;17;21;;;;;17.0;0.0
-2;13800;VEV_5500;5;12;;;;;7;29;;;;;6.0;0.0
-2;13800;VEV_6000;0;26;;;;;1;26;;;;;0.5;0.0
-2;13800;VEV_6500;0;15;;;;;1;15;;;;;0.5;0.0
-2;13900;HYDROGEL_PACK;9966;13;9964;23;;;9982;13;9985;23;;;9974.0;0.0
-2;13900;VELVETFRUIT_EXTRACT;5276;17;5275;58;;;5281;19;;;;;5278.5;0.0
-2;13900;VEV_4000;1258;10;1255;15;;;1279;10;1282;15;;;1268.5;0.0
-2;13900;VEV_4500;735;9;;;;;751;9;;;;;743.0;0.0
-2;13900;VEV_5000;277;22;276;26;;;283;9;;;;;280.0;0.0
-2;13900;VEV_5100;174;8;;;;;178;26;;;;;176.0;0.0
-2;13900;VEV_5200;109;33;108;30;;;111;20;112;18;;;110.0;0.0
-2;13900;VEV_5300;48;8;47;20;;;50;25;51;13;;;49.0;0.0
-2;13900;VEV_5400;15;16;;;;;17;23;;;;;16.0;0.0
-2;13900;VEV_5500;6;19;;;;;7;22;;;;;6.5;0.0
-2;13900;VEV_6000;0;16;;;;;1;16;;;;;0.5;0.0
-2;13900;VEV_6500;0;14;;;;;1;14;;;;;0.5;0.0
-2;14000;HYDROGEL_PACK;9967;13;9964;30;;;9983;13;9985;30;;;9975.0;0.0
-2;14000;VELVETFRUIT_EXTRACT;5276;68;;;;;5282;47;;;;;5279.0;0.0
-2;14000;VEV_4000;1258;15;1255;15;;;1279;15;1281;15;;;1268.5;0.0
-2;14000;VEV_4500;735;11;734;23;;;752;9;754;23;;;743.5;0.0
-2;14000;VEV_5000;277;29;;;;;283;6;284;21;;;280.0;0.0
-2;14000;VEV_5100;175;11;174;26;;;180;20;;;;;177.5;0.0
-2;14000;VEV_5200;109;31;108;24;;;111;33;;;;;110.0;0.0
-2;14000;VEV_5300;48;19;;;;;50;25;;;;;49.0;0.0
-2;14000;VEV_5400;;;;;;;17;24;;;;;17.0;0.0
-2;14000;VEV_5500;6;20;;;;;7;27;;;;;6.5;0.0
-2;14000;VEV_6000;0;21;;;;;1;21;;;;;0.5;0.0
-2;14000;VEV_6500;0;19;;;;;1;19;;;;;0.5;0.0
-2;14100;HYDROGEL_PACK;9966;11;9964;21;;;9982;11;9985;21;;;9974.0;0.0
-2;14100;VELVETFRUIT_EXTRACT;5277;15;5277;24;;;5282;24;5283;42;;;5279.5;0.0
-2;14100;VEV_4000;1258;8;1255;27;;;1279;8;1281;27;;;1268.5;0.0
-2;14100;VEV_4500;737;7;736;8;735;13;755;13;;;;;746.0;0.0
-2;14100;VEV_5000;277;12;276;15;;;283;12;;;;;280.0;0.0
-2;14100;VEV_5100;174;30;173;17;;;178;25;;;;;176.0;0.0
-2;14100;VEV_5200;110;10;109;24;;;113;32;;;;;111.5;0.0
-2;14100;VEV_5300;48;23;;;;;50;27;;;;;49.0;0.0
-2;14100;VEV_5400;15;25;;;;;17;22;;;;;16.0;0.0
-2;14100;VEV_5500;6;22;;;;;7;23;;;;;6.5;0.0
-2;14100;VEV_6000;0;23;;;;;1;23;;;;;0.5;0.0
-2;14100;VEV_6500;0;17;;;;;1;17;;;;;0.5;0.0
-2;14200;HYDROGEL_PACK;9965;11;9963;27;;;9981;11;9984;27;;;9973.0;0.0
-2;14200;VELVETFRUIT_EXTRACT;5276;59;;;;;5281;25;5282;51;;;5278.5;0.0
-2;14200;VEV_4000;1258;10;1255;21;;;1279;10;1282;21;;;1268.5;0.0
-2;14200;VEV_4500;738;10;736;16;;;754;10;755;11;756;16;746.0;0.0
-2;14200;VEV_5000;278;11;277;17;;;284;8;285;24;;;281.0;0.0
-2;14200;VEV_5100;174;10;173;22;;;178;11;;;;;176.0;0.0
-2;14200;VEV_5200;110;7;109;17;;;112;9;113;26;;;111.0;0.0
-2;14200;VEV_5300;47;30;;;;;49;18;50;17;;;48.0;0.0
-2;14200;VEV_5400;;;;;;;17;17;;;;;17.0;0.0
-2;14200;VEV_5500;6;16;;;;;7;21;;;;;6.5;0.0
-2;14200;VEV_6000;0;18;;;;;1;18;;;;;0.5;0.0
-2;14200;VEV_6500;0;20;;;;;1;20;;;;;0.5;0.0
-2;14300;HYDROGEL_PACK;9966;12;9964;23;;;9982;12;9985;23;;;9974.0;0.0
-2;14300;VELVETFRUIT_EXTRACT;5278;30;5278;16;;;5284;45;;;;;5281.0;0.0
-2;14300;VEV_4000;1258;10;1255;22;;;1279;10;1282;22;;;1268.5;0.0
-2;14300;VEV_4500;739;9;737;20;;;755;9;757;20;;;747.0;0.0
-2;14300;VEV_5000;276;24;;;;;284;13;;;;;280.0;0.0
-2;14300;VEV_5100;174;22;;;;;178;12;179;24;;;176.0;0.0
-2;14300;VEV_5200;109;29;;;;;112;30;113;18;;;110.5;0.0
-2;14300;VEV_5300;47;27;;;;;49;18;;;;;48.0;0.0
-2;14300;VEV_5400;15;15;;;;;17;19;;;;;16.0;0.0
-2;14300;VEV_5500;5;23;;;;;7;24;;;;;6.0;0.0
-2;14300;VEV_6000;0;19;;;;;1;19;;;;;0.5;0.0
-2;14300;VEV_6500;0;16;;;;;1;16;;;;;0.5;0.0
-2;14400;HYDROGEL_PACK;9964;22;;;;;9983;10;9985;22;;;9973.5;0.0
-2;14400;VELVETFRUIT_EXTRACT;5278;43;;;;;5283;21;5284;15;;;5280.5;0.0
-2;14400;VEV_4000;1258;12;1255;22;;;1279;12;1282;22;;;1268.5;0.0
-2;14400;VEV_4500;739;6;737;15;;;755;6;757;15;;;747.0;0.0
-2;14400;VEV_5000;277;12;;;;;284;9;;;;;280.5;0.0
-2;14400;VEV_5100;173;17;;;;;179;15;;;;;176.0;0.0
-2;14400;VEV_5200;109;29;;;;;113;28;;;;;111.0;0.0
-2;14400;VEV_5300;47;23;;;;;49;25;50;10;;;48.0;0.0
-2;14400;VEV_5400;;;;;;;17;19;;;;;17.0;0.0
-2;14400;VEV_5500;5;20;;;;;6;30;;;;;5.5;0.0
-2;14400;VEV_6000;0;26;;;;;1;26;;;;;0.5;0.0
-2;14400;VEV_6500;0;20;;;;;1;20;;;;;0.5;0.0
-2;14500;HYDROGEL_PACK;9967;14;9965;28;;;9983;14;9986;28;;;9975.0;0.0
-2;14500;VELVETFRUIT_EXTRACT;5279;15;5278;21;;;5283;15;5284;16;;;5281.0;0.0
-2;14500;VEV_4000;1259;12;1256;26;;;1280;12;1283;26;;;1269.5;0.0
-2;14500;VEV_4500;738;8;736;23;;;754;8;;;;;746.0;0.0
-2;14500;VEV_5000;277;6;276;22;;;283;24;284;14;;;280.0;0.0
-2;14500;VEV_5100;172;16;;;;;;;;;;;172.0;0.0
-2;14500;VEV_5200;109;29;108;23;;;112;20;;;;;110.5;0.0
-2;14500;VEV_5300;48;28;;;;;50;24;;;;;49.0;0.0
-2;14500;VEV_5400;15;18;;;;;17;23;;;;;16.0;0.0
-2;14500;VEV_5500;5;23;;;;;6;30;;;;;5.5;0.0
-2;14500;VEV_6000;0;18;;;;;1;18;;;;;0.5;0.0
-2;14500;VEV_6500;0;18;;;;;1;18;;;;;0.5;0.0
-2;14600;HYDROGEL_PACK;9966;10;9964;30;;;9982;10;9985;30;;;9974.0;0.0
-2;14600;VELVETFRUIT_EXTRACT;5277;24;;;;;5282;24;5283;62;;;5279.5;0.0
-2;14600;VEV_4000;1258;15;1255;23;;;1279;15;1282;23;;;1268.5;0.0
-2;14600;VEV_4500;740;12;738;17;;;756;12;758;17;;;748.0;0.0
-2;14600;VEV_5000;277;30;276;14;;;283;10;284;26;;;280.0;0.0
-2;14600;VEV_5100;173;33;;;;;177;29;178;16;;;175.0;0.0
-2;14600;VEV_5200;109;24;108;33;;;111;12;112;32;;;110.0;0.0
-2;14600;VEV_5300;48;24;47;11;;;50;29;;;;;49.0;0.0
-2;14600;VEV_5400;16;27;15;23;;;17;25;;;;;16.5;0.0
-2;14600;VEV_5500;5;26;;;;;6;28;;;;;5.5;0.0
-2;14600;VEV_6000;0;24;;;;;1;24;;;;;0.5;0.0
-2;14600;VEV_6500;0;14;;;;;1;14;;;;;0.5;0.0
-2;14700;HYDROGEL_PACK;9963;14;9961;29;;;9979;14;9982;29;;;9971.0;0.0
-2;14700;VELVETFRUIT_EXTRACT;5278;15;5278;25;;;5283;25;5284;66;;;5280.5;0.0
-2;14700;VEV_4000;1257;9;1254;22;;;1278;9;1280;22;;;1267.5;0.0
-2;14700;VEV_4500;742;12;740;21;;;759;21;;;;;750.5;0.0
-2;14700;VEV_5000;279;9;278;15;;;285;20;286;15;;;282.0;0.0
-2;14700;VEV_5100;172;18;;;;;177;10;178;19;;;174.5;0.0
-2;14700;VEV_5200;107;18;;;;;111;13;;;;;109.0;0.0
-2;14700;VEV_5300;47;25;;;;;49;28;;;;;48.0;0.0
-2;14700;VEV_5400;16;6;15;24;;;16;21;17;25;;;16.0;0.0
-2;14700;VEV_5500;5;26;;;;;6;19;;;;;5.5;0.0
-2;14700;VEV_6000;0;27;;;;;1;27;;;;;0.5;0.0
-2;14700;VEV_6500;0;19;;;;;1;19;;;;;0.5;0.0
-2;14800;HYDROGEL_PACK;9962;12;9959;29;;;9978;12;9980;29;;;9970.0;0.0
-2;14800;VELVETFRUIT_EXTRACT;5280;15;5279;44;5279;49;5284;15;5285;32;;;5282.0;0.0
-2;14800;VEV_4000;1258;15;1255;27;;;1279;15;1281;27;;;1268.5;0.0
-2;14800;VEV_4500;741;6;740;9;;;757;6;759;23;;;749.0;0.0
-2;14800;VEV_5000;280;7;279;16;;;286;11;287;13;;;283.0;0.0
-2;14800;VEV_5100;175;10;174;14;;;179;11;180;17;;;177.0;0.0
-2;14800;VEV_5200;108;23;107;32;;;111;24;;;;;109.5;0.0
-2;14800;VEV_5300;48;24;;;;;50;25;;;;;49.0;0.0
-2;14800;VEV_5400;15;17;;;;;17;12;;;;;16.0;0.0
-2;14800;VEV_5500;5;19;;;;;6;25;;;;;5.5;0.0
-2;14800;VEV_6000;0;22;;;;;1;22;;;;;0.5;0.0
-2;14800;VEV_6500;0;15;;;;;1;15;;;;;0.5;0.0
-2;14900;HYDROGEL_PACK;9961;11;9959;20;;;9977;11;9980;20;;;9969.0;0.0
-2;14900;VELVETFRUIT_EXTRACT;5280;33;;;;;5285;15;5286;49;;;5282.5;0.0
-2;14900;VEV_4000;1258;7;1255;29;;;1279;7;1282;29;;;1268.5;0.0
-2;14900;VEV_4500;742;6;740;19;;;758;6;760;19;;;750.0;0.0
-2;14900;VEV_5000;278;24;;;;;286;12;;;;;282.0;0.0
-2;14900;VEV_5100;175;25;;;;;179;9;;;;;177.0;0.0
-2;14900;VEV_5200;107;15;;;;;111;22;;;;;109.0;0.0
-2;14900;VEV_5300;48;6;;;;;50;30;;;;;49.0;0.0
-2;14900;VEV_5400;15;19;;;;;16;21;17;19;;;15.5;0.0
-2;14900;VEV_5500;5;20;;;;;7;6;;;;;6.0;0.0
-2;14900;VEV_6000;0;26;;;;;1;26;;;;;0.5;0.0
-2;14900;VEV_6500;0;14;;;;;1;14;;;;;0.5;0.0
-2;15000;HYDROGEL_PACK;9965;13;9962;25;;;9981;13;9983;25;;;9973.0;0.0
-2;15000;VELVETFRUIT_EXTRACT;5280;16;5279;56;;;5285;15;;;;;5282.5;0.0
-2;15000;VEV_4000;1258;8;1255;24;;;1279;8;1282;24;;;1268.5;0.0
-2;15000;VEV_4500;742;11;740;15;;;758;11;759;18;760;15;750.0;0.0
-2;15000;VEV_5000;278;22;;;;;285;7;286;14;;;281.5;0.0
-2;15000;VEV_5100;173;9;172;19;;;177;31;;;;;175.0;0.0
-2;15000;VEV_5200;;;;;;;111;11;112;19;;;111.0;0.0
-2;15000;VEV_5300;48;25;;;;;50;20;;;;;49.0;0.0
-2;15000;VEV_5400;15;28;15;23;;;17;16;;;;;16.0;0.0
-2;15000;VEV_5500;5;13;;;;;7;25;;;;;6.0;0.0
-2;15000;VEV_6000;0;25;;;;;1;25;;;;;0.5;0.0
-2;15000;VEV_6500;0;19;;;;;1;19;;;;;0.5;0.0
-2;15100;HYDROGEL_PACK;9964;14;9962;30;;;9980;14;9983;30;;;9972.0;0.0
-2;15100;VELVETFRUIT_EXTRACT;5280;61;5280;22;5279;45;5286;39;;;;;5283.0;0.0
-2;15100;VEV_4000;1257;15;1255;25;;;1279;15;1281;25;;;1268.0;0.0
-2;15100;VEV_4500;744;7;742;24;;;760;7;761;11;762;24;752.0;0.0
-2;15100;VEV_5000;278;7;277;33;;;284;7;285;12;;;281.0;0.0
-2;15100;VEV_5100;173;25;;;;;178;10;179;13;;;175.5;0.0
-2;15100;VEV_5200;;;;;;;112;27;;;;;112.0;0.0
-2;15100;VEV_5300;47;19;;;;;49;20;50;19;;;48.0;0.0
-2;15100;VEV_5400;15;27;15;24;;;16;26;;;;;15.5;0.0
-2;15100;VEV_5500;5;19;;;;;7;20;;;;;6.0;0.0
-2;15100;VEV_6000;0;21;;;;;1;21;;;;;0.5;0.0
-2;15100;VEV_6500;0;18;;;;;1;18;;;;;0.5;0.0
-2;15200;HYDROGEL_PACK;9963;10;9961;26;;;9979;10;9982;26;;;9971.0;0.0
-2;15200;VELVETFRUIT_EXTRACT;5280;60;;;;;5285;23;5286;48;5287;40;5282.5;0.0
-2;15200;VEV_4000;1256;7;1254;18;;;1278;7;1280;18;;;1267.0;0.0
-2;15200;VEV_4500;743;10;741;24;;;759;10;761;24;;;751.0;0.0
-2;15200;VEV_5000;278;9;277;13;;;284;10;285;21;;;281.0;0.0
-2;15200;VEV_5100;174;12;173;14;;;178;23;179;13;;;176.0;0.0
-2;15200;VEV_5200;109;10;108;27;;;111;24;112;23;;;110.0;0.0
-2;15200;VEV_5300;;;;;;;49;26;;;;;49.0;0.0
-2;15200;VEV_5400;15;19;;;;;17;23;;;;;16.0;0.0
-2;15200;VEV_5500;6;17;;;;;7;28;;;;;6.5;0.0
-2;15200;VEV_6000;0;25;;;;;1;25;;;;;0.5;0.0
-2;15200;VEV_6500;0;16;;;;;1;16;;;;;0.5;0.0
-2;15300;HYDROGEL_PACK;9962;13;9960;29;;;9978;13;9981;29;;;9970.0;0.0
-2;15300;VELVETFRUIT_EXTRACT;5281;18;5280;52;;;5285;18;5286;23;;;5283.0;0.0
-2;15300;VEV_4000;1258;11;1255;21;;;1279;11;1282;21;;;1268.5;0.0
-2;15300;VEV_4500;742;12;741;12;740;20;758;12;760;20;;;750.0;0.0
-2;15300;VEV_5000;279;22;278;19;;;285;12;286;21;;;282.0;0.0
-2;15300;VEV_5100;175;12;174;20;;;179;33;180;21;;;177.0;0.0
-2;15300;VEV_5200;106;23;;;;;110;28;;;;;108.0;0.0
-2;15300;VEV_5300;47;25;;;;;49;20;;;;;48.0;0.0
-2;15300;VEV_5400;15;22;14;24;;;15;29;16;20;;;15.0;0.0
-2;15300;VEV_5500;6;20;;;;;7;19;;;;;6.5;0.0
-2;15300;VEV_6000;0;21;;;;;;;;;;;0.0;0.0
-2;15300;VEV_6500;0;11;;;;;1;11;;;;;0.5;0.0
-2;15400;HYDROGEL_PACK;9965;12;9962;27;;;9981;12;9983;27;;;9973.0;0.0
-2;15400;VELVETFRUIT_EXTRACT;5279;47;5279;20;5278;39;5285;44;;;;;5282.0;0.0
-2;15400;VEV_4000;1257;9;1255;22;;;1279;9;1281;22;;;1268.0;0.0
-2;15400;VEV_4500;742;7;;;;;758;7;759;21;;;750.0;0.0
