timestamp;buyer;seller;symbol;currency;price;quantity
0;BOT_MAKER;BOT_TAKER;VEV_5400;XIRECS;16.0;3
0;BOT_TAKER;BOT_MAKER;VEV_6000;XIRECS;1.0;2
100;BOT_TAKER;SUBMISSION;HYDROGEL_PACK;XIRECS;9984.0;2
200;BOT_MAKER;BOT_TAKER;VELVETFRUIT_EXTRACT;XIRECS;5262.0;8
200;BOT_MAKER;BOT_TAKER;VEV_6000;XIRECS;0.0;2
300;BOT_MAKER;BOT_TAKER;HYDROGEL_PACK;XIRECS;9962.0;5
300;BOT_MAKER;BOT_TAKER;VELVETFRUIT_EXTRACT;XIRECS;5263.0;8
600;BOT_TAKER;BOT_MAKER;HYDROGEL_PACK;XIRECS;9985.0;4
600;BOT_TAKER;BOT_MAKER;VEV_4000;XIRECS;1271.0;2
700;BOT_MAKER;BOT_TAKER;HYDROGEL_PACK;XIRECS;9972.0;3
700;BOT_TAKER;BOT_MAKER;VEV_6000;XIRECS;1.0;3
700;BOT_TAKER;SUBMISSION;HYDROGEL_PACK;XIRECS;9987.0;2
700;SUBMISSION;BOT_TAKER;VELVETFRUIT_EXTRACT;XIRECS;5266.0;5
700;BOT_MAKER;BOT_TAKER;VELVETFRUIT_EXTRACT;XIRECS;5265.0;2
900;BOT_MAKER;BOT_TAKER;HYDROGEL_PACK;XIRECS;9978.0;4
900;BOT_TAKER;BOT_MAKER;VELVETFRUIT_EXTRACT;XIRECS;5270.0;6
1000;BOT_TAKER;BOT_MAKER;VELVETFRUIT_EXTRACT;XIRECS;5272.0;4
1000;BOT_TAKER;BOT_MAKER;VEV_5500;XIRECS;7.0;5
1100;BOT_TAKER;BOT_MAKER;HYDROGEL_PACK;XIRECS;9998.0;6
1100;BOT_MAKER;BOT_TAKER;VEV_4000;XIRECS;1254.0;2
1200;BOT_MAKER;BOT_TAKER;HYDROGEL_PACK;XIRECS;9983.0;5
1200;BOT_TAKER;SUBMISSION;VELVETFRUIT_EXTRACT;XIRECS;5272.0;3
1300;BOT_TAKER;SUBMISSION;VELVETFRUIT_EXTRACT;XIRECS;5272.0;5
1300;BOT_TAKER;BOT_MAKER;VELVETFRUIT_EXTRACT;XIRECS;5273.0;3
1400;BOT_MAKER;BOT_TAKER;VELVETFRUIT_EXTRACT;XIRECS;5266.0;5
1400;BOT_TAKER;BOT_MAKER;VEV_5400;XIRECS;19.0;4
1500;BOT_TAKER;BOT_MAKER;VEV_6000;XIRECS;1.0;5
1600;BOT_MAKER;BOT_TAKER;VELVETFRUIT_EXTRACT;XIRECS;5266.0;13
1700;BOT_TAKER;BOT_MAKER;VELVETFRUIT_EXTRACT;XIRECS;5270.0;3
1700;BOT_TAKER;BOT_MAKER;VEV_6500;XIRECS;1.0;2
1800;BOT_TAKER;SUBMISSION;VEV_4000;XIRECS;1272.0;3
1900;BOT_MAKER;BOT_TAKER;VELVETFRUIT_EXTRACT;XIRECS;5265.0;7
2100;BOT_MAKER;BOT_TAKER;VEV_5400;XIRECS;17.0;5
2200;BOT_MAKER;BOT_TAKER;VELVETFRUIT_EXTRACT;XIRECS;5264.0;5
2200;SUBMISSION;BOT_TAKER;HYDROGEL_PACK;XIRECS;9995.0;4
2300;BOT_MAKER;BOT_TAKER;HYDROGEL_PACK;XIRECS;9993.0;5
2300;BOT_TAKER;BOT_MAKER;VELVETFRUIT_EXTRACT;XIRECS;5268.0;4
2400;BOT_MAKER;BOT_TAKER;VEV_4000;XIRECS;1256.0;2
2500;BOT_MAKER;BOT_TAKER;VEV_6500;XIRECS;0.0;5
2500;SUBMISSION;BOT_TAKER;HYDROGEL_PACK;XIRECS;9990.0;3
2700;BOT_TAKER;BOT_MAKER;VELVETFRUIT_EXTRACT;XIRECS;5268.0;3
2900;BOT_TAKER;SUBMISSION;VELVETFRUIT_EXTRACT;XIRECS;5269.0;5
2900;BOT_TAKER;BOT_MAKER;VELVETFRUIT_EXTRACT;XIRECS;5270.0;1
3000;BOT_MAKER;BOT_TAKER;VELVETFRUIT_EXTRACT;XIRECS;5265.0;6
3000;BOT_TAKER;BOT_MAKER;VEV_6000;XIRECS;1.0;3
3100;BOT_TAKER;BOT_MAKER;VEV_5400;XIRECS;17.0;2
3200;BOT_TAKER;BOT_MAKER;HYDROGEL_PACK;XIRECS;10000.0;3
3300;BOT_MAKER;BOT_TAKER;VELVETFRUIT_EXTRACT;XIRECS;5265.0;8
3300;BOT_MAKER;BOT_TAKER;VEV_6500;XIRECS;0.0;4
3400;BOT_MAKER;BOT_TAKER;VELVETFRUIT_EXTRACT;XIRECS;5265.0;7
3400;BOT_TAKER;BOT_MAKER;VEV_5500;XIRECS;7.0;4
3500;BOT_TAKER;BOT_MAKER;HYDROGEL_PACK;XIRECS;9997.0;2
3600;BOT_TAKER;BOT_MAKER;VELVETFRUIT_EXTRACT;XIRECS;5271.0;6
3600;BOT_MAKER;BOT_TAKER;VEV_4000;XIRECS;1256.0;2
3600;SUBMISSION;BOT_TAKER;HYDROGEL_PACK;XIRECS;9984.0;4
3700;BOT_TAKER;BOT_MAKER;VEV_4000;XIRECS;1277.0;1
3700;BOT_MAKER;BOT_TAKER;VEV_6500;XIRECS;0.0;2
3800;BOT_MAKER;BOT_TAKER;VELVETFRUIT_EXTRACT;XIRECS;5263.0;4
3800;BOT_TAKER;BOT_MAKER;VEV_5500;XIRECS;6.0;2
3800;BOT_TAKER;SUBMISSION;VELVETFRUIT_EXTRACT;XIRECS;5267.0;5
3800;BOT_TAKER;BOT_MAKER;VELVETFRUIT_EXTRACT;XIRECS;5268.0;7
3900;BOT_TAKER;BOT_MAKER;VELVETFRUIT_EXTRACT;XIRECS;5267.0;6
4000;BOT_MAKER;BOT_TAKER;HYDROGEL_PACK;XIRECS;9985.0;3
4000;BOT_TAKER;BOT_MAKER;VEV_4000;XIRECS;1275.0;1
4100;SUBMISSION;BOT_TAKER;VEV_4000;XIRECS;1255.0;2
4200;BOT_TAKER;BOT_MAKER;VELVETFRUIT_EXTRACT;XIRECS;5267.0;4
4200;BOT_TAKER;BOT_MAKER;VEV_5500;XIRECS;7.0;5
4400;BOT_MAKER;BOT_TAKER;HYDROGEL_PACK;XIRECS;9984.0;4
4400;BOT_MAKER;BOT_TAKER;VELVETFRUIT_EXTRACT;XIRECS;5260.0;8
4500;SUBMISSION;BOT_TAKER;VELVETFRUIT_EXTRACT;XIRECS;5262.0;5
4500;BOT_MAKER;BOT_TAKER;VELVETFRUIT_EXTRACT;XIRECS;5261.0;2
4600;BOT_TAKER;BOT_MAKER;VELVETFRUIT_EXTRACT;XIRECS;5266.0;5
4700;BOT_MAKER;BOT_TAKER;VEV_5500;XIRECS;6.0;2
4700;BOT_MAKER;BOT_TAKER;VEV_6000;XIRECS;0.0;4
4800;BOT_TAKER;BOT_MAKER;VELVETFRUIT_EXTRACT;XIRECS;5268.0;8
4900;BOT_MAKER;BOT_TAKER;VEV_5500;XIRECS;6.0;4
4900;BOT_TAKER;BOT_MAKER;VEV_6500;XIRECS;1.0;3
5000;BOT_TAKER;BOT_MAKER;HYDROGEL_PACK;XIRECS;10001.0;4
5000;BOT_MAKER;BOT_TAKER;VELVETFRUIT_EXTRACT;XIRECS;5264.0;7
5000;BOT_TAKER;BOT_MAKER;VEV_5500;XIRECS;7.0;2
5200;BOT_TAKER;BOT_MAKER;VELVETFRUIT_EXTRACT;XIRECS;5270.0;9
5300;BOT_MAKER;BOT_TAKER;VELVETFRUIT_EXTRACT;XIRECS;5267.0;4
5400;BOT_TAKER;BOT_MAKER;VEV_4000;XIRECS;1281.0;1
5500;BOT_TAKER;BOT_MAKER;VEV_6500;XIRECS;1.0;5
5600;BOT_MAKER;BOT_TAKER;VELVETFRUIT_EXTRACT;XIRECS;5266.0;5
5700;BOT_MAKER;BOT_TAKER;VEV_4000;XIRECS;1259.0;1
5800;BOT_TAKER;BOT_MAKER;HYDROGEL_PACK;XIRECS;9997.0;3
5800;BOT_TAKER;BOT_MAKER;VELVETFRUIT_EXTRACT;XIRECS;5270.0;4
5800;BOT_TAKER;BOT_MAKER;VEV_6500;XIRECS;1.0;3
5800;BOT_TAKER;SUBMISSION;VELVETFRUIT_EXTRACT;XIRECS;5269.0;5
5800;BOT_TAKER;BOT_MAKER;VELVETFRUIT_EXTRACT;XIRECS;5270.0;3
5800;SUBMISSION;BOT_TAKER;VEV_4000;XIRECS;1259.0;1
5900;BOT_MAKER;BOT_TAKER;HYDROGEL_PACK;XIRECS;9980.0;2
5900;BOT_MAKER;BOT_TAKER;HYDROGEL_PACK;XIRECS;9980.0;5
6100;BOT_TAKER;BOT_MAKER;HYDROGEL_PACK;XIRECS;9993.0;6
6100;SUBMISSION;BOT_TAKER;VELVETFRUIT_EXTRACT;XIRECS;5268.0;5
6100;BOT_MAKER;BOT_TAKER;VELVETFRUIT_EXTRACT;XIRECS;5267.0;2
6200;BOT_MAKER;BOT_TAKER;VELVETFRUIT_EXTRACT;XIRECS;5267.0;8
6200;BOT_TAKER;BOT_MAKER;VEV_5500;XIRECS;7.0;5
6200;BOT_MAKER;BOT_TAKER;VEV_6000;XIRECS;0.0;5
6300;BOT_MAKER;BOT_TAKER;HYDROGEL_PACK;XIRECS;9977.0;5
6300;BOT_MAKER;BOT_TAKER;VELVETFRUIT_EXTRACT;XIRECS;5267.0;3
6300;BOT_MAKER;BOT_TAKER;VELVETFRUIT_EXTRACT;XIRECS;5267.0;4
6400;BOT_MAKER;BOT_TAKER;HYDROGEL_PACK;XIRECS;9977.0;5
6400;BOT_MAKER;BOT_TAKER;VELVETFRUIT_EXTRACT;XIRECS;5268.0;8
6600;BOT_TAKER;BOT_MAKER;HYDROGEL_PACK;XIRECS;9992.0;5
6600;BOT_MAKER;BOT_TAKER;VEV_4000;XIRECS;1254.0;1
6600;BOT_MAKER;BOT_TAKER;VEV_6500;XIRECS;0.0;2
6700;BOT_TAKER;BOT_MAKER;HYDROGEL_PACK;XIRECS;9993.0;3
6700;BOT_MAKER;BOT_TAKER;VELVETFRUIT_EXTRACT;XIRECS;5268.0;8
6800;BOT_TAKER;BOT_MAKER;VELVETFRUIT_EXTRACT;XIRECS;5274.0;4
6900;BOT_MAKER;BOT_TAKER;VEV_5400;XIRECS;17.0;4
7000;BOT_TAKER;BOT_MAKER;VEV_4000;XIRECS;1274.0;2
7100;BOT_MAKER;BOT_TAKER;VELVETFRUIT_EXTRACT;XIRECS;5267.0;12
7200;BOT_TAKER;BOT_MAKER;VELVETFRUIT_EXTRACT;XIRECS;5272.0;6
7200;SUBMISSION;BOT_TAKER;VELVETFRUIT_EXTRACT;XIRECS;5268.0;5
7200;BOT_MAKER;BOT_TAKER;VELVETFRUIT_EXTRACT;XIRECS;5267.0;1
7300;BOT_TAKER;SUBMISSION;VELVETFRUIT_EXTRACT;XIRECS;5271.0;5
7400;BOT_MAKER;BOT_TAKER;VELVETFRUIT_EXTRACT;XIRECS;5269.0;7
7600;BOT_TAKER;BOT_MAKER;VELVETFRUIT_EXTRACT;XIRECS;5274.0;7
7600;BOT_TAKER;SUBMISSION;VELVETFRUIT_EXTRACT;XIRECS;5273.0;4
7700;BOT_MAKER;BOT_TAKER;VELVETFRUIT_EXTRACT;XIRECS;5269.0;7
7700;BOT_MAKER;BOT_TAKER;VELVETFRUIT_EXTRACT;XIRECS;5269.0;7
7700;BOT_MAKER;BOT_TAKER;VEV_5500;XIRECS;5.0;3
7800;BOT_TAKER;BOT_MAKER;VELVETFRUIT_EXTRACT;XIRECS;5276.0;3
7800;BOT_MAKER;BOT_TAKER;VELVETFRUIT_EXTRACT;XIRECS;5271.0;8
7900;BOT_TAKER;BOT_MAKER;HYDROGEL_PACK;XIRECS;10000.0;3
7900;SUBMISSION;BOT_TAKER;HYDROGEL_PACK;XIRECS;9985.0;5
7900;BOT_MAKER;BOT_TAKER;HYDROGEL_PACK;XIRECS;9984.0;1
8000;BOT_TAKER;BOT_MAKER;HYDROGEL_PACK;XIRECS;10000.0;2
8000;BOT_TAKER;BOT_MAKER;VELVETFRUIT_EXTRACT;XIRECS;5276.0;7
8100;BOT_TAKER;BOT_MAKER;VEV_6000;XIRECS;1.0;4
8200;BOT_TAKER;SUBMISSION;HYDROGEL_PACK;XIRECS;10001.0;2
8300;BOT_MAKER;BOT_TAKER;VELVETFRUIT_EXTRACT;XIRECS;5270.0;8
8400;BOT_MAKER;BOT_TAKER;VEV_5300;XIRECS;47.0;4
8500;BOT_MAKER;BOT_TAKER;VELVETFRUIT_EXTRACT;XIRECS;5272.0;3
8500;BOT_TAKER;SUBMISSION;HYDROGEL_PACK;XIRECS;10000.0;5
8600;BOT_TAKER;BOT_MAKER;HYDROGEL_PACK;XIRECS;10003.0;3
8700;BOT_MAKER;BOT_TAKER;VEV_4000;XIRECS;1252.0;1
8700;BOT_TAKER;BOT_MAKER;VEV_6000;XIRECS;1.0;2
8700;BOT_MAKER;BOT_TAKER;VEV_6500;XIRECS;0.0;5
8900;BOT_TAKER;BOT_MAKER;HYDROGEL_PACK;XIRECS;10004.0;2
9000;BOT_TAKER;SUBMISSION;VEV_4000;XIRECS;1272.0;1
9100;BOT_MAKER;BOT_TAKER;HYDROGEL_PACK;XIRECS;9989.0;6
9100;BOT_MAKER;BOT_TAKER;VELVETFRUIT_EXTRACT;XIRECS;5272.0;8
9200;BOT_TAKER;BOT_MAKER;VELVETFRUIT_EXTRACT;XIRECS;5277.0;5
9300;BOT_MAKER;BOT_TAKER;VELVETFRUIT_EXTRACT;XIRECS;5274.0;10
9300;BOT_MAKER;BOT_TAKER;VEV_5400;XIRECS;15.0;5
9400;BOT_MAKER;BOT_TAKER;VEV_6500;XIRECS;0.0;5
9500;BOT_MAKER;BOT_TAKER;HYDROGEL_PACK;XIRECS;9989.0;3
9500;BOT_TAKER;BOT_MAKER;VELVETFRUIT_EXTRACT;XIRECS;5278.0;6
9600;BOT_MAKER;BOT_TAKER;VELVETFRUIT_EXTRACT;XIRECS;5272.0;6
9600;BOT_TAKER;BOT_MAKER;VELVETFRUIT_EXTRACT;XIRECS;5276.0;9
9800;BOT_MAKER;BOT_TAKER;VELVETFRUIT_EXTRACT;XIRECS;5270.0;3
9800;BOT_TAKER;SUBMISSION;HYDROGEL_PACK;XIRECS;10008.0;5
9800;BOT_TAKER;BOT_MAKER;HYDROGEL_PACK;XIRECS;10009.0;1
9900;BOT_MAKER;BOT_TAKER;VELVETFRUIT_EXTRACT;XIRECS;5270.0;8
9900;BOT_MAKER;BOT_TAKER;VEV_6500;XIRECS;0.0;3
10000;BOT_TAKER;BOT_MAKER;VELVETFRUIT_EXTRACT;XIRECS;5278.0;4
10000;BOT_TAKER;BOT_MAKER;VEV_5500;XIRECS;7.0;5
10000;BOT_MAKER;BOT_TAKER;VEV_5500;XIRECS;6.0;2
10100;BOT_MAKER;BOT_TAKER;VEV_5400;XIRECS;15.0;2
10400;BOT_TAKER;BOT_MAKER;VELVETFRUIT_EXTRACT;XIRECS;5280.0;7
10400;BOT_MAKER;BOT_TAKER;VEV_4000;XIRECS;1256.0;2
10400;BOT_TAKER;SUBMISSION;HYDROGEL_PACK;XIRECS;10003.0;4
10500;BOT_MAKER;BOT_TAKER;VELVETFRUIT_EXTRACT;XIRECS;5275.0;5
10500;BOT_MAKER;BOT_TAKER;VEV_5500;XIRECS;6.0;3
10600;BOT_MAKER;BOT_TAKER;HYDROGEL_PACK;XIRECS;9983.0;3
10800;BOT_TAKER;BOT_MAKER;VEV_5400;XIRECS;15.0;4
10800;BOT_TAKER;BOT_MAKER;VEV_5500;XIRECS;7.0;5
10800;BOT_MAKER;BOT_TAKER;VEV_6500;XIRECS;0.0;5
10900;BOT_MAKER;BOT_TAKER;VELVETFRUIT_EXTRACT;XIRECS;5278.0;4
11000;BOT_MAKER;BOT_TAKER;VELVETFRUIT_EXTRACT;XIRECS;5280.0;4
11100;BOT_MAKER;BOT_TAKER;VELVETFRUIT_EXTRACT;XIRECS;5279.0;8
11100;BOT_MAKER;BOT_TAKER;VEV_6500;XIRECS;0.0;3
11200;BOT_TAKER;BOT_MAKER;VELVETFRUIT_EXTRACT;XIRECS;5285.0;3
11200;BOT_TAKER;BOT_MAKER;VEV_4000;XIRECS;1273.0;2
11300;BOT_MAKER;BOT_TAKER;VEV_6000;XIRECS;0.0;3
11300;BOT_TAKER;SUBMISSION;VELVETFRUIT_EXTRACT;XIRECS;5285.0;5
11300;BOT_TAKER;BOT_MAKER;VELVETFRUIT_EXTRACT;XIRECS;5286.0;1
11400;BOT_TAKER;BOT_MAKER;HYDROGEL_PACK;XIRECS;10007.0;4
11500;BOT_TAKER;BOT_MAKER;VEV_6000;XIRECS;1.0;3
11600;BOT_TAKER;BOT_MAKER;VELVETFRUIT_EXTRACT;XIRECS;5284.0;5
11600;BOT_MAKER;BOT_TAKER;VEV_4000;XIRECS;1254.0;3
11600;BOT_TAKER;BOT_MAKER;VEV_5500;XIRECS;7.0;5
11600;BOT_MAKER;BOT_TAKER;VEV_6000;XIRECS;0.0;5
11800;BOT_TAKER;BOT_MAKER;VELVETFRUIT_EXTRACT;XIRECS;5284.0;6
11900;BOT_MAKER;BOT_TAKER;HYDROGEL_PACK;XIRECS;9994.0;5
12000;BOT_TAKER;BOT_MAKER;HYDROGEL_PACK;XIRECS;10007.0;3
12000;BOT_TAKER;BOT_MAKER;VELVETFRUIT_EXTRACT;XIRECS;5286.0;7
12000;BOT_MAKER;BOT_TAKER;VEV_5300;XIRECS;49.0;5
12200;BOT_TAKER;BOT_MAKER;VEV_5500;XIRECS;7.0;2
12200;BOT_TAKER;BOT_MAKER;VEV_6500;XIRECS;1.0;2
12300;BOT_MAKER;BOT_TAKER;VELVETFRUIT_EXTRACT;XIRECS;5280.0;5
12400;BOT_MAKER;BOT_TAKER;HYDROGEL_PACK;XIRECS;9990.0;2
12400;BOT_TAKER;BOT_MAKER;VELVETFRUIT_EXTRACT;XIRECS;5285.0;5
12400;BOT_TAKER;BOT_MAKER;VEV_6500;XIRECS;1.0;5
12500;BOT_MAKER;BOT_TAKER;HYDROGEL_PACK;XIRECS;9986.0;6
12500;BOT_TAKER;BOT_MAKER;VEV_4000;XIRECS;1273.0;3
12500;BOT_TAKER;BOT_MAKER;VEV_5400;XIRECS;17.0;5
12500;BOT_TAKER;SUBMISSION;VELVETFRUIT_EXTRACT;XIRECS;5281.0;5
12500;BOT_TAKER;BOT_MAKER;VELVETFRUIT_EXTRACT;XIRECS;5282.0;3
12700;BOT_MAKER;BOT_TAKER;HYDROGEL_PACK;XIRECS;9984.0;2
12700;BOT_MAKER;BOT_TAKER;HYDROGEL_PACK;XIRECS;9984.0;2
12700;BOT_TAKER;BOT_MAKER;VELVETFRUIT_EXTRACT;XIRECS;5282.0;3
12700;BOT_TAKER;BOT_MAKER;VEV_6000;XIRECS;1.0;2
12800;SUBMISSION;BOT_TAKER;VEV_4000;XIRECS;1254.0;2
12900;BOT_TAKER;BOT_MAKER;VEV_6500;XIRECS;1.0;4
12900;SUBMISSION;BOT_TAKER;HYDROGEL_PACK;XIRECS;9980.0;5
12900;BOT_MAKER;BOT_TAKER;HYDROGEL_PACK;XIRECS;9979.0;1
13000;BOT_TAKER;BOT_MAKER;VELVETFRUIT_EXTRACT;XIRECS;5280.0;8
13000;BOT_MAKER;BOT_TAKER;VELVETFRUIT_EXTRACT;XIRECS;5275.0;8
13000;BOT_TAKER;BOT_MAKER;VEV_5500;XIRECS;7.0;2
13000;SUBMISSION;BOT_TAKER;HYDROGEL_PACK;XIRECS;9978.0;4
13100;BOT_MAKER;BOT_TAKER;VEV_5500;XIRECS;6.0;2
13300;BOT_MAKER;BOT_TAKER;VELVETFRUIT_EXTRACT;XIRECS;5277.0;8
13300;BOT_TAKER;BOT_MAKER;VEV_5500;XIRECS;7.0;3
13300;BOT_TAKER;BOT_MAKER;VEV_6500;XIRECS;1.0;5
13500;BOT_TAKER;BOT_MAKER;VEV_6000;XIRECS;1.0;3
13800;BOT_TAKER;BOT_MAKER;VEV_5500;XIRECS;7.0;3
13800;SUBMISSION;BOT_TAKER;VELVETFRUIT_EXTRACT;XIRECS;5278.0;3
14200;BOT_TAKER;BOT_MAKER;VELVETFRUIT_EXTRACT;XIRECS;5281.0;3
14200;BOT_TAKER;BOT_MAKER;VEV_5400;XIRECS;17.0;5
14500;BOT_TAKER;BOT_MAKER;HYDROGEL_PACK;XIRECS;9983.0;5
14500;BOT_TAKER;BOT_MAKER;VELVETFRUIT_EXTRACT;XIRECS;5283.0;4
14500;BOT_MAKER;BOT_TAKER;VEV_4000;XIRECS;1259.0;1
14600;BOT_TAKER;BOT_MAKER;VELVETFRUIT_EXTRACT;XIRECS;5282.0;7
14600;BOT_MAKER;BOT_TAKER;VEV_5500;XIRECS;5.0;2
14700;BOT_MAKER;BOT_TAKER;VELVETFRUIT_EXTRACT;XIRECS;5278.0;5
14700;BOT_TAKER;BOT_MAKER;VEV_6500;XIRECS;1.0;5
14800;BOT_TAKER;BOT_MAKER;VELVETFRUIT_EXTRACT;XIRECS;5284.0;4
14800;SUBMISSION;BOT_TAKER;HYDROGEL_PACK;XIRECS;9963.0;4
14900;BOT_MAKER;BOT_TAKER;VEV_4000;XIRECS;1258.0;1
14900;BOT_MAKER;BOT_TAKER;VEV_5300;XIRECS;48.0;3
14900;BOT_TAKER;BOT_MAKER;VEV_5500;XIRECS;7.0;5
15000;BOT_MAKER;BOT_TAKER;VELVETFRUIT_EXTRACT;XIRECS;5280.0;4
15000;BOT_TAKER;BOT_MAKER;VEV_6000;XIRECS;1.0;3
15100;BOT_TAKER;BOT_MAKER;VEV_4000;XIRECS;1279.0;1
15200;BOT_TAKER;BOT_MAKER;VELVETFRUIT_EXTRACT;XIRECS;5285.0;3
15300;BOT_MAKER;BOT_TAKER;HYDROGEL_PACK;XIRECS;9962.0;5
15300;BOT_TAKER;BOT_MAKER;VELVETFRUIT_EXTRACT;XIRECS;5285.0;3
15400;BOT_MAKER;BOT_TAKER;VELVETFRUIT_EXTRACT;XIRECS;5279.0;6
15500;BOT_TAKER;BOT_MAKER;HYDROGEL_PACK;XIRECS;9983.0;2
15500;BOT_MAKER;BOT_TAKER;VEV_6000;XIRECS;0.0;5
15600;BOT_MAKER;BOT_TAKER;HYDROGEL_PACK;XIRECS;9962.0;2
15600;BOT_TAKER;BOT_MAKER;VELVETFRUIT_EXTRACT;XIRECS;5284.0;6
15600;BOT_MAKER;BOT_TAKER;VEV_6500;XIRECS;0.0;3
15700;BOT_TAKER;BOT_MAKER;HYDROGEL_PACK;XIRECS;9977.0;2
15900;BOT_MAKER;BOT_TAKER;VELVETFRUIT_EXTRACT;XIRECS;5278.0;15
16000;BOT_MAKER;BOT_TAKER;VEV_4000;XIRECS;1258.0;3
16100;BOT_TAKER;BOT_MAKER;VEV_6500;XIRECS;1.0;3
16200;BOT_TAKER;BOT_MAKER;HYDROGEL_PACK;XIRECS;9971.0;4
16200;BOT_TAKER;BOT_MAKER;VEV_6000;XIRECS;1.0;4
16300;BOT_MAKER;BOT_TAKER;VELVETFRUIT_EXTRACT;XIRECS;5277.0;6
16300;BOT_MAKER;BOT_TAKER;VELVETFRUIT_EXTRACT;XIRECS;5277.0;12
16400;BOT_MAKER;BOT_TAKER;VELVETFRUIT_EXTRACT;XIRECS;5276.0;8
16500;BOT_TAKER;BOT_MAKER;VELVETFRUIT_EXTRACT;XIRECS;5282.0;8
16500;BOT_TAKER;BOT_MAKER;VEV_4000;XIRECS;1279.0;3
16500;BOT_TAKER;BOT_MAKER;VEV_5500;XIRECS;6.0;3
16700;BOT_TAKER;BOT_MAKER;VELVETFRUIT_EXTRACT;XIRECS;5282.0;8
16700;BOT_TAKER;BOT_MAKER;VELVETFRUIT_EXTRACT;XIRECS;5282.0;3
16700;BOT_MAKER;BOT_TAKER;VEV_4000;XIRECS;1256.0;1
16800;BOT_MAKER;BOT_TAKER;VELVETFRUIT_EXTRACT;XIRECS;5280.0;5
17000;BOT_MAKER;BOT_TAKER;VELVETFRUIT_EXTRACT;XIRECS;5281.0;5
17000;BOT_MAKER;BOT_TAKER;VEV_5400;XIRECS;15.0;2
17100;BOT_MAKER;BOT_TAKER;HYDROGEL_PACK;XIRECS;9957.0;3
17200;BOT_MAKER;BOT_TAKER;HYDROGEL_PACK;XIRECS;9959.0;6
17200;BOT_TAKER;BOT_MAKER;VELVETFRUIT_EXTRACT;XIRECS;5286.0;6
17300;BOT_MAKER;BOT_TAKER;VELVETFRUIT_EXTRACT;XIRECS;5281.0;4
17300;BOT_TAKER;BOT_MAKER;VEV_4000;XIRECS;1278.0;3
17400;BOT_TAKER;BOT_MAKER;HYDROGEL_PACK;XIRECS;9975.0;3
17400;BOT_MAKER;BOT_TAKER;VEV_5200;XIRECS;112.0;5
17500;BOT_TAKER;BOT_MAKER;VELVETFRUIT_EXTRACT;XIRECS;5285.0;5
17600;BOT_MAKER;BOT_TAKER;VELVETFRUIT_EXTRACT;XIRECS;5280.0;8
17600;BOT_TAKER;BOT_MAKER;VEV_6500;XIRECS;1.0;2
17800;BOT_MAKER;BOT_TAKER;HYDROGEL_PACK;XIRECS;9961.0;2
17800;BOT_TAKER;BOT_MAKER;VEV_5500;XIRECS;6.0;4
17900;BOT_TAKER;BOT_MAKER;VELVETFRUIT_EXTRACT;XIRECS;5285.0;4
17900;BOT_TAKER;BOT_MAKER;VEV_5500;XIRECS;6.0;4
18100;BOT_MAKER;BOT_TAKER;VELVETFRUIT_EXTRACT;XIRECS;5279.0;8
18100;SUBMISSION;BOT_TAKER;VELVETFRUIT_EXTRACT;XIRECS;5280.0;5
18100;BOT_MAKER;BOT_TAKER;VELVETFRUIT_EXTRACT;XIRECS;5279.0;3
18200;BOT_TAKER;BOT_MAKER;VELVETFRUIT_EXTRACT;XIRECS;5284.0;3
18200;BOT_MAKER;BOT_TAKER;VEV_4000;XIRECS;1257.0;1
18300;BOT_TAKER;BOT_MAKER;VEV_4000;XIRECS;1276.0;1
18300;BOT_TAKER;BOT_MAKER;VEV_5500;XIRECS;7.0;2
18300;BOT_MAKER;BOT_TAKER;VEV_6500;XIRECS;0.0;2
18600;BOT_MAKER;BOT_TAKER;VELVETFRUIT_EXTRACT;XIRECS;5278.0;5
18600;SUBMISSION;BOT_TAKER;VELVETFRUIT_EXTRACT;XIRECS;5279.0;4
18700;BOT_TAKER;BOT_MAKER;HYDROGEL_PACK;XIRECS;9969.0;3
18700;BOT_TAKER;BOT_MAKER;VELVETFRUIT_EXTRACT;XIRECS;5283.0;3
18700;BOT_MAKER;BOT_TAKER;VEV_6000;XIRECS;0.0;5
18800;BOT_MAKER;BOT_TAKER;HYDROGEL_PACK;XIRECS;9954.0;3
18800;BOT_MAKER;BOT_TAKER;VEV_4000;XIRECS;1253.0;3
18800;BOT_MAKER;BOT_TAKER;VEV_5400;XIRECS;16.0;4
18900;BOT_MAKER;BOT_TAKER;VEV_4000;XIRECS;1253.0;2
18900;BOT_TAKER;SUBMISSION;HYDROGEL_PACK;XIRECS;9969.0;5
19000;BOT_TAKER;BOT_MAKER;HYDROGEL_PACK;XIRECS;9973.0;5
19000;BOT_TAKER;BOT_MAKER;VEV_6500;XIRECS;1.0;2
19200;BOT_MAKER;BOT_TAKER;HYDROGEL_PACK;XIRECS;9956.0;5
19200;BOT_TAKER;BOT_MAKER;VELVETFRUIT_EXTRACT;XIRECS;5283.0;9
19300;BOT_TAKER;BOT_MAKER;HYDROGEL_PACK;XIRECS;9976.0;4
19300;BOT_TAKER;SUBMISSION;VELVETFRUIT_EXTRACT;XIRECS;5280.0;3
19400;BOT_TAKER;BOT_MAKER;HYDROGEL_PACK;XIRECS;9977.0;4
19400;BOT_TAKER;SUBMISSION;VELVETFRUIT_EXTRACT;XIRECS;5282.0;5
19500;BOT_MAKER;BOT_TAKER;VELVETFRUIT_EXTRACT;XIRECS;5279.0;4
19500;BOT_TAKER;BOT_MAKER;VEV_6500;XIRECS;1.0;5
19600;BOT_TAKER;BOT_MAKER;VEV_5400;XIRECS;18.0;5
19600;BOT_TAKER;BOT_MAKER;VEV_6500;XIRECS;1.0;5
19700;BOT_TAKER;BOT_MAKER;VELVETFRUIT_EXTRACT;XIRECS;5283.0;4
19700;BOT_TAKER;BOT_MAKER;VEV_6500;XIRECS;1.0;3
19800;BOT_MAKER;BOT_TAKER;VELVETFRUIT_EXTRACT;XIRECS;5277.0;7
19800;BOT_MAKER;BOT_TAKER;VEV_4000;XIRECS;1251.0;3
19800;BOT_TAKER;BOT_MAKER;VEV_6000;XIRECS;1.0;5
19800;BOT_TAKER;SUBMISSION;HYDROGEL_PACK;XIRECS;9984.0;2
19800;BOT_TAKER;SUBMISSION;VELVETFRUIT_EXTRACT;XIRECS;5282.0;5
19800;BOT_TAKER;BOT_MAKER;VELVETFRUIT_EXTRACT;XIRECS;5283.0;2
20000;BOT_TAKER;BOT_MAKER;VELVETFRUIT_EXTRACT;XIRECS;5283.0;4
20000;BOT_MAKER;BOT_TAKER;VEV_4000;XIRECS;1250.0;1
20100;BOT_MAKER;BOT_TAKER;VELVETFRUIT_EXTRACT;XIRECS;5277.0;6
20100;BOT_TAKER;BOT_MAKER;VEV_6000;XIRECS;1.0;5
20200;BOT_MAKER;BOT_TAKER;VELVETFRUIT_EXTRACT;XIRECS;5277.0;3
20200;BOT_MAKER;BOT_TAKER;VEV_4000;XIRECS;1250.0;3
20300;SUBMISSION;BOT_TAKER;VELVETFRUIT_EXTRACT;XIRECS;5278.0;4
20400;BOT_MAKER;BOT_TAKER;VELVETFRUIT_EXTRACT;XIRECS;5278.0;8
20400;BOT_MAKER;BOT_TAKER;VEV_5500;XIRECS;6.0;3
20500;BOT_TAKER;BOT_MAKER;VELVETFRUIT_EXTRACT;XIRECS;5284.0;5
20700;BOT_TAKER;BOT_MAKER;HYDROGEL_PACK;XIRECS;9985.0;4
20900;BOT_TAKER;BOT_MAKER;HYDROGEL_PACK;XIRECS;9984.0;3
21000;BOT_TAKER;BOT_MAKER;HYDROGEL_PACK;XIRECS;9984.0;6
21000;BOT_MAKER;BOT_TAKER;VEV_4000;XIRECS;1254.0;1
21000;BOT_TAKER;BOT_MAKER;VEV_5300;XIRECS;51.0;3
21000;BOT_TAKER;BOT_MAKER;VEV_5500;XIRECS;7.0;4
21100;BOT_TAKER;BOT_MAKER;HYDROGEL_PACK;XIRECS;9987.0;3
21100;BOT_MAKER;BOT_TAKER;HYDROGEL_PACK;XIRECS;9971.0;5
21100;BOT_MAKER;BOT_TAKER;VELVETFRUIT_EXTRACT;XIRECS;5277.0;3
21100;BOT_MAKER;BOT_TAKER;VEV_6000;XIRECS;0.0;5
21200;BOT_TAKER;BOT_MAKER;HYDROGEL_PACK;XIRECS;9986.0;6
21200;BOT_TAKER;BOT_MAKER;VEV_4000;XIRECS;1276.0;2
21200;BOT_MAKER;BOT_TAKER;VEV_5500;XIRECS;6.0;3
21300;BOT_MAKER;BOT_TAKER;VEV_6000;XIRECS;0.0;2
21400;BOT_MAKER;BOT_TAKER;VELVETFRUIT_EXTRACT;XIRECS;5274.0;8
21400;BOT_MAKER;BOT_TAKER;VEV_6000;XIRECS;0.0;3
21500;BOT_TAKER;BOT_MAKER;VEV_4000;XIRECS;1277.0;2
21500;BOT_TAKER;BOT_MAKER;VEV_5500;XIRECS;7.0;4
21500;BOT_MAKER;BOT_TAKER;VEV_6000;XIRECS;0.0;5
21500;SUBMISSION;BOT_TAKER;VELVETFRUIT_EXTRACT;XIRECS;5276.0;4
21700;BOT_MAKER;BOT_TAKER;VELVETFRUIT_EXTRACT;XIRECS;5277.0;8
21700;BOT_TAKER;BOT_MAKER;VELVETFRUIT_EXTRACT;XIRECS;5281.0;7
21800;BOT_MAKER;BOT_TAKER;VEV_6000;XIRECS;0.0;4
21900;BOT_TAKER;BOT_MAKER;HYDROGEL_PACK;XIRECS;9982.0;3
21900;BOT_TAKER;BOT_MAKER;VELVETFRUIT_EXTRACT;XIRECS;5283.0;3
21900;BOT_MAKER;BOT_TAKER;VEV_4000;XIRECS;1257.0;2
21900;SUBMISSION;BOT_TAKER;HYDROGEL_PACK;XIRECS;9967.0;3
22000;BOT_TAKER;BOT_MAKER;HYDROGEL_PACK;XIRECS;9981.0;6
22100;BOT_TAKER;BOT_MAKER;VELVETFRUIT_EXTRACT;XIRECS;5286.0;4
22200;BOT_MAKER;BOT_TAKER;VEV_6000;XIRECS;0.0;3
22300;BOT_TAKER;SUBMISSION;VELVETFRUIT_EXTRACT;XIRECS;5283.0;4
22400;BOT_MAKER;BOT_TAKER;HYDROGEL_PACK;XIRECS;9962.0;5
22400;BOT_TAKER;BOT_MAKER;VEV_6000;XIRECS;1.0;4
22500;BOT_TAKER;BOT_MAKER;VELVETFRUIT_EXTRACT;XIRECS;5282.0;5
22600;BOT_MAKER;BOT_TAKER;HYDROGEL_PACK;XIRECS;9963.0;5
22600;BOT_TAKER;SUBMISSION;VELVETFRUIT_EXTRACT;XIRECS;5282.0;3
22700;BOT_MAKER;BOT_TAKER;HYDROGEL_PACK;XIRECS;9961.0;6
22700;BOT_MAKER;BOT_TAKER;VELVETFRUIT_EXTRACT;XIRECS;5277.0;6
22800;BOT_TAKER;BOT_MAKER;VEV_6000;XIRECS;1.0;5
22800;BOT_TAKER;BOT_MAKER;VEV_6500;XIRECS;1.0;5
22900;BOT_TAKER;BOT_MAKER;HYDROGEL_PACK;XIRECS;9973.0;2
22900;BOT_TAKER;BOT_MAKER;VELVETFRUIT_EXTRACT;XIRECS;5285.0;5
22900;BOT_TAKER;BOT_MAKER;VEV_5400;XIRECS;19.0;2
23000;BOT_TAKER;BOT_MAKER;VELVETFRUIT_EXTRACT;XIRECS;5286.0;7
23000;BOT_TAKER;BOT_MAKER;VEV_6000;XIRECS;1.0;5
23000;SUBMISSION;BOT_TAKER;VELVETFRUIT_EXTRACT;XIRECS;5282.0;5
23000;BOT_MAKER;BOT_TAKER;VELVETFRUIT_EXTRACT;XIRECS;5281.0;9
23100;BOT_MAKER;BOT_TAKER;VELVETFRUIT_EXTRACT;XIRECS;5280.0;4
23200;BOT_MAKER;BOT_TAKER;HYDROGEL_PACK;XIRECS;9961.0;4
23200;BOT_MAKER;BOT_TAKER;VELVETFRUIT_EXTRACT;XIRECS;5279.0;5
23200;BOT_MAKER;BOT_TAKER;VEV_5400;XIRECS;18.0;5
23200;BOT_TAKER;BOT_MAKER;VEV_6500;XIRECS;1.0;3
23300;BOT_MAKER;BOT_TAKER;HYDROGEL_PACK;XIRECS;9961.0;2
23400;BOT_MAKER;BOT_TAKER;VELVETFRUIT_EXTRACT;XIRECS;5277.0;6
23400;BOT_TAKER;BOT_MAKER;VELVETFRUIT_EXTRACT;XIRECS;5282.0;5
23400;SUBMISSION;BOT_TAKER;HYDROGEL_PACK;XIRECS;9963.0;3
23500;BOT_MAKER;BOT_TAKER;HYDROGEL_PACK;XIRECS;9960.0;6
23500;BOT_TAKER;BOT_MAKER;VEV_5500;XIRECS;7.0;3
23500;BOT_TAKER;BOT_MAKER;VEV_6000;XIRECS;1.0;4
23800;BOT_TAKER;BOT_MAKER;VEV_5500;XIRECS;7.0;3
23900;BOT_MAKER;BOT_TAKER;VEV_5400;XIRECS;18.0;2
24000;BOT_TAKER;BOT_MAKER;VELVETFRUIT_EXTRACT;XIRECS;5281.0;6
24000;BOT_TAKER;BOT_MAKER;VEV_5500;XIRECS;7.0;4
24100;BOT_TAKER;SUBMISSION;VELVETFRUIT_EXTRACT;XIRECS;5279.0;5
24200;BOT_TAKER;BOT_MAKER;HYDROGEL_PACK;XIRECS;9979.0;3
24200;BOT_MAKER;BOT_TAKER;VEV_6000;XIRECS;0.0;4
24300;BOT_TAKER;BOT_MAKER;HYDROGEL_PACK;XIRECS;9982.0;6
24300;BOT_TAKER;BOT_MAKER;VELVETFRUIT_EXTRACT;XIRECS;5278.0;4
24300;BOT_MAKER;BOT_TAKER;VEV_4000;XIRECS;1256.0;3
24300;BOT_MAKER;BOT_TAKER;VEV_5400;XIRECS;18.0;3
24300;BOT_MAKER;BOT_TAKER;VEV_5500;XIRECS;6.0;3
24500;SUBMISSION;BOT_TAKER;VELVETFRUIT_EXTRACT;XIRECS;5273.0;4
24700;BOT_MAKER;BOT_TAKER;VELVETFRUIT_EXTRACT;XIRECS;5271.0;7
24700;BOT_MAKER;BOT_TAKER;VEV_6000;XIRECS;0.0;4
24800;BOT_TAKER;BOT_MAKER;HYDROGEL_PACK;XIRECS;9985.0;4
25100;BOT_MAKER;BOT_TAKER;VELVETFRUIT_EXTRACT;XIRECS;5270.0;10
25200;BOT_TAKER;BOT_MAKER;HYDROGEL_PACK;XIRECS;9984.0;4
25200;BOT_MAKER;BOT_TAKER;VEV_5300;XIRECS;50.0;2
25300;BOT_TAKER;BOT_MAKER;VELVETFRUIT_EXTRACT;XIRECS;5277.0;5
25300;BOT_TAKER;BOT_MAKER;VEV_5500;XIRECS;7.0;3
25400;SUBMISSION;BOT_TAKER;HYDROGEL_PACK;XIRECS;9968.0;2
25500;BOT_MAKER;BOT_TAKER;VELVETFRUIT_EXTRACT;XIRECS;5274.0;4
25500;BOT_MAKER;BOT_TAKER;VEV_6500;XIRECS;0.0;4
25600;BOT_TAKER;BOT_MAKER;HYDROGEL_PACK;XIRECS;9980.0;4
25600;BOT_MAKER;BOT_TAKER;VELVETFRUIT_EXTRACT;XIRECS;5274.0;7
25800;BOT_MAKER;BOT_TAKER;VELVETFRUIT_EXTRACT;XIRECS;5273.0;9
25800;BOT_TAKER;BOT_MAKER;VEV_5500;XIRECS;6.0;3
25900;BOT_TAKER;BOT_MAKER;VELVETFRUIT_EXTRACT;XIRECS;5278.0;10
26100;BOT_MAKER;BOT_TAKER;VELVETFRUIT_EXTRACT;XIRECS;5273.0;4
26200;BOT_MAKER;BOT_TAKER;VELVETFRUIT_EXTRACT;XIRECS;5274.0;13
26200;BOT_TAKER;SUBMISSION;VEV_4000;XIRECS;1277.0;2
26300;BOT_TAKER;BOT_MAKER;HYDROGEL_PACK;XIRECS;9983.0;4
26300;BOT_TAKER;BOT_MAKER;VELVETFRUIT_EXTRACT;XIRECS;5280.0;5
26500;BOT_TAKER;BOT_MAKER;VELVETFRUIT_EXTRACT;XIRECS;5282.0;8
26600;BOT_TAKER;BOT_MAKER;VELVETFRUIT_EXTRACT;XIRECS;5281.0;7
26600;BOT_TAKER;BOT_MAKER;VELVETFRUIT_EXTRACT;XIRECS;5281.0;7
26800;BOT_MAKER;BOT_TAKER;HYDROGEL_PACK;XIRECS;9971.0;3
26800;BOT_MAKER;BOT_TAKER;VEV_5500;XIRECS;5.0;5
26900;BOT_MAKER;BOT_TAKER;VELVETFRUIT_EXTRACT;XIRECS;5274.0;6
27000;BOT_MAKER;BOT_TAKER;HYDROGEL_PACK;XIRECS;9973.0;2
27000;BOT_TAKER;BOT_MAKER;VELVETFRUIT_EXTRACT;XIRECS;5280.0;8
27000;BOT_TAKER;BOT_MAKER;VEV_4000;XIRECS;1277.0;1
27000;BOT_MAKER;BOT_TAKER;VEV_6000;XIRECS;0.0;5
27000;BOT_TAKER;SUBMISSION;HYDROGEL_PACK;XIRECS;9988.0;2
27200;BOT_TAKER;SUBMISSION;HYDROGEL_PACK;XIRECS;9988.0;3
27300;BOT_TAKER;BOT_MAKER;HYDROGEL_PACK;XIRECS;9992.0;6
27400;BOT_MAKER;BOT_TAKER;VEV_5400;XIRECS;19.0;5
27400;SUBMISSION;BOT_TAKER;HYDROGEL_PACK;XIRECS;9979.0;2
27800;BOT_MAKER;BOT_TAKER;VELVETFRUIT_EXTRACT;XIRECS;5274.0;11
27900;BOT_MAKER;BOT_TAKER;VEV_4000;XIRECS;1262.0;3
27900;SUBMISSION;BOT_TAKER;VEV_4000;XIRECS;1263.0;1
28000;BOT_MAKER;BOT_TAKER;VELVETFRUIT_EXTRACT;XIRECS;5275.0;3
28000;BOT_TAKER;SUBMISSION;HYDROGEL_PACK;XIRECS;9994.0;5
28000;BOT_TAKER;BOT_MAKER;HYDROGEL_PACK;XIRECS;9995.0;1
28100;BOT_TAKER;BOT_MAKER;HYDROGEL_PACK;XIRECS;9996.0;6
28200;BOT_MAKER;BOT_TAKER;HYDROGEL_PACK;XIRECS;9980.0;4
28200;BOT_TAKER;BOT_MAKER;VELVETFRUIT_EXTRACT;XIRECS;5279.0;5
28200;BOT_TAKER;SUBMISSION;VELVETFRUIT_EXTRACT;XIRECS;5278.0;3
28300;BOT_TAKER;BOT_MAKER;VELVETFRUIT_EXTRACT;XIRECS;5279.0;5
28300;BOT_MAKER;BOT_TAKER;VEV_4000;XIRECS;1263.0;3
28500;BOT_TAKER;BOT_MAKER;HYDROGEL_PACK;XIRECS;9991.0;2
28600;BOT_MAKER;BOT_TAKER;HYDROGEL_PACK;XIRECS;9978.0;2
28700;BOT_MAKER;BOT_TAKER;VELVETFRUIT_EXTRACT;XIRECS;5274.0;5
28800;BOT_TAKER;BOT_MAKER;HYDROGEL_PACK;XIRECS;9996.0;6
28800;BOT_MAKER;BOT_TAKER;VELVETFRUIT_EXTRACT;XIRECS;5274.0;4
28800;BOT_MAKER;BOT_TAKER;VEV_5400;XIRECS;19.0;4
28900;BOT_TAKER;BOT_MAKER;VEV_4000;XIRECS;1282.0;2
28900;BOT_TAKER;BOT_MAKER;VEV_6000;XIRECS;1.0;4
29000;BOT_MAKER;BOT_TAKER;VELVETFRUIT_EXTRACT;XIRECS;5273.0;8
29100;BOT_TAKER;BOT_MAKER;HYDROGEL_PACK;XIRECS;9995.0;5
29200;BOT_TAKER;BOT_MAKER;HYDROGEL_PACK;XIRECS;9993.0;6
29200;BOT_TAKER;BOT_MAKER;VELVETFRUIT_EXTRACT;XIRECS;5278.0;5
29300;BOT_TAKER;BOT_MAKER;VEV_4000;XIRECS;1285.0;1
29300;SUBMISSION;BOT_TAKER;HYDROGEL_PACK;XIRECS;9979.0;4
29400;BOT_MAKER;BOT_TAKER;HYDROGEL_PACK;XIRECS;9979.0;6
29500;BOT_TAKER;BOT_MAKER;VELVETFRUIT_EXTRACT;XIRECS;5279.0;7
29600;BOT_TAKER;BOT_MAKER;HYDROGEL_PACK;XIRECS;9989.0;6
29600;BOT_TAKER;BOT_MAKER;VEV_6500;XIRECS;1.0;4
29700;BOT_TAKER;BOT_MAKER;VELVETFRUIT_EXTRACT;XIRECS;5281.0;6
29800;BOT_TAKER;BOT_MAKER;HYDROGEL_PACK;XIRECS;9989.0;6
29800;BOT_MAKER;BOT_TAKER;VELVETFRUIT_EXTRACT;XIRECS;5276.0;6
29800;SUBMISSION;BOT_TAKER;HYDROGEL_PACK;XIRECS;9974.0;5
29800;BOT_MAKER;BOT_TAKER;HYDROGEL_PACK;XIRECS;9973.0;1
29900;BOT_MAKER;BOT_TAKER;VELVETFRUIT_EXTRACT;XIRECS;5276.0;3
29900;BOT_MAKER;BOT_TAKER;VEV_6500;XIRECS;0.0;5
30000;BOT_MAKER;BOT_TAKER;HYDROGEL_PACK;XIRECS;9973.0;6
30100;BOT_TAKER;BOT_MAKER;VEV_5500;XIRECS;6.0;4
30100;BOT_TAKER;SUBMISSION;VEV_4000;XIRECS;1287.0;3
30200;BOT_MAKER;BOT_TAKER;VELVETFRUIT_EXTRACT;XIRECS;5279.0;8
30200;BOT_MAKER;BOT_TAKER;VEV_4000;XIRECS;1265.0;2
30300;BOT_TAKER;BOT_MAKER;HYDROGEL_PACK;XIRECS;9988.0;3
30300;BOT_TAKER;BOT_MAKER;VEV_6000;XIRECS;1.0;5
30500;BOT_TAKER;BOT_MAKER;HYDROGEL_PACK;XIRECS;9987.0;4
30500;SUBMISSION;BOT_TAKER;HYDROGEL_PACK;XIRECS;9972.0;3
30600;BOT_TAKER;BOT_MAKER;HYDROGEL_PACK;XIRECS;9985.0;6
30600;BOT_TAKER;BOT_MAKER;VELVETFRUIT_EXTRACT;XIRECS;5282.0;3
30600;SUBMISSION;BOT_TAKER;HYDROGEL_PACK;XIRECS;9970.0;5
30700;BOT_MAKER;BOT_TAKER;VEV_6000;XIRECS;0.0;4
30800;BOT_TAKER;BOT_MAKER;HYDROGEL_PACK;XIRECS;9987.0;4
30900;BOT_MAKER;BOT_TAKER;VELVETFRUIT_EXTRACT;XIRECS;5275.0;7
31000;BOT_MAKER;BOT_TAKER;VELVETFRUIT_EXTRACT;XIRECS;5276.0;4
31000;BOT_TAKER;BOT_MAKER;VEV_5400;XIRECS;19.0;2
31000;BOT_TAKER;SUBMISSION;HYDROGEL_PACK;XIRECS;9989.0;5
31100;BOT_TAKER;BOT_MAKER;VEV_6500;XIRECS;1.0;2
31200;BOT_TAKER;BOT_MAKER;HYDROGEL_PACK;XIRECS;9996.0;6
31300;BOT_MAKER;BOT_TAKER;HYDROGEL_PACK;XIRECS;9979.0;3
31300;BOT_TAKER;BOT_MAKER;VEV_4000;XIRECS;1289.0;3
31400;BOT_MAKER;BOT_TAKER;VELVETFRUIT_EXTRACT;XIRECS;5278.0;3
31400;BOT_TAKER;BOT_MAKER;VEV_6500;XIRECS;1.0;4
31400;SUBMISSION;BOT_TAKER;VELVETFRUIT_EXTRACT;XIRECS;5279.0;4
31700;BOT_MAKER;BOT_TAKER;HYDROGEL_PACK;XIRECS;9979.0;5
31700;BOT_TAKER;BOT_MAKER;VEV_5500;XIRECS;7.0;3
32000;BOT_TAKER;BOT_MAKER;VELVETFRUIT_EXTRACT;XIRECS;5282.0;8
32000;BOT_TAKER;BOT_MAKER;VEV_5400;XIRECS;20.0;4
32000;SUBMISSION;BOT_TAKER;VEV_4000;XIRECS;1276.0;1
32200;BOT_TAKER;BOT_MAKER;HYDROGEL_PACK;XIRECS;9991.0;4
32200;BOT_MAKER;BOT_TAKER;VEV_5300;XIRECS;57.0;5
32300;BOT_MAKER;BOT_TAKER;HYDROGEL_PACK;XIRECS;9977.0;6
32300;BOT_TAKER;BOT_MAKER;VELVETFRUIT_EXTRACT;XIRECS;5282.0;10
32300;BOT_TAKER;BOT_MAKER;VEV_5300;XIRECS;59.0;3
32300;SUBMISSION;BOT_TAKER;HYDROGEL_PACK;XIRECS;9978.0;2
32400;BOT_TAKER;BOT_MAKER;HYDROGEL_PACK;XIRECS;9991.0;5
32600;BOT_MAKER;BOT_TAKER;HYDROGEL_PACK;XIRECS;9977.0;6
32600;BOT_MAKER;BOT_TAKER;VELVETFRUIT_EXTRACT;XIRECS;5280.0;8
32700;BOT_MAKER;BOT_TAKER;VELVETFRUIT_EXTRACT;XIRECS;5280.0;4
32900;BOT_TAKER;BOT_MAKER;VELVETFRUIT_EXTRACT;XIRECS;5283.0;5
32900;BOT_MAKER;BOT_TAKER;VEV_5300;XIRECS;55.0;5
33000;BOT_MAKER;BOT_TAKER;HYDROGEL_PACK;XIRECS;9970.0;3
33000;BOT_TAKER;BOT_MAKER;VELVETFRUIT_EXTRACT;XIRECS;5281.0;8
33000;BOT_MAKER;BOT_TAKER;VEV_6500;XIRECS;0.0;3
33100;BOT_TAKER;BOT_MAKER;HYDROGEL_PACK;XIRECS;9992.0;6
33200;BOT_MAKER;BOT_TAKER;VEV_4000;XIRECS;1272.0;3
33200;SUBMISSION;BOT_TAKER;HYDROGEL_PACK;XIRECS;9978.0;5
33300;BOT_TAKER;BOT_MAKER;VELVETFRUIT_EXTRACT;XIRECS;5281.0;4
33400;BOT_TAKER;BOT_MAKER;HYDROGEL_PACK;XIRECS;9994.0;2
33400;BOT_TAKER;BOT_MAKER;VELVETFRUIT_EXTRACT;XIRECS;5281.0;4
33400;BOT_MAKER;BOT_TAKER;VEV_5400;XIRECS;20.0;3
33500;BOT_MAKER;BOT_TAKER;VELVETFRUIT_EXTRACT;XIRECS;5274.0;3
33500;BOT_MAKER;BOT_TAKER;VEV_4000;XIRECS;1272.0;1
33600;BOT_TAKER;BOT_MAKER;VELVETFRUIT_EXTRACT;XIRECS;5279.0;7
33600;SUBMISSION;BOT_TAKER;VEV_4000;XIRECS;1272.0;3
33700;BOT_TAKER;BOT_MAKER;VELVETFRUIT_EXTRACT;XIRECS;5280.0;9
33700;BOT_MAKER;BOT_TAKER;VEV_5500;XIRECS;6.0;3
33800;BOT_TAKER;BOT_MAKER;VELVETFRUIT_EXTRACT;XIRECS;5279.0;8
33800;BOT_TAKER;BOT_MAKER;VEV_4000;XIRECS;1289.0;3
33800;BOT_MAKER;BOT_TAKER;VEV_6500;XIRECS;0.0;4
34000;BOT_TAKER;BOT_MAKER;VEV_4000;XIRECS;1290.0;3
34100;BOT_MAKER;BOT_TAKER;VEV_5400;XIRECS;20.0;5
34200;BOT_TAKER;BOT_MAKER;VEV_6000;XIRECS;1.0;4
34300;BOT_TAKER;BOT_MAKER;HYDROGEL_PACK;XIRECS;10004.0;5
34400;BOT_MAKER;BOT_TAKER;HYDROGEL_PACK;XIRECS;9988.0;5
34400;BOT_MAKER;BOT_TAKER;VELVETFRUIT_EXTRACT;XIRECS;5278.0;3
34500;BOT_TAKER;BOT_MAKER;HYDROGEL_PACK;XIRECS;10008.0;4
34500;BOT_MAKER;BOT_TAKER;VEV_5400;XIRECS;21.0;2
34600;BOT_MAKER;BOT_TAKER;HYDROGEL_PACK;XIRECS;9992.0;2
34600;BOT_TAKER;BOT_MAKER;VEV_5400;XIRECS;22.0;5
34700;BOT_TAKER;BOT_MAKER;VELVETFRUIT_EXTRACT;XIRECS;5284.0;6
34700;BOT_MAKER;BOT_TAKER;VEV_5400;XIRECS;21.0;5
34800;BOT_TAKER;BOT_MAKER;HYDROGEL_PACK;XIRECS;10011.0;5
34800;BOT_TAKER;BOT_MAKER;VELVETFRUIT_EXTRACT;XIRECS;5283.0;15
34800;BOT_MAKER;BOT_TAKER;VEV_6000;XIRECS;0.0;2
35000;BOT_TAKER;BOT_MAKER;VELVETFRUIT_EXTRACT;XIRECS;5281.0;4
35100;BOT_MAKER;BOT_TAKER;HYDROGEL_PACK;XIRECS;9997.0;2
35100;BOT_MAKER;BOT_TAKER;VELVETFRUIT_EXTRACT;XIRECS;5275.0;8
35200;BOT_MAKER;BOT_TAKER;VEV_5500;XIRECS;6.0;3
35400;BOT_MAKER;BOT_TAKER;HYDROGEL_PACK;XIRECS;9997.0;2
35400;BOT_MAKER;BOT_TAKER;VEV_4000;XIRECS;1271.0;1
35500;BOT_MAKER;BOT_TAKER;VELVETFRUIT_EXTRACT;XIRECS;5275.0;3
35600;BOT_MAKER;BOT_TAKER;HYDROGEL_PACK;XIRECS;9998.0;5
35800;BOT_MAKER;BOT_TAKER;VEV_4000;XIRECS;1272.0;2
35900;BOT_MAKER;BOT_TAKER;VELVETFRUIT_EXTRACT;XIRECS;5277.0;3
35900;BOT_TAKER;SUBMISSION;HYDROGEL_PACK;XIRECS;10005.0;4
36000;BOT_MAKER;BOT_TAKER;VEV_6500;XIRECS;0.0;4
36100;BOT_MAKER;BOT_TAKER;VELVETFRUIT_EXTRACT;XIRECS;5278.0;7
36100;BOT_TAKER;BOT_MAKER;VEV_4000;XIRECS;1294.0;2
36100;BOT_TAKER;BOT_MAKER;VEV_5400;XIRECS;23.0;4
36200;BOT_TAKER;BOT_MAKER;HYDROGEL_PACK;XIRECS;10005.0;5
36200;BOT_TAKER;BOT_MAKER;VELVETFRUIT_EXTRACT;XIRECS;5282.0;15
36300;BOT_MAKER;BOT_TAKER;HYDROGEL_PACK;XIRECS;9992.0;3
36300;BOT_MAKER;BOT_TAKER;VEV_6000;XIRECS;0.0;2
36300;BOT_MAKER;BOT_TAKER;VEV_6500;XIRECS;0.0;3
36400;BOT_MAKER;BOT_TAKER;VELVETFRUIT_EXTRACT;XIRECS;5277.0;6
36400;BOT_TAKER;BOT_MAKER;VEV_4000;XIRECS;1294.0;1
36500;BOT_MAKER;BOT_TAKER;VELVETFRUIT_EXTRACT;XIRECS;5276.0;5
36500;BOT_MAKER;BOT_TAKER;VEV_4000;XIRECS;1272.0;3
36600;BOT_TAKER;BOT_MAKER;HYDROGEL_PACK;XIRECS;10012.0;4
36600;BOT_MAKER;BOT_TAKER;VELVETFRUIT_EXTRACT;XIRECS;5275.0;6
36600;BOT_MAKER;BOT_TAKER;VEV_6000;XIRECS;0.0;4
36600;BOT_TAKER;SUBMISSION;HYDROGEL_PACK;XIRECS;10011.0;2
36700;BOT_MAKER;BOT_TAKER;HYDROGEL_PACK;XIRECS;9998.0;4
36800;BOT_TAKER;BOT_MAKER;VELVETFRUIT_EXTRACT;XIRECS;5282.0;8
36800;SUBMISSION;BOT_TAKER;VELVETFRUIT_EXTRACT;XIRECS;5277.0;5
36800;BOT_MAKER;BOT_TAKER;VELVETFRUIT_EXTRACT;XIRECS;5276.0;2
36900;BOT_MAKER;BOT_TAKER;VELVETFRUIT_EXTRACT;XIRECS;5277.0;7
36900;BOT_TAKER;BOT_MAKER;VEV_6500;XIRECS;1.0;2
37000;BOT_MAKER;BOT_TAKER;VEV_6000;XIRECS;0.0;2
37100;BOT_TAKER;BOT_MAKER;VEV_6000;XIRECS;1.0;5
37200;BOT_MAKER;BOT_TAKER;VEV_5300;XIRECS;59.0;3
37400;BOT_TAKER;BOT_MAKER;HYDROGEL_PACK;XIRECS;10009.0;3
37400;BOT_MAKER;BOT_TAKER;VEV_5500;XIRECS;6.0;5
37500;BOT_MAKER;BOT_TAKER;VELVETFRUIT_EXTRACT;XIRECS;5279.0;7
37600;BOT_TAKER;BOT_MAKER;HYDROGEL_PACK;XIRECS;10010.0;2
37600;BOT_MAKER;BOT_TAKER;VELVETFRUIT_EXTRACT;XIRECS;5280.0;8
37600;BOT_MAKER;BOT_TAKER;VEV_6500;XIRECS;0.0;5
37700;BOT_MAKER;BOT_TAKER;VELVETFRUIT_EXTRACT;XIRECS;5282.0;7
37700;BOT_TAKER;BOT_MAKER;VEV_5400;XIRECS;24.0;5
37800;BOT_TAKER;BOT_MAKER;VELVETFRUIT_EXTRACT;XIRECS;5285.0;8
37800;BOT_TAKER;BOT_MAKER;VEV_6500;XIRECS;1.0;4
38000;BOT_MAKER;BOT_TAKER;VEV_4000;XIRECS;1271.0;2
38100;BOT_TAKER;BOT_MAKER;HYDROGEL_PACK;XIRECS;10002.0;6
38100;BOT_TAKER;BOT_MAKER;VEV_6000;XIRECS;1.0;3
38100;BOT_TAKER;BOT_MAKER;VEV_6000;XIRECS;1.0;5
38200;BOT_MAKER;BOT_TAKER;VELVETFRUIT_EXTRACT;XIRECS;5279.0;4
38300;BOT_TAKER;BOT_MAKER;VELVETFRUIT_EXTRACT;XIRECS;5283.0;6
38400;BOT_TAKER;BOT_MAKER;VEV_6000;XIRECS;1.0;5
38500;BOT_TAKER;BOT_MAKER;VELVETFRUIT_EXTRACT;XIRECS;5283.0;4
38700;BOT_TAKER;BOT_MAKER;VEV_6000;XIRECS;1.0;5
38800;BOT_MAKER;BOT_TAKER;VELVETFRUIT_EXTRACT;XIRECS;5275.0;3
38800;SUBMISSION;BOT_TAKER;VELVETFRUIT_EXTRACT;XIRECS;5276.0;5
38800;BOT_MAKER;BOT_TAKER;VELVETFRUIT_EXTRACT;XIRECS;5275.0;1
38900;BOT_TAKER;BOT_MAKER;VELVETFRUIT_EXTRACT;XIRECS;5278.0;12
38900;BOT_TAKER;BOT_MAKER;VEV_5500;XIRECS;6.0;4
38900;BOT_TAKER;BOT_MAKER;VEV_6000;XIRECS;1.0;2
39000;BOT_MAKER;BOT_TAKER;HYDROGEL_PACK;XIRECS;9990.0;6
39000;BOT_MAKER;BOT_TAKER;VELVETFRUIT_EXTRACT;XIRECS;5272.0;6
39000;BOT_TAKER;BOT_MAKER;VEV_6000;XIRECS;1.0;5
39100;BOT_TAKER;BOT_MAKER;VEV_5300;XIRECS;64.0;4
39300;BOT_MAKER;BOT_TAKER;HYDROGEL_PACK;XIRECS;9984.0;2
39300;BOT_TAKER;BOT_MAKER;VEV_5400;XIRECS;22.0;4
39400;BOT_MAKER;BOT_TAKER;VELVETFRUIT_EXTRACT;XIRECS;5274.0;8
39500;BOT_TAKER;BOT_MAKER;VELVETFRUIT_EXTRACT;XIRECS;5280.0;8
39500;BOT_TAKER;BOT_MAKER;VEV_6500;XIRECS;1.0;2
39600;BOT_MAKER;BOT_TAKER;VELVETFRUIT_EXTRACT;XIRECS;5274.0;4
39600;SUBMISSION;BOT_TAKER;VELVETFRUIT_EXTRACT;XIRECS;5275.0;5
39600;BOT_MAKER;BOT_TAKER;VELVETFRUIT_EXTRACT;XIRECS;5274.0;2
39700;BOT_TAKER;BOT_MAKER;VELVETFRUIT_EXTRACT;XIRECS;5279.0;7
39800;BOT_TAKER;BOT_MAKER;VELVETFRUIT_EXTRACT;XIRECS;5278.0;8
39900;BOT_TAKER;BOT_MAKER;VELVETFRUIT_EXTRACT;XIRECS;5279.0;6
39900;BOT_TAKER;BOT_MAKER;VEV_4000;XIRECS;1297.0;3
40000;BOT_MAKER;BOT_TAKER;VELVETFRUIT_EXTRACT;XIRECS;5272.0;8
40000;BOT_MAKER;BOT_TAKER;VEV_5400;XIRECS;21.0;5
40000;BOT_MAKER;BOT_TAKER;VEV_6500;XIRECS;0.0;3
40100;BOT_MAKER;BOT_TAKER;VEV_5500;XIRECS;5.0;5
40300;BOT_TAKER;BOT_MAKER;VELVETFRUIT_EXTRACT;XIRECS;5278.0;5
40400;BOT_MAKER;BOT_TAKER;HYDROGEL_PACK;XIRECS;9983.0;5
40400;BOT_TAKER;BOT_MAKER;VEV_4000;XIRECS;1297.0;1
40400;BOT_MAKER;BOT_TAKER;VEV_6000;XIRECS;0.0;2
40600;BOT_MAKER;BOT_TAKER;VEV_5400;XIRECS;21.0;5
40700;BOT_MAKER;BOT_TAKER;VEV_6000;XIRECS;0.0;3
40800;BOT_MAKER;BOT_TAKER;HYDROGEL_PACK;XIRECS;9976.0;3
41000;BOT_TAKER;SUBMISSION;VELVETFRUIT_EXTRACT;XIRECS;5273.0;5
41000;BOT_TAKER;BOT_MAKER;VELVETFRUIT_EXTRACT;XIRECS;5274.0;1
41100;BOT_TAKER;BOT_MAKER;VEV_4000;XIRECS;1299.0;3
41200;BOT_MAKER;BOT_TAKER;VEV_5300;XIRECS;65.0;4
41300;BOT_TAKER;BOT_MAKER;VELVETFRUIT_EXTRACT;XIRECS;5275.0;8
41300;BOT_TAKER;SUBMISSION;HYDROGEL_PACK;XIRECS;9990.0;3
41400;BOT_TAKER;BOT_MAKER;HYDROGEL_PACK;XIRECS;9990.0;4
41600;BOT_TAKER;BOT_MAKER;HYDROGEL_PACK;XIRECS;9992.0;3
41600;BOT_MAKER;BOT_TAKER;VEV_4000;XIRECS;1278.0;2
41700;SUBMISSION;BOT_TAKER;VELVETFRUIT_EXTRACT;XIRECS;5274.0;5
41700;BOT_MAKER;BOT_TAKER;VELVETFRUIT_EXTRACT;XIRECS;5273.0;1
41800;BOT_TAKER;BOT_MAKER;VELVETFRUIT_EXTRACT;XIRECS;5279.0;6
41800;BOT_MAKER;BOT_TAKER;VEV_5500;XIRECS;5.0;2
41800;BOT_TAKER;BOT_MAKER;VEV_6000;XIRECS;1.0;5
41900;BOT_MAKER;BOT_TAKER;VELVETFRUIT_EXTRACT;XIRECS;5274.0;6
41900;BOT_TAKER;BOT_MAKER;VELVETFRUIT_EXTRACT;XIRECS;5280.0;7
42100;BOT_TAKER;BOT_MAKER;HYDROGEL_PACK;XIRECS;9991.0;6
42300;BOT_MAKER;BOT_TAKER;VEV_4000;XIRECS;1277.0;3
42300;BOT_TAKER;SUBMISSION;VELVETFRUIT_EXTRACT;XIRECS;5278.0;5
42500;BOT_MAKER;BOT_TAKER;VEV_4000;XIRECS;1276.0;1
42500;BOT_MAKER;BOT_TAKER;VEV_6500;XIRECS;0.0;3
42800;BOT_MAKER;BOT_TAKER;VELVETFRUIT_EXTRACT;XIRECS;5273.0;6
43000;BOT_TAKER;BOT_MAKER;HYDROGEL_PACK;XIRECS;9999.0;3
43000;BOT_MAKER;BOT_TAKER;VELVETFRUIT_EXTRACT;XIRECS;5270.0;7
43100;BOT_MAKER;BOT_TAKER;HYDROGEL_PACK;XIRECS;9981.0;4
43100;BOT_MAKER;BOT_TAKER;HYDROGEL_PACK;XIRECS;9981.0;2
43100;BOT_MAKER;BOT_TAKER;VELVETFRUIT_EXTRACT;XIRECS;5272.0;3
43100;BOT_MAKER;BOT_TAKER;VELVETFRUIT_EXTRACT;XIRECS;5272.0;5
43200;BOT_TAKER;BOT_MAKER;VELVETFRUIT_EXTRACT;XIRECS;5277.0;4
43300;BOT_TAKER;BOT_MAKER;VEV_6000;XIRECS;1.0;5
43400;BOT_MAKER;BOT_TAKER;VEV_4000;XIRECS;1274.0;3
43400;SUBMISSION;BOT_TAKER;VELVETFRUIT_EXTRACT;XIRECS;5272.0;5
43400;BOT_MAKER;BOT_TAKER;VELVETFRUIT_EXTRACT;XIRECS;5271.0;2
43600;BOT_TAKER;BOT_MAKER;VEV_6000;XIRECS;1.0;2
43700;BOT_TAKER;BOT_MAKER;VELVETFRUIT_EXTRACT;XIRECS;5276.0;4
43700;BOT_MAKER;BOT_TAKER;VEV_5400;XIRECS;19.0;2
43700;BOT_MAKER;BOT_TAKER;VEV_6000;XIRECS;0.0;5
43800;BOT_MAKER;BOT_TAKER;VELVETFRUIT_EXTRACT;XIRECS;5272.0;4
43800;BOT_TAKER;BOT_MAKER;VEV_4000;XIRECS;1299.0;1
43800;BOT_TAKER;BOT_MAKER;VEV_6500;XIRECS;1.0;5
43900;BOT_TAKER;BOT_MAKER;VEV_5400;XIRECS;21.0;4
44000;BOT_MAKER;BOT_TAKER;HYDROGEL_PACK;XIRECS;9982.0;2
44000;BOT_MAKER;BOT_TAKER;VELVETFRUIT_EXTRACT;XIRECS;5273.0;3
44000;BOT_TAKER;SUBMISSION;VEV_4000;XIRECS;1300.0;1
44200;BOT_MAKER;BOT_TAKER;HYDROGEL_PACK;XIRECS;9984.0;5
44200;BOT_TAKER;BOT_MAKER;VEV_4000;XIRECS;1300.0;3
44300;SUBMISSION;BOT_TAKER;VEV_4000;XIRECS;1279.0;2
44400;BOT_TAKER;BOT_MAKER;HYDROGEL_PACK;XIRECS;9999.0;3
44400;BOT_MAKER;BOT_TAKER;VEV_5500;XIRECS;5.0;3
44400;BOT_TAKER;BOT_MAKER;VEV_6500;XIRECS;1.0;4
44500;BOT_MAKER;BOT_TAKER;VELVETFRUIT_EXTRACT;XIRECS;5274.0;3
44600;BOT_TAKER;BOT_MAKER;VELVETFRUIT_EXTRACT;XIRECS;5279.0;8
44600;BOT_MAKER;BOT_TAKER;VEV_5400;XIRECS;19.0;2
44700;BOT_TAKER;BOT_MAKER;HYDROGEL_PACK;XIRECS;9998.0;5
44700;BOT_TAKER;BOT_MAKER;VELVETFRUIT_EXTRACT;XIRECS;5281.0;3
44800;BOT_MAKER;BOT_TAKER;VELVETFRUIT_EXTRACT;XIRECS;5274.0;8
44800;BOT_TAKER;BOT_MAKER;VEV_5400;XIRECS;22.0;4
44900;BOT_TAKER;BOT_MAKER;VELVETFRUIT_EXTRACT;XIRECS;5282.0;4
45000;BOT_TAKER;BOT_MAKER;VEV_5300;XIRECS;62.0;3
45100;BOT_MAKER;BOT_TAKER;HYDROGEL_PACK;XIRECS;9977.0;3
45200;BOT_TAKER;BOT_MAKER;VELVETFRUIT_EXTRACT;XIRECS;5284.0;13
45300;BOT_MAKER;BOT_TAKER;HYDROGEL_PACK;XIRECS;9973.0;6
45300;SUBMISSION;BOT_TAKER;VEV_4000;XIRECS;1280.0;1
45400;BOT_TAKER;BOT_MAKER;VELVETFRUIT_EXTRACT;XIRECS;5286.0;6
45600;BOT_MAKER;BOT_TAKER;VELVETFRUIT_EXTRACT;XIRECS;5282.0;5
45900;BOT_TAKER;BOT_MAKER;VEV_5500;XIRECS;6.0;5
46000;BOT_MAKER;BOT_TAKER;HYDROGEL_PACK;XIRECS;9981.0;3
46000;BOT_MAKER;BOT_TAKER;VELVETFRUIT_EXTRACT;XIRECS;5283.0;8
46000;BOT_MAKER;BOT_TAKER;VEV_6500;XIRECS;0.0;2
46100;BOT_TAKER;SUBMISSION;HYDROGEL_PACK;XIRECS;9996.0;4
46200;BOT_TAKER;BOT_MAKER;VELVETFRUIT_EXTRACT;XIRECS;5288.0;8
46300;BOT_MAKER;BOT_TAKER;HYDROGEL_PACK;XIRECS;9982.0;4
46300;BOT_MAKER;BOT_TAKER;VEV_6000;XIRECS;0.0;5
46400;BOT_TAKER;BOT_MAKER;VELVETFRUIT_EXTRACT;XIRECS;5289.0;5
46500;BOT_MAKER;BOT_TAKER;VELVETFRUIT_EXTRACT;XIRECS;5284.0;6
46600;BOT_TAKER;BOT_MAKER;VEV_5500;XIRECS;6.0;4
46700;BOT_MAKER;BOT_TAKER;VEV_4000;XIRECS;1276.0;2
46800;BOT_TAKER;BOT_MAKER;HYDROGEL_PACK;XIRECS;9995.0;4
46900;BOT_MAKER;BOT_TAKER;VEV_6000;XIRECS;0.0;3
46900;SUBMISSION;BOT_TAKER;HYDROGEL_PACK;XIRECS;9980.0;3
47000;BOT_TAKER;BOT_MAKER;HYDROGEL_PACK;XIRECS;9994.0;3
47000;BOT_TAKER;BOT_MAKER;VEV_5500;XIRECS;6.0;3
47100;BOT_TAKER;BOT_MAKER;HYDROGEL_PACK;XIRECS;9994.0;4
47200;BOT_MAKER;BOT_TAKER;VELVETFRUIT_EXTRACT;XIRECS;5284.0;8
47200;BOT_MAKER;BOT_TAKER;VEV_4000;XIRECS;1278.0;2
47300;BOT_TAKER;BOT_MAKER;HYDROGEL_PACK;XIRECS;9996.0;6
47300;BOT_MAKER;BOT_TAKER;VEV_5500;XIRECS;5.0;4
47300;BOT_MAKER;BOT_TAKER;VEV_5500;XIRECS;5.0;3
47300;SUBMISSION;BOT_TAKER;HYDROGEL_PACK;XIRECS;9981.0;5
47400;BOT_TAKER;BOT_MAKER;VEV_4000;XIRECS;1299.0;1
47400;BOT_TAKER;BOT_MAKER;VEV_6500;XIRECS;1.0;5
47600;BOT_TAKER;BOT_MAKER;VELVETFRUIT_EXTRACT;XIRECS;5288.0;4
47600;BOT_TAKER;BOT_MAKER;VELVETFRUIT_EXTRACT;XIRECS;5288.0;6
47700;BOT_TAKER;BOT_MAKER;VEV_5300;XIRECS;59.0;4
47700;BOT_MAKER;BOT_TAKER;VEV_6500;XIRECS;0.0;3
47800;BOT_MAKER;BOT_TAKER;HYDROGEL_PACK;XIRECS;9974.0;3
47800;BOT_TAKER;BOT_MAKER;VELVETFRUIT_EXTRACT;XIRECS;5290.0;8
47900;BOT_TAKER;BOT_MAKER;VELVETFRUIT_EXTRACT;XIRECS;5290.0;5
48000;BOT_MAKER;BOT_TAKER;HYDROGEL_PACK;XIRECS;9974.0;3
48000;BOT_MAKER;BOT_TAKER;VELVETFRUIT_EXTRACT;XIRECS;5282.0;7
48200;BOT_TAKER;BOT_MAKER;HYDROGEL_PACK;XIRECS;9993.0;4
48200;BOT_MAKER;BOT_TAKER;VELVETFRUIT_EXTRACT;XIRECS;5283.0;5
48200;SUBMISSION;BOT_TAKER;HYDROGEL_PACK;XIRECS;9978.0;5
48200;BOT_MAKER;BOT_TAKER;HYDROGEL_PACK;XIRECS;9977.0;1
48300;BOT_TAKER;BOT_MAKER;VEV_4000;XIRECS;1295.0;2
48300;BOT_TAKER;BOT_MAKER;VEV_6000;XIRECS;1.0;2
48500;BOT_MAKER;BOT_TAKER;VEV_4000;XIRECS;1273.0;3
48800;BOT_MAKER;BOT_TAKER;VELVETFRUIT_EXTRACT;XIRECS;5281.0;8
48800;BOT_MAKER;BOT_TAKER;VEV_5500;XIRECS;5.0;5
48900;BOT_MAKER;BOT_TAKER;HYDROGEL_PACK;XIRECS;9984.0;4
49100;BOT_MAKER;BOT_TAKER;HYDROGEL_PACK;XIRECS;9983.0;6
49100;BOT_MAKER;BOT_TAKER;VELVETFRUIT_EXTRACT;XIRECS;5278.0;4
49200;BOT_MAKER;BOT_TAKER;HYDROGEL_PACK;XIRECS;9983.0;2
49200;BOT_MAKER;BOT_TAKER;VELVETFRUIT_EXTRACT;XIRECS;5277.0;4
49300;BOT_MAKER;BOT_TAKER;VEV_4000;XIRECS;1273.0;2
49400;BOT_MAKER;BOT_TAKER;HYDROGEL_PACK;XIRECS;9984.0;3
49400;BOT_TAKER;BOT_MAKER;VELVETFRUIT_EXTRACT;XIRECS;5286.0;5
49500;BOT_MAKER;BOT_TAKER;VELVETFRUIT_EXTRACT;XIRECS;5281.0;10
49700;BOT_TAKER;BOT_MAKER;HYDROGEL_PACK;XIRECS;9996.0;4
49700;BOT_MAKER;BOT_TAKER;VELVETFRUIT_EXTRACT;XIRECS;5282.0;7
49700;BOT_TAKER;BOT_MAKER;VEV_6000;XIRECS;1.0;5
49700;BOT_TAKER;SUBMISSION;HYDROGEL_PACK;XIRECS;9995.0;5
49700;BOT_TAKER;BOT_MAKER;HYDROGEL_PACK;XIRECS;9996.0;1
49800;BOT_TAKER;BOT_MAKER;VEV_5400;XIRECS;19.0;5
49900;BOT_MAKER;BOT_TAKER;HYDROGEL_PACK;XIRECS;9981.0;4
49900;BOT_TAKER;BOT_MAKER;VEV_4000;XIRECS;1294.0;3
49900;SUBMISSION;BOT_TAKER;VELVETFRUIT_EXTRACT;XIRECS;5286.0;5
49900;BOT_MAKER;BOT_TAKER;VELVETFRUIT_EXTRACT;XIRECS;5285.0;2
50000;BOT_TAKER;BOT_MAKER;HYDROGEL_PACK;XIRECS;9998.0;4
50000;BOT_TAKER;BOT_MAKER;HYDROGEL_PACK;XIRECS;9998.0;5
50000;BOT_MAKER;BOT_TAKER;VELVETFRUIT_EXTRACT;XIRECS;5282.0;4
50000;BOT_TAKER;BOT_MAKER;VEV_4000;XIRECS;1295.0;1
50000;BOT_TAKER;BOT_MAKER;VEV_5500;XIRECS;6.0;4
50000;BOT_TAKER;SUBMISSION;VELVETFRUIT_EXTRACT;XIRECS;5287.0;5
50000;BOT_TAKER;BOT_MAKER;VELVETFRUIT_EXTRACT;XIRECS;5288.0;1
50200;BOT_MAKER;BOT_TAKER;HYDROGEL_PACK;XIRECS;9982.0;5
50200;BOT_MAKER;BOT_TAKER;VELVETFRUIT_EXTRACT;XIRECS;5280.0;6
50300;BOT_TAKER;BOT_MAKER;VELVETFRUIT_EXTRACT;XIRECS;5285.0;5
50400;BOT_MAKER;BOT_TAKER;VELVETFRUIT_EXTRACT;XIRECS;5279.0;9
50500;SUBMISSION;BOT_TAKER;VELVETFRUIT_EXTRACT;XIRECS;5278.0;5
50500;BOT_MAKER;BOT_TAKER;VELVETFRUIT_EXTRACT;XIRECS;5277.0;7
50600;BOT_TAKER;SUBMISSION;VELVETFRUIT_EXTRACT;XIRECS;5282.0;5
50600;BOT_TAKER;BOT_MAKER;VELVETFRUIT_EXTRACT;XIRECS;5283.0;1
50800;BOT_TAKER;BOT_MAKER;HYDROGEL_PACK;XIRECS;9993.0;4
50800;BOT_TAKER;BOT_MAKER;VELVETFRUIT_EXTRACT;XIRECS;5285.0;7
50800;BOT_TAKER;SUBMISSION;VEV_4000;XIRECS;1297.0;2
51000;BOT_TAKER;BOT_MAKER;VEV_6500;XIRECS;1.0;5
51100;BOT_MAKER;BOT_TAKER;VELVETFRUIT_EXTRACT;XIRECS;5283.0;3
51200;BOT_TAKER;BOT_MAKER;VELVETFRUIT_EXTRACT;XIRECS;5288.0;5
51300;BOT_MAKER;BOT_TAKER;HYDROGEL_PACK;XIRECS;9980.0;4
51300;BOT_TAKER;BOT_MAKER;VEV_4000;XIRECS;1298.0;2
51400;BOT_MAKER;BOT_TAKER;VELVETFRUIT_EXTRACT;XIRECS;5281.0;6
51500;SUBMISSION;BOT_TAKER;VELVETFRUIT_EXTRACT;XIRECS;5280.0;5
51500;BOT_MAKER;BOT_TAKER;VELVETFRUIT_EXTRACT;XIRECS;5279.0;3
51500;BOT_TAKER;SUBMISSION;VEV_4000;XIRECS;1300.0;3
51600;BOT_TAKER;BOT_MAKER;VEV_4000;XIRECS;1299.0;3
51700;BOT_MAKER;BOT_TAKER;HYDROGEL_PACK;XIRECS;9978.0;6
51700;BOT_TAKER;BOT_MAKER;VELVETFRUIT_EXTRACT;XIRECS;5284.0;4
51700;BOT_TAKER;BOT_MAKER;VEV_4000;XIRECS;1301.0;1
51700;BOT_MAKER;BOT_TAKER;VEV_5500;XIRECS;5.0;2
51700;BOT_TAKER;BOT_MAKER;VEV_6000;XIRECS;1.0;2
51800;BOT_MAKER;BOT_TAKER;HYDROGEL_PACK;XIRECS;9978.0;4
51900;BOT_TAKER;BOT_MAKER;VELVETFRUIT_EXTRACT;XIRECS;5284.0;12
51900;BOT_MAKER;BOT_TAKER;VEV_5400;XIRECS;19.0;2
51900;BOT_TAKER;SUBMISSION;HYDROGEL_PACK;XIRECS;9992.0;5
52000;BOT_MAKER;BOT_TAKER;VELVETFRUIT_EXTRACT;XIRECS;5279.0;7
52100;BOT_MAKER;BOT_TAKER;VELVETFRUIT_EXTRACT;XIRECS;5280.0;6
52200;BOT_TAKER;BOT_MAKER;HYDROGEL_PACK;XIRECS;10004.0;6
52200;BOT_TAKER;BOT_MAKER;VELVETFRUIT_EXTRACT;XIRECS;5287.0;4
52200;BOT_MAKER;BOT_TAKER;VEV_5500;XIRECS;5.0;3
52300;BOT_MAKER;BOT_TAKER;HYDROGEL_PACK;XIRECS;9988.0;2
52300;BOT_MAKER;BOT_TAKER;VELVETFRUIT_EXTRACT;XIRECS;5281.0;6
52300;BOT_TAKER;BOT_MAKER;VEV_5300;XIRECS;62.0;2
52400;BOT_TAKER;BOT_MAKER;VELVETFRUIT_EXTRACT;XIRECS;5287.0;4
52400;SUBMISSION;BOT_TAKER;VELVETFRUIT_EXTRACT;XIRECS;5282.0;5
52400;BOT_MAKER;BOT_TAKER;VELVETFRUIT_EXTRACT;XIRECS;5281.0;3
52500;BOT_MAKER;BOT_TAKER;VELVETFRUIT_EXTRACT;XIRECS;5282.0;5
52600;BOT_TAKER;BOT_MAKER;VEV_5500;XIRECS;6.0;4
52800;BOT_MAKER;BOT_TAKER;VELVETFRUIT_EXTRACT;XIRECS;5281.0;3
52900;BOT_MAKER;BOT_TAKER;VELVETFRUIT_EXTRACT;XIRECS;5281.0;7
52900;BOT_MAKER;BOT_TAKER;VELVETFRUIT_EXTRACT;XIRECS;5281.0;5
53200;SUBMISSION;BOT_TAKER;VELVETFRUIT_EXTRACT;XIRECS;5283.0;5
53200;BOT_MAKER;BOT_TAKER;VELVETFRUIT_EXTRACT;XIRECS;5282.0;3
53300;BOT_MAKER;BOT_TAKER;HYDROGEL_PACK;XIRECS;9989.0;6
53400;BOT_TAKER;BOT_MAKER;HYDROGEL_PACK;XIRECS;10003.0;3
53400;SUBMISSION;BOT_TAKER;VELVETFRUIT_EXTRACT;XIRECS;5282.0;5
53400;BOT_MAKER;BOT_TAKER;VELVETFRUIT_EXTRACT;XIRECS;5281.0;1
53500;BOT_TAKER;BOT_MAKER;HYDROGEL_PACK;XIRECS;10002.0;2
53500;BOT_MAKER;BOT_TAKER;VEV_4000;XIRECS;1277.0;2
53500;BOT_TAKER;BOT_MAKER;VEV_4000;XIRECS;1299.0;3
53500;BOT_TAKER;BOT_MAKER;VEV_6500;XIRECS;1.0;3
53700;BOT_MAKER;BOT_TAKER;VEV_5400;XIRECS;20.0;4
53800;BOT_TAKER;BOT_MAKER;HYDROGEL_PACK;XIRECS;9999.0;2
53800;BOT_MAKER;BOT_TAKER;VELVETFRUIT_EXTRACT;XIRECS;5281.0;7
53800;BOT_MAKER;BOT_TAKER;VEV_6500;XIRECS;0.0;2
54000;BOT_TAKER;BOT_MAKER;VELVETFRUIT_EXTRACT;XIRECS;5287.0;9
54200;BOT_TAKER;BOT_MAKER;HYDROGEL_PACK;XIRECS;10003.0;3
54200;BOT_TAKER;BOT_MAKER;VELVETFRUIT_EXTRACT;XIRECS;5286.0;5
54200;BOT_MAKER;BOT_TAKER;VEV_4000;XIRECS;1278.0;2
54200;BOT_TAKER;SUBMISSION;VELVETFRUIT_EXTRACT;XIRECS;5285.0;5
54200;BOT_TAKER;BOT_MAKER;VELVETFRUIT_EXTRACT;XIRECS;5286.0;8
54400;BOT_MAKER;BOT_TAKER;VELVETFRUIT_EXTRACT;XIRECS;5282.0;6
54400;BOT_MAKER;BOT_TAKER;VEV_5300;XIRECS;60.0;4
54500;BOT_MAKER;BOT_TAKER;HYDROGEL_PACK;XIRECS;9990.0;4
54500;BOT_TAKER;BOT_MAKER;VELVETFRUIT_EXTRACT;XIRECS;5288.0;7
54500;BOT_MAKER;BOT_TAKER;VEV_6500;XIRECS;0.0;2
54600;BOT_TAKER;BOT_MAKER;VEV_6000;XIRECS;1.0;5
54700;BOT_MAKER;BOT_TAKER;HYDROGEL_PACK;XIRECS;9991.0;5
54700;BOT_TAKER;BOT_MAKER;VELVETFRUIT_EXTRACT;XIRECS;5289.0;6
54700;BOT_MAKER;BOT_TAKER;VEV_5400;XIRECS;20.0;5
54700;BOT_TAKER;BOT_MAKER;VEV_6000;XIRECS;1.0;5
54700;BOT_TAKER;BOT_MAKER;VEV_6500;XIRECS;1.0;5
54800;BOT_MAKER;BOT_TAKER;VELVETFRUIT_EXTRACT;XIRECS;5283.0;5
54800;BOT_TAKER;BOT_MAKER;VEV_5400;XIRECS;22.0;2
54900;BOT_TAKER;BOT_MAKER;VELVETFRUIT_EXTRACT;XIRECS;5288.0;8
55000;BOT_MAKER;BOT_TAKER;HYDROGEL_PACK;XIRECS;9991.0;3
55000;BOT_MAKER;BOT_TAKER;VELVETFRUIT_EXTRACT;XIRECS;5283.0;7
55100;BOT_MAKER;BOT_TAKER;VEV_5500;XIRECS;6.0;3
55200;BOT_TAKER;BOT_MAKER;VEV_6500;XIRECS;1.0;4
55300;BOT_TAKER;BOT_MAKER;HYDROGEL_PACK;XIRECS;10003.0;6
55300;BOT_MAKER;BOT_TAKER;VELVETFRUIT_EXTRACT;XIRECS;5283.0;5
55400;BOT_MAKER;BOT_TAKER;VELVETFRUIT_EXTRACT;XIRECS;5284.0;7
55400;BOT_TAKER;BOT_MAKER;VEV_4000;XIRECS;1304.0;2
55500;BOT_TAKER;BOT_MAKER;VEV_6500;XIRECS;1.0;5
55800;BOT_MAKER;BOT_TAKER;VEV_6000;XIRECS;0.0;5
55900;BOT_MAKER;BOT_TAKER;VELVETFRUIT_EXTRACT;XIRECS;5286.0;5
56000;BOT_TAKER;BOT_MAKER;VELVETFRUIT_EXTRACT;XIRECS;5291.0;8
56000;BOT_MAKER;BOT_TAKER;VEV_6000;XIRECS;0.0;4
56100;BOT_MAKER;BOT_TAKER;VELVETFRUIT_EXTRACT;XIRECS;5287.0;7
56200;SUBMISSION;BOT_TAKER;VELVETFRUIT_EXTRACT;XIRECS;5286.0;5
56200;BOT_MAKER;BOT_TAKER;VELVETFRUIT_EXTRACT;XIRECS;5285.0;2
56300;BOT_TAKER;BOT_MAKER;VELVETFRUIT_EXTRACT;XIRECS;5290.0;7
56300;BOT_MAKER;BOT_TAKER;VEV_6500;XIRECS;0.0;3
56300;BOT_TAKER;SUBMISSION;VEV_4000;XIRECS;1306.0;3
56400;BOT_MAKER;BOT_TAKER;HYDROGEL_PACK;XIRECS;9975.0;6
56500;BOT_TAKER;BOT_MAKER;VELVETFRUIT_EXTRACT;XIRECS;5290.0;6
56500;BOT_TAKER;BOT_MAKER;VEV_6500;XIRECS;1.0;4
56600;BOT_MAKER;BOT_TAKER;HYDROGEL_PACK;XIRECS;9977.0;2
56600;BOT_TAKER;BOT_MAKER;VEV_4000;XIRECS;1303.0;3
56600;BOT_TAKER;BOT_MAKER;VEV_5400;XIRECS;22.0;5
56700;BOT_TAKER;BOT_MAKER;HYDROGEL_PACK;XIRECS;9993.0;5
56800;BOT_MAKER;BOT_TAKER;VEV_6500;XIRECS;0.0;4
56900;BOT_MAKER;BOT_TAKER;VELVETFRUIT_EXTRACT;XIRECS;5283.0;3
57000;BOT_TAKER;BOT_MAKER;VEV_5400;XIRECS;22.0;3
57000;BOT_TAKER;SUBMISSION;HYDROGEL_PACK;XIRECS;9990.0;5
57000;SUBMISSION;BOT_TAKER;VELVETFRUIT_EXTRACT;XIRECS;5284.0;5
57100;BOT_MAKER;BOT_TAKER;VEV_6000;XIRECS;0.0;2
57200;BOT_TAKER;BOT_MAKER;VEV_6500;XIRECS;1.0;5
57200;SUBMISSION;BOT_TAKER;VEV_4000;XIRECS;1283.0;2
57400;BOT_MAKER;BOT_TAKER;VELVETFRUIT_EXTRACT;XIRECS;5284.0;5
57400;BOT_TAKER;SUBMISSION;VELVETFRUIT_EXTRACT;XIRECS;5289.0;5
57400;BOT_TAKER;BOT_MAKER;VELVETFRUIT_EXTRACT;XIRECS;5290.0;3
57500;BOT_MAKER;BOT_TAKER;VEV_6000;XIRECS;0.0;5
57600;BOT_MAKER;BOT_TAKER;VEV_5300;XIRECS;62.0;4
57700;BOT_TAKER;BOT_MAKER;HYDROGEL_PACK;XIRECS;9989.0;5
57700;BOT_MAKER;BOT_TAKER;VEV_5500;XIRECS;5.0;2
57800;BOT_TAKER;BOT_MAKER;HYDROGEL_PACK;XIRECS;9989.0;3
57900;BOT_MAKER;BOT_TAKER;VEV_6500;XIRECS;0.0;5
57900;BOT_MAKER;BOT_TAKER;VEV_6500;XIRECS;0.0;3
58000;BOT_MAKER;BOT_TAKER;VEV_6000;XIRECS;0.0;4
58100;BOT_MAKER;BOT_TAKER;VEV_5500;XIRECS;6.0;3
58200;BOT_TAKER;BOT_MAKER;HYDROGEL_PACK;XIRECS;9988.0;5
58200;BOT_TAKER;SUBMISSION;VELVETFRUIT_EXTRACT;XIRECS;5286.0;4
58300;BOT_MAKER;BOT_TAKER;HYDROGEL_PACK;XIRECS;9973.0;4
58400;BOT_MAKER;BOT_TAKER;VELVETFRUIT_EXTRACT;XIRECS;5281.0;3
58400;BOT_TAKER;BOT_MAKER;VEV_5400;XIRECS;21.0;2
58500;BOT_MAKER;BOT_TAKER;HYDROGEL_PACK;XIRECS;9973.0;5
58500;BOT_MAKER;BOT_TAKER;VEV_6000;XIRECS;0.0;5
58600;BOT_MAKER;BOT_TAKER;HYDROGEL_PACK;XIRECS;9976.0;2
58600;BOT_TAKER;BOT_MAKER;VEV_5400;XIRECS;21.0;3
58700;BOT_TAKER;BOT_MAKER;HYDROGEL_PACK;XIRECS;9991.0;6
58700;SUBMISSION;BOT_TAKER;VEV_4000;XIRECS;1287.0;1
59000;BOT_MAKER;BOT_TAKER;HYDROGEL_PACK;XIRECS;9967.0;5
59000;BOT_TAKER;BOT_MAKER;VEV_6500;XIRECS;1.0;2
59000;BOT_MAKER;BOT_TAKER;VEV_6500;XIRECS;0.0;5
59100;BOT_MAKER;BOT_TAKER;HYDROGEL_PACK;XIRECS;9966.0;4
59100;BOT_MAKER;BOT_TAKER;VELVETFRUIT_EXTRACT;XIRECS;5280.0;4
59200;BOT_TAKER;BOT_MAKER;VEV_4000;XIRECS;1308.0;1
59300;BOT_MAKER;BOT_TAKER;VEV_5400;XIRECS;20.0;5
59300;SUBMISSION;BOT_TAKER;VELVETFRUIT_EXTRACT;XIRECS;5281.0;5
59300;BOT_MAKER;BOT_TAKER;VELVETFRUIT_EXTRACT;XIRECS;5280.0;6
59500;BOT_MAKER;BOT_TAKER;VEV_4000;XIRECS;1289.0;3
59700;BOT_MAKER;BOT_TAKER;HYDROGEL_PACK;XIRECS;9961.0;5
59700;BOT_TAKER;BOT_MAKER;VELVETFRUIT_EXTRACT;XIRECS;5285.0;5
59700;BOT_MAKER;BOT_TAKER;VEV_5500;XIRECS;5.0;2
59800;BOT_TAKER;SUBMISSION;VELVETFRUIT_EXTRACT;XIRECS;5285.0;5
59800;BOT_TAKER;BOT_MAKER;VELVETFRUIT_EXTRACT;XIRECS;5286.0;2
59800;SUBMISSION;BOT_TAKER;VEV_4000;XIRECS;1290.0;3
59900;BOT_TAKER;BOT_MAKER;HYDROGEL_PACK;XIRECS;9974.0;2
59900;BOT_MAKER;BOT_TAKER;VELVETFRUIT_EXTRACT;XIRECS;5280.0;7
60000;BOT_TAKER;BOT_MAKER;HYDROGEL_PACK;XIRECS;9975.0;4
60000;BOT_MAKER;BOT_TAKER;VEV_6000;XIRECS;0.0;5
60000;BOT_TAKER;SUBMISSION;HYDROGEL_PACK;XIRECS;9974.0;2
60100;BOT_MAKER;BOT_TAKER;HYDROGEL_PACK;XIRECS;9957.0;2
60100;BOT_MAKER;BOT_TAKER;VEV_5400;XIRECS;22.0;4
60100;BOT_TAKER;SUBMISSION;VELVETFRUIT_EXTRACT;XIRECS;5282.0;5
60100;BOT_TAKER;BOT_MAKER;VELVETFRUIT_EXTRACT;XIRECS;5283.0;1
60200;BOT_TAKER;BOT_MAKER;HYDROGEL_PACK;XIRECS;9974.0;5
60200;BOT_MAKER;BOT_TAKER;VELVETFRUIT_EXTRACT;XIRECS;5278.0;6
60200;BOT_MAKER;BOT_TAKER;VEV_5300;XIRECS;61.0;3
60200;BOT_TAKER;BOT_MAKER;VEV_6000;XIRECS;1.0;2
60400;SUBMISSION;BOT_TAKER;HYDROGEL_PACK;XIRECS;9956.0;5
60400;BOT_MAKER;BOT_TAKER;HYDROGEL_PACK;XIRECS;9955.0;1
60500;BOT_TAKER;BOT_MAKER;VEV_6000;XIRECS;1.0;5
60600;SUBMISSION;BOT_TAKER;HYDROGEL_PACK;XIRECS;9954.0;2
60800;BOT_TAKER;BOT_MAKER;VELVETFRUIT_EXTRACT;XIRECS;5287.0;7
60900;BOT_MAKER;BOT_TAKER;HYDROGEL_PACK;XIRECS;9953.0;5
61000;BOT_MAKER;BOT_TAKER;HYDROGEL_PACK;XIRECS;9957.0;6
61000;BOT_MAKER;BOT_TAKER;VEV_4000;XIRECS;1288.0;2
61000;BOT_TAKER;BOT_MAKER;VEV_5500;XIRECS;6.0;4
61000;BOT_MAKER;BOT_TAKER;VEV_6500;XIRECS;0.0;3
61100;BOT_TAKER;BOT_MAKER;VELVETFRUIT_EXTRACT;XIRECS;5285.0;6
61200;BOT_MAKER;BOT_TAKER;VELVETFRUIT_EXTRACT;XIRECS;5280.0;5
61200;BOT_TAKER;BOT_MAKER;VEV_5500;XIRECS;6.0;4
61300;BOT_MAKER;BOT_TAKER;VELVETFRUIT_EXTRACT;XIRECS;5282.0;8
61300;BOT_MAKER;BOT_TAKER;VEV_4000;XIRECS;1290.0;3
61400;BOT_MAKER;BOT_TAKER;VELVETFRUIT_EXTRACT;XIRECS;5282.0;9
61500;BOT_TAKER;BOT_MAKER;VELVETFRUIT_EXTRACT;XIRECS;5286.0;3
61600;BOT_TAKER;BOT_MAKER;HYDROGEL_PACK;XIRECS;9973.0;5
61600;BOT_TAKER;BOT_MAKER;VELVETFRUIT_EXTRACT;XIRECS;5286.0;6
61700;BOT_MAKER;BOT_TAKER;VELVETFRUIT_EXTRACT;XIRECS;5280.0;7
61900;BOT_MAKER;BOT_TAKER;HYDROGEL_PACK;XIRECS;9954.0;2
61900;BOT_TAKER;BOT_MAKER;VEV_5300;XIRECS;62.0;2
61900;BOT_TAKER;SUBMISSION;VELVETFRUIT_EXTRACT;XIRECS;5285.0;5
61900;BOT_TAKER;BOT_MAKER;VELVETFRUIT_EXTRACT;XIRECS;5286.0;1
62000;BOT_MAKER;BOT_TAKER;VELVETFRUIT_EXTRACT;XIRECS;5279.0;3
62100;BOT_TAKER;BOT_MAKER;VEV_6500;XIRECS;1.0;5
62300;BOT_MAKER;BOT_TAKER;VELVETFRUIT_EXTRACT;XIRECS;5283.0;15
62400;BOT_TAKER;BOT_MAKER;VEV_4000;XIRECS;1314.0;2
62400;BOT_TAKER;BOT_MAKER;VEV_6500;XIRECS;1.0;5
62500;SUBMISSION;BOT_TAKER;VELVETFRUIT_EXTRACT;XIRECS;5286.0;5
62500;BOT_MAKER;BOT_TAKER;VELVETFRUIT_EXTRACT;XIRECS;5285.0;2
62600;BOT_TAKER;BOT_MAKER;VEV_4000;XIRECS;1314.0;2
62700;BOT_MAKER;BOT_TAKER;VEV_4000;XIRECS;1292.0;2
62700;BOT_TAKER;BOT_MAKER;VEV_6500;XIRECS;1.0;4
62800;BOT_TAKER;BOT_MAKER;VELVETFRUIT_EXTRACT;XIRECS;5290.0;7
63000;BOT_TAKER;BOT_MAKER;HYDROGEL_PACK;XIRECS;9967.0;6
63000;BOT_MAKER;BOT_TAKER;VELVETFRUIT_EXTRACT;XIRECS;5284.0;6
63000;BOT_MAKER;BOT_TAKER;VEV_6500;XIRECS;0.0;3
63100;BOT_TAKER;BOT_MAKER;VELVETFRUIT_EXTRACT;XIRECS;5287.0;5
63100;BOT_TAKER;BOT_MAKER;VEV_4000;XIRECS;1315.0;1
63200;BOT_MAKER;BOT_TAKER;VEV_4000;XIRECS;1295.0;2
63400;BOT_TAKER;BOT_MAKER;VEV_5400;XIRECS;23.0;4
63500;BOT_MAKER;BOT_TAKER;VELVETFRUIT_EXTRACT;XIRECS;5281.0;5
63500;BOT_MAKER;BOT_TAKER;VEV_6500;XIRECS;0.0;2
63600;BOT_TAKER;BOT_MAKER;HYDROGEL_PACK;XIRECS;9967.0;4
63600;BOT_TAKER;BOT_MAKER;VELVETFRUIT_EXTRACT;XIRECS;5286.0;8
63700;BOT_MAKER;BOT_TAKER;VEV_5400;XIRECS;21.0;3
63700;BOT_MAKER;BOT_TAKER;VEV_6500;XIRECS;0.0;2
63800;BOT_MAKER;BOT_TAKER;VELVETFRUIT_EXTRACT;XIRECS;5280.0;4
64000;BOT_TAKER;BOT_MAKER;HYDROGEL_PACK;XIRECS;9978.0;4
64000;BOT_TAKER;BOT_MAKER;VEV_4000;XIRECS;1318.0;2
64100;BOT_TAKER;SUBMISSION;VEV_4000;XIRECS;1316.0;2
64200;BOT_TAKER;BOT_MAKER;VELVETFRUIT_EXTRACT;XIRECS;5283.0;8
64200;SUBMISSION;BOT_TAKER;VEV_4000;XIRECS;1297.0;2
64300;BOT_TAKER;BOT_MAKER;VEV_4000;XIRECS;1318.0;2
64300;SUBMISSION;BOT_TAKER;VELVETFRUIT_EXTRACT;XIRECS;5280.0;5
64400;BOT_MAKER;BOT_TAKER;VEV_5300;XIRECS;59.0;3
64500;BOT_MAKER;BOT_TAKER;VELVETFRUIT_EXTRACT;XIRECS;5279.0;7
64600;BOT_MAKER;BOT_TAKER;HYDROGEL_PACK;XIRECS;9957.0;3
64600;BOT_TAKER;BOT_MAKER;VELVETFRUIT_EXTRACT;XIRECS;5284.0;8
64700;BOT_MAKER;BOT_TAKER;HYDROGEL_PACK;XIRECS;9961.0;2
64700;BOT_MAKER;BOT_TAKER;VELVETFRUIT_EXTRACT;XIRECS;5281.0;8
64700;BOT_MAKER;BOT_TAKER;VELVETFRUIT_EXTRACT;XIRECS;5281.0;8
64800;BOT_MAKER;BOT_TAKER;VEV_6500;XIRECS;0.0;4
65000;BOT_TAKER;BOT_MAKER;VELVETFRUIT_EXTRACT;XIRECS;5289.0;7
65000;BOT_TAKER;BOT_MAKER;VEV_5400;XIRECS;23.0;4
65200;BOT_TAKER;BOT_MAKER;VEV_4000;XIRECS;1317.0;3
65400;BOT_TAKER;BOT_MAKER;VELVETFRUIT_EXTRACT;XIRECS;5286.0;7
65500;BOT_TAKER;BOT_MAKER;VELVETFRUIT_EXTRACT;XIRECS;5285.0;7
65500;BOT_MAKER;BOT_TAKER;VEV_6000;XIRECS;0.0;3
65700;SUBMISSION;BOT_TAKER;HYDROGEL_PACK;XIRECS;9961.0;3
65700;BOT_TAKER;SUBMISSION;VEV_4000;XIRECS;1317.0;2
65800;BOT_MAKER;BOT_TAKER;VELVETFRUIT_EXTRACT;XIRECS;5277.0;7
65800;BOT_TAKER;BOT_MAKER;VELVETFRUIT_EXTRACT;XIRECS;5283.0;7
65900;BOT_TAKER;BOT_MAKER;HYDROGEL_PACK;XIRECS;9974.0;6
65900;BOT_MAKER;BOT_TAKER;VELVETFRUIT_EXTRACT;XIRECS;5278.0;7
65900;SUBMISSION;BOT_TAKER;HYDROGEL_PACK;XIRECS;9959.0;5
66000;BOT_TAKER;BOT_MAKER;HYDROGEL_PACK;XIRECS;9973.0;2
66100;BOT_MAKER;BOT_TAKER;VELVETFRUIT_EXTRACT;XIRECS;5277.0;5
66200;SUBMISSION;BOT_TAKER;VELVETFRUIT_EXTRACT;XIRECS;5277.0;5
66200;BOT_MAKER;BOT_TAKER;VELVETFRUIT_EXTRACT;XIRECS;5276.0;9
66500;BOT_TAKER;BOT_MAKER;HYDROGEL_PACK;XIRECS;9968.0;4
66500;BOT_MAKER;BOT_TAKER;VEV_5500;XIRECS;5.0;2
66500;BOT_TAKER;SUBMISSION;HYDROGEL_PACK;XIRECS;9967.0;2
66700;BOT_TAKER;BOT_MAKER;VELVETFRUIT_EXTRACT;XIRECS;5282.0;3
66800;SUBMISSION;BOT_TAKER;VELVETFRUIT_EXTRACT;XIRECS;5276.0;5
66900;BOT_MAKER;BOT_TAKER;VELVETFRUIT_EXTRACT;XIRECS;5276.0;8
67200;BOT_TAKER;BOT_MAKER;HYDROGEL_PACK;XIRECS;9968.0;5
67200;BOT_TAKER;BOT_MAKER;VELVETFRUIT_EXTRACT;XIRECS;5280.0;5
67200;BOT_TAKER;BOT_MAKER;VEV_5300;XIRECS;62.0;4
67200;BOT_MAKER;BOT_TAKER;VEV_6000;XIRECS;0.0;3
67300;BOT_MAKER;BOT_TAKER;VELVETFRUIT_EXTRACT;XIRECS;5275.0;13
67300;BOT_MAKER;BOT_TAKER;VEV_6500;XIRECS;0.0;5
67300;SUBMISSION;BOT_TAKER;VELVETFRUIT_EXTRACT;XIRECS;5276.0;5
67400;BOT_TAKER;BOT_MAKER;HYDROGEL_PACK;XIRECS;9971.0;5
67400;BOT_TAKER;BOT_MAKER;VELVETFRUIT_EXTRACT;XIRECS;5281.0;8
67400;BOT_MAKER;BOT_TAKER;VEV_5500;XIRECS;6.0;2
67500;BOT_MAKER;BOT_TAKER;VEV_4000;XIRECS;1297.0;2
67500;BOT_TAKER;BOT_MAKER;VEV_6000;XIRECS;1.0;5
67600;BOT_TAKER;SUBMISSION;VEV_4000;XIRECS;1317.0;2
67800;BOT_TAKER;BOT_MAKER;VELVETFRUIT_EXTRACT;XIRECS;5282.0;8
67800;BOT_MAKER;BOT_TAKER;VEV_4000;XIRECS;1298.0;3
67900;BOT_MAKER;BOT_TAKER;VELVETFRUIT_EXTRACT;XIRECS;5278.0;6
68000;SUBMISSION;BOT_TAKER;VELVETFRUIT_EXTRACT;XIRECS;5279.0;5
68100;BOT_TAKER;BOT_MAKER;VELVETFRUIT_EXTRACT;XIRECS;5281.0;3
68400;BOT_TAKER;BOT_MAKER;VEV_6000;XIRECS;1.0;3
68700;BOT_TAKER;BOT_MAKER;VELVETFRUIT_EXTRACT;XIRECS;5282.0;8
68900;BOT_MAKER;BOT_TAKER;VELVETFRUIT_EXTRACT;XIRECS;5276.0;8
68900;BOT_TAKER;BOT_MAKER;VEV_4000;XIRECS;1323.0;1
68900;BOT_MAKER;BOT_TAKER;VEV_5400;XIRECS;22.0;4
69000;BOT_MAKER;BOT_TAKER;VELVETFRUIT_EXTRACT;XIRECS;5274.0;5
69000;SUBMISSION;BOT_TAKER;HYDROGEL_PACK;XIRECS;9964.0;3
69100;BOT_MAKER;BOT_TAKER;VELVETFRUIT_EXTRACT;XIRECS;5277.0;6
69200;BOT_MAKER;BOT_TAKER;VEV_5300;XIRECS;63.0;3
69200;BOT_TAKER;BOT_MAKER;VEV_5500;XIRECS;7.0;3
69200;BOT_MAKER;BOT_TAKER;VEV_6500;XIRECS;0.0;4
69300;BOT_TAKER;BOT_MAKER;HYDROGEL_PACK;XIRECS;9984.0;4
69300;BOT_MAKER;BOT_TAKER;VELVETFRUIT_EXTRACT;XIRECS;5278.0;8
69400;BOT_MAKER;BOT_TAKER;VEV_6000;XIRECS;0.0;2
69500;BOT_MAKER;BOT_TAKER;HYDROGEL_PACK;XIRECS;9963.0;6
69500;BOT_TAKER;BOT_MAKER;VELVETFRUIT_EXTRACT;XIRECS;5283.0;8
69500;BOT_TAKER;BOT_MAKER;VELVETFRUIT_EXTRACT;XIRECS;5283.0;8
69500;BOT_MAKER;BOT_TAKER;VEV_4000;XIRECS;1303.0;1
69600;BOT_TAKER;BOT_MAKER;VELVETFRUIT_EXTRACT;XIRECS;5284.0;9
69600;BOT_TAKER;SUBMISSION;VELVETFRUIT_EXTRACT;XIRECS;5283.0;5
69600;BOT_TAKER;BOT_MAKER;VELVETFRUIT_EXTRACT;XIRECS;5284.0;2
69700;BOT_TAKER;BOT_MAKER;HYDROGEL_PACK;XIRECS;9978.0;2
69700;BOT_TAKER;BOT_MAKER;VEV_4000;XIRECS;1327.0;3
69700;SUBMISSION;BOT_TAKER;HYDROGEL_PACK;XIRECS;9963.0;2
69800;BOT_TAKER;BOT_MAKER;VEV_6500;XIRECS;1.0;2
69900;BOT_TAKER;BOT_MAKER;HYDROGEL_PACK;XIRECS;9980.0;6
69900;BOT_TAKER;BOT_MAKER;VELVETFRUIT_EXTRACT;XIRECS;5286.0;5
69900;BOT_TAKER;BOT_MAKER;VEV_5400;XIRECS;23.0;5
69900;BOT_TAKER;BOT_MAKER;VEV_5500;XIRECS;7.0;4
70200;BOT_MAKER;BOT_TAKER;VELVETFRUIT_EXTRACT;XIRECS;5279.0;10
70300;BOT_MAKER;BOT_TAKER;VELVETFRUIT_EXTRACT;XIRECS;5280.0;7
70400;BOT_MAKER;BOT_TAKER;HYDROGEL_PACK;XIRECS;9967.0;4
70500;BOT_TAKER;BOT_MAKER;VELVETFRUIT_EXTRACT;XIRECS;5285.0;6
70600;BOT_MAKER;BOT_TAKER;VELVETFRUIT_EXTRACT;XIRECS;5280.0;8
70700;BOT_TAKER;BOT_MAKER;VELVETFRUIT_EXTRACT;XIRECS;5287.0;8
70700;BOT_MAKER;BOT_TAKER;VEV_4000;XIRECS;1297.0;2
70800;BOT_TAKER;BOT_MAKER;HYDROGEL_PACK;XIRECS;9988.0;4
70800;BOT_MAKER;BOT_TAKER;VEV_4000;XIRECS;1299.0;1
70900;BOT_TAKER;BOT_MAKER;VELVETFRUIT_EXTRACT;XIRECS;5288.0;4
70900;BOT_TAKER;BOT_MAKER;VELVETFRUIT_EXTRACT;XIRECS;5288.0;3
70900;BOT_TAKER;BOT_MAKER;VEV_4000;XIRECS;1322.0;2
71000;BOT_TAKER;BOT_MAKER;HYDROGEL_PACK;XIRECS;9987.0;5
71200;BOT_MAKER;BOT_TAKER;HYDROGEL_PACK;XIRECS;9975.0;2
71200;BOT_TAKER;BOT_MAKER;VELVETFRUIT_EXTRACT;XIRECS;5289.0;9
71200;BOT_TAKER;BOT_MAKER;VEV_5500;XIRECS;7.0;2
71400;BOT_MAKER;BOT_TAKER;VEV_4000;XIRECS;1302.0;2
71500;BOT_MAKER;BOT_TAKER;HYDROGEL_PACK;XIRECS;9974.0;6
71600;BOT_TAKER;BOT_MAKER;VELVETFRUIT_EXTRACT;XIRECS;5290.0;4
71600;BOT_MAKER;BOT_TAKER;VEV_5500;XIRECS;6.0;5
71700;BOT_MAKER;BOT_TAKER;HYDROGEL_PACK;XIRECS;9975.0;5
71700;BOT_MAKER;BOT_TAKER;VELVETFRUIT_EXTRACT;XIRECS;5284.0;7
71800;BOT_TAKER;BOT_MAKER;HYDROGEL_PACK;XIRECS;9994.0;4
71800;BOT_MAKER;BOT_TAKER;VELVETFRUIT_EXTRACT;XIRECS;5285.0;8
71800;BOT_MAKER;BOT_TAKER;VEV_4000;XIRECS;1301.0;3
71800;BOT_TAKER;BOT_MAKER;VEV_5400;XIRECS;25.0;4
71900;BOT_MAKER;BOT_TAKER;HYDROGEL_PACK;XIRECS;9976.0;2
71900;BOT_MAKER;BOT_TAKER;VELVETFRUIT_EXTRACT;XIRECS;5286.0;6
71900;BOT_MAKER;BOT_TAKER;VEV_6500;XIRECS;0.0;2
71900;BOT_TAKER;SUBMISSION;VEV_4000;XIRECS;1322.0;1
72000;BOT_MAKER;BOT_TAKER;VEV_5500;XIRECS;6.0;3
72000;SUBMISSION;BOT_TAKER;VELVETFRUIT_EXTRACT;XIRECS;5285.0;5
72000;BOT_MAKER;BOT_TAKER;VELVETFRUIT_EXTRACT;XIRECS;5284.0;3
72100;BOT_MAKER;BOT_TAKER;HYDROGEL_PACK;XIRECS;9975.0;3
72100;BOT_MAKER;BOT_TAKER;VELVETFRUIT_EXTRACT;XIRECS;5283.0;8
72100;BOT_MAKER;BOT_TAKER;VEV_4000;XIRECS;1300.0;3
72200;BOT_MAKER;BOT_TAKER;VELVETFRUIT_EXTRACT;XIRECS;5283.0;4
72300;BOT_MAKER;BOT_TAKER;HYDROGEL_PACK;XIRECS;9973.0;5
72300;BOT_TAKER;BOT_MAKER;VEV_6500;XIRECS;1.0;2
72400;BOT_MAKER;BOT_TAKER;HYDROGEL_PACK;XIRECS;9971.0;5
72400;BOT_MAKER;BOT_TAKER;VEV_4000;XIRECS;1299.0;3
72400;BOT_MAKER;BOT_TAKER;VEV_5400;XIRECS;23.0;2
72400;SUBMISSION;BOT_TAKER;VELVETFRUIT_EXTRACT;XIRECS;5284.0;4
72400;BOT_TAKER;SUBMISSION;VEV_4000;XIRECS;1320.0;2
72500;BOT_TAKER;BOT_MAKER;HYDROGEL_PACK;XIRECS;9987.0;6
72500;SUBMISSION;BOT_TAKER;VELVETFRUIT_EXTRACT;XIRECS;5283.0;5
72500;BOT_MAKER;BOT_TAKER;VELVETFRUIT_EXTRACT;XIRECS;5282.0;1
72600;BOT_TAKER;BOT_MAKER;VELVETFRUIT_EXTRACT;XIRECS;5286.0;5
72600;BOT_MAKER;BOT_TAKER;VELVETFRUIT_EXTRACT;XIRECS;5281.0;3
72600;BOT_MAKER;BOT_TAKER;VEV_4000;XIRECS;1299.0;2
72700;SUBMISSION;BOT_TAKER;VELVETFRUIT_EXTRACT;XIRECS;5282.0;5
72700;BOT_MAKER;BOT_TAKER;VELVETFRUIT_EXTRACT;XIRECS;5281.0;2
72800;BOT_MAKER;BOT_TAKER;VELVETFRUIT_EXTRACT;XIRECS;5281.0;4
72900;BOT_MAKER;BOT_TAKER;VELVETFRUIT_EXTRACT;XIRECS;5280.0;5
73000;BOT_MAKER;BOT_TAKER;VEV_5400;XIRECS;23.0;4
73100;BOT_MAKER;BOT_TAKER;VEV_4000;XIRECS;1302.0;2
73200;BOT_TAKER;BOT_MAKER;VEV_6500;XIRECS;1.0;3
73200;BOT_TAKER;SUBMISSION;VEV_4000;XIRECS;1323.0;1
73300;BOT_MAKER;BOT_TAKER;HYDROGEL_PACK;XIRECS;9982.0;6
73300;BOT_MAKER;BOT_TAKER;VELVETFRUIT_EXTRACT;XIRECS;5278.0;4
73400;BOT_TAKER;BOT_MAKER;VELVETFRUIT_EXTRACT;XIRECS;5283.0;8
73400;BOT_MAKER;BOT_TAKER;VELVETFRUIT_EXTRACT;XIRECS;5278.0;8
73500;BOT_MAKER;BOT_TAKER;VELVETFRUIT_EXTRACT;XIRECS;5278.0;6
73500;BOT_TAKER;BOT_MAKER;VEV_5500;XIRECS;7.0;5
73600;BOT_MAKER;BOT_TAKER;VEV_5500;XIRECS;6.0;2
73800;BOT_MAKER;BOT_TAKER;VEV_4000;XIRECS;1301.0;3
73800;BOT_MAKER;BOT_TAKER;VEV_4000;XIRECS;1301.0;3
73900;BOT_MAKER;BOT_TAKER;VEV_4000;XIRECS;1303.0;3
73900;BOT_TAKER;BOT_MAKER;VEV_5500;XIRECS;7.0;2
74000;BOT_MAKER;BOT_TAKER;VELVETFRUIT_EXTRACT;XIRECS;5277.0;8
74000;BOT_TAKER;BOT_MAKER;VEV_6500;XIRECS;1.0;5
74000;SUBMISSION;BOT_TAKER;VELVETFRUIT_EXTRACT;XIRECS;5278.0;3
74100;BOT_TAKER;BOT_MAKER;HYDROGEL_PACK;XIRECS;10004.0;2
74300;BOT_MAKER;BOT_TAKER;HYDROGEL_PACK;XIRECS;9982.0;6
74300;BOT_TAKER;BOT_MAKER;VELVETFRUIT_EXTRACT;XIRECS;5282.0;3
74300;BOT_TAKER;BOT_MAKER;VEV_4000;XIRECS;1326.0;3
74300;BOT_MAKER;BOT_TAKER;VEV_5300;XIRECS;63.0;2
74400;BOT_MAKER;BOT_TAKER;VELVETFRUIT_EXTRACT;XIRECS;5277.0;3
74700;BOT_MAKER;BOT_TAKER;VEV_5500;XIRECS;6.0;5
74700;SUBMISSION;BOT_TAKER;VEV_4000;XIRECS;1303.0;2
74900;BOT_TAKER;BOT_MAKER;VEV_5300;XIRECS;66.0;4
75000;BOT_TAKER;BOT_MAKER;VELVETFRUIT_EXTRACT;XIRECS;5287.0;3
75000;BOT_TAKER;BOT_MAKER;VEV_5400;XIRECS;24.0;2
75100;BOT_TAKER;BOT_MAKER;HYDROGEL_PACK;XIRECS;9985.0;3
75200;BOT_MAKER;BOT_TAKER;VELVETFRUIT_EXTRACT;XIRECS;5282.0;4
75200;BOT_TAKER;BOT_MAKER;VEV_5500;XIRECS;6.0;5
75200;BOT_TAKER;SUBMISSION;HYDROGEL_PACK;XIRECS;9984.0;5
75300;BOT_MAKER;BOT_TAKER;HYDROGEL_PACK;XIRECS;9972.0;2
75400;SUBMISSION;BOT_TAKER;HYDROGEL_PACK;XIRECS;9972.0;5
75400;BOT_MAKER;BOT_TAKER;HYDROGEL_PACK;XIRECS;9971.0;1
75500;BOT_TAKER;BOT_MAKER;HYDROGEL_PACK;XIRECS;9987.0;6
75500;BOT_MAKER;BOT_TAKER;VELVETFRUIT_EXTRACT;XIRECS;5282.0;6
75600;BOT_MAKER;BOT_TAKER;VELVETFRUIT_EXTRACT;XIRECS;5283.0;3
75700;BOT_MAKER;BOT_TAKER;VELVETFRUIT_EXTRACT;XIRECS;5281.0;5
75700;BOT_TAKER;BOT_MAKER;VEV_6500;XIRECS;1.0;5
75800;BOT_MAKER;BOT_TAKER;VEV_6500;XIRECS;0.0;2
75800;SUBMISSION;BOT_TAKER;HYDROGEL_PACK;XIRECS;9971.0;5
75800;BOT_MAKER;BOT_TAKER;HYDROGEL_PACK;XIRECS;9970.0;1
75900;BOT_TAKER;BOT_MAKER;HYDROGEL_PACK;XIRECS;9988.0;2
75900;BOT_TAKER;BOT_MAKER;VELVETFRUIT_EXTRACT;XIRECS;5288.0;7
75900;BOT_TAKER;SUBMISSION;HYDROGEL_PACK;XIRECS;9987.0;2
76000;BOT_TAKER;BOT_MAKER;VELVETFRUIT_EXTRACT;XIRECS;5287.0;12
76000;BOT_MAKER;BOT_TAKER;VEV_4000;XIRECS;1303.0;3
76000;BOT_TAKER;SUBMISSION;VELVETFRUIT_EXTRACT;XIRECS;5286.0;5
76000;BOT_TAKER;BOT_MAKER;VELVETFRUIT_EXTRACT;XIRECS;5287.0;1
76100;BOT_MAKER;BOT_TAKER;VELVETFRUIT_EXTRACT;XIRECS;5281.0;7
76100;BOT_MAKER;BOT_TAKER;VEV_4000;XIRECS;1303.0;2
76300;BOT_MAKER;BOT_TAKER;VELVETFRUIT_EXTRACT;XIRECS;5280.0;5
76300;BOT_MAKER;BOT_TAKER;VEV_6500;XIRECS;0.0;3
76300;SUBMISSION;BOT_TAKER;VELVETFRUIT_EXTRACT;XIRECS;5281.0;5
76400;BOT_TAKER;BOT_MAKER;HYDROGEL_PACK;XIRECS;9991.0;3
76400;SUBMISSION;BOT_TAKER;VELVETFRUIT_EXTRACT;XIRECS;5279.0;5
76400;BOT_MAKER;BOT_TAKER;VELVETFRUIT_EXTRACT;XIRECS;5278.0;1
76500;BOT_MAKER;BOT_TAKER;VEV_6500;XIRECS;0.0;5
76600;BOT_TAKER;BOT_MAKER;VELVETFRUIT_EXTRACT;XIRECS;5282.0;7
76600;BOT_MAKER;BOT_TAKER;VELVETFRUIT_EXTRACT;XIRECS;5277.0;5
76800;BOT_TAKER;BOT_MAKER;VELVETFRUIT_EXTRACT;XIRECS;5280.0;6
76900;BOT_TAKER;BOT_MAKER;VELVETFRUIT_EXTRACT;XIRECS;5281.0;5
77000;BOT_MAKER;BOT_TAKER;VELVETFRUIT_EXTRACT;XIRECS;5277.0;5
77000;BOT_TAKER;BOT_MAKER;VEV_4000;XIRECS;1320.0;2
77100;BOT_MAKER;BOT_TAKER;VELVETFRUIT_EXTRACT;XIRECS;5276.0;6
77200;BOT_TAKER;SUBMISSION;HYDROGEL_PACK;XIRECS;9987.0;3
77300;BOT_TAKER;BOT_MAKER;VELVETFRUIT_EXTRACT;XIRECS;5281.0;4
77300;BOT_MAKER;BOT_TAKER;VEV_4000;XIRECS;1297.0;3
77500;BOT_TAKER;BOT_MAKER;HYDROGEL_PACK;XIRECS;9988.0;3
77600;BOT_MAKER;BOT_TAKER;HYDROGEL_PACK;XIRECS;9972.0;3
77600;BOT_TAKER;BOT_MAKER;VEV_5300;XIRECS;68.0;4
77700;BOT_TAKER;BOT_MAKER;VELVETFRUIT_EXTRACT;XIRECS;5281.0;3
77800;BOT_MAKER;BOT_TAKER;VEV_5300;XIRECS;64.0;2
77800;BOT_MAKER;BOT_TAKER;VEV_5500;XIRECS;5.0;2
77800;BOT_TAKER;SUBMISSION;VELVETFRUIT_EXTRACT;XIRECS;5280.0;5
77800;BOT_TAKER;BOT_MAKER;VELVETFRUIT_EXTRACT;XIRECS;5281.0;3
77900;BOT_TAKER;BOT_MAKER;HYDROGEL_PACK;XIRECS;9991.0;3
77900;SUBMISSION;BOT_TAKER;VELVETFRUIT_EXTRACT;XIRECS;5276.0;4
78000;BOT_TAKER;BOT_MAKER;VEV_4000;XIRECS;1317.0;2
78000;SUBMISSION;BOT_TAKER;VEV_4000;XIRECS;1296.0;2
78300;BOT_TAKER;BOT_MAKER;VELVETFRUIT_EXTRACT;XIRECS;5285.0;8
78500;BOT_TAKER;BOT_MAKER;VEV_5500;XIRECS;6.0;2
78600;BOT_MAKER;BOT_TAKER;VEV_5400;XIRECS;22.0;3
78700;BOT_TAKER;BOT_MAKER;VELVETFRUIT_EXTRACT;XIRECS;5283.0;5
78800;BOT_TAKER;BOT_MAKER;VELVETFRUIT_EXTRACT;XIRECS;5282.0;6
78800;BOT_MAKER;BOT_TAKER;VEV_5400;XIRECS;22.0;2
78900;BOT_TAKER;BOT_MAKER;VEV_6500;XIRECS;1.0;5
79000;BOT_TAKER;SUBMISSION;VEV_4000;XIRECS;1318.0;1
79100;BOT_MAKER;BOT_TAKER;VELVETFRUIT_EXTRACT;XIRECS;5274.0;5
79200;BOT_MAKER;BOT_TAKER;HYDROGEL_PACK;XIRECS;9974.0;2
79200;BOT_MAKER;BOT_TAKER;VELVETFRUIT_EXTRACT;XIRECS;5273.0;10
79200;SUBMISSION;BOT_TAKER;HYDROGEL_PACK;XIRECS;9975.0;2
79400;BOT_TAKER;BOT_MAKER;VEV_4000;XIRECS;1319.0;3
79400;BOT_TAKER;BOT_MAKER;VEV_5400;XIRECS;24.0;5
79800;BOT_TAKER;BOT_MAKER;VELVETFRUIT_EXTRACT;XIRECS;5280.0;5
79900;BOT_TAKER;BOT_MAKER;HYDROGEL_PACK;XIRECS;9993.0;2
80100;BOT_MAKER;BOT_TAKER;HYDROGEL_PACK;XIRECS;9980.0;4
80300;BOT_TAKER;SUBMISSION;VEV_4000;XIRECS;1312.0;1
80400;BOT_MAKER;BOT_TAKER;VEV_4000;XIRECS;1291.0;3
80500;BOT_TAKER;BOT_MAKER;VELVETFRUIT_EXTRACT;XIRECS;5280.0;10
80600;BOT_MAKER;BOT_TAKER;VELVETFRUIT_EXTRACT;XIRECS;5275.0;6
80600;BOT_TAKER;BOT_MAKER;VEV_5500;XIRECS;6.0;2
80800;BOT_MAKER;BOT_TAKER;VEV_5500;XIRECS;5.0;2
81000;BOT_TAKER;BOT_MAKER;VEV_4000;XIRECS;1315.0;2
81000;BOT_MAKER;BOT_TAKER;VEV_5400;XIRECS;22.0;5
81100;BOT_TAKER;BOT_MAKER;VELVETFRUIT_EXTRACT;XIRECS;5279.0;3
81200;BOT_MAKER;BOT_TAKER;VEV_6000;XIRECS;0.0;4
81300;BOT_MAKER;BOT_TAKER;VEV_6500;XIRECS;0.0;2
81300;BOT_TAKER;SUBMISSION;VEV_4000;XIRECS;1314.0;3
81400;BOT_TAKER;BOT_MAKER;VELVETFRUIT_EXTRACT;XIRECS;5275.0;5
81500;BOT_TAKER;BOT_MAKER;HYDROGEL_PACK;XIRECS;9996.0;6
81500;BOT_TAKER;BOT_MAKER;VEV_5500;XIRECS;6.0;2
81500;BOT_TAKER;BOT_MAKER;VEV_6000;XIRECS;1.0;4
81600;SUBMISSION;BOT_TAKER;VELVETFRUIT_EXTRACT;XIRECS;5271.0;5
81700;BOT_MAKER;BOT_TAKER;HYDROGEL_PACK;XIRECS;9979.0;2
81700;BOT_TAKER;BOT_MAKER;VELVETFRUIT_EXTRACT;XIRECS;5275.0;3
81700;BOT_TAKER;BOT_MAKER;VEV_5300;XIRECS;65.0;4
81700;SUBMISSION;BOT_TAKER;VEV_4000;XIRECS;1295.0;1
81800;BOT_TAKER;BOT_MAKER;VEV_4000;XIRECS;1316.0;1
81800;SUBMISSION;BOT_TAKER;HYDROGEL_PACK;XIRECS;9984.0;5
81800;BOT_MAKER;BOT_TAKER;HYDROGEL_PACK;XIRECS;9983.0;1
81900;BOT_MAKER;BOT_TAKER;HYDROGEL_PACK;XIRECS;9985.0;6
81900;BOT_TAKER;BOT_MAKER;VELVETFRUIT_EXTRACT;XIRECS;5274.0;8
81900;BOT_TAKER;BOT_MAKER;VEV_6500;XIRECS;1.0;5
82000;BOT_TAKER;BOT_MAKER;VEV_5400;XIRECS;24.0;5
82100;BOT_MAKER;BOT_TAKER;HYDROGEL_PACK;XIRECS;9983.0;2
82100;BOT_TAKER;BOT_MAKER;VEV_5400;XIRECS;24.0;3
82200;BOT_TAKER;BOT_MAKER;VEV_5400;XIRECS;23.0;4
82300;BOT_MAKER;BOT_TAKER;VEV_4000;XIRECS;1296.0;3
82300;BOT_TAKER;SUBMISSION;HYDROGEL_PACK;XIRECS;10000.0;3
82400;BOT_MAKER;BOT_TAKER;VELVETFRUIT_EXTRACT;XIRECS;5267.0;4
82500;BOT_TAKER;BOT_MAKER;HYDROGEL_PACK;XIRECS;10000.0;4
82500;BOT_TAKER;BOT_MAKER;VELVETFRUIT_EXTRACT;XIRECS;5273.0;5
82500;BOT_TAKER;BOT_MAKER;VEV_5200;XIRECS;118.0;1
82600;BOT_MAKER;BOT_TAKER;HYDROGEL_PACK;XIRECS;9981.0;5
82600;BOT_TAKER;BOT_MAKER;VELVETFRUIT_EXTRACT;XIRECS;5272.0;6
82600;SUBMISSION;BOT_TAKER;HYDROGEL_PACK;XIRECS;9982.0;3
82700;BOT_MAKER;BOT_TAKER;HYDROGEL_PACK;XIRECS;9981.0;4
82700;BOT_MAKER;BOT_TAKER;VELVETFRUIT_EXTRACT;XIRECS;5265.0;7
82800;BOT_MAKER;BOT_TAKER;VEV_6500;XIRECS;0.0;4
83000;BOT_MAKER;BOT_TAKER;VEV_5400;XIRECS;21.0;4
83100;BOT_MAKER;BOT_TAKER;VELVETFRUIT_EXTRACT;XIRECS;5265.0;7
83200;BOT_TAKER;BOT_MAKER;HYDROGEL_PACK;XIRECS;10003.0;4
83300;BOT_MAKER;BOT_TAKER;HYDROGEL_PACK;XIRECS;9990.0;3
83300;BOT_TAKER;BOT_MAKER;VELVETFRUIT_EXTRACT;XIRECS;5272.0;5
83300;BOT_TAKER;BOT_MAKER;VEV_5400;XIRECS;22.0;5
83400;BOT_TAKER;BOT_MAKER;VEV_4000;XIRECS;1320.0;2
83400;BOT_MAKER;BOT_TAKER;VEV_6000;XIRECS;0.0;5
83500;BOT_MAKER;BOT_TAKER;VEV_6000;XIRECS;0.0;2
83500;BOT_TAKER;SUBMISSION;HYDROGEL_PACK;XIRECS;10004.0;3
83600;BOT_TAKER;BOT_MAKER;VEV_6000;XIRECS;1.0;5
83700;BOT_TAKER;BOT_MAKER;VELVETFRUIT_EXTRACT;XIRECS;5269.0;4
83800;BOT_MAKER;BOT_TAKER;HYDROGEL_PACK;XIRECS;9987.0;5
83900;BOT_MAKER;BOT_TAKER;VEV_4000;XIRECS;1295.0;1
84000;BOT_MAKER;BOT_TAKER;HYDROGEL_PACK;XIRECS;9992.0;4
84000;BOT_MAKER;BOT_TAKER;VEV_5300;XIRECS;64.0;5
84100;BOT_TAKER;BOT_MAKER;VEV_5300;XIRECS;66.0;4
84100;BOT_MAKER;BOT_TAKER;VEV_5400;XIRECS;21.0;5
84100;BOT_MAKER;BOT_TAKER;VEV_6000;XIRECS;0.0;4
84100;BOT_TAKER;SUBMISSION;HYDROGEL_PACK;XIRECS;10006.0;5
84100;BOT_TAKER;BOT_MAKER;HYDROGEL_PACK;XIRECS;10007.0;1
84200;BOT_TAKER;BOT_MAKER;VELVETFRUIT_EXTRACT;XIRECS;5266.0;5
84300;BOT_TAKER;BOT_MAKER;HYDROGEL_PACK;XIRECS;10010.0;2
84300;BOT_TAKER;BOT_MAKER;VELVETFRUIT_EXTRACT;XIRECS;5265.0;13
84300;BOT_TAKER;BOT_MAKER;VEV_5500;XIRECS;7.0;4
84300;BOT_MAKER;BOT_TAKER;VEV_6000;XIRECS;0.0;4
84400;BOT_MAKER;BOT_TAKER;VELVETFRUIT_EXTRACT;XIRECS;5262.0;4
84500;BOT_MAKER;BOT_TAKER;HYDROGEL_PACK;XIRECS;9996.0;5
84500;BOT_TAKER;BOT_MAKER;VEV_6000;XIRECS;1.0;2
84500;SUBMISSION;BOT_TAKER;VELVETFRUIT_EXTRACT;XIRECS;5262.0;3
84600;BOT_TAKER;BOT_MAKER;VELVETFRUIT_EXTRACT;XIRECS;5266.0;8
84700;BOT_TAKER;BOT_MAKER;HYDROGEL_PACK;XIRECS;10013.0;6
84700;BOT_TAKER;BOT_MAKER;VELVETFRUIT_EXTRACT;XIRECS;5267.0;7
84900;BOT_MAKER;BOT_TAKER;VEV_4000;XIRECS;1297.0;2
85000;BOT_TAKER;BOT_MAKER;HYDROGEL_PACK;XIRECS;10012.0;5
85000;BOT_TAKER;BOT_MAKER;VEV_5300;XIRECS;66.0;4
85000;SUBMISSION;BOT_TAKER;VEV_4000;XIRECS;1297.0;3
85100;SUBMISSION;BOT_TAKER;VELVETFRUIT_EXTRACT;XIRECS;5264.0;3
85200;BOT_TAKER;BOT_MAKER;VEV_5500;XIRECS;7.0;2
85300;BOT_MAKER;BOT_TAKER;VELVETFRUIT_EXTRACT;XIRECS;5263.0;9
85300;BOT_MAKER;BOT_TAKER;VEV_5300;XIRECS;65.0;3
85400;BOT_TAKER;BOT_MAKER;VEV_4000;XIRECS;1315.0;2
85500;BOT_TAKER;BOT_MAKER;VEV_4000;XIRECS;1315.0;2
85500;SUBMISSION;BOT_TAKER;VELVETFRUIT_EXTRACT;XIRECS;5267.0;5
85500;BOT_MAKER;BOT_TAKER;VELVETFRUIT_EXTRACT;XIRECS;5266.0;3
85700;BOT_MAKER;BOT_TAKER;VEV_4000;XIRECS;1291.0;3
85900;BOT_MAKER;BOT_TAKER;HYDROGEL_PACK;XIRECS;9999.0;2
85900;BOT_MAKER;BOT_TAKER;VELVETFRUIT_EXTRACT;XIRECS;5269.0;4
85900;BOT_MAKER;BOT_TAKER;VEV_6500;XIRECS;0.0;2
86000;BOT_MAKER;BOT_TAKER;HYDROGEL_PACK;XIRECS;10003.0;5
86000;BOT_TAKER;BOT_MAKER;VELVETFRUIT_EXTRACT;XIRECS;5274.0;5
86000;BOT_TAKER;BOT_MAKER;VEV_4000;XIRECS;1313.0;3
86100;BOT_TAKER;BOT_MAKER;HYDROGEL_PACK;XIRECS;10022.0;4
86100;BOT_MAKER;BOT_TAKER;VEV_6500;XIRECS;0.0;2
86200;BOT_MAKER;BOT_TAKER;HYDROGEL_PACK;XIRECS;10004.0;2
86200;SUBMISSION;BOT_TAKER;VELVETFRUIT_EXTRACT;XIRECS;5270.0;5
86200;BOT_MAKER;BOT_TAKER;VELVETFRUIT_EXTRACT;XIRECS;5269.0;1
86300;BOT_TAKER;BOT_MAKER;VELVETFRUIT_EXTRACT;XIRECS;5275.0;4
86400;BOT_TAKER;BOT_MAKER;VELVETFRUIT_EXTRACT;XIRECS;5274.0;8
86500;BOT_MAKER;BOT_TAKER;VEV_6500;XIRECS;0.0;2
86600;BOT_TAKER;BOT_MAKER;VEV_4000;XIRECS;1311.0;1
86600;BOT_TAKER;BOT_MAKER;VEV_5400;XIRECS;22.0;2
86800;BOT_TAKER;BOT_MAKER;VELVETFRUIT_EXTRACT;XIRECS;5276.0;7
86900;BOT_TAKER;BOT_MAKER;VELVETFRUIT_EXTRACT;XIRECS;5277.0;4
87000;BOT_TAKER;BOT_MAKER;VELVETFRUIT_EXTRACT;XIRECS;5277.0;4
87000;BOT_MAKER;BOT_TAKER;VEV_6000;XIRECS;0.0;4
87100;BOT_MAKER;BOT_TAKER;VELVETFRUIT_EXTRACT;XIRECS;5271.0;3
87200;BOT_TAKER;BOT_MAKER;VEV_5400;XIRECS;24.0;3
87200;SUBMISSION;BOT_TAKER;HYDROGEL_PACK;XIRECS;10006.0;5
87300;BOT_TAKER;BOT_MAKER;VELVETFRUIT_EXTRACT;XIRECS;5278.0;3
87300;BOT_TAKER;BOT_MAKER;VEV_5400;XIRECS;24.0;4
87500;BOT_TAKER;BOT_MAKER;VEV_6500;XIRECS;1.0;2
87600;BOT_TAKER;BOT_MAKER;VELVETFRUIT_EXTRACT;XIRECS;5279.0;5
87600;SUBMISSION;BOT_TAKER;VELVETFRUIT_EXTRACT;XIRECS;5275.0;5
87600;BOT_MAKER;BOT_TAKER;VELVETFRUIT_EXTRACT;XIRECS;5274.0;2
87800;BOT_MAKER;BOT_TAKER;VELVETFRUIT_EXTRACT;XIRECS;5274.0;4
87900;BOT_TAKER;BOT_MAKER;HYDROGEL_PACK;XIRECS;10020.0;2
87900;BOT_TAKER;BOT_MAKER;VELVETFRUIT_EXTRACT;XIRECS;5280.0;7
88000;BOT_TAKER;BOT_MAKER;HYDROGEL_PACK;XIRECS;10019.0;4
88000;BOT_TAKER;BOT_MAKER;VELVETFRUIT_EXTRACT;XIRECS;5283.0;7
88000;BOT_TAKER;BOT_MAKER;VEV_6000;XIRECS;1.0;5
88100;BOT_MAKER;BOT_TAKER;VELVETFRUIT_EXTRACT;XIRECS;5276.0;4
88100;BOT_MAKER;BOT_TAKER;VEV_6000;XIRECS;0.0;4
88200;BOT_TAKER;BOT_MAKER;VEV_4000;XIRECS;1313.0;1
88300;BOT_TAKER;BOT_MAKER;HYDROGEL_PACK;XIRECS;10016.0;5
88300;BOT_TAKER;BOT_MAKER;VEV_4000;XIRECS;1314.0;1
88300;BOT_TAKER;BOT_MAKER;VEV_6500;XIRECS;1.0;4
88400;BOT_TAKER;BOT_MAKER;VELVETFRUIT_EXTRACT;XIRECS;5281.0;5
88400;BOT_TAKER;BOT_MAKER;VELVETFRUIT_EXTRACT;XIRECS;5281.0;7
88400;BOT_MAKER;BOT_TAKER;VEV_4000;XIRECS;1292.0;2
88400;BOT_TAKER;SUBMISSION;VELVETFRUIT_EXTRACT;XIRECS;5280.0;3
88500;BOT_TAKER;BOT_MAKER;HYDROGEL_PACK;XIRECS;10019.0;4
88500;BOT_TAKER;BOT_MAKER;VELVETFRUIT_EXTRACT;XIRECS;5280.0;7
88500;BOT_MAKER;BOT_TAKER;VELVETFRUIT_EXTRACT;XIRECS;5274.0;5
88500;BOT_MAKER;BOT_TAKER;VEV_6500;XIRECS;0.0;2
88600;BOT_TAKER;BOT_MAKER;HYDROGEL_PACK;XIRECS;10018.0;5
88700;BOT_TAKER;BOT_MAKER;VELVETFRUIT_EXTRACT;XIRECS;5282.0;4
88700;BOT_MAKER;BOT_TAKER;VEV_5300;XIRECS;67.0;4
88800;BOT_MAKER;BOT_TAKER;HYDROGEL_PACK;XIRECS;9999.0;5
88800;BOT_TAKER;BOT_MAKER;VELVETFRUIT_EXTRACT;XIRECS;5281.0;6
88800;BOT_MAKER;BOT_TAKER;VEV_6000;XIRECS;0.0;4
88900;BOT_MAKER;BOT_TAKER;VEV_4000;XIRECS;1292.0;2
89000;BOT_MAKER;BOT_TAKER;VEV_4000;XIRECS;1291.0;3
89100;BOT_MAKER;BOT_TAKER;VELVETFRUIT_EXTRACT;XIRECS;5277.0;8
89100;BOT_MAKER;BOT_TAKER;VELVETFRUIT_EXTRACT;XIRECS;5277.0;8
89100;BOT_TAKER;SUBMISSION;VELVETFRUIT_EXTRACT;XIRECS;5282.0;5
89100;BOT_TAKER;BOT_MAKER;VELVETFRUIT_EXTRACT;XIRECS;5283.0;3
89200;BOT_TAKER;BOT_MAKER;VEV_4000;XIRECS;1313.0;3
89200;BOT_MAKER;BOT_TAKER;VEV_5400;XIRECS;23.0;5
89300;BOT_MAKER;BOT_TAKER;HYDROGEL_PACK;XIRECS;10001.0;5
89400;SUBMISSION;BOT_TAKER;VELVETFRUIT_EXTRACT;XIRECS;5278.0;5
89400;BOT_MAKER;BOT_TAKER;VELVETFRUIT_EXTRACT;XIRECS;5277.0;2
89600;BOT_TAKER;BOT_MAKER;HYDROGEL_PACK;XIRECS;10021.0;3
89600;BOT_TAKER;BOT_MAKER;VELVETFRUIT_EXTRACT;XIRECS;5284.0;6
89700;BOT_MAKER;BOT_TAKER;VELVETFRUIT_EXTRACT;XIRECS;5278.0;8
89900;BOT_TAKER;BOT_MAKER;VEV_4000;XIRECS;1315.0;1
90000;BOT_MAKER;BOT_TAKER;VELVETFRUIT_EXTRACT;XIRECS;5281.0;8
90100;BOT_MAKER;BOT_TAKER;VELVETFRUIT_EXTRACT;XIRECS;5282.0;5
90200;BOT_MAKER;BOT_TAKER;VEV_5400;XIRECS;21.0;4
90700;BOT_TAKER;BOT_MAKER;HYDROGEL_PACK;XIRECS;10023.0;4
90700;BOT_TAKER;BOT_MAKER;VELVETFRUIT_EXTRACT;XIRECS;5285.0;8
90700;BOT_TAKER;SUBMISSION;HYDROGEL_PACK;XIRECS;10022.0;4
90800;BOT_TAKER;BOT_MAKER;HYDROGEL_PACK;XIRECS;10020.0;5
90800;BOT_TAKER;SUBMISSION;VELVETFRUIT_EXTRACT;XIRECS;5286.0;5
90800;BOT_TAKER;BOT_MAKER;VELVETFRUIT_EXTRACT;XIRECS;5287.0;1
90900;BOT_MAKER;BOT_TAKER;VELVETFRUIT_EXTRACT;XIRECS;5281.0;4
90900;SUBMISSION;BOT_TAKER;VEV_4000;XIRECS;1292.0;2
91000;BOT_MAKER;BOT_TAKER;VEV_5400;XIRECS;21.0;4
91100;BOT_TAKER;BOT_MAKER;VELVETFRUIT_EXTRACT;XIRECS;5286.0;7
91100;BOT_TAKER;SUBMISSION;HYDROGEL_PACK;XIRECS;10016.0;5
91100;BOT_TAKER;BOT_MAKER;HYDROGEL_PACK;XIRECS;10017.0;1
91200;BOT_MAKER;BOT_TAKER;VEV_6500;XIRECS;0.0;2
91300;BOT_MAKER;BOT_TAKER;HYDROGEL_PACK;XIRECS;9999.0;3
91400;BOT_TAKER;BOT_MAKER;VELVETFRUIT_EXTRACT;XIRECS;5285.0;3
91500;BOT_TAKER;BOT_MAKER;VELVETFRUIT_EXTRACT;XIRECS;5284.0;10
91700;BOT_MAKER;BOT_TAKER;VEV_6000;XIRECS;0.0;5
91700;SUBMISSION;BOT_TAKER;VELVETFRUIT_EXTRACT;XIRECS;5280.0;5
91700;BOT_MAKER;BOT_TAKER;VELVETFRUIT_EXTRACT;XIRECS;5279.0;2
91800;BOT_TAKER;BOT_MAKER;VELVETFRUIT_EXTRACT;XIRECS;5285.0;8
91800;SUBMISSION;BOT_TAKER;VELVETFRUIT_EXTRACT;XIRECS;5280.0;4
91900;BOT_MAKER;BOT_TAKER;VELVETFRUIT_EXTRACT;XIRECS;5280.0;6
91900;BOT_TAKER;BOT_MAKER;VELVETFRUIT_EXTRACT;XIRECS;5285.0;8
91900;BOT_TAKER;BOT_MAKER;VEV_6500;XIRECS;1.0;3
92000;BOT_TAKER;BOT_MAKER;VELVETFRUIT_EXTRACT;XIRECS;5286.0;6
92200;BOT_TAKER;BOT_MAKER;HYDROGEL_PACK;XIRECS;10018.0;3
92200;BOT_TAKER;BOT_MAKER;VELVETFRUIT_EXTRACT;XIRECS;5287.0;10
92200;BOT_MAKER;BOT_TAKER;VEV_6500;XIRECS;0.0;3
92300;BOT_MAKER;BOT_TAKER;HYDROGEL_PACK;XIRECS;10001.0;4
92300;BOT_TAKER;BOT_MAKER;VELVETFRUIT_EXTRACT;XIRECS;5289.0;10
92300;BOT_TAKER;BOT_MAKER;VEV_5500;XIRECS;8.0;2
92300;SUBMISSION;BOT_TAKER;HYDROGEL_PACK;XIRECS;10002.0;5
92400;BOT_TAKER;BOT_MAKER;HYDROGEL_PACK;XIRECS;10017.0;5
92400;BOT_TAKER;SUBMISSION;VEV_4000;XIRECS;1317.0;2
92500;BOT_MAKER;BOT_TAKER;VELVETFRUIT_EXTRACT;XIRECS;5283.0;3
92500;BOT_TAKER;BOT_MAKER;VEV_4000;XIRECS;1319.0;1
92500;BOT_TAKER;BOT_MAKER;VEV_5400;XIRECS;23.0;2
92600;BOT_TAKER;BOT_MAKER;HYDROGEL_PACK;XIRECS;10018.0;3
92600;BOT_TAKER;SUBMISSION;VEV_4000;XIRECS;1319.0;1
92700;BOT_MAKER;BOT_TAKER;VELVETFRUIT_EXTRACT;XIRECS;5282.0;4
92800;BOT_TAKER;BOT_MAKER;HYDROGEL_PACK;XIRECS;10018.0;6
92800;BOT_MAKER;BOT_TAKER;VELVETFRUIT_EXTRACT;XIRECS;5281.0;3
92900;BOT_MAKER;BOT_TAKER;VELVETFRUIT_EXTRACT;XIRECS;5281.0;3
92900;BOT_TAKER;BOT_MAKER;VEV_5300;XIRECS;68.0;5
92900;SUBMISSION;BOT_TAKER;VELVETFRUIT_EXTRACT;XIRECS;5282.0;5
93100;BOT_TAKER;BOT_MAKER;VELVETFRUIT_EXTRACT;XIRECS;5286.0;5
93200;BOT_TAKER;BOT_MAKER;VEV_5500;XIRECS;7.0;5
93200;BOT_TAKER;SUBMISSION;HYDROGEL_PACK;XIRECS;10015.0;5
93200;BOT_TAKER;BOT_MAKER;HYDROGEL_PACK;XIRECS;10016.0;1
93300;BOT_TAKER;BOT_MAKER;HYDROGEL_PACK;XIRECS;10015.0;5
93300;BOT_TAKER;BOT_MAKER;VELVETFRUIT_EXTRACT;XIRECS;5286.0;6
93300;BOT_TAKER;BOT_MAKER;VELVETFRUIT_EXTRACT;XIRECS;5286.0;15
93300;BOT_MAKER;BOT_TAKER;VEV_4000;XIRECS;1294.0;1
93300;BOT_TAKER;BOT_MAKER;VEV_6500;XIRECS;1.0;2
93400;BOT_MAKER;BOT_TAKER;HYDROGEL_PACK;XIRECS;10000.0;5
93400;BOT_MAKER;BOT_TAKER;VEV_6500;XIRECS;0.0;3
93800;SUBMISSION;BOT_TAKER;VELVETFRUIT_EXTRACT;XIRECS;5282.0;4
93900;BOT_TAKER;BOT_MAKER;HYDROGEL_PACK;XIRECS;10017.0;5
93900;BOT_MAKER;BOT_TAKER;VELVETFRUIT_EXTRACT;XIRECS;5282.0;10
93900;BOT_TAKER;BOT_MAKER;VEV_5300;XIRECS;68.0;5
93900;BOT_MAKER;BOT_TAKER;VEV_6500;XIRECS;0.0;4
94000;BOT_MAKER;BOT_TAKER;HYDROGEL_PACK;XIRECS;10002.0;6
94000;BOT_MAKER;BOT_TAKER;VEV_6000;XIRECS;0.0;3
94100;BOT_TAKER;BOT_MAKER;HYDROGEL_PACK;XIRECS;10018.0;4
94100;BOT_MAKER;BOT_TAKER;VELVETFRUIT_EXTRACT;XIRECS;5283.0;5
94100;BOT_TAKER;BOT_MAKER;VEV_6500;XIRECS;1.0;4
94200;BOT_TAKER;BOT_MAKER;HYDROGEL_PACK;XIRECS;10020.0;5
94200;BOT_TAKER;BOT_MAKER;VEV_6000;XIRECS;1.0;3
94200;SUBMISSION;BOT_TAKER;VELVETFRUIT_EXTRACT;XIRECS;5283.0;5
94200;BOT_MAKER;BOT_TAKER;VELVETFRUIT_EXTRACT;XIRECS;5282.0;4
94300;BOT_MAKER;BOT_TAKER;HYDROGEL_PACK;XIRECS;10006.0;3
94300;BOT_MAKER;BOT_TAKER;VELVETFRUIT_EXTRACT;XIRECS;5282.0;5
94400;BOT_MAKER;BOT_TAKER;VELVETFRUIT_EXTRACT;XIRECS;5281.0;5
94400;BOT_MAKER;BOT_TAKER;VELVETFRUIT_EXTRACT;XIRECS;5281.0;6
94400;BOT_TAKER;BOT_MAKER;VEV_4000;XIRECS;1319.0;1
94400;BOT_MAKER;BOT_TAKER;VEV_6000;XIRECS;0.0;2
94500;BOT_TAKER;SUBMISSION;VELVETFRUIT_EXTRACT;XIRECS;5287.0;4
94600;BOT_MAKER;BOT_TAKER;VEV_5300;XIRECS;66.0;2
94700;BOT_TAKER;BOT_MAKER;HYDROGEL_PACK;XIRECS;10022.0;5
94700;BOT_MAKER;BOT_TAKER;VELVETFRUIT_EXTRACT;XIRECS;5281.0;3
94900;BOT_MAKER;BOT_TAKER;HYDROGEL_PACK;XIRECS;10005.0;6
94900;BOT_MAKER;BOT_TAKER;VELVETFRUIT_EXTRACT;XIRECS;5281.0;3
94900;BOT_TAKER;BOT_MAKER;VEV_4000;XIRECS;1320.0;3
95000;BOT_MAKER;BOT_TAKER;VELVETFRUIT_EXTRACT;XIRECS;5283.0;3
95000;BOT_TAKER;BOT_MAKER;VEV_5300;XIRECS;69.0;3
95100;BOT_TAKER;BOT_MAKER;HYDROGEL_PACK;XIRECS;10021.0;2
95100;BOT_TAKER;BOT_MAKER;VELVETFRUIT_EXTRACT;XIRECS;5286.0;5
95100;BOT_MAKER;BOT_TAKER;VELVETFRUIT_EXTRACT;XIRECS;5281.0;5
95300;BOT_MAKER;BOT_TAKER;HYDROGEL_PACK;XIRECS;10005.0;2
95400;BOT_TAKER;BOT_MAKER;VELVETFRUIT_EXTRACT;XIRECS;5287.0;3
95400;BOT_MAKER;BOT_TAKER;VELVETFRUIT_EXTRACT;XIRECS;5283.0;7
95600;BOT_TAKER;SUBMISSION;HYDROGEL_PACK;XIRECS;10017.0;5
95600;BOT_TAKER;BOT_MAKER;HYDROGEL_PACK;XIRECS;10018.0;1
95600;BOT_TAKER;SUBMISSION;VELVETFRUIT_EXTRACT;XIRECS;5288.0;5
95700;BOT_TAKER;BOT_MAKER;VEV_4000;XIRECS;1322.0;3
95700;BOT_TAKER;BOT_MAKER;VEV_6500;XIRECS;1.0;5
95700;SUBMISSION;BOT_TAKER;VELVETFRUIT_EXTRACT;XIRECS;5284.0;5
95800;BOT_TAKER;BOT_MAKER;VEV_6500;XIRECS;1.0;2
95800;SUBMISSION;BOT_TAKER;HYDROGEL_PACK;XIRECS;10003.0;2
95900;BOT_MAKER;BOT_TAKER;VELVETFRUIT_EXTRACT;XIRECS;5281.0;7
96000;BOT_MAKER;BOT_TAKER;HYDROGEL_PACK;XIRECS;10004.0;4
96000;BOT_TAKER;BOT_MAKER;VELVETFRUIT_EXTRACT;XIRECS;5286.0;8
96100;BOT_TAKER;BOT_MAKER;HYDROGEL_PACK;XIRECS;10020.0;2
96200;BOT_TAKER;SUBMISSION;VELVETFRUIT_EXTRACT;XIRECS;5284.0;5
96200;BOT_TAKER;BOT_MAKER;VELVETFRUIT_EXTRACT;XIRECS;5285.0;1
96300;BOT_MAKER;BOT_TAKER;VEV_4000;XIRECS;1299.0;2
96300;BOT_MAKER;BOT_TAKER;VEV_5500;XIRECS;7.0;5
96300;BOT_MAKER;BOT_TAKER;VEV_6500;XIRECS;0.0;5
96300;SUBMISSION;BOT_TAKER;HYDROGEL_PACK;XIRECS;10002.0;5
96400;BOT_TAKER;BOT_MAKER;VEV_5400;XIRECS;21.0;3
96500;BOT_TAKER;BOT_MAKER;VELVETFRUIT_EXTRACT;XIRECS;5287.0;4
96500;BOT_MAKER;BOT_TAKER;VEV_5400;XIRECS;20.0;2
96700;BOT_TAKER;BOT_MAKER;HYDROGEL_PACK;XIRECS;10024.0;2
96700;BOT_MAKER;BOT_TAKER;VELVETFRUIT_EXTRACT;XIRECS;5280.0;6
96700;BOT_MAKER;BOT_TAKER;VELVETFRUIT_EXTRACT;XIRECS;5280.0;8
96700;BOT_TAKER;BOT_MAKER;VEV_5300;XIRECS;68.0;5
96700;BOT_MAKER;BOT_TAKER;VEV_5400;XIRECS;21.0;2
96700;BOT_MAKER;BOT_TAKER;VEV_6500;XIRECS;0.0;2
96800;BOT_MAKER;BOT_TAKER;VELVETFRUIT_EXTRACT;XIRECS;5280.0;7
96900;SUBMISSION;BOT_TAKER;VEV_4000;XIRECS;1300.0;2
97000;BOT_TAKER;BOT_MAKER;VELVETFRUIT_EXTRACT;XIRECS;5286.0;7
97100;BOT_MAKER;BOT_TAKER;VELVETFRUIT_EXTRACT;XIRECS;5282.0;7
97100;BOT_TAKER;BOT_MAKER;VELVETFRUIT_EXTRACT;XIRECS;5287.0;8
97100;BOT_TAKER;BOT_MAKER;VEV_5300;XIRECS;69.0;4
97200;BOT_TAKER;BOT_MAKER;HYDROGEL_PACK;XIRECS;10027.0;4
97200;BOT_TAKER;BOT_MAKER;VEV_5400;XIRECS;22.0;3
97300;BOT_MAKER;BOT_TAKER;VEV_4000;XIRECS;1299.0;3
97300;BOT_TAKER;BOT_MAKER;VEV_5500;XIRECS;8.0;4
97400;BOT_MAKER;BOT_TAKER;VEV_6500;XIRECS;0.0;2
97400;SUBMISSION;BOT_TAKER;VELVETFRUIT_EXTRACT;XIRECS;5283.0;5
97400;BOT_MAKER;BOT_TAKER;VELVETFRUIT_EXTRACT;XIRECS;5282.0;3
97500;BOT_MAKER;BOT_TAKER;HYDROGEL_PACK;XIRECS;10011.0;5
97500;BOT_TAKER;BOT_MAKER;VELVETFRUIT_EXTRACT;XIRECS;5288.0;3
97700;BOT_MAKER;BOT_TAKER;HYDROGEL_PACK;XIRECS;10010.0;3
97700;BOT_TAKER;SUBMISSION;HYDROGEL_PACK;XIRECS;10025.0;5
97700;BOT_TAKER;BOT_MAKER;HYDROGEL_PACK;XIRECS;10026.0;1
97800;BOT_MAKER;BOT_TAKER;HYDROGEL_PACK;XIRECS;10010.0;4
97800;BOT_TAKER;BOT_MAKER;VELVETFRUIT_EXTRACT;XIRECS;5286.0;4
97800;BOT_MAKER;BOT_TAKER;VEV_5400;XIRECS;20.0;2
97900;BOT_MAKER;BOT_TAKER;VELVETFRUIT_EXTRACT;XIRECS;5281.0;4
98000;BOT_MAKER;BOT_TAKER;HYDROGEL_PACK;XIRECS;10010.0;3
98000;BOT_MAKER;BOT_TAKER;VELVETFRUIT_EXTRACT;XIRECS;5281.0;5
98100;BOT_MAKER;BOT_TAKER;VELVETFRUIT_EXTRACT;XIRECS;5283.0;6
98100;BOT_TAKER;BOT_MAKER;VELVETFRUIT_EXTRACT;XIRECS;5288.0;6
98100;BOT_TAKER;SUBMISSION;HYDROGEL_PACK;XIRECS;10025.0;2
98200;BOT_TAKER;BOT_MAKER;VELVETFRUIT_EXTRACT;XIRECS;5288.0;4
98300;BOT_TAKER;BOT_MAKER;VELVETFRUIT_EXTRACT;XIRECS;5288.0;8
98400;BOT_TAKER;BOT_MAKER;VELVETFRUIT_EXTRACT;XIRECS;5288.0;4
98500;BOT_MAKER;BOT_TAKER;VEV_5400;XIRECS;20.0;3
98600;BOT_MAKER;BOT_TAKER;HYDROGEL_PACK;XIRECS;10010.0;3
98600;BOT_MAKER;BOT_TAKER;VEV_5500;XIRECS;6.0;3
98600;SUBMISSION;BOT_TAKER;HYDROGEL_PACK;XIRECS;10011.0;5
98600;BOT_MAKER;BOT_TAKER;HYDROGEL_PACK;XIRECS;10010.0;1
98700;BOT_MAKER;BOT_TAKER;HYDROGEL_PACK;XIRECS;10011.0;5
98700;BOT_TAKER;BOT_MAKER;VELVETFRUIT_EXTRACT;XIRECS;5288.0;9
98700;BOT_MAKER;BOT_TAKER;VEV_6500;XIRECS;0.0;4
98800;BOT_TAKER;BOT_MAKER;HYDROGEL_PACK;XIRECS;10029.0;3
98800;BOT_MAKER;BOT_TAKER;VELVETFRUIT_EXTRACT;XIRECS;5281.0;7
99000;BOT_TAKER;BOT_MAKER;HYDROGEL_PACK;XIRECS;10033.0;5
99000;BOT_MAKER;BOT_TAKER;VELVETFRUIT_EXTRACT;XIRECS;5278.0;7
99100;BOT_MAKER;BOT_TAKER;HYDROGEL_PACK;XIRECS;10019.0;2
99100;BOT_TAKER;BOT_MAKER;VELVETFRUIT_EXTRACT;XIRECS;5284.0;6
99400;BOT_MAKER;BOT_TAKER;VELVETFRUIT_EXTRACT;XIRECS;5277.0;7
99500;BOT_MAKER;BOT_TAKER;VELVETFRUIT_EXTRACT;XIRECS;5279.0;12
99500;BOT_TAKER;BOT_MAKER;VEV_5400;XIRECS;21.0;3
99500;SUBMISSION;BOT_TAKER;HYDROGEL_PACK;XIRECS;10020.0;4
99600;BOT_TAKER;BOT_MAKER;VELVETFRUIT_EXTRACT;XIRECS;5283.0;4
99600;BOT_MAKER;BOT_TAKER;VEV_6500;XIRECS;0.0;5
99700;BOT_MAKER;BOT_TAKER;VELVETFRUIT_EXTRACT;XIRECS;5279.0;4
99800;BOT_TAKER;BOT_MAKER;HYDROGEL_PACK;XIRECS;10029.0;3
99800;BOT_TAKER;SUBMISSION;VELVETFRUIT_EXTRACT;XIRECS;5282.0;3
