timestamp;buyer;seller;symbol;currency;price;quantity
1000;SUBMISSION;BOT_TAKER;MICROCHIP_CIRCLE;XIRECS;8856.0;3
1000;SUBMISSION;BOT_TAKER;MICROCHIP_OVAL;XIRECS;9239.0;3
1000;SUBMISSION;BOT_TAKER;MICROCHIP_SQUARE;XIRECS;12395.0;3
1000;BOT_MAKER;BOT_TAKER;MICROCHIP_RECTANGLE;XIRECS;9443.0;3
1000;SUBMISSION;BOT_TAKER;MICROCHIP_TRIANGLE;XIRECS;10669.0;3
2000;BOT_TAKER;SUBMISSION;PEBBLES_XS;XIRECS;7972.0;4
2000;BOT_TAKER;BOT_MAKER;PEBBLES_XS;XIRECS;7973.0;1
2000;BOT_TAKER;SUBMISSION;PEBBLES_S;XIRECS;9230.0;5
2000;BOT_TAKER;SUBMISSION;PEBBLES_M;XIRECS;9038.0;3
2000;BOT_TAKER;BOT_MAKER;PEBBLES_M;XIRECS;9039.0;2
2000;BOT_TAKER;SUBMISSION;PEBBLES_L;XIRECS;10280.0;4
2000;BOT_TAKER;BOT_MAKER;PEBBLES_L;XIRECS;10281.0;1
2000;BOT_TAKER;BOT_MAKER;PEBBLES_XL;XIRECS;13507.0;5
3600;BOT_MAKER;BOT_TAKER;GALAXY_SOUNDS_DARK_MATTER;XIRECS;10427.0;1
3600;SUBMISSION;BOT_TAKER;GALAXY_SOUNDS_BLACK_HOLES;XIRECS;11547.0;1
3600;SUBMISSION;BOT_TAKER;GALAXY_SOUNDS_PLANETARY_RINGS;XIRECS;11322.0;1
3600;SUBMISSION;BOT_TAKER;GALAXY_SOUNDS_SOLAR_WINDS;XIRECS;9515.0;1
3600;BOT_MAKER;BOT_TAKER;GALAXY_SOUNDS_SOLAR_FLAMES;XIRECS;11349.0;1
3600;BOT_MAKER;BOT_TAKER;SLEEP_POD_SUEDE;XIRECS;11079.0;1
3600;BOT_MAKER;BOT_TAKER;SLEEP_POD_LAMB_WOOL;XIRECS;10448.0;1
3600;SUBMISSION;BOT_TAKER;SLEEP_POD_POLYESTER;XIRECS;11858.0;1
3600;SUBMISSION;BOT_TAKER;SLEEP_POD_NYLON;XIRECS;8826.0;1
3600;SUBMISSION;BOT_TAKER;SLEEP_POD_COTTON;XIRECS;11191.0;1
3600;SUBMISSION;BOT_TAKER;ROBOT_VACUUMING;XIRECS;9965.0;1
3600;SUBMISSION;BOT_TAKER;ROBOT_MOPPING;XIRECS;9881.0;1
3600;BOT_MAKER;BOT_TAKER;ROBOT_DISHES;XIRECS;10066.0;1
3600;SUBMISSION;BOT_TAKER;ROBOT_LAUNDRY;XIRECS;10117.0;1
3600;SUBMISSION;BOT_TAKER;ROBOT_IRONING;XIRECS;9500.0;1
3600;SUBMISSION;BOT_TAKER;UV_VISOR_YELLOW;XIRECS;11576.0;1
3600;SUBMISSION;BOT_TAKER;UV_VISOR_AMBER;XIRECS;8503.0;1
3600;SUBMISSION;BOT_TAKER;UV_VISOR_ORANGE;XIRECS;10096.0;1
3600;SUBMISSION;BOT_TAKER;UV_VISOR_RED;XIRECS;10777.0;1
3600;BOT_MAKER;BOT_TAKER;UV_VISOR_MAGENTA;XIRECS;11326.0;1
3600;SUBMISSION;BOT_TAKER;TRANSLATOR_SPACE_GRAY;XIRECS;9532.0;1
3600;BOT_MAKER;BOT_TAKER;TRANSLATOR_ASTRO_BLACK;XIRECS;10159.0;1
3600;SUBMISSION;BOT_TAKER;TRANSLATOR_ECLIPSE_CHARCOAL;XIRECS;10180.0;1
3600;SUBMISSION;BOT_TAKER;TRANSLATOR_GRAPHITE_MIST;XIRECS;9312.0;1
3600;SUBMISSION;BOT_TAKER;TRANSLATOR_VOID_BLUE;XIRECS;11018.0;1
3600;SUBMISSION;BOT_TAKER;PANEL_1X2;XIRECS;8526.0;1
3600;SUBMISSION;BOT_TAKER;PANEL_2X2;XIRECS;10098.0;1
3600;SUBMISSION;BOT_TAKER;PANEL_1X4;XIRECS;11028.0;1
3600;SUBMISSION;BOT_TAKER;PANEL_2X4;XIRECS;10640.0;1
3600;SUBMISSION;BOT_TAKER;PANEL_4X4;XIRECS;9650.0;1
3600;SUBMISSION;BOT_TAKER;OXYGEN_SHAKE_MORNING_BREATH;XIRECS;11147.0;1
3600;SUBMISSION;BOT_TAKER;OXYGEN_SHAKE_EVENING_BREATH;XIRECS;8418.0;1
3600;SUBMISSION;BOT_TAKER;OXYGEN_SHAKE_MINT;XIRECS;10146.0;1
3600;BOT_MAKER;BOT_TAKER;OXYGEN_SHAKE_CHOCOLATE;XIRECS;9534.0;1
3600;SUBMISSION;BOT_TAKER;OXYGEN_SHAKE_GARLIC;XIRECS;11870.0;1
3600;SUBMISSION;BOT_TAKER;SNACKPACK_CHOCOLATE;XIRECS;9866.0;1
3600;BOT_MAKER;BOT_TAKER;SNACKPACK_VANILLA;XIRECS;10040.0;1
3600;SUBMISSION;BOT_TAKER;SNACKPACK_PISTACHIO;XIRECS;9526.0;1
3600;SUBMISSION;BOT_TAKER;SNACKPACK_STRAWBERRY;XIRECS;10482.0;1
3600;BOT_MAKER;BOT_TAKER;SNACKPACK_RASPBERRY;XIRECS;10195.0;1
5900;BOT_TAKER;SUBMISSION;PEBBLES_XS;XIRECS;8066.0;2
5900;BOT_TAKER;BOT_MAKER;PEBBLES_XS;XIRECS;8067.0;2
5900;BOT_TAKER;SUBMISSION;PEBBLES_S;XIRECS;9437.0;4
5900;BOT_TAKER;SUBMISSION;PEBBLES_M;XIRECS;9068.0;4
5900;BOT_TAKER;SUBMISSION;PEBBLES_L;XIRECS;10418.0;2
5900;BOT_TAKER;BOT_MAKER;PEBBLES_L;XIRECS;10419.0;2
5900;BOT_TAKER;BOT_MAKER;PEBBLES_XL;XIRECS;13038.0;4
7500;BOT_TAKER;BOT_MAKER;GALAXY_SOUNDS_DARK_MATTER;XIRECS;10352.0;3
7500;BOT_TAKER;SUBMISSION;GALAXY_SOUNDS_BLACK_HOLES;XIRECS;11425.0;3
7500;BOT_TAKER;SUBMISSION;GALAXY_SOUNDS_PLANETARY_RINGS;XIRECS;11284.0;3
7500;BOT_TAKER;SUBMISSION;GALAXY_SOUNDS_SOLAR_WINDS;XIRECS;9462.0;3
7500;BOT_TAKER;SUBMISSION;GALAXY_SOUNDS_SOLAR_FLAMES;XIRECS;11372.0;3
7500;BOT_TAKER;BOT_MAKER;SLEEP_POD_SUEDE;XIRECS;11023.0;3
7500;BOT_TAKER;SUBMISSION;SLEEP_POD_LAMB_WOOL;XIRECS;10545.0;3
7500;BOT_TAKER;SUBMISSION;SLEEP_POD_POLYESTER;XIRECS;11866.0;3
7500;BOT_TAKER;BOT_MAKER;SLEEP_POD_NYLON;XIRECS;8743.0;3
7500;BOT_TAKER;SUBMISSION;SLEEP_POD_COTTON;XIRECS;11263.0;3
7500;BOT_TAKER;BOT_MAKER;ROBOT_VACUUMING;XIRECS;9997.0;3
7500;BOT_TAKER;SUBMISSION;ROBOT_MOPPING;XIRECS;9803.0;3
7500;BOT_TAKER;SUBMISSION;ROBOT_DISHES;XIRECS;10098.0;3
7500;BOT_TAKER;BOT_MAKER;ROBOT_LAUNDRY;XIRECS;10189.0;3
7500;BOT_TAKER;SUBMISSION;ROBOT_IRONING;XIRECS;9538.0;3
7500;BOT_TAKER;SUBMISSION;UV_VISOR_YELLOW;XIRECS;11488.0;3
7500;BOT_TAKER;SUBMISSION;UV_VISOR_AMBER;XIRECS;8480.0;3
7500;BOT_TAKER;SUBMISSION;UV_VISOR_ORANGE;XIRECS;10128.0;3
7500;BOT_TAKER;BOT_MAKER;UV_VISOR_RED;XIRECS;10820.0;3
7500;BOT_TAKER;SUBMISSION;UV_VISOR_MAGENTA;XIRECS;11375.0;3
7500;BOT_TAKER;SUBMISSION;TRANSLATOR_SPACE_GRAY;XIRECS;9502.0;3
7500;BOT_TAKER;BOT_MAKER;TRANSLATOR_ASTRO_BLACK;XIRECS;10032.0;3
7500;BOT_TAKER;BOT_MAKER;TRANSLATOR_ECLIPSE_CHARCOAL;XIRECS;10131.0;3
7500;BOT_TAKER;SUBMISSION;TRANSLATOR_GRAPHITE_MIST;XIRECS;9348.0;3
7500;BOT_TAKER;BOT_MAKER;TRANSLATOR_VOID_BLUE;XIRECS;10975.0;3
7500;BOT_TAKER;SUBMISSION;PANEL_1X2;XIRECS;8613.0;3
7500;BOT_TAKER;SUBMISSION;PANEL_2X2;XIRECS;10108.0;3
7500;BOT_TAKER;SUBMISSION;PANEL_1X4;XIRECS;10973.0;3
7500;BOT_TAKER;BOT_MAKER;PANEL_2X4;XIRECS;10676.0;3
7500;BOT_TAKER;SUBMISSION;PANEL_4X4;XIRECS;9546.0;3
7500;BOT_TAKER;SUBMISSION;OXYGEN_SHAKE_MORNING_BREATH;XIRECS;11142.0;3
7500;BOT_TAKER;SUBMISSION;OXYGEN_SHAKE_EVENING_BREATH;XIRECS;8493.0;3
7500;BOT_TAKER;SUBMISSION;OXYGEN_SHAKE_MINT;XIRECS;10166.0;3
7500;BOT_TAKER;BOT_MAKER;OXYGEN_SHAKE_CHOCOLATE;XIRECS;9477.0;3
7500;BOT_TAKER;SUBMISSION;OXYGEN_SHAKE_GARLIC;XIRECS;11945.0;3
7500;BOT_TAKER;BOT_MAKER;SNACKPACK_CHOCOLATE;XIRECS;9920.0;3
7500;BOT_TAKER;SUBMISSION;SNACKPACK_VANILLA;XIRECS;10014.0;2
7500;BOT_TAKER;BOT_MAKER;SNACKPACK_VANILLA;XIRECS;10015.0;1
7500;BOT_TAKER;BOT_MAKER;SNACKPACK_PISTACHIO;XIRECS;9533.0;3
7500;BOT_TAKER;BOT_MAKER;SNACKPACK_STRAWBERRY;XIRECS;10489.0;3
7500;BOT_TAKER;SUBMISSION;SNACKPACK_RASPBERRY;XIRECS;10237.0;3
8400;BOT_TAKER;BOT_MAKER;GALAXY_SOUNDS_DARK_MATTER;XIRECS;10369.0;3
8400;BOT_TAKER;SUBMISSION;GALAXY_SOUNDS_BLACK_HOLES;XIRECS;11380.0;2
8400;BOT_TAKER;BOT_MAKER;GALAXY_SOUNDS_BLACK_HOLES;XIRECS;11381.0;1
8400;BOT_TAKER;SUBMISSION;GALAXY_SOUNDS_PLANETARY_RINGS;XIRECS;11248.0;2
8400;BOT_TAKER;BOT_MAKER;GALAXY_SOUNDS_PLANETARY_RINGS;XIRECS;11249.0;1
8400;BOT_TAKER;SUBMISSION;GALAXY_SOUNDS_SOLAR_WINDS;XIRECS;9464.0;2
8400;BOT_TAKER;BOT_MAKER;GALAXY_SOUNDS_SOLAR_WINDS;XIRECS;9465.0;1
8400;BOT_TAKER;BOT_MAKER;GALAXY_SOUNDS_SOLAR_FLAMES;XIRECS;11336.0;3
8400;BOT_TAKER;BOT_MAKER;SLEEP_POD_SUEDE;XIRECS;11032.0;3
8400;BOT_TAKER;SUBMISSION;SLEEP_POD_LAMB_WOOL;XIRECS;10552.0;3
8400;BOT_TAKER;SUBMISSION;SLEEP_POD_POLYESTER;XIRECS;11844.0;2
8400;BOT_TAKER;BOT_MAKER;SLEEP_POD_POLYESTER;XIRECS;11845.0;1
8400;BOT_TAKER;BOT_MAKER;SLEEP_POD_NYLON;XIRECS;8716.0;3
8400;BOT_TAKER;SUBMISSION;SLEEP_POD_COTTON;XIRECS;11227.0;2
8400;BOT_TAKER;BOT_MAKER;SLEEP_POD_COTTON;XIRECS;11228.0;1
8400;BOT_TAKER;BOT_MAKER;ROBOT_VACUUMING;XIRECS;9992.0;3
8400;BOT_TAKER;SUBMISSION;ROBOT_MOPPING;XIRECS;9828.0;2
8400;BOT_TAKER;BOT_MAKER;ROBOT_MOPPING;XIRECS;9829.0;1
8400;BOT_TAKER;SUBMISSION;ROBOT_DISHES;XIRECS;10064.0;3
8400;BOT_TAKER;BOT_MAKER;ROBOT_LAUNDRY;XIRECS;10201.0;3
8400;BOT_TAKER;SUBMISSION;ROBOT_IRONING;XIRECS;9532.0;2
8400;BOT_TAKER;BOT_MAKER;ROBOT_IRONING;XIRECS;9533.0;1
8400;BOT_TAKER;SUBMISSION;UV_VISOR_YELLOW;XIRECS;11458.0;2
8400;BOT_TAKER;BOT_MAKER;UV_VISOR_YELLOW;XIRECS;11459.0;1
8400;BOT_TAKER;SUBMISSION;UV_VISOR_AMBER;XIRECS;8463.0;2
8400;BOT_TAKER;BOT_MAKER;UV_VISOR_AMBER;XIRECS;8464.0;1
8400;BOT_TAKER;SUBMISSION;UV_VISOR_ORANGE;XIRECS;10156.0;2
8400;BOT_TAKER;BOT_MAKER;UV_VISOR_ORANGE;XIRECS;10157.0;1
8400;BOT_TAKER;BOT_MAKER;UV_VISOR_RED;XIRECS;10743.0;3
8400;BOT_TAKER;SUBMISSION;UV_VISOR_MAGENTA;XIRECS;11360.0;3
8400;BOT_TAKER;SUBMISSION;TRANSLATOR_SPACE_GRAY;XIRECS;9536.0;2
8400;BOT_TAKER;BOT_MAKER;TRANSLATOR_SPACE_GRAY;XIRECS;9537.0;1
8400;BOT_TAKER;BOT_MAKER;TRANSLATOR_ASTRO_BLACK;XIRECS;10073.0;3
8400;BOT_TAKER;BOT_MAKER;TRANSLATOR_ECLIPSE_CHARCOAL;XIRECS;10147.0;3
8400;BOT_TAKER;SUBMISSION;TRANSLATOR_GRAPHITE_MIST;XIRECS;9356.0;2
8400;BOT_TAKER;BOT_MAKER;TRANSLATOR_GRAPHITE_MIST;XIRECS;9357.0;1
8400;BOT_TAKER;BOT_MAKER;TRANSLATOR_VOID_BLUE;XIRECS;10950.0;3
8400;BOT_TAKER;SUBMISSION;PANEL_1X2;XIRECS;8596.0;2
8400;BOT_TAKER;BOT_MAKER;PANEL_1X2;XIRECS;8597.0;1
8400;BOT_TAKER;SUBMISSION;PANEL_2X2;XIRECS;10116.0;2
8400;BOT_TAKER;BOT_MAKER;PANEL_2X2;XIRECS;10117.0;1
8400;BOT_TAKER;SUBMISSION;PANEL_1X4;XIRECS;10983.0;2
8400;BOT_TAKER;BOT_MAKER;PANEL_1X4;XIRECS;10984.0;1
8400;BOT_TAKER;SUBMISSION;PANEL_2X4;XIRECS;10737.0;3
8400;BOT_TAKER;SUBMISSION;PANEL_4X4;XIRECS;9560.0;2
8400;BOT_TAKER;BOT_MAKER;PANEL_4X4;XIRECS;9561.0;1
8400;BOT_TAKER;SUBMISSION;OXYGEN_SHAKE_MORNING_BREATH;XIRECS;11098.0;2
8400;BOT_TAKER;BOT_MAKER;OXYGEN_SHAKE_MORNING_BREATH;XIRECS;11099.0;1
8400;BOT_TAKER;SUBMISSION;OXYGEN_SHAKE_EVENING_BREATH;XIRECS;8485.0;2
8400;BOT_TAKER;BOT_MAKER;OXYGEN_SHAKE_EVENING_BREATH;XIRECS;8486.0;1
8400;BOT_TAKER;SUBMISSION;OXYGEN_SHAKE_MINT;XIRECS;10203.0;2
8400;BOT_TAKER;BOT_MAKER;OXYGEN_SHAKE_MINT;XIRECS;10204.0;1
8400;BOT_TAKER;BOT_MAKER;OXYGEN_SHAKE_CHOCOLATE;XIRECS;9463.0;3
8400;BOT_TAKER;SUBMISSION;OXYGEN_SHAKE_GARLIC;XIRECS;11950.0;2
8400;BOT_TAKER;BOT_MAKER;OXYGEN_SHAKE_GARLIC;XIRECS;11951.0;1
8400;BOT_TAKER;BOT_MAKER;SNACKPACK_CHOCOLATE;XIRECS;9911.0;3
8400;BOT_TAKER;SUBMISSION;SNACKPACK_VANILLA;XIRECS;10026.0;3
8400;BOT_TAKER;BOT_MAKER;SNACKPACK_PISTACHIO;XIRECS;9534.0;3
8400;BOT_TAKER;BOT_MAKER;SNACKPACK_STRAWBERRY;XIRECS;10493.0;3
8400;BOT_TAKER;SUBMISSION;SNACKPACK_RASPBERRY;XIRECS;10230.0;3
10200;SUBMISSION;BOT_TAKER;PEBBLES_XS;XIRECS;7885.0;3
10200;BOT_MAKER;BOT_TAKER;PEBBLES_S;XIRECS;9473.0;3
10200;BOT_MAKER;BOT_TAKER;PEBBLES_M;XIRECS;9203.0;3
10200;SUBMISSION;BOT_TAKER;PEBBLES_L;XIRECS;10518.0;3
10200;SUBMISSION;BOT_TAKER;PEBBLES_XL;XIRECS;12894.0;3
13900;BOT_TAKER;SUBMISSION;GALAXY_SOUNDS_DARK_MATTER;XIRECS;10480.0;3
13900;BOT_TAKER;SUBMISSION;GALAXY_SOUNDS_BLACK_HOLES;XIRECS;11262.0;2
13900;BOT_TAKER;BOT_MAKER;GALAXY_SOUNDS_BLACK_HOLES;XIRECS;11263.0;1
13900;BOT_TAKER;SUBMISSION;GALAXY_SOUNDS_PLANETARY_RINGS;XIRECS;11253.0;2
13900;BOT_TAKER;BOT_MAKER;GALAXY_SOUNDS_PLANETARY_RINGS;XIRECS;11254.0;1
13900;BOT_TAKER;SUBMISSION;GALAXY_SOUNDS_SOLAR_WINDS;XIRECS;9505.0;2
13900;BOT_TAKER;BOT_MAKER;GALAXY_SOUNDS_SOLAR_WINDS;XIRECS;9506.0;1
13900;BOT_TAKER;BOT_MAKER;GALAXY_SOUNDS_SOLAR_FLAMES;XIRECS;11283.0;3
13900;BOT_TAKER;BOT_MAKER;SLEEP_POD_SUEDE;XIRECS;11084.0;3
13900;BOT_TAKER;SUBMISSION;SLEEP_POD_LAMB_WOOL;XIRECS;10616.0;3
13900;BOT_TAKER;SUBMISSION;SLEEP_POD_POLYESTER;XIRECS;11914.0;2
13900;BOT_TAKER;BOT_MAKER;SLEEP_POD_POLYESTER;XIRECS;11915.0;1
13900;BOT_TAKER;BOT_MAKER;SLEEP_POD_NYLON;XIRECS;8716.0;3
13900;BOT_TAKER;SUBMISSION;SLEEP_POD_COTTON;XIRECS;11241.0;2
13900;BOT_TAKER;BOT_MAKER;SLEEP_POD_COTTON;XIRECS;11242.0;1
13900;BOT_TAKER;BOT_MAKER;ROBOT_VACUUMING;XIRECS;10022.0;3
13900;BOT_TAKER;SUBMISSION;ROBOT_MOPPING;XIRECS;9875.0;2
13900;BOT_TAKER;BOT_MAKER;ROBOT_MOPPING;XIRECS;9876.0;1
13900;BOT_TAKER;SUBMISSION;ROBOT_DISHES;XIRECS;10029.0;3
13900;BOT_TAKER;BOT_MAKER;ROBOT_LAUNDRY;XIRECS;10150.0;3
13900;BOT_TAKER;SUBMISSION;ROBOT_IRONING;XIRECS;9516.0;2
13900;BOT_TAKER;BOT_MAKER;ROBOT_IRONING;XIRECS;9517.0;1
13900;BOT_TAKER;SUBMISSION;UV_VISOR_YELLOW;XIRECS;11553.0;2
13900;BOT_TAKER;BOT_MAKER;UV_VISOR_YELLOW;XIRECS;11554.0;1
13900;BOT_TAKER;SUBMISSION;UV_VISOR_AMBER;XIRECS;8438.0;2
13900;BOT_TAKER;BOT_MAKER;UV_VISOR_AMBER;XIRECS;8439.0;1
13900;BOT_TAKER;SUBMISSION;UV_VISOR_ORANGE;XIRECS;10100.0;2
13900;BOT_TAKER;BOT_MAKER;UV_VISOR_ORANGE;XIRECS;10101.0;1
13900;BOT_TAKER;BOT_MAKER;UV_VISOR_RED;XIRECS;10802.0;3
13900;BOT_TAKER;SUBMISSION;UV_VISOR_MAGENTA;XIRECS;11457.0;3
13900;BOT_TAKER;SUBMISSION;TRANSLATOR_SPACE_GRAY;XIRECS;9533.0;2
13900;BOT_TAKER;BOT_MAKER;TRANSLATOR_SPACE_GRAY;XIRECS;9534.0;1
13900;BOT_TAKER;BOT_MAKER;TRANSLATOR_ASTRO_BLACK;XIRECS;10000.0;3
13900;BOT_TAKER;BOT_MAKER;TRANSLATOR_ECLIPSE_CHARCOAL;XIRECS;10204.0;3
13900;BOT_TAKER;SUBMISSION;TRANSLATOR_GRAPHITE_MIST;XIRECS;9425.0;2
13900;BOT_TAKER;BOT_MAKER;TRANSLATOR_GRAPHITE_MIST;XIRECS;9426.0;1
13900;BOT_TAKER;BOT_MAKER;TRANSLATOR_VOID_BLUE;XIRECS;10928.0;3
13900;BOT_TAKER;SUBMISSION;PANEL_1X2;XIRECS;8559.0;2
13900;BOT_TAKER;BOT_MAKER;PANEL_1X2;XIRECS;8560.0;1
13900;BOT_TAKER;SUBMISSION;PANEL_2X2;XIRECS;10275.0;2
13900;BOT_TAKER;BOT_MAKER;PANEL_2X2;XIRECS;10276.0;1
13900;BOT_TAKER;SUBMISSION;PANEL_1X4;XIRECS;10939.0;2
13900;BOT_TAKER;BOT_MAKER;PANEL_1X4;XIRECS;10940.0;1
13900;BOT_TAKER;SUBMISSION;PANEL_2X4;XIRECS;10744.0;3
13900;BOT_TAKER;SUBMISSION;PANEL_4X4;XIRECS;9554.0;2
13900;BOT_TAKER;BOT_MAKER;PANEL_4X4;XIRECS;9555.0;1
13900;BOT_TAKER;SUBMISSION;OXYGEN_SHAKE_MORNING_BREATH;XIRECS;11128.0;2
13900;BOT_TAKER;BOT_MAKER;OXYGEN_SHAKE_MORNING_BREATH;XIRECS;11129.0;1
13900;BOT_TAKER;SUBMISSION;OXYGEN_SHAKE_EVENING_BREATH;XIRECS;8334.0;2
13900;BOT_TAKER;BOT_MAKER;OXYGEN_SHAKE_EVENING_BREATH;XIRECS;8335.0;1
13900;BOT_TAKER;SUBMISSION;OXYGEN_SHAKE_MINT;XIRECS;10243.0;2
13900;BOT_TAKER;BOT_MAKER;OXYGEN_SHAKE_MINT;XIRECS;10244.0;1
13900;BOT_TAKER;BOT_MAKER;OXYGEN_SHAKE_CHOCOLATE;XIRECS;9452.0;3
13900;BOT_TAKER;SUBMISSION;OXYGEN_SHAKE_GARLIC;XIRECS;11957.0;2
13900;BOT_TAKER;BOT_MAKER;OXYGEN_SHAKE_GARLIC;XIRECS;11958.0;1
13900;BOT_TAKER;BOT_MAKER;SNACKPACK_CHOCOLATE;XIRECS;9829.0;3
13900;BOT_TAKER;SUBMISSION;SNACKPACK_VANILLA;XIRECS;10088.0;3
13900;BOT_TAKER;SUBMISSION;SNACKPACK_PISTACHIO;XIRECS;9573.0;3
13900;BOT_TAKER;SUBMISSION;SNACKPACK_STRAWBERRY;XIRECS;10593.0;3
13900;BOT_TAKER;BOT_MAKER;SNACKPACK_RASPBERRY;XIRECS;10139.0;3
15300;BOT_TAKER;BOT_MAKER;GALAXY_SOUNDS_DARK_MATTER;XIRECS;10414.0;4
15300;BOT_TAKER;SUBMISSION;GALAXY_SOUNDS_BLACK_HOLES;XIRECS;11281.0;2
15300;BOT_TAKER;BOT_MAKER;GALAXY_SOUNDS_BLACK_HOLES;XIRECS;11282.0;2
15300;BOT_TAKER;SUBMISSION;GALAXY_SOUNDS_PLANETARY_RINGS;XIRECS;11314.0;2
15300;BOT_TAKER;BOT_MAKER;GALAXY_SOUNDS_PLANETARY_RINGS;XIRECS;11315.0;2
15300;BOT_TAKER;SUBMISSION;GALAXY_SOUNDS_SOLAR_WINDS;XIRECS;9487.0;2
15300;BOT_TAKER;BOT_MAKER;GALAXY_SOUNDS_SOLAR_WINDS;XIRECS;9488.0;2
15300;BOT_TAKER;BOT_MAKER;GALAXY_SOUNDS_SOLAR_FLAMES;XIRECS;11351.0;4
15300;BOT_TAKER;SUBMISSION;SLEEP_POD_SUEDE;XIRECS;11161.0;4
15300;BOT_TAKER;SUBMISSION;SLEEP_POD_LAMB_WOOL;XIRECS;10552.0;1
15300;BOT_TAKER;BOT_MAKER;SLEEP_POD_LAMB_WOOL;XIRECS;10553.0;3
15300;BOT_TAKER;SUBMISSION;SLEEP_POD_POLYESTER;XIRECS;11882.0;2
15300;BOT_TAKER;BOT_MAKER;SLEEP_POD_POLYESTER;XIRECS;11883.0;2
15300;BOT_TAKER;BOT_MAKER;SLEEP_POD_NYLON;XIRECS;8703.0;4
15300;BOT_TAKER;SUBMISSION;SLEEP_POD_COTTON;XIRECS;11280.0;2
15300;BOT_TAKER;BOT_MAKER;SLEEP_POD_COTTON;XIRECS;11281.0;2
15300;BOT_TAKER;BOT_MAKER;ROBOT_VACUUMING;XIRECS;9965.0;4
15300;BOT_TAKER;SUBMISSION;ROBOT_MOPPING;XIRECS;9851.0;2
15300;BOT_TAKER;BOT_MAKER;ROBOT_MOPPING;XIRECS;9852.0;2
15300;BOT_TAKER;SUBMISSION;ROBOT_DISHES;XIRECS;10059.0;1
15300;BOT_TAKER;BOT_MAKER;ROBOT_DISHES;XIRECS;10060.0;3
15300;BOT_TAKER;BOT_MAKER;ROBOT_LAUNDRY;XIRECS;10134.0;4
15300;BOT_TAKER;SUBMISSION;ROBOT_IRONING;XIRECS;9477.0;2
15300;BOT_TAKER;BOT_MAKER;ROBOT_IRONING;XIRECS;9478.0;2
15300;BOT_TAKER;SUBMISSION;UV_VISOR_YELLOW;XIRECS;11497.0;2
15300;BOT_TAKER;BOT_MAKER;UV_VISOR_YELLOW;XIRECS;11498.0;2
15300;BOT_TAKER;SUBMISSION;UV_VISOR_AMBER;XIRECS;8488.0;2
15300;BOT_TAKER;BOT_MAKER;UV_VISOR_AMBER;XIRECS;8489.0;2
15300;BOT_TAKER;SUBMISSION;UV_VISOR_ORANGE;XIRECS;10090.0;2
15300;BOT_TAKER;BOT_MAKER;UV_VISOR_ORANGE;XIRECS;10091.0;2
15300;BOT_TAKER;BOT_MAKER;UV_VISOR_RED;XIRECS;10850.0;4
15300;BOT_TAKER;SUBMISSION;UV_VISOR_MAGENTA;XIRECS;11454.0;1
15300;BOT_TAKER;BOT_MAKER;UV_VISOR_MAGENTA;XIRECS;11455.0;3
15300;BOT_TAKER;SUBMISSION;TRANSLATOR_SPACE_GRAY;XIRECS;9558.0;2
15300;BOT_TAKER;BOT_MAKER;TRANSLATOR_SPACE_GRAY;XIRECS;9559.0;2
15300;BOT_TAKER;BOT_MAKER;TRANSLATOR_ASTRO_BLACK;XIRECS;9978.0;4
15300;BOT_TAKER;BOT_MAKER;TRANSLATOR_ECLIPSE_CHARCOAL;XIRECS;10148.0;4
15300;BOT_TAKER;SUBMISSION;TRANSLATOR_GRAPHITE_MIST;XIRECS;9437.0;2
15300;BOT_TAKER;BOT_MAKER;TRANSLATOR_GRAPHITE_MIST;XIRECS;9438.0;2
15300;BOT_TAKER;BOT_MAKER;TRANSLATOR_VOID_BLUE;XIRECS;10962.0;4
15300;BOT_TAKER;SUBMISSION;PANEL_1X2;XIRECS;8583.0;2
15300;BOT_TAKER;BOT_MAKER;PANEL_1X2;XIRECS;8584.0;2
15300;BOT_TAKER;SUBMISSION;PANEL_2X2;XIRECS;10271.0;2
15300;BOT_TAKER;BOT_MAKER;PANEL_2X2;XIRECS;10272.0;2
15300;BOT_TAKER;SUBMISSION;PANEL_1X4;XIRECS;10926.0;2
15300;BOT_TAKER;BOT_MAKER;PANEL_1X4;XIRECS;10927.0;2
15300;BOT_TAKER;SUBMISSION;PANEL_2X4;XIRECS;10763.0;4
15300;BOT_TAKER;SUBMISSION;PANEL_4X4;XIRECS;9508.0;2
15300;BOT_TAKER;BOT_MAKER;PANEL_4X4;XIRECS;9509.0;2
15300;BOT_TAKER;SUBMISSION;OXYGEN_SHAKE_MORNING_BREATH;XIRECS;11132.0;2
15300;BOT_TAKER;BOT_MAKER;OXYGEN_SHAKE_MORNING_BREATH;XIRECS;11133.0;2
15300;BOT_TAKER;SUBMISSION;OXYGEN_SHAKE_EVENING_BREATH;XIRECS;8345.0;2
15300;BOT_TAKER;BOT_MAKER;OXYGEN_SHAKE_EVENING_BREATH;XIRECS;8346.0;2
15300;BOT_TAKER;SUBMISSION;OXYGEN_SHAKE_MINT;XIRECS;10190.0;2
15300;BOT_TAKER;BOT_MAKER;OXYGEN_SHAKE_MINT;XIRECS;10191.0;2
15300;BOT_TAKER;BOT_MAKER;OXYGEN_SHAKE_CHOCOLATE;XIRECS;9432.0;4
15300;BOT_TAKER;SUBMISSION;OXYGEN_SHAKE_GARLIC;XIRECS;11969.0;2
15300;BOT_TAKER;BOT_MAKER;OXYGEN_SHAKE_GARLIC;XIRECS;11970.0;2
15300;BOT_TAKER;BOT_MAKER;SNACKPACK_CHOCOLATE;XIRECS;9825.0;4
15300;BOT_TAKER;SUBMISSION;SNACKPACK_VANILLA;XIRECS;10114.0;2
15300;BOT_TAKER;BOT_MAKER;SNACKPACK_VANILLA;XIRECS;10115.0;2
15300;BOT_TAKER;SUBMISSION;SNACKPACK_PISTACHIO;XIRECS;9568.0;3
15300;BOT_TAKER;BOT_MAKER;SNACKPACK_PISTACHIO;XIRECS;9569.0;1
15300;BOT_TAKER;SUBMISSION;SNACKPACK_STRAWBERRY;XIRECS;10585.0;4
15300;BOT_TAKER;BOT_MAKER;SNACKPACK_RASPBERRY;XIRECS;10145.0;4
15400;SUBMISSION;BOT_TAKER;MICROCHIP_CIRCLE;XIRECS;9056.0;2
15400;SUBMISSION;BOT_TAKER;MICROCHIP_OVAL;XIRECS;9153.0;2
15400;SUBMISSION;BOT_TAKER;MICROCHIP_SQUARE;XIRECS;12507.0;2
15400;SUBMISSION;BOT_TAKER;MICROCHIP_RECTANGLE;XIRECS;9322.0;2
15400;SUBMISSION;BOT_TAKER;MICROCHIP_TRIANGLE;XIRECS;10556.0;2
15500;BOT_TAKER;SUBMISSION;MICROCHIP_CIRCLE;XIRECS;9063.0;3
15500;BOT_TAKER;SUBMISSION;MICROCHIP_OVAL;XIRECS;9136.0;3
15500;BOT_TAKER;SUBMISSION;MICROCHIP_SQUARE;XIRECS;12562.0;3
15500;BOT_TAKER;BOT_MAKER;MICROCHIP_RECTANGLE;XIRECS;9337.0;3
15500;BOT_TAKER;BOT_MAKER;MICROCHIP_TRIANGLE;XIRECS;10564.0;3
19600;BOT_TAKER;SUBMISSION;PEBBLES_XS;XIRECS;7830.0;2
19600;BOT_TAKER;BOT_MAKER;PEBBLES_XS;XIRECS;7831.0;1
19600;BOT_TAKER;SUBMISSION;PEBBLES_S;XIRECS;9263.0;1
19600;BOT_TAKER;BOT_MAKER;PEBBLES_S;XIRECS;9264.0;2
19600;BOT_TAKER;SUBMISSION;PEBBLES_M;XIRECS;9426.0;3
19600;BOT_TAKER;SUBMISSION;PEBBLES_L;XIRECS;10516.0;2
19600;BOT_TAKER;BOT_MAKER;PEBBLES_L;XIRECS;10517.0;1
19600;BOT_TAKER;BOT_MAKER;PEBBLES_XL;XIRECS;12992.0;3
20100;SUBMISSION;BOT_TAKER;MICROCHIP_CIRCLE;XIRECS;9120.0;2
20100;BOT_MAKER;BOT_TAKER;MICROCHIP_CIRCLE;XIRECS;9119.0;1
20100;SUBMISSION;BOT_TAKER;MICROCHIP_OVAL;XIRECS;9192.0;2
20100;BOT_MAKER;BOT_TAKER;MICROCHIP_OVAL;XIRECS;9191.0;1
20100;SUBMISSION;BOT_TAKER;MICROCHIP_SQUARE;XIRECS;12421.0;2
20100;BOT_MAKER;BOT_TAKER;MICROCHIP_SQUARE;XIRECS;12420.0;1
20100;SUBMISSION;BOT_TAKER;MICROCHIP_RECTANGLE;XIRECS;9323.0;3
20100;SUBMISSION;BOT_TAKER;MICROCHIP_TRIANGLE;XIRECS;10643.0;3
21000;BOT_TAKER;SUBMISSION;PEBBLES_XS;XIRECS;7762.0;2
21000;BOT_TAKER;BOT_MAKER;PEBBLES_XS;XIRECS;7763.0;3
21000;BOT_TAKER;BOT_MAKER;PEBBLES_S;XIRECS;9233.0;5
21000;BOT_TAKER;BOT_MAKER;PEBBLES_M;XIRECS;9496.0;5
21000;BOT_TAKER;SUBMISSION;PEBBLES_L;XIRECS;10555.0;2
21000;BOT_TAKER;BOT_MAKER;PEBBLES_L;XIRECS;10556.0;3
21000;BOT_TAKER;BOT_MAKER;PEBBLES_XL;XIRECS;12982.0;5
22500;BOT_TAKER;SUBMISSION;PEBBLES_XS;XIRECS;7746.0;2
22500;BOT_TAKER;BOT_MAKER;PEBBLES_S;XIRECS;9247.0;2
22500;BOT_TAKER;BOT_MAKER;PEBBLES_M;XIRECS;9592.0;2
22500;BOT_TAKER;SUBMISSION;PEBBLES_L;XIRECS;10574.0;2
22500;BOT_TAKER;BOT_MAKER;PEBBLES_XL;XIRECS;12870.0;2
24700;SUBMISSION;BOT_TAKER;PEBBLES_XS;XIRECS;7732.0;5
24700;SUBMISSION;BOT_TAKER;PEBBLES_S;XIRECS;9184.0;5
24700;BOT_MAKER;BOT_TAKER;PEBBLES_M;XIRECS;9611.0;5
24700;SUBMISSION;BOT_TAKER;PEBBLES_L;XIRECS;10439.0;5
24700;SUBMISSION;BOT_TAKER;PEBBLES_XL;XIRECS;13007.0;5
25100;BOT_TAKER;SUBMISSION;MICROCHIP_CIRCLE;XIRECS;9136.0;1
25100;BOT_TAKER;SUBMISSION;MICROCHIP_OVAL;XIRECS;9254.0;1
25100;BOT_TAKER;SUBMISSION;MICROCHIP_SQUARE;XIRECS;12506.0;1
25100;BOT_TAKER;BOT_MAKER;MICROCHIP_RECTANGLE;XIRECS;9319.0;1
25100;BOT_TAKER;BOT_MAKER;MICROCHIP_TRIANGLE;XIRECS;10641.0;1
27100;BOT_TAKER;SUBMISSION;MICROCHIP_CIRCLE;XIRECS;9114.0;3
27100;BOT_TAKER;SUBMISSION;MICROCHIP_OVAL;XIRECS;9242.0;3
27100;BOT_TAKER;SUBMISSION;MICROCHIP_SQUARE;XIRECS;12401.0;3
27100;BOT_TAKER;BOT_MAKER;MICROCHIP_RECTANGLE;XIRECS;9244.0;3
27100;BOT_TAKER;BOT_MAKER;MICROCHIP_TRIANGLE;XIRECS;10650.0;3
28600;BOT_TAKER;SUBMISSION;GALAXY_SOUNDS_DARK_MATTER;XIRECS;10479.0;2
28600;BOT_TAKER;SUBMISSION;GALAXY_SOUNDS_BLACK_HOLES;XIRECS;11429.0;2
28600;BOT_TAKER;SUBMISSION;GALAXY_SOUNDS_PLANETARY_RINGS;XIRECS;11249.0;2
28600;BOT_TAKER;SUBMISSION;GALAXY_SOUNDS_SOLAR_WINDS;XIRECS;9576.0;2
28600;BOT_TAKER;BOT_MAKER;GALAXY_SOUNDS_SOLAR_FLAMES;XIRECS;11098.0;2
28600;BOT_TAKER;SUBMISSION;SLEEP_POD_SUEDE;XIRECS;11301.0;2
28600;BOT_TAKER;BOT_MAKER;SLEEP_POD_LAMB_WOOL;XIRECS;10645.0;2
28600;BOT_TAKER;SUBMISSION;SLEEP_POD_POLYESTER;XIRECS;12092.0;2
28600;BOT_TAKER;BOT_MAKER;SLEEP_POD_NYLON;XIRECS;8692.0;2
28600;BOT_TAKER;SUBMISSION;SLEEP_POD_COTTON;XIRECS;11442.0;2
28600;BOT_TAKER;BOT_MAKER;ROBOT_VACUUMING;XIRECS;9943.0;2
28600;BOT_TAKER;SUBMISSION;ROBOT_MOPPING;XIRECS;9822.0;2
28600;BOT_TAKER;BOT_MAKER;ROBOT_DISHES;XIRECS;10098.0;2
28600;BOT_TAKER;SUBMISSION;ROBOT_LAUNDRY;XIRECS;10289.0;2
28600;BOT_TAKER;SUBMISSION;ROBOT_IRONING;XIRECS;9417.0;2
28600;BOT_TAKER;SUBMISSION;UV_VISOR_YELLOW;XIRECS;11466.0;2
28600;BOT_TAKER;SUBMISSION;UV_VISOR_AMBER;XIRECS;8613.0;2
28600;BOT_TAKER;SUBMISSION;UV_VISOR_ORANGE;XIRECS;10039.0;2
28600;BOT_TAKER;BOT_MAKER;UV_VISOR_RED;XIRECS;10676.0;2
28600;BOT_TAKER;BOT_MAKER;UV_VISOR_MAGENTA;XIRECS;11356.0;2
28600;BOT_TAKER;SUBMISSION;TRANSLATOR_SPACE_GRAY;XIRECS;9656.0;2
28600;BOT_TAKER;BOT_MAKER;TRANSLATOR_ASTRO_BLACK;XIRECS;9955.0;2
28600;BOT_TAKER;BOT_MAKER;TRANSLATOR_ECLIPSE_CHARCOAL;XIRECS;10215.0;2
28600;BOT_TAKER;SUBMISSION;TRANSLATOR_GRAPHITE_MIST;XIRECS;9600.0;2
28600;BOT_TAKER;BOT_MAKER;TRANSLATOR_VOID_BLUE;XIRECS;10862.0;2
28600;BOT_TAKER;SUBMISSION;PANEL_1X2;XIRECS;8349.0;2
28600;BOT_TAKER;SUBMISSION;PANEL_2X2;XIRECS;10242.0;2
28600;BOT_TAKER;SUBMISSION;PANEL_1X4;XIRECS;11053.0;2
28600;BOT_TAKER;SUBMISSION;PANEL_2X4;XIRECS;10861.0;1
28600;BOT_TAKER;BOT_MAKER;PANEL_2X4;XIRECS;10862.0;1
28600;BOT_TAKER;SUBMISSION;PANEL_4X4;XIRECS;9444.0;2
28600;BOT_TAKER;SUBMISSION;OXYGEN_SHAKE_MORNING_BREATH;XIRECS;11149.0;2
28600;BOT_TAKER;SUBMISSION;OXYGEN_SHAKE_EVENING_BREATH;XIRECS;8455.0;2
28600;BOT_TAKER;SUBMISSION;OXYGEN_SHAKE_MINT;XIRECS;10061.0;2
28600;BOT_TAKER;BOT_MAKER;OXYGEN_SHAKE_CHOCOLATE;XIRECS;9361.0;2
28600;BOT_TAKER;SUBMISSION;OXYGEN_SHAKE_GARLIC;XIRECS;11903.0;2
28600;BOT_TAKER;BOT_MAKER;SNACKPACK_CHOCOLATE;XIRECS;9916.0;2
28600;BOT_TAKER;BOT_MAKER;SNACKPACK_VANILLA;XIRECS;10009.0;2
28600;BOT_TAKER;SUBMISSION;SNACKPACK_PISTACHIO;XIRECS;9573.0;2
28600;BOT_TAKER;SUBMISSION;SNACKPACK_STRAWBERRY;XIRECS;10636.0;2
28600;BOT_TAKER;BOT_MAKER;SNACKPACK_RASPBERRY;XIRECS;10141.0;2
29300;SUBMISSION;BOT_TAKER;MICROCHIP_CIRCLE;XIRECS;9118.0;2
29300;SUBMISSION;BOT_TAKER;MICROCHIP_OVAL;XIRECS;9225.0;2
29300;SUBMISSION;BOT_TAKER;MICROCHIP_SQUARE;XIRECS;12669.0;2
29300;SUBMISSION;BOT_TAKER;MICROCHIP_RECTANGLE;XIRECS;9101.0;2
29300;SUBMISSION;BOT_TAKER;MICROCHIP_TRIANGLE;XIRECS;10569.0;2
29400;BOT_TAKER;SUBMISSION;GALAXY_SOUNDS_DARK_MATTER;XIRECS;10505.0;1
29400;BOT_TAKER;BOT_MAKER;GALAXY_SOUNDS_BLACK_HOLES;XIRECS;11383.0;1
29400;BOT_TAKER;BOT_MAKER;GALAXY_SOUNDS_PLANETARY_RINGS;XIRECS;11323.0;1
29400;BOT_TAKER;BOT_MAKER;GALAXY_SOUNDS_SOLAR_WINDS;XIRECS;9577.0;1
29400;BOT_TAKER;BOT_MAKER;GALAXY_SOUNDS_SOLAR_FLAMES;XIRECS;11085.0;1
29400;BOT_TAKER;SUBMISSION;SLEEP_POD_SUEDE;XIRECS;11331.0;1
29400;BOT_TAKER;BOT_MAKER;SLEEP_POD_LAMB_WOOL;XIRECS;10684.0;1
29400;BOT_TAKER;BOT_MAKER;SLEEP_POD_POLYESTER;XIRECS;12048.0;1
29400;BOT_TAKER;BOT_MAKER;SLEEP_POD_NYLON;XIRECS;8663.0;1
29400;BOT_TAKER;BOT_MAKER;SLEEP_POD_COTTON;XIRECS;11479.0;1
29400;BOT_TAKER;BOT_MAKER;ROBOT_VACUUMING;XIRECS;9935.0;1
29400;BOT_TAKER;BOT_MAKER;ROBOT_MOPPING;XIRECS;9832.0;1
29400;BOT_TAKER;BOT_MAKER;ROBOT_DISHES;XIRECS;10160.0;1
29400;BOT_TAKER;SUBMISSION;ROBOT_LAUNDRY;XIRECS;10248.0;1
29400;BOT_TAKER;BOT_MAKER;ROBOT_IRONING;XIRECS;9381.0;1
29400;BOT_TAKER;BOT_MAKER;UV_VISOR_YELLOW;XIRECS;11447.0;1
29400;BOT_TAKER;BOT_MAKER;UV_VISOR_AMBER;XIRECS;8622.0;1
29400;BOT_TAKER;BOT_MAKER;UV_VISOR_ORANGE;XIRECS;10016.0;1
29400;BOT_TAKER;BOT_MAKER;UV_VISOR_RED;XIRECS;10630.0;1
29400;BOT_TAKER;BOT_MAKER;UV_VISOR_MAGENTA;XIRECS;11380.0;1
29400;BOT_TAKER;BOT_MAKER;TRANSLATOR_SPACE_GRAY;XIRECS;9675.0;1
29400;BOT_TAKER;BOT_MAKER;TRANSLATOR_ASTRO_BLACK;XIRECS;9959.0;1
29400;BOT_TAKER;BOT_MAKER;TRANSLATOR_ECLIPSE_CHARCOAL;XIRECS;10224.0;1
29400;BOT_TAKER;BOT_MAKER;TRANSLATOR_GRAPHITE_MIST;XIRECS;9588.0;1
29400;BOT_TAKER;BOT_MAKER;TRANSLATOR_VOID_BLUE;XIRECS;10927.0;1
29400;BOT_TAKER;BOT_MAKER;PANEL_1X2;XIRECS;8318.0;1
29400;BOT_TAKER;BOT_MAKER;PANEL_2X2;XIRECS;10260.0;1
29400;BOT_TAKER;BOT_MAKER;PANEL_1X4;XIRECS;11018.0;1
29400;BOT_TAKER;BOT_MAKER;PANEL_2X4;XIRECS;10902.0;1
29400;BOT_TAKER;BOT_MAKER;PANEL_4X4;XIRECS;9469.0;1
29400;BOT_TAKER;BOT_MAKER;OXYGEN_SHAKE_MORNING_BREATH;XIRECS;11165.0;1
29400;BOT_TAKER;BOT_MAKER;OXYGEN_SHAKE_EVENING_BREATH;XIRECS;8492.0;1
29400;BOT_TAKER;BOT_MAKER;OXYGEN_SHAKE_MINT;XIRECS;10062.0;1
29400;BOT_TAKER;BOT_MAKER;OXYGEN_SHAKE_CHOCOLATE;XIRECS;9331.0;1
29400;BOT_TAKER;BOT_MAKER;OXYGEN_SHAKE_GARLIC;XIRECS;11931.0;1
29400;BOT_TAKER;BOT_MAKER;SNACKPACK_CHOCOLATE;XIRECS;9904.0;1
29400;BOT_TAKER;BOT_MAKER;SNACKPACK_VANILLA;XIRECS;10030.0;1
29400;BOT_TAKER;BOT_MAKER;SNACKPACK_PISTACHIO;XIRECS;9552.0;1
29400;BOT_TAKER;SUBMISSION;SNACKPACK_STRAWBERRY;XIRECS;10612.0;1
29400;BOT_TAKER;BOT_MAKER;SNACKPACK_RASPBERRY;XIRECS;10176.0;1
32500;BOT_TAKER;SUBMISSION;PEBBLES_XS;XIRECS;7532.0;2
32500;BOT_TAKER;BOT_MAKER;PEBBLES_XS;XIRECS;7533.0;1
32500;BOT_TAKER;SUBMISSION;PEBBLES_S;XIRECS;9369.0;3
32500;BOT_TAKER;BOT_MAKER;PEBBLES_M;XIRECS;9555.0;3
32500;BOT_TAKER;SUBMISSION;PEBBLES_L;XIRECS;10530.0;2
32500;BOT_TAKER;BOT_MAKER;PEBBLES_L;XIRECS;10531.0;1
32500;BOT_TAKER;BOT_MAKER;PEBBLES_XL;XIRECS;13042.0;3
33600;SUBMISSION;BOT_TAKER;PEBBLES_XS;XIRECS;7491.0;4
33600;BOT_MAKER;BOT_TAKER;PEBBLES_S;XIRECS;9220.0;4
33600;BOT_MAKER;BOT_TAKER;PEBBLES_M;XIRECS;9591.0;4
33600;SUBMISSION;BOT_TAKER;PEBBLES_L;XIRECS;10624.0;4
33600;SUBMISSION;BOT_TAKER;PEBBLES_XL;XIRECS;13047.0;2
33600;BOT_MAKER;BOT_TAKER;PEBBLES_XL;XIRECS;13046.0;2
35100;SUBMISSION;BOT_TAKER;PEBBLES_XS;XIRECS;7446.0;5
35100;BOT_MAKER;BOT_TAKER;PEBBLES_S;XIRECS;9245.0;5
35100;BOT_MAKER;BOT_TAKER;PEBBLES_M;XIRECS;9673.0;5
35100;SUBMISSION;BOT_TAKER;PEBBLES_L;XIRECS;10604.0;5
35100;BOT_MAKER;BOT_TAKER;PEBBLES_XL;XIRECS;13004.0;5
35700;BOT_TAKER;SUBMISSION;PEBBLES_XS;XIRECS;7422.0;3
35700;BOT_TAKER;SUBMISSION;PEBBLES_S;XIRECS;9283.0;2
35700;BOT_TAKER;BOT_MAKER;PEBBLES_S;XIRECS;9284.0;1
35700;BOT_TAKER;BOT_MAKER;PEBBLES_M;XIRECS;9723.0;3
35700;BOT_TAKER;SUBMISSION;PEBBLES_L;XIRECS;10601.0;3
35700;BOT_TAKER;BOT_MAKER;PEBBLES_XL;XIRECS;12998.0;3
37200;BOT_TAKER;SUBMISSION;MICROCHIP_CIRCLE;XIRECS;9156.0;2
37200;BOT_TAKER;SUBMISSION;MICROCHIP_OVAL;XIRECS;9026.0;2
37200;BOT_TAKER;SUBMISSION;MICROCHIP_SQUARE;XIRECS;12905.0;2
37200;BOT_TAKER;BOT_MAKER;MICROCHIP_RECTANGLE;XIRECS;8894.0;2
37200;BOT_TAKER;BOT_MAKER;MICROCHIP_TRIANGLE;XIRECS;10584.0;2
39200;SUBMISSION;BOT_TAKER;MICROCHIP_CIRCLE;XIRECS;9123.0;1
39200;SUBMISSION;BOT_TAKER;MICROCHIP_OVAL;XIRECS;8946.0;1
39200;SUBMISSION;BOT_TAKER;MICROCHIP_SQUARE;XIRECS;13092.0;1
39200;SUBMISSION;BOT_TAKER;MICROCHIP_RECTANGLE;XIRECS;8875.0;1
39200;BOT_MAKER;BOT_TAKER;MICROCHIP_TRIANGLE;XIRECS;10550.0;1
42400;SUBMISSION;BOT_TAKER;MICROCHIP_CIRCLE;XIRECS;9152.0;2
42400;SUBMISSION;BOT_TAKER;MICROCHIP_OVAL;XIRECS;8896.0;2
42400;SUBMISSION;BOT_TAKER;MICROCHIP_SQUARE;XIRECS;13057.0;2
42400;SUBMISSION;BOT_TAKER;MICROCHIP_RECTANGLE;XIRECS;8778.0;2
42400;BOT_MAKER;BOT_TAKER;MICROCHIP_TRIANGLE;XIRECS;10457.0;2
45300;SUBMISSION;BOT_TAKER;MICROCHIP_CIRCLE;XIRECS;9219.0;2
45300;BOT_MAKER;BOT_TAKER;MICROCHIP_CIRCLE;XIRECS;9218.0;1
45300;SUBMISSION;BOT_TAKER;MICROCHIP_OVAL;XIRECS;8831.0;2
45300;BOT_MAKER;BOT_TAKER;MICROCHIP_OVAL;XIRECS;8830.0;1
45300;SUBMISSION;BOT_TAKER;MICROCHIP_SQUARE;XIRECS;13124.0;2
45300;BOT_MAKER;BOT_TAKER;MICROCHIP_SQUARE;XIRECS;13123.0;1
45300;BOT_MAKER;BOT_TAKER;MICROCHIP_RECTANGLE;XIRECS;8708.0;3
45300;BOT_MAKER;BOT_TAKER;MICROCHIP_TRIANGLE;XIRECS;10402.0;3
46100;BOT_TAKER;SUBMISSION;PEBBLES_XS;XIRECS;7484.0;4
46100;BOT_TAKER;BOT_MAKER;PEBBLES_S;XIRECS;9316.0;4
46100;BOT_TAKER;BOT_MAKER;PEBBLES_M;XIRECS;9968.0;4
46100;BOT_TAKER;SUBMISSION;PEBBLES_L;XIRECS;10404.0;4
46100;BOT_TAKER;BOT_MAKER;PEBBLES_XL;XIRECS;12857.0;4
47200;BOT_TAKER;SUBMISSION;PEBBLES_XS;XIRECS;7414.0;2
47200;BOT_TAKER;BOT_MAKER;PEBBLES_S;XIRECS;9266.0;2
47200;BOT_TAKER;BOT_MAKER;PEBBLES_M;XIRECS;10016.0;2
47200;BOT_TAKER;SUBMISSION;PEBBLES_L;XIRECS;10321.0;2
47200;BOT_TAKER;BOT_MAKER;PEBBLES_XL;XIRECS;13012.0;2
48400;BOT_MAKER;BOT_TAKER;GALAXY_SOUNDS_DARK_MATTER;XIRECS;10652.0;4
48400;SUBMISSION;BOT_TAKER;GALAXY_SOUNDS_BLACK_HOLES;XIRECS;11460.0;4
48400;SUBMISSION;BOT_TAKER;GALAXY_SOUNDS_PLANETARY_RINGS;XIRECS;11163.0;4
48400;SUBMISSION;BOT_TAKER;GALAXY_SOUNDS_SOLAR_WINDS;XIRECS;9373.0;4
48400;SUBMISSION;BOT_TAKER;GALAXY_SOUNDS_SOLAR_FLAMES;XIRECS;11218.0;4
48400;BOT_MAKER;BOT_TAKER;SLEEP_POD_SUEDE;XIRECS;11567.0;4
48400;BOT_MAKER;BOT_TAKER;SLEEP_POD_LAMB_WOOL;XIRECS;10470.0;4
48400;SUBMISSION;BOT_TAKER;SLEEP_POD_POLYESTER;XIRECS;12099.0;4
48400;SUBMISSION;BOT_TAKER;SLEEP_POD_NYLON;XIRECS;8601.0;4
48400;SUBMISSION;BOT_TAKER;SLEEP_POD_COTTON;XIRECS;11548.0;4
48400;SUBMISSION;BOT_TAKER;ROBOT_VACUUMING;XIRECS;9937.0;4
48400;SUBMISSION;BOT_TAKER;ROBOT_MOPPING;XIRECS;10037.0;4
48400;BOT_MAKER;BOT_TAKER;ROBOT_DISHES;XIRECS;10332.0;4
48400;SUBMISSION;BOT_TAKER;ROBOT_LAUNDRY;XIRECS;10209.0;4
48400;SUBMISSION;BOT_TAKER;ROBOT_IRONING;XIRECS;9306.0;4
48400;SUBMISSION;BOT_TAKER;UV_VISOR_YELLOW;XIRECS;11443.0;4
48400;SUBMISSION;BOT_TAKER;UV_VISOR_AMBER;XIRECS;8431.0;4
48400;SUBMISSION;BOT_TAKER;UV_VISOR_ORANGE;XIRECS;9738.0;4
48400;SUBMISSION;BOT_TAKER;UV_VISOR_RED;XIRECS;10720.0;4
48400;BOT_MAKER;BOT_TAKER;UV_VISOR_MAGENTA;XIRECS;11364.0;4
48400;SUBMISSION;BOT_TAKER;TRANSLATOR_SPACE_GRAY;XIRECS;9651.0;4
48400;SUBMISSION;BOT_TAKER;TRANSLATOR_ASTRO_BLACK;XIRECS;9622.0;4
48400;BOT_MAKER;BOT_TAKER;TRANSLATOR_ECLIPSE_CHARCOAL;XIRECS;10297.0;4
48400;SUBMISSION;BOT_TAKER;TRANSLATOR_GRAPHITE_MIST;XIRECS;9562.0;4
48400;SUBMISSION;BOT_TAKER;TRANSLATOR_VOID_BLUE;XIRECS;10889.0;4
48400;SUBMISSION;BOT_TAKER;PANEL_1X2;XIRECS;8364.0;4
48400;SUBMISSION;BOT_TAKER;PANEL_2X2;XIRECS;10263.0;4
48400;SUBMISSION;BOT_TAKER;PANEL_1X4;XIRECS;10869.0;4
48400;BOT_MAKER;BOT_TAKER;PANEL_2X4;XIRECS;10812.0;4
48400;SUBMISSION;BOT_TAKER;PANEL_4X4;XIRECS;9401.0;4
48400;SUBMISSION;BOT_TAKER;OXYGEN_SHAKE_MORNING_BREATH;XIRECS;11044.0;4
48400;SUBMISSION;BOT_TAKER;OXYGEN_SHAKE_EVENING_BREATH;XIRECS;8490.0;4
48400;SUBMISSION;BOT_TAKER;OXYGEN_SHAKE_MINT;XIRECS;9952.0;4
48400;SUBMISSION;BOT_TAKER;OXYGEN_SHAKE_CHOCOLATE;XIRECS;9158.0;4
48400;SUBMISSION;BOT_TAKER;OXYGEN_SHAKE_GARLIC;XIRECS;12175.0;4
48400;BOT_MAKER;BOT_TAKER;SNACKPACK_CHOCOLATE;XIRECS;10065.0;4
48400;SUBMISSION;BOT_TAKER;SNACKPACK_VANILLA;XIRECS;9838.0;4
48400;SUBMISSION;BOT_TAKER;SNACKPACK_PISTACHIO;XIRECS;9504.0;4
48400;BOT_MAKER;BOT_TAKER;SNACKPACK_STRAWBERRY;XIRECS;10589.0;4
48400;SUBMISSION;BOT_TAKER;SNACKPACK_RASPBERRY;XIRECS;10166.0;1
48400;BOT_MAKER;BOT_TAKER;SNACKPACK_RASPBERRY;XIRECS;10165.0;3
49300;BOT_TAKER;SUBMISSION;GALAXY_SOUNDS_DARK_MATTER;XIRECS;10670.0;1
49300;BOT_TAKER;SUBMISSION;GALAXY_SOUNDS_BLACK_HOLES;XIRECS;11454.0;1
49300;BOT_TAKER;SUBMISSION;GALAXY_SOUNDS_PLANETARY_RINGS;XIRECS;11186.0;1
49300;BOT_TAKER;SUBMISSION;GALAXY_SOUNDS_SOLAR_WINDS;XIRECS;9368.0;1
49300;BOT_TAKER;BOT_MAKER;GALAXY_SOUNDS_SOLAR_FLAMES;XIRECS;11196.0;1
49300;BOT_TAKER;SUBMISSION;SLEEP_POD_SUEDE;XIRECS;11584.0;1
49300;BOT_TAKER;BOT_MAKER;SLEEP_POD_LAMB_WOOL;XIRECS;10447.0;1
49300;BOT_TAKER;SUBMISSION;SLEEP_POD_POLYESTER;XIRECS;12108.0;1
49300;BOT_TAKER;BOT_MAKER;SLEEP_POD_NYLON;XIRECS;8561.0;1
49300;BOT_TAKER;SUBMISSION;SLEEP_POD_COTTON;XIRECS;11612.0;1
49300;BOT_TAKER;BOT_MAKER;ROBOT_VACUUMING;XIRECS;9932.0;1
49300;BOT_TAKER;SUBMISSION;ROBOT_MOPPING;XIRECS;9981.0;1
49300;BOT_TAKER;BOT_MAKER;ROBOT_DISHES;XIRECS;10244.0;1
49300;BOT_TAKER;BOT_MAKER;ROBOT_LAUNDRY;XIRECS;10203.0;1
49300;BOT_TAKER;SUBMISSION;ROBOT_IRONING;XIRECS;9315.0;1
49300;BOT_TAKER;SUBMISSION;UV_VISOR_YELLOW;XIRECS;11391.0;1
49300;BOT_TAKER;SUBMISSION;UV_VISOR_AMBER;XIRECS;8386.0;1
49300;BOT_TAKER;SUBMISSION;UV_VISOR_ORANGE;XIRECS;9750.0;1
49300;BOT_TAKER;BOT_MAKER;UV_VISOR_RED;XIRECS;10714.0;1
49300;BOT_TAKER;BOT_MAKER;UV_VISOR_MAGENTA;XIRECS;11311.0;1
49300;BOT_TAKER;SUBMISSION;TRANSLATOR_SPACE_GRAY;XIRECS;9670.0;1
49300;BOT_TAKER;BOT_MAKER;TRANSLATOR_ASTRO_BLACK;XIRECS;9604.0;1
49300;BOT_TAKER;SUBMISSION;TRANSLATOR_ECLIPSE_CHARCOAL;XIRECS;10308.0;1
49300;BOT_TAKER;SUBMISSION;TRANSLATOR_GRAPHITE_MIST;XIRECS;9590.0;1
49300;BOT_TAKER;BOT_MAKER;TRANSLATOR_VOID_BLUE;XIRECS;10861.0;1
49300;BOT_TAKER;SUBMISSION;PANEL_1X2;XIRECS;8364.0;1
49300;BOT_TAKER;SUBMISSION;PANEL_2X2;XIRECS;10265.0;1
49300;BOT_TAKER;SUBMISSION;PANEL_1X4;XIRECS;10928.0;1
49300;BOT_TAKER;BOT_MAKER;PANEL_2X4;XIRECS;10774.0;1
49300;BOT_TAKER;SUBMISSION;PANEL_4X4;XIRECS;9353.0;1
49300;BOT_TAKER;SUBMISSION;OXYGEN_SHAKE_MORNING_BREATH;XIRECS;11076.0;1
49300;BOT_TAKER;SUBMISSION;OXYGEN_SHAKE_EVENING_BREATH;XIRECS;8446.0;1
49300;BOT_TAKER;SUBMISSION;OXYGEN_SHAKE_MINT;XIRECS;9998.0;1
49300;BOT_TAKER;BOT_MAKER;OXYGEN_SHAKE_CHOCOLATE;XIRECS;9205.0;1
49300;BOT_TAKER;SUBMISSION;OXYGEN_SHAKE_GARLIC;XIRECS;12190.0;1
49300;BOT_TAKER;SUBMISSION;SNACKPACK_CHOCOLATE;XIRECS;10072.0;1
49300;BOT_TAKER;BOT_MAKER;SNACKPACK_VANILLA;XIRECS;9863.0;1
49300;BOT_TAKER;BOT_MAKER;SNACKPACK_PISTACHIO;XIRECS;9499.0;1
49300;BOT_TAKER;BOT_MAKER;SNACKPACK_STRAWBERRY;XIRECS;10562.0;1
49300;BOT_TAKER;SUBMISSION;SNACKPACK_RASPBERRY;XIRECS;10235.0;1
50300;BOT_MAKER;BOT_TAKER;GALAXY_SOUNDS_DARK_MATTER;XIRECS;10667.0;2
50300;SUBMISSION;BOT_TAKER;GALAXY_SOUNDS_BLACK_HOLES;XIRECS;11410.0;2
50300;SUBMISSION;BOT_TAKER;GALAXY_SOUNDS_PLANETARY_RINGS;XIRECS;11189.0;2
50300;SUBMISSION;BOT_TAKER;GALAXY_SOUNDS_SOLAR_WINDS;XIRECS;9399.0;2
50300;SUBMISSION;BOT_TAKER;GALAXY_SOUNDS_SOLAR_FLAMES;XIRECS;11173.0;2
50300;BOT_MAKER;BOT_TAKER;SLEEP_POD_SUEDE;XIRECS;11506.0;2
50300;BOT_MAKER;BOT_TAKER;SLEEP_POD_LAMB_WOOL;XIRECS;10496.0;2
50300;SUBMISSION;BOT_TAKER;SLEEP_POD_POLYESTER;XIRECS;12113.0;2
50300;SUBMISSION;BOT_TAKER;SLEEP_POD_NYLON;XIRECS;8600.0;2
50300;SUBMISSION;BOT_TAKER;SLEEP_POD_COTTON;XIRECS;11591.0;2
50300;SUBMISSION;BOT_TAKER;ROBOT_VACUUMING;XIRECS;9982.0;2
50300;SUBMISSION;BOT_TAKER;ROBOT_MOPPING;XIRECS;9977.0;2
50300;BOT_MAKER;BOT_TAKER;ROBOT_DISHES;XIRECS;10257.0;2
50300;SUBMISSION;BOT_TAKER;ROBOT_LAUNDRY;XIRECS;10171.0;2
50300;SUBMISSION;BOT_TAKER;ROBOT_IRONING;XIRECS;9298.0;2
50300;SUBMISSION;BOT_TAKER;UV_VISOR_YELLOW;XIRECS;11313.0;2
50300;SUBMISSION;BOT_TAKER;UV_VISOR_AMBER;XIRECS;8327.0;2
50300;SUBMISSION;BOT_TAKER;UV_VISOR_ORANGE;XIRECS;9713.0;2
50300;SUBMISSION;BOT_TAKER;UV_VISOR_RED;XIRECS;10682.0;2
50300;SUBMISSION;BOT_TAKER;UV_VISOR_MAGENTA;XIRECS;11265.0;2
50300;SUBMISSION;BOT_TAKER;TRANSLATOR_SPACE_GRAY;XIRECS;9659.0;2
50300;SUBMISSION;BOT_TAKER;TRANSLATOR_ASTRO_BLACK;XIRECS;9593.0;2
50300;BOT_MAKER;BOT_TAKER;TRANSLATOR_ECLIPSE_CHARCOAL;XIRECS;10285.0;2
50300;SUBMISSION;BOT_TAKER;TRANSLATOR_GRAPHITE_MIST;XIRECS;9550.0;2
50300;SUBMISSION;BOT_TAKER;TRANSLATOR_VOID_BLUE;XIRECS;10800.0;2
50300;SUBMISSION;BOT_TAKER;PANEL_1X2;XIRECS;8392.0;2
50300;SUBMISSION;BOT_TAKER;PANEL_2X2;XIRECS;10275.0;2
50300;SUBMISSION;BOT_TAKER;PANEL_1X4;XIRECS;10915.0;2
50300;BOT_MAKER;BOT_TAKER;PANEL_2X4;XIRECS;10800.0;2
50300;SUBMISSION;BOT_TAKER;PANEL_4X4;XIRECS;9349.0;2
50300;SUBMISSION;BOT_TAKER;OXYGEN_SHAKE_MORNING_BREATH;XIRECS;11070.0;2
50300;SUBMISSION;BOT_TAKER;OXYGEN_SHAKE_EVENING_BREATH;XIRECS;8491.0;2
50300;SUBMISSION;BOT_TAKER;OXYGEN_SHAKE_MINT;XIRECS;9990.0;2
50300;SUBMISSION;BOT_TAKER;OXYGEN_SHAKE_CHOCOLATE;XIRECS;9200.0;2
50300;SUBMISSION;BOT_TAKER;OXYGEN_SHAKE_GARLIC;XIRECS;12148.0;2
50300;BOT_MAKER;BOT_TAKER;SNACKPACK_CHOCOLATE;XIRECS;10046.0;2
50300;SUBMISSION;BOT_TAKER;SNACKPACK_VANILLA;XIRECS;9868.0;2
50300;SUBMISSION;BOT_TAKER;SNACKPACK_PISTACHIO;XIRECS;9478.0;2
50300;BOT_MAKER;BOT_TAKER;SNACKPACK_STRAWBERRY;XIRECS;10557.0;2
50300;BOT_MAKER;BOT_TAKER;SNACKPACK_RASPBERRY;XIRECS;10206.0;2
51800;BOT_TAKER;SUBMISSION;MICROCHIP_CIRCLE;XIRECS;9308.0;3
51800;BOT_TAKER;SUBMISSION;MICROCHIP_OVAL;XIRECS;8881.0;3
51800;BOT_TAKER;SUBMISSION;MICROCHIP_SQUARE;XIRECS;13147.0;3
51800;BOT_TAKER;BOT_MAKER;MICROCHIP_RECTANGLE;XIRECS;8546.0;3
51800;BOT_TAKER;BOT_MAKER;MICROCHIP_TRIANGLE;XIRECS;10429.0;3
53100;BOT_TAKER;SUBMISSION;MICROCHIP_CIRCLE;XIRECS;9285.0;2
53100;BOT_TAKER;SUBMISSION;MICROCHIP_OVAL;XIRECS;8873.0;2
53100;BOT_TAKER;SUBMISSION;MICROCHIP_SQUARE;XIRECS;13121.0;2
53100;BOT_TAKER;BOT_MAKER;MICROCHIP_RECTANGLE;XIRECS;8571.0;2
53100;BOT_TAKER;BOT_MAKER;MICROCHIP_TRIANGLE;XIRECS;10342.0;2
54500;BOT_TAKER;SUBMISSION;GALAXY_SOUNDS_DARK_MATTER;XIRECS;10672.0;2
54500;BOT_TAKER;SUBMISSION;GALAXY_SOUNDS_BLACK_HOLES;XIRECS;11447.0;2
54500;BOT_TAKER;SUBMISSION;GALAXY_SOUNDS_PLANETARY_RINGS;XIRECS;11226.0;2
54500;BOT_TAKER;SUBMISSION;GALAXY_SOUNDS_SOLAR_WINDS;XIRECS;9430.0;2
54500;BOT_TAKER;BOT_MAKER;GALAXY_SOUNDS_SOLAR_FLAMES;XIRECS;11091.0;2
54500;BOT_TAKER;SUBMISSION;SLEEP_POD_SUEDE;XIRECS;11552.0;2
54500;BOT_TAKER;BOT_MAKER;SLEEP_POD_LAMB_WOOL;XIRECS;10483.0;2
54500;BOT_TAKER;SUBMISSION;SLEEP_POD_POLYESTER;XIRECS;12098.0;2
54500;BOT_TAKER;BOT_MAKER;SLEEP_POD_NYLON;XIRECS;8639.0;2
54500;BOT_TAKER;SUBMISSION;SLEEP_POD_COTTON;XIRECS;11505.0;2
54500;BOT_TAKER;BOT_MAKER;ROBOT_VACUUMING;XIRECS;9971.0;2
54500;BOT_TAKER;SUBMISSION;ROBOT_MOPPING;XIRECS;10074.0;2
54500;BOT_TAKER;BOT_MAKER;ROBOT_DISHES;XIRECS;10008.0;2
54500;BOT_TAKER;SUBMISSION;ROBOT_LAUNDRY;XIRECS;10221.0;2
54500;BOT_TAKER;SUBMISSION;ROBOT_IRONING;XIRECS;9329.0;2
54500;BOT_TAKER;SUBMISSION;UV_VISOR_YELLOW;XIRECS;11353.0;2
54500;BOT_TAKER;SUBMISSION;UV_VISOR_AMBER;XIRECS;8318.0;2
54500;BOT_TAKER;SUBMISSION;UV_VISOR_ORANGE;XIRECS;9735.0;2
54500;BOT_TAKER;BOT_MAKER;UV_VISOR_RED;XIRECS;10675.0;2
54500;BOT_TAKER;BOT_MAKER;UV_VISOR_MAGENTA;XIRECS;11043.0;2
54500;BOT_TAKER;SUBMISSION;TRANSLATOR_SPACE_GRAY;XIRECS;9633.0;2
54500;BOT_TAKER;BOT_MAKER;TRANSLATOR_ASTRO_BLACK;XIRECS;9536.0;2
54500;BOT_TAKER;SUBMISSION;TRANSLATOR_ECLIPSE_CHARCOAL;XIRECS;10311.0;2
54500;BOT_TAKER;SUBMISSION;TRANSLATOR_GRAPHITE_MIST;XIRECS;9687.0;2
54500;BOT_TAKER;BOT_MAKER;TRANSLATOR_VOID_BLUE;XIRECS;10762.0;2
54500;BOT_TAKER;SUBMISSION;PANEL_1X2;XIRECS;8350.0;2
54500;BOT_TAKER;SUBMISSION;PANEL_2X2;XIRECS;10237.0;2
54500;BOT_TAKER;SUBMISSION;PANEL_1X4;XIRECS;10932.0;2
54500;BOT_TAKER;BOT_MAKER;PANEL_2X4;XIRECS;10931.0;2
54500;BOT_TAKER;SUBMISSION;PANEL_4X4;XIRECS;9357.0;2
54500;BOT_TAKER;SUBMISSION;OXYGEN_SHAKE_MORNING_BREATH;XIRECS;11141.0;2
54500;BOT_TAKER;SUBMISSION;OXYGEN_SHAKE_EVENING_BREATH;XIRECS;8450.0;2
54500;BOT_TAKER;SUBMISSION;OXYGEN_SHAKE_MINT;XIRECS;10083.0;2
54500;BOT_TAKER;BOT_MAKER;OXYGEN_SHAKE_CHOCOLATE;XIRECS;9158.0;2
54500;BOT_TAKER;SUBMISSION;OXYGEN_SHAKE_GARLIC;XIRECS;12105.0;2
54500;BOT_TAKER;SUBMISSION;SNACKPACK_CHOCOLATE;XIRECS;10091.0;2
54500;BOT_TAKER;BOT_MAKER;SNACKPACK_VANILLA;XIRECS;9869.0;2
54500;BOT_TAKER;BOT_MAKER;SNACKPACK_PISTACHIO;XIRECS;9514.0;2
54500;BOT_TAKER;SUBMISSION;SNACKPACK_STRAWBERRY;XIRECS;10579.0;1
54500;BOT_TAKER;BOT_MAKER;SNACKPACK_STRAWBERRY;XIRECS;10580.0;1
54500;BOT_TAKER;SUBMISSION;SNACKPACK_RASPBERRY;XIRECS;10218.0;2
55200;SUBMISSION;BOT_TAKER;PEBBLES_XS;XIRECS;7513.0;3
55200;SUBMISSION;BOT_TAKER;PEBBLES_S;XIRECS;9166.0;3
55200;BOT_MAKER;BOT_TAKER;PEBBLES_M;XIRECS;9918.0;3
55200;SUBMISSION;BOT_TAKER;PEBBLES_L;XIRECS;10184.0;3
55200;BOT_MAKER;BOT_TAKER;PEBBLES_XL;XIRECS;13192.0;3
56100;BOT_TAKER;SUBMISSION;PEBBLES_XS;XIRECS;7528.0;2
56100;BOT_TAKER;BOT_MAKER;PEBBLES_S;XIRECS;9162.0;2
56100;BOT_TAKER;BOT_MAKER;PEBBLES_M;XIRECS;9878.0;2
56100;BOT_TAKER;SUBMISSION;PEBBLES_L;XIRECS;10285.0;2
56100;BOT_TAKER;BOT_MAKER;PEBBLES_XL;XIRECS;13177.0;2
58600;SUBMISSION;BOT_TAKER;MICROCHIP_CIRCLE;XIRECS;9420.0;3
58600;SUBMISSION;BOT_TAKER;MICROCHIP_OVAL;XIRECS;8724.0;3
58600;SUBMISSION;BOT_TAKER;MICROCHIP_SQUARE;XIRECS;13292.0;3
58600;BOT_MAKER;BOT_TAKER;MICROCHIP_RECTANGLE;XIRECS;8281.0;3
58600;BOT_MAKER;BOT_TAKER;MICROCHIP_TRIANGLE;XIRECS;10379.0;3
59300;BOT_MAKER;BOT_TAKER;GALAXY_SOUNDS_DARK_MATTER;XIRECS;10763.0;3
59300;SUBMISSION;BOT_TAKER;GALAXY_SOUNDS_BLACK_HOLES;XIRECS;11415.0;3
59300;SUBMISSION;BOT_TAKER;GALAXY_SOUNDS_PLANETARY_RINGS;XIRECS;11242.0;3
59300;SUBMISSION;BOT_TAKER;GALAXY_SOUNDS_SOLAR_WINDS;XIRECS;9419.0;3
59300;SUBMISSION;BOT_TAKER;GALAXY_SOUNDS_SOLAR_FLAMES;XIRECS;11048.0;3
59300;BOT_MAKER;BOT_TAKER;SLEEP_POD_SUEDE;XIRECS;11549.0;3
59300;SUBMISSION;BOT_TAKER;SLEEP_POD_LAMB_WOOL;XIRECS;10377.0;3
59300;SUBMISSION;BOT_TAKER;SLEEP_POD_POLYESTER;XIRECS;12071.0;3
59300;SUBMISSION;BOT_TAKER;SLEEP_POD_NYLON;XIRECS;8723.0;3
59300;SUBMISSION;BOT_TAKER;SLEEP_POD_COTTON;XIRECS;11438.0;3
59300;SUBMISSION;BOT_TAKER;ROBOT_VACUUMING;XIRECS;9932.0;3
59300;SUBMISSION;BOT_TAKER;ROBOT_MOPPING;XIRECS;10055.0;3
59300;BOT_MAKER;BOT_TAKER;ROBOT_DISHES;XIRECS;10225.0;3
59300;BOT_MAKER;BOT_TAKER;ROBOT_LAUNDRY;XIRECS;10291.0;3
59300;SUBMISSION;BOT_TAKER;ROBOT_IRONING;XIRECS;9308.0;3
59300;SUBMISSION;BOT_TAKER;UV_VISOR_YELLOW;XIRECS;11309.0;3
59300;SUBMISSION;BOT_TAKER;UV_VISOR_AMBER;XIRECS;8168.0;3
59300;SUBMISSION;BOT_TAKER;UV_VISOR_ORANGE;XIRECS;9654.0;3
59300;SUBMISSION;BOT_TAKER;UV_VISOR_RED;XIRECS;10616.0;3
59300;SUBMISSION;BOT_TAKER;UV_VISOR_MAGENTA;XIRECS;11185.0;3
59300;SUBMISSION;BOT_TAKER;TRANSLATOR_SPACE_GRAY;XIRECS;9701.0;3
59300;SUBMISSION;BOT_TAKER;TRANSLATOR_ASTRO_BLACK;XIRECS;9448.0;3
59300;BOT_MAKER;BOT_TAKER;TRANSLATOR_ECLIPSE_CHARCOAL;XIRECS;10402.0;3
59300;SUBMISSION;BOT_TAKER;TRANSLATOR_GRAPHITE_MIST;XIRECS;9548.0;3
59300;SUBMISSION;BOT_TAKER;TRANSLATOR_VOID_BLUE;XIRECS;10698.0;3
59300;SUBMISSION;BOT_TAKER;PANEL_1X2;XIRECS;8334.0;3
59300;SUBMISSION;BOT_TAKER;PANEL_2X2;XIRECS;10381.0;3
59300;SUBMISSION;BOT_TAKER;PANEL_1X4;XIRECS;10919.0;3
59300;BOT_MAKER;BOT_TAKER;PANEL_2X4;XIRECS;10984.0;3
59300;SUBMISSION;BOT_TAKER;PANEL_4X4;XIRECS;9312.0;3
59300;SUBMISSION;BOT_TAKER;OXYGEN_SHAKE_MORNING_BREATH;XIRECS;11040.0;3
59300;SUBMISSION;BOT_TAKER;OXYGEN_SHAKE_EVENING_BREATH;XIRECS;8492.0;3
59300;SUBMISSION;BOT_TAKER;OXYGEN_SHAKE_MINT;XIRECS;10089.0;3
59300;SUBMISSION;BOT_TAKER;OXYGEN_SHAKE_CHOCOLATE;XIRECS;9138.0;3
59300;SUBMISSION;BOT_TAKER;OXYGEN_SHAKE_GARLIC;XIRECS;12120.0;3
59300;BOT_MAKER;BOT_TAKER;SNACKPACK_CHOCOLATE;XIRECS;10055.0;3
59300;SUBMISSION;BOT_TAKER;SNACKPACK_VANILLA;XIRECS;9905.0;3
59300;BOT_MAKER;BOT_TAKER;SNACKPACK_PISTACHIO;XIRECS;9560.0;3
59300;BOT_MAKER;BOT_TAKER;SNACKPACK_STRAWBERRY;XIRECS;10695.0;3
59300;SUBMISSION;BOT_TAKER;SNACKPACK_RASPBERRY;XIRECS;10090.0;3
62000;BOT_TAKER;SUBMISSION;GALAXY_SOUNDS_DARK_MATTER;XIRECS;10735.0;1
62000;BOT_TAKER;BOT_MAKER;GALAXY_SOUNDS_DARK_MATTER;XIRECS;10736.0;2
62000;BOT_TAKER;SUBMISSION;GALAXY_SOUNDS_BLACK_HOLES;XIRECS;11388.0;2
62000;BOT_TAKER;BOT_MAKER;GALAXY_SOUNDS_BLACK_HOLES;XIRECS;11389.0;1
62000;BOT_TAKER;SUBMISSION;GALAXY_SOUNDS_PLANETARY_RINGS;XIRECS;11239.0;2
62000;BOT_TAKER;BOT_MAKER;GALAXY_SOUNDS_PLANETARY_RINGS;XIRECS;11240.0;1
62000;BOT_TAKER;SUBMISSION;GALAXY_SOUNDS_SOLAR_WINDS;XIRECS;9522.0;2
62000;BOT_TAKER;BOT_MAKER;GALAXY_SOUNDS_SOLAR_WINDS;XIRECS;9523.0;1
62000;BOT_TAKER;BOT_MAKER;GALAXY_SOUNDS_SOLAR_FLAMES;XIRECS;10973.0;3
62000;BOT_TAKER;BOT_MAKER;SLEEP_POD_SUEDE;XIRECS;11611.0;3
62000;BOT_TAKER;BOT_MAKER;SLEEP_POD_LAMB_WOOL;XIRECS;10315.0;3
62000;BOT_TAKER;SUBMISSION;SLEEP_POD_POLYESTER;XIRECS;12080.0;2
62000;BOT_TAKER;BOT_MAKER;SLEEP_POD_POLYESTER;XIRECS;12081.0;1
62000;BOT_TAKER;BOT_MAKER;SLEEP_POD_NYLON;XIRECS;8772.0;3
62000;BOT_TAKER;SUBMISSION;SLEEP_POD_COTTON;XIRECS;11476.0;2
62000;BOT_TAKER;BOT_MAKER;SLEEP_POD_COTTON;XIRECS;11477.0;1
62000;BOT_TAKER;BOT_MAKER;ROBOT_VACUUMING;XIRECS;9941.0;3
62000;BOT_TAKER;SUBMISSION;ROBOT_MOPPING;XIRECS;10015.0;2
62000;BOT_TAKER;BOT_MAKER;ROBOT_MOPPING;XIRECS;10016.0;1
62000;BOT_TAKER;BOT_MAKER;ROBOT_DISHES;XIRECS;10285.0;3
62000;BOT_TAKER;SUBMISSION;ROBOT_LAUNDRY;XIRECS;10253.0;3
62000;BOT_TAKER;SUBMISSION;ROBOT_IRONING;XIRECS;9367.0;2
62000;BOT_TAKER;BOT_MAKER;ROBOT_IRONING;XIRECS;9368.0;1
62000;BOT_TAKER;SUBMISSION;UV_VISOR_YELLOW;XIRECS;11479.0;2
62000;BOT_TAKER;BOT_MAKER;UV_VISOR_YELLOW;XIRECS;11480.0;1
62000;BOT_TAKER;SUBMISSION;UV_VISOR_AMBER;XIRECS;8185.0;2
62000;BOT_TAKER;BOT_MAKER;UV_VISOR_AMBER;XIRECS;8186.0;1
62000;BOT_TAKER;SUBMISSION;UV_VISOR_ORANGE;XIRECS;9693.0;2
62000;BOT_TAKER;BOT_MAKER;UV_VISOR_ORANGE;XIRECS;9694.0;1
62000;BOT_TAKER;BOT_MAKER;UV_VISOR_RED;XIRECS;10637.0;3
62000;BOT_TAKER;BOT_MAKER;UV_VISOR_MAGENTA;XIRECS;11194.0;3
62000;BOT_TAKER;SUBMISSION;TRANSLATOR_SPACE_GRAY;XIRECS;9706.0;2
62000;BOT_TAKER;BOT_MAKER;TRANSLATOR_SPACE_GRAY;XIRECS;9707.0;1
62000;BOT_TAKER;BOT_MAKER;TRANSLATOR_ASTRO_BLACK;XIRECS;9379.0;3
62000;BOT_TAKER;SUBMISSION;TRANSLATOR_ECLIPSE_CHARCOAL;XIRECS;10418.0;3
62000;BOT_TAKER;SUBMISSION;TRANSLATOR_GRAPHITE_MIST;XIRECS;9499.0;2
62000;BOT_TAKER;BOT_MAKER;TRANSLATOR_GRAPHITE_MIST;XIRECS;9500.0;1
62000;BOT_TAKER;BOT_MAKER;TRANSLATOR_VOID_BLUE;XIRECS;10724.0;3
62000;BOT_TAKER;SUBMISSION;PANEL_1X2;XIRECS;8344.0;2
62000;BOT_TAKER;BOT_MAKER;PANEL_1X2;XIRECS;8345.0;1
62000;BOT_TAKER;SUBMISSION;PANEL_2X2;XIRECS;10380.0;2
62000;BOT_TAKER;BOT_MAKER;PANEL_2X2;XIRECS;10381.0;1
62000;BOT_TAKER;SUBMISSION;PANEL_1X4;XIRECS;10933.0;2
62000;BOT_TAKER;BOT_MAKER;PANEL_1X4;XIRECS;10934.0;1
62000;BOT_TAKER;BOT_MAKER;PANEL_2X4;XIRECS;10941.0;3
62000;BOT_TAKER;SUBMISSION;PANEL_4X4;XIRECS;9241.0;2
62000;BOT_TAKER;BOT_MAKER;PANEL_4X4;XIRECS;9242.0;1
62000;BOT_TAKER;SUBMISSION;OXYGEN_SHAKE_MORNING_BREATH;XIRECS;11047.0;2
62000;BOT_TAKER;BOT_MAKER;OXYGEN_SHAKE_MORNING_BREATH;XIRECS;11048.0;1
62000;BOT_TAKER;SUBMISSION;OXYGEN_SHAKE_EVENING_BREATH;XIRECS;8561.0;2
62000;BOT_TAKER;BOT_MAKER;OXYGEN_SHAKE_EVENING_BREATH;XIRECS;8562.0;1
62000;BOT_TAKER;SUBMISSION;OXYGEN_SHAKE_MINT;XIRECS;10040.0;2
62000;BOT_TAKER;BOT_MAKER;OXYGEN_SHAKE_MINT;XIRECS;10041.0;1
62000;BOT_TAKER;BOT_MAKER;OXYGEN_SHAKE_CHOCOLATE;XIRECS;9059.0;3
62000;BOT_TAKER;SUBMISSION;OXYGEN_SHAKE_GARLIC;XIRECS;12144.0;2
62000;BOT_TAKER;BOT_MAKER;OXYGEN_SHAKE_GARLIC;XIRECS;12145.0;1
62000;BOT_TAKER;SUBMISSION;SNACKPACK_CHOCOLATE;XIRECS;10126.0;3
62000;BOT_TAKER;BOT_MAKER;SNACKPACK_VANILLA;XIRECS;9883.0;3
62000;BOT_TAKER;SUBMISSION;SNACKPACK_PISTACHIO;XIRECS;9585.0;3
62000;BOT_TAKER;BOT_MAKER;SNACKPACK_STRAWBERRY;XIRECS;10758.0;3
62000;BOT_TAKER;BOT_MAKER;SNACKPACK_RASPBERRY;XIRECS;10056.0;3
62800;BOT_MAKER;BOT_TAKER;GALAXY_SOUNDS_DARK_MATTER;XIRECS;10768.0;1
62800;SUBMISSION;BOT_TAKER;GALAXY_SOUNDS_BLACK_HOLES;XIRECS;11351.0;1
62800;SUBMISSION;BOT_TAKER;GALAXY_SOUNDS_PLANETARY_RINGS;XIRECS;11215.0;1
62800;SUBMISSION;BOT_TAKER;GALAXY_SOUNDS_SOLAR_WINDS;XIRECS;9504.0;1
62800;SUBMISSION;BOT_TAKER;GALAXY_SOUNDS_SOLAR_FLAMES;XIRECS;10952.0;1
62800;BOT_MAKER;BOT_TAKER;SLEEP_POD_SUEDE;XIRECS;11612.0;1
62800;SUBMISSION;BOT_TAKER;SLEEP_POD_LAMB_WOOL;XIRECS;10285.0;1
62800;SUBMISSION;BOT_TAKER;SLEEP_POD_POLYESTER;XIRECS;12071.0;1
62800;BOT_MAKER;BOT_TAKER;SLEEP_POD_NYLON;XIRECS;8732.0;1
62800;SUBMISSION;BOT_TAKER;SLEEP_POD_COTTON;XIRECS;11469.0;1
62800;BOT_MAKER;BOT_TAKER;ROBOT_VACUUMING;XIRECS;9956.0;1
62800;SUBMISSION;BOT_TAKER;ROBOT_MOPPING;XIRECS;10044.0;1
62800;BOT_MAKER;BOT_TAKER;ROBOT_DISHES;XIRECS;10279.0;1
62800;BOT_MAKER;BOT_TAKER;ROBOT_LAUNDRY;XIRECS;10246.0;1
62800;SUBMISSION;BOT_TAKER;ROBOT_IRONING;XIRECS;9343.0;1
62800;SUBMISSION;BOT_TAKER;UV_VISOR_YELLOW;XIRECS;11457.0;1
62800;SUBMISSION;BOT_TAKER;UV_VISOR_AMBER;XIRECS;8187.0;1
62800;SUBMISSION;BOT_TAKER;UV_VISOR_ORANGE;XIRECS;9728.0;1
62800;BOT_MAKER;BOT_TAKER;UV_VISOR_RED;XIRECS;10674.0;1
62800;SUBMISSION;BOT_TAKER;UV_VISOR_MAGENTA;XIRECS;11184.0;1
62800;SUBMISSION;BOT_TAKER;TRANSLATOR_SPACE_GRAY;XIRECS;9695.0;1
62800;SUBMISSION;BOT_TAKER;TRANSLATOR_ASTRO_BLACK;XIRECS;9384.0;1
62800;BOT_MAKER;BOT_TAKER;TRANSLATOR_ECLIPSE_CHARCOAL;XIRECS;10418.0;1
62800;SUBMISSION;BOT_TAKER;TRANSLATOR_GRAPHITE_MIST;XIRECS;9528.0;1
62800;BOT_MAKER;BOT_TAKER;TRANSLATOR_VOID_BLUE;XIRECS;10788.0;1
62800;SUBMISSION;BOT_TAKER;PANEL_1X2;XIRECS;8326.0;1
62800;SUBMISSION;BOT_TAKER;PANEL_2X2;XIRECS;10374.0;1
62800;SUBMISSION;BOT_TAKER;PANEL_1X4;XIRECS;10905.0;1
62800;BOT_MAKER;BOT_TAKER;PANEL_2X4;XIRECS;10935.0;1
62800;SUBMISSION;BOT_TAKER;PANEL_4X4;XIRECS;9313.0;1
62800;SUBMISSION;BOT_TAKER;OXYGEN_SHAKE_MORNING_BREATH;XIRECS;10944.0;1
62800;SUBMISSION;BOT_TAKER;OXYGEN_SHAKE_EVENING_BREATH;XIRECS;8543.0;1
62800;SUBMISSION;BOT_TAKER;OXYGEN_SHAKE_MINT;XIRECS;10028.0;1
62800;SUBMISSION;BOT_TAKER;OXYGEN_SHAKE_CHOCOLATE;XIRECS;9010.0;1
62800;SUBMISSION;BOT_TAKER;OXYGEN_SHAKE_GARLIC;XIRECS;12100.0;1
62800;BOT_MAKER;BOT_TAKER;SNACKPACK_CHOCOLATE;XIRECS;10097.0;1
62800;SUBMISSION;BOT_TAKER;SNACKPACK_VANILLA;XIRECS;9870.0;1
62800;BOT_MAKER;BOT_TAKER;SNACKPACK_PISTACHIO;XIRECS;9575.0;1
62800;BOT_MAKER;BOT_TAKER;SNACKPACK_STRAWBERRY;XIRECS;10738.0;1
62800;SUBMISSION;BOT_TAKER;SNACKPACK_RASPBERRY;XIRECS;10044.0;1
62800;SUBMISSION;BOT_TAKER;MICROCHIP_CIRCLE;XIRECS;9530.0;2
62800;SUBMISSION;BOT_TAKER;MICROCHIP_OVAL;XIRECS;8894.0;2
62800;SUBMISSION;BOT_TAKER;MICROCHIP_SQUARE;XIRECS;13335.0;2
62800;BOT_MAKER;BOT_TAKER;MICROCHIP_RECTANGLE;XIRECS;8274.0;2
62800;BOT_MAKER;BOT_TAKER;MICROCHIP_TRIANGLE;XIRECS;10352.0;2
63000;SUBMISSION;BOT_TAKER;PEBBLES_XS;XIRECS;7321.0;5
63000;BOT_MAKER;BOT_TAKER;PEBBLES_S;XIRECS;9392.0;5
63000;BOT_MAKER;BOT_TAKER;PEBBLES_M;XIRECS;9967.0;5
63000;SUBMISSION;BOT_TAKER;PEBBLES_L;XIRECS;10217.0;5
63000;BOT_MAKER;BOT_TAKER;PEBBLES_XL;XIRECS;13074.0;5
66200;SUBMISSION;BOT_TAKER;MICROCHIP_CIRCLE;XIRECS;9597.0;2
66200;SUBMISSION;BOT_TAKER;MICROCHIP_OVAL;XIRECS;9001.0;2
66200;SUBMISSION;BOT_TAKER;MICROCHIP_SQUARE;XIRECS;13273.0;2
66200;BOT_MAKER;BOT_TAKER;MICROCHIP_RECTANGLE;XIRECS;8357.0;2
66200;BOT_MAKER;BOT_TAKER;MICROCHIP_TRIANGLE;XIRECS;10345.0;2
66700;BOT_TAKER;SUBMISSION;PEBBLES_XS;XIRECS;7156.0;3
66700;BOT_TAKER;SUBMISSION;PEBBLES_S;XIRECS;9432.0;3
66700;BOT_TAKER;BOT_MAKER;PEBBLES_M;XIRECS;9961.0;3
66700;BOT_TAKER;SUBMISSION;PEBBLES_L;XIRECS;10247.0;3
66700;BOT_TAKER;BOT_MAKER;PEBBLES_XL;XIRECS;13231.0;3
69400;BOT_TAKER;BOT_MAKER;GALAXY_SOUNDS_DARK_MATTER;XIRECS;10854.0;4
69400;BOT_TAKER;SUBMISSION;GALAXY_SOUNDS_BLACK_HOLES;XIRECS;11360.0;2
69400;BOT_TAKER;BOT_MAKER;GALAXY_SOUNDS_BLACK_HOLES;XIRECS;11361.0;2
69400;BOT_TAKER;SUBMISSION;GALAXY_SOUNDS_PLANETARY_RINGS;XIRECS;11237.0;2
69400;BOT_TAKER;BOT_MAKER;GALAXY_SOUNDS_PLANETARY_RINGS;XIRECS;11238.0;2
69400;BOT_TAKER;SUBMISSION;GALAXY_SOUNDS_SOLAR_WINDS;XIRECS;9555.0;2
69400;BOT_TAKER;BOT_MAKER;GALAXY_SOUNDS_SOLAR_WINDS;XIRECS;9556.0;2
69400;BOT_TAKER;BOT_MAKER;GALAXY_SOUNDS_SOLAR_FLAMES;XIRECS;10962.0;4
69400;BOT_TAKER;BOT_MAKER;SLEEP_POD_SUEDE;XIRECS;11670.0;4
69400;BOT_TAKER;BOT_MAKER;SLEEP_POD_LAMB_WOOL;XIRECS;10351.0;4
69400;BOT_TAKER;SUBMISSION;SLEEP_POD_POLYESTER;XIRECS;12133.0;2
69400;BOT_TAKER;BOT_MAKER;SLEEP_POD_POLYESTER;XIRECS;12134.0;2
69400;BOT_TAKER;SUBMISSION;SLEEP_POD_NYLON;XIRECS;8830.0;4
69400;BOT_TAKER;SUBMISSION;SLEEP_POD_COTTON;XIRECS;11119.0;2
69400;BOT_TAKER;BOT_MAKER;SLEEP_POD_COTTON;XIRECS;11120.0;2
69400;BOT_TAKER;BOT_MAKER;ROBOT_VACUUMING;XIRECS;9813.0;4
69400;BOT_TAKER;SUBMISSION;ROBOT_MOPPING;XIRECS;10042.0;2
69400;BOT_TAKER;BOT_MAKER;ROBOT_MOPPING;XIRECS;10043.0;2
69400;BOT_TAKER;BOT_MAKER;ROBOT_DISHES;XIRECS;10311.0;4
69400;BOT_TAKER;BOT_MAKER;ROBOT_LAUNDRY;XIRECS;10070.0;4
69400;BOT_TAKER;SUBMISSION;ROBOT_IRONING;XIRECS;9409.0;2
69400;BOT_TAKER;BOT_MAKER;ROBOT_IRONING;XIRECS;9410.0;2
69400;BOT_TAKER;SUBMISSION;UV_VISOR_YELLOW;XIRECS;11430.0;2
69400;BOT_TAKER;BOT_MAKER;UV_VISOR_YELLOW;XIRECS;11431.0;2
69400;BOT_TAKER;SUBMISSION;UV_VISOR_AMBER;XIRECS;8044.0;2
69400;BOT_TAKER;BOT_MAKER;UV_VISOR_AMBER;XIRECS;8045.0;2
69400;BOT_TAKER;SUBMISSION;UV_VISOR_ORANGE;XIRECS;9780.0;2
69400;BOT_TAKER;BOT_MAKER;UV_VISOR_ORANGE;XIRECS;9781.0;2
69400;BOT_TAKER;BOT_MAKER;UV_VISOR_RED;XIRECS;10569.0;4
69400;BOT_TAKER;BOT_MAKER;UV_VISOR_MAGENTA;XIRECS;11137.0;4
69400;BOT_TAKER;SUBMISSION;TRANSLATOR_SPACE_GRAY;XIRECS;9838.0;2
69400;BOT_TAKER;BOT_MAKER;TRANSLATOR_SPACE_GRAY;XIRECS;9839.0;2
69400;BOT_TAKER;BOT_MAKER;TRANSLATOR_ASTRO_BLACK;XIRECS;9416.0;4
69400;BOT_TAKER;SUBMISSION;TRANSLATOR_ECLIPSE_CHARCOAL;XIRECS;10489.0;4
69400;BOT_TAKER;SUBMISSION;TRANSLATOR_GRAPHITE_MIST;XIRECS;9487.0;2
69400;BOT_TAKER;BOT_MAKER;TRANSLATOR_GRAPHITE_MIST;XIRECS;9488.0;2
69400;BOT_TAKER;BOT_MAKER;TRANSLATOR_VOID_BLUE;XIRECS;10876.0;4
69400;BOT_TAKER;SUBMISSION;PANEL_1X2;XIRECS;8412.0;2
69400;BOT_TAKER;BOT_MAKER;PANEL_1X2;XIRECS;8413.0;2
69400;BOT_TAKER;SUBMISSION;PANEL_2X2;XIRECS;10286.0;2
69400;BOT_TAKER;BOT_MAKER;PANEL_2X2;XIRECS;10287.0;2
69400;BOT_TAKER;SUBMISSION;PANEL_1X4;XIRECS;10942.0;2
69400;BOT_TAKER;BOT_MAKER;PANEL_1X4;XIRECS;10943.0;2
69400;BOT_TAKER;BOT_MAKER;PANEL_2X4;XIRECS;11033.0;4
69400;BOT_TAKER;SUBMISSION;PANEL_4X4;XIRECS;9500.0;2
69400;BOT_TAKER;BOT_MAKER;PANEL_4X4;XIRECS;9501.0;2
69400;BOT_TAKER;SUBMISSION;OXYGEN_SHAKE_MORNING_BREATH;XIRECS;10762.0;2
69400;BOT_TAKER;BOT_MAKER;OXYGEN_SHAKE_MORNING_BREATH;XIRECS;10763.0;2
69400;BOT_TAKER;SUBMISSION;OXYGEN_SHAKE_EVENING_BREATH;XIRECS;8542.0;2
69400;BOT_TAKER;BOT_MAKER;OXYGEN_SHAKE_EVENING_BREATH;XIRECS;8543.0;2
69400;BOT_TAKER;SUBMISSION;OXYGEN_SHAKE_MINT;XIRECS;10036.0;2
69400;BOT_TAKER;BOT_MAKER;OXYGEN_SHAKE_MINT;XIRECS;10037.0;2
69400;BOT_TAKER;BOT_MAKER;OXYGEN_SHAKE_CHOCOLATE;XIRECS;9034.0;4
69400;BOT_TAKER;SUBMISSION;OXYGEN_SHAKE_GARLIC;XIRECS;12099.0;2
69400;BOT_TAKER;BOT_MAKER;OXYGEN_SHAKE_GARLIC;XIRECS;12100.0;2
69400;BOT_TAKER;SUBMISSION;SNACKPACK_CHOCOLATE;XIRECS;10139.0;4
69400;BOT_TAKER;BOT_MAKER;SNACKPACK_VANILLA;XIRECS;9828.0;4
69400;BOT_TAKER;BOT_MAKER;SNACKPACK_PISTACHIO;XIRECS;9535.0;4
69400;BOT_TAKER;BOT_MAKER;SNACKPACK_STRAWBERRY;XIRECS;10641.0;4
69400;BOT_TAKER;SUBMISSION;SNACKPACK_RASPBERRY;XIRECS;10197.0;4
70700;BOT_TAKER;SUBMISSION;PEBBLES_XS;XIRECS;7302.0;2
70700;BOT_TAKER;BOT_MAKER;PEBBLES_XS;XIRECS;7303.0;3
70700;BOT_TAKER;BOT_MAKER;PEBBLES_S;XIRECS;9367.0;5
70700;BOT_TAKER;BOT_MAKER;PEBBLES_M;XIRECS;10093.0;5
70700;BOT_TAKER;SUBMISSION;PEBBLES_L;XIRECS;10127.0;2
70700;BOT_TAKER;BOT_MAKER;PEBBLES_L;XIRECS;10128.0;3
70700;BOT_TAKER;BOT_MAKER;PEBBLES_XL;XIRECS;13139.0;5
73200;BOT_TAKER;BOT_MAKER;GALAXY_SOUNDS_DARK_MATTER;XIRECS;10687.0;3
73200;BOT_TAKER;SUBMISSION;GALAXY_SOUNDS_BLACK_HOLES;XIRECS;11417.0;2
73200;BOT_TAKER;BOT_MAKER;GALAXY_SOUNDS_BLACK_HOLES;XIRECS;11418.0;1
73200;BOT_TAKER;SUBMISSION;GALAXY_SOUNDS_PLANETARY_RINGS;XIRECS;11328.0;2
73200;BOT_TAKER;BOT_MAKER;GALAXY_SOUNDS_PLANETARY_RINGS;XIRECS;11329.0;1
73200;BOT_TAKER;SUBMISSION;GALAXY_SOUNDS_SOLAR_WINDS;XIRECS;9550.0;2
73200;BOT_TAKER;BOT_MAKER;GALAXY_SOUNDS_SOLAR_WINDS;XIRECS;9551.0;1
73200;BOT_TAKER;BOT_MAKER;GALAXY_SOUNDS_SOLAR_FLAMES;XIRECS;10951.0;3
73200;BOT_TAKER;BOT_MAKER;SLEEP_POD_SUEDE;XIRECS;11626.0;3
73200;BOT_TAKER;BOT_MAKER;SLEEP_POD_LAMB_WOOL;XIRECS;10283.0;3
73200;BOT_TAKER;SUBMISSION;SLEEP_POD_POLYESTER;XIRECS;12121.0;2
73200;BOT_TAKER;BOT_MAKER;SLEEP_POD_POLYESTER;XIRECS;12122.0;1
73200;BOT_TAKER;BOT_MAKER;SLEEP_POD_NYLON;XIRECS;8797.0;3
73200;BOT_TAKER;SUBMISSION;SLEEP_POD_COTTON;XIRECS;11077.0;2
73200;BOT_TAKER;BOT_MAKER;SLEEP_POD_COTTON;XIRECS;11078.0;1
73200;BOT_TAKER;BOT_MAKER;ROBOT_VACUUMING;XIRECS;9821.0;3
73200;BOT_TAKER;SUBMISSION;ROBOT_MOPPING;XIRECS;10087.0;2
73200;BOT_TAKER;BOT_MAKER;ROBOT_MOPPING;XIRECS;10088.0;1
73200;BOT_TAKER;BOT_MAKER;ROBOT_DISHES;XIRECS;10343.0;3
73200;BOT_TAKER;BOT_MAKER;ROBOT_LAUNDRY;XIRECS;10050.0;3
73200;BOT_TAKER;SUBMISSION;ROBOT_IRONING;XIRECS;9450.0;2
73200;BOT_TAKER;BOT_MAKER;ROBOT_IRONING;XIRECS;9451.0;1
73200;BOT_TAKER;SUBMISSION;UV_VISOR_YELLOW;XIRECS;11336.0;2
73200;BOT_TAKER;BOT_MAKER;UV_VISOR_YELLOW;XIRECS;11337.0;1
73200;BOT_TAKER;SUBMISSION;UV_VISOR_AMBER;XIRECS;8102.0;2
73200;BOT_TAKER;BOT_MAKER;UV_VISOR_AMBER;XIRECS;8103.0;1
73200;BOT_TAKER;SUBMISSION;UV_VISOR_ORANGE;XIRECS;9818.0;2
73200;BOT_TAKER;BOT_MAKER;UV_VISOR_ORANGE;XIRECS;9819.0;1
73200;BOT_TAKER;BOT_MAKER;UV_VISOR_RED;XIRECS;10555.0;3
73200;BOT_TAKER;BOT_MAKER;UV_VISOR_MAGENTA;XIRECS;11197.0;3
73200;BOT_TAKER;SUBMISSION;TRANSLATOR_SPACE_GRAY;XIRECS;9839.0;2
73200;BOT_TAKER;BOT_MAKER;TRANSLATOR_SPACE_GRAY;XIRECS;9840.0;1
73200;BOT_TAKER;BOT_MAKER;TRANSLATOR_ASTRO_BLACK;XIRECS;9458.0;3
73200;BOT_TAKER;SUBMISSION;TRANSLATOR_ECLIPSE_CHARCOAL;XIRECS;10501.0;1
73200;BOT_TAKER;BOT_MAKER;TRANSLATOR_ECLIPSE_CHARCOAL;XIRECS;10502.0;2
73200;BOT_TAKER;SUBMISSION;TRANSLATOR_GRAPHITE_MIST;XIRECS;9481.0;2
73200;BOT_TAKER;BOT_MAKER;TRANSLATOR_GRAPHITE_MIST;XIRECS;9482.0;1
73200;BOT_TAKER;BOT_MAKER;TRANSLATOR_VOID_BLUE;XIRECS;10905.0;3
73200;BOT_TAKER;SUBMISSION;PANEL_1X2;XIRECS;8366.0;2
73200;BOT_TAKER;BOT_MAKER;PANEL_1X2;XIRECS;8367.0;1
73200;BOT_TAKER;SUBMISSION;PANEL_2X2;XIRECS;10404.0;2
73200;BOT_TAKER;BOT_MAKER;PANEL_2X2;XIRECS;10405.0;1
73200;BOT_TAKER;SUBMISSION;PANEL_1X4;XIRECS;10942.0;2
73200;BOT_TAKER;BOT_MAKER;PANEL_1X4;XIRECS;10943.0;1
73200;BOT_TAKER;BOT_MAKER;PANEL_2X4;XIRECS;11107.0;3
73200;BOT_TAKER;SUBMISSION;PANEL_4X4;XIRECS;9535.0;2
73200;BOT_TAKER;BOT_MAKER;PANEL_4X4;XIRECS;9536.0;1
73200;BOT_TAKER;SUBMISSION;OXYGEN_SHAKE_MORNING_BREATH;XIRECS;10843.0;2
73200;BOT_TAKER;BOT_MAKER;OXYGEN_SHAKE_MORNING_BREATH;XIRECS;10844.0;1
73200;BOT_TAKER;SUBMISSION;OXYGEN_SHAKE_EVENING_BREATH;XIRECS;8525.0;2
73200;BOT_TAKER;BOT_MAKER;OXYGEN_SHAKE_EVENING_BREATH;XIRECS;8526.0;1
73200;BOT_TAKER;SUBMISSION;OXYGEN_SHAKE_MINT;XIRECS;9989.0;2
73200;BOT_TAKER;BOT_MAKER;OXYGEN_SHAKE_MINT;XIRECS;9990.0;1
73200;BOT_TAKER;BOT_MAKER;OXYGEN_SHAKE_CHOCOLATE;XIRECS;9083.0;3
73200;BOT_TAKER;SUBMISSION;OXYGEN_SHAKE_GARLIC;XIRECS;12079.0;2
73200;BOT_TAKER;BOT_MAKER;OXYGEN_SHAKE_GARLIC;XIRECS;12080.0;1
73200;BOT_TAKER;SUBMISSION;SNACKPACK_CHOCOLATE;XIRECS;10136.0;1
73200;BOT_TAKER;BOT_MAKER;SNACKPACK_CHOCOLATE;XIRECS;10137.0;2
73200;BOT_TAKER;BOT_MAKER;SNACKPACK_VANILLA;XIRECS;9841.0;3
73200;BOT_TAKER;BOT_MAKER;SNACKPACK_PISTACHIO;XIRECS;9556.0;3
73200;BOT_TAKER;BOT_MAKER;SNACKPACK_STRAWBERRY;XIRECS;10653.0;3
73200;BOT_TAKER;BOT_MAKER;SNACKPACK_RASPBERRY;XIRECS;10181.0;3
75900;BOT_TAKER;BOT_MAKER;GALAXY_SOUNDS_DARK_MATTER;XIRECS;10645.0;3
75900;BOT_TAKER;SUBMISSION;GALAXY_SOUNDS_BLACK_HOLES;XIRECS;11394.0;1
75900;BOT_TAKER;BOT_MAKER;GALAXY_SOUNDS_BLACK_HOLES;XIRECS;11395.0;2
75900;BOT_TAKER;SUBMISSION;GALAXY_SOUNDS_PLANETARY_RINGS;XIRECS;11303.0;1
75900;BOT_TAKER;BOT_MAKER;GALAXY_SOUNDS_PLANETARY_RINGS;XIRECS;11304.0;2
75900;BOT_TAKER;SUBMISSION;GALAXY_SOUNDS_SOLAR_WINDS;XIRECS;9505.0;1
75900;BOT_TAKER;BOT_MAKER;GALAXY_SOUNDS_SOLAR_WINDS;XIRECS;9506.0;2
75900;BOT_TAKER;BOT_MAKER;GALAXY_SOUNDS_SOLAR_FLAMES;XIRECS;10988.0;3
75900;BOT_TAKER;BOT_MAKER;SLEEP_POD_SUEDE;XIRECS;11645.0;3
75900;BOT_TAKER;BOT_MAKER;SLEEP_POD_LAMB_WOOL;XIRECS;10343.0;3
75900;BOT_TAKER;SUBMISSION;SLEEP_POD_POLYESTER;XIRECS;12194.0;1
75900;BOT_TAKER;BOT_MAKER;SLEEP_POD_POLYESTER;XIRECS;12195.0;2
75900;BOT_TAKER;SUBMISSION;SLEEP_POD_NYLON;XIRECS;8841.0;3
75900;BOT_TAKER;SUBMISSION;SLEEP_POD_COTTON;XIRECS;11144.0;1
75900;BOT_TAKER;BOT_MAKER;SLEEP_POD_COTTON;XIRECS;11145.0;2
75900;BOT_TAKER;BOT_MAKER;ROBOT_VACUUMING;XIRECS;9746.0;3
75900;BOT_TAKER;SUBMISSION;ROBOT_MOPPING;XIRECS;10117.0;1
75900;BOT_TAKER;BOT_MAKER;ROBOT_MOPPING;XIRECS;10118.0;2
75900;BOT_TAKER;BOT_MAKER;ROBOT_DISHES;XIRECS;10281.0;3
75900;BOT_TAKER;BOT_MAKER;ROBOT_LAUNDRY;XIRECS;10003.0;3
75900;BOT_TAKER;SUBMISSION;ROBOT_IRONING;XIRECS;9529.0;1
75900;BOT_TAKER;BOT_MAKER;ROBOT_IRONING;XIRECS;9530.0;2
75900;BOT_TAKER;SUBMISSION;UV_VISOR_YELLOW;XIRECS;11238.0;1
75900;BOT_TAKER;BOT_MAKER;UV_VISOR_YELLOW;XIRECS;11239.0;2
75900;BOT_TAKER;SUBMISSION;UV_VISOR_AMBER;XIRECS;8043.0;1
75900;BOT_TAKER;BOT_MAKER;UV_VISOR_AMBER;XIRECS;8044.0;2
75900;BOT_TAKER;SUBMISSION;UV_VISOR_ORANGE;XIRECS;9706.0;1
75900;BOT_TAKER;BOT_MAKER;UV_VISOR_ORANGE;XIRECS;9707.0;2
75900;BOT_TAKER;BOT_MAKER;UV_VISOR_RED;XIRECS;10669.0;3
75900;BOT_TAKER;BOT_MAKER;UV_VISOR_MAGENTA;XIRECS;11259.0;3
75900;BOT_TAKER;SUBMISSION;TRANSLATOR_SPACE_GRAY;XIRECS;9919.0;1
75900;BOT_TAKER;BOT_MAKER;TRANSLATOR_SPACE_GRAY;XIRECS;9920.0;2
75900;BOT_TAKER;BOT_MAKER;TRANSLATOR_ASTRO_BLACK;XIRECS;9525.0;3
75900;BOT_TAKER;BOT_MAKER;TRANSLATOR_ECLIPSE_CHARCOAL;XIRECS;10496.0;3
75900;BOT_TAKER;SUBMISSION;TRANSLATOR_GRAPHITE_MIST;XIRECS;9440.0;1
75900;BOT_TAKER;BOT_MAKER;TRANSLATOR_GRAPHITE_MIST;XIRECS;9441.0;2
75900;BOT_TAKER;BOT_MAKER;TRANSLATOR_VOID_BLUE;XIRECS;10997.0;3
75900;BOT_TAKER;SUBMISSION;PANEL_1X2;XIRECS;8350.0;1
75900;BOT_TAKER;BOT_MAKER;PANEL_1X2;XIRECS;8351.0;2
75900;BOT_TAKER;SUBMISSION;PANEL_2X2;XIRECS;10384.0;1
75900;BOT_TAKER;BOT_MAKER;PANEL_2X2;XIRECS;10385.0;2
75900;BOT_TAKER;SUBMISSION;PANEL_1X4;XIRECS;10897.0;1
75900;BOT_TAKER;BOT_MAKER;PANEL_1X4;XIRECS;10898.0;2
75900;BOT_TAKER;BOT_MAKER;PANEL_2X4;XIRECS;11052.0;3
75900;BOT_TAKER;SUBMISSION;PANEL_4X4;XIRECS;9524.0;1
75900;BOT_TAKER;BOT_MAKER;PANEL_4X4;XIRECS;9525.0;2
75900;BOT_TAKER;SUBMISSION;OXYGEN_SHAKE_MORNING_BREATH;XIRECS;10820.0;1
75900;BOT_TAKER;BOT_MAKER;OXYGEN_SHAKE_MORNING_BREATH;XIRECS;10821.0;2
75900;BOT_TAKER;SUBMISSION;OXYGEN_SHAKE_EVENING_BREATH;XIRECS;8590.0;1
75900;BOT_TAKER;BOT_MAKER;OXYGEN_SHAKE_EVENING_BREATH;XIRECS;8591.0;2
75900;BOT_TAKER;SUBMISSION;OXYGEN_SHAKE_MINT;XIRECS;10057.0;1
75900;BOT_TAKER;BOT_MAKER;OXYGEN_SHAKE_MINT;XIRECS;10058.0;2
75900;BOT_TAKER;BOT_MAKER;OXYGEN_SHAKE_CHOCOLATE;XIRECS;9098.0;3
75900;BOT_TAKER;SUBMISSION;OXYGEN_SHAKE_GARLIC;XIRECS;12098.0;1
75900;BOT_TAKER;BOT_MAKER;OXYGEN_SHAKE_GARLIC;XIRECS;12099.0;2
75900;BOT_TAKER;BOT_MAKER;SNACKPACK_CHOCOLATE;XIRECS;10113.0;3
75900;BOT_TAKER;BOT_MAKER;SNACKPACK_VANILLA;XIRECS;9876.0;3
75900;BOT_TAKER;BOT_MAKER;SNACKPACK_PISTACHIO;XIRECS;9560.0;3
75900;BOT_TAKER;BOT_MAKER;SNACKPACK_STRAWBERRY;XIRECS;10665.0;3
75900;BOT_TAKER;BOT_MAKER;SNACKPACK_RASPBERRY;XIRECS;10153.0;3
76000;BOT_TAKER;BOT_MAKER;GALAXY_SOUNDS_DARK_MATTER;XIRECS;10650.0;2
76000;BOT_TAKER;BOT_MAKER;GALAXY_SOUNDS_BLACK_HOLES;XIRECS;11395.0;2
76000;BOT_TAKER;BOT_MAKER;GALAXY_SOUNDS_PLANETARY_RINGS;XIRECS;11311.0;2
76000;BOT_TAKER;BOT_MAKER;GALAXY_SOUNDS_SOLAR_WINDS;XIRECS;9507.0;2
76000;BOT_TAKER;BOT_MAKER;GALAXY_SOUNDS_SOLAR_FLAMES;XIRECS;10980.0;2
76000;BOT_TAKER;BOT_MAKER;SLEEP_POD_SUEDE;XIRECS;11649.0;2
76000;BOT_TAKER;BOT_MAKER;SLEEP_POD_LAMB_WOOL;XIRECS;10347.0;2
76000;BOT_TAKER;BOT_MAKER;SLEEP_POD_POLYESTER;XIRECS;12194.0;2
76000;BOT_TAKER;SUBMISSION;SLEEP_POD_NYLON;XIRECS;8849.0;2
76000;BOT_TAKER;BOT_MAKER;SLEEP_POD_COTTON;XIRECS;11140.0;2
76000;BOT_TAKER;BOT_MAKER;ROBOT_VACUUMING;XIRECS;9746.0;2
76000;BOT_TAKER;BOT_MAKER;ROBOT_MOPPING;XIRECS;10105.0;2
76000;BOT_TAKER;BOT_MAKER;ROBOT_DISHES;XIRECS;10279.0;2
76000;BOT_TAKER;BOT_MAKER;ROBOT_LAUNDRY;XIRECS;10019.0;2
76000;BOT_TAKER;BOT_MAKER;ROBOT_IRONING;XIRECS;9522.0;2
76000;BOT_TAKER;BOT_MAKER;UV_VISOR_YELLOW;XIRECS;11230.0;2
76000;BOT_TAKER;BOT_MAKER;UV_VISOR_AMBER;XIRECS;8037.0;2
76000;BOT_TAKER;BOT_MAKER;UV_VISOR_ORANGE;XIRECS;9711.0;2
76000;BOT_TAKER;BOT_MAKER;UV_VISOR_RED;XIRECS;10680.0;2
76000;BOT_TAKER;BOT_MAKER;UV_VISOR_MAGENTA;XIRECS;11260.0;2
76000;BOT_TAKER;BOT_MAKER;TRANSLATOR_SPACE_GRAY;XIRECS;9912.0;2
76000;BOT_TAKER;BOT_MAKER;TRANSLATOR_ASTRO_BLACK;XIRECS;9529.0;2
76000;BOT_TAKER;BOT_MAKER;TRANSLATOR_ECLIPSE_CHARCOAL;XIRECS;10504.0;2
76000;BOT_TAKER;BOT_MAKER;TRANSLATOR_GRAPHITE_MIST;XIRECS;9436.0;2
76000;BOT_TAKER;BOT_MAKER;TRANSLATOR_VOID_BLUE;XIRECS;11005.0;2
76000;BOT_TAKER;BOT_MAKER;PANEL_1X2;XIRECS;8367.0;2
76000;BOT_TAKER;BOT_MAKER;PANEL_2X2;XIRECS;10386.0;2
76000;BOT_TAKER;BOT_MAKER;PANEL_1X4;XIRECS;10893.0;2
76000;BOT_TAKER;BOT_MAKER;PANEL_2X4;XIRECS;11047.0;2
76000;BOT_TAKER;BOT_MAKER;PANEL_4X4;XIRECS;9506.0;2
76000;BOT_TAKER;BOT_MAKER;OXYGEN_SHAKE_MORNING_BREATH;XIRECS;10828.0;2
76000;BOT_TAKER;BOT_MAKER;OXYGEN_SHAKE_EVENING_BREATH;XIRECS;8580.0;2
76000;BOT_TAKER;BOT_MAKER;OXYGEN_SHAKE_MINT;XIRECS;10048.0;2
76000;BOT_TAKER;BOT_MAKER;OXYGEN_SHAKE_CHOCOLATE;XIRECS;9097.0;2
76000;BOT_TAKER;BOT_MAKER;OXYGEN_SHAKE_GARLIC;XIRECS;12095.0;2
76000;BOT_TAKER;BOT_MAKER;SNACKPACK_CHOCOLATE;XIRECS;10112.0;2
76000;BOT_TAKER;BOT_MAKER;SNACKPACK_VANILLA;XIRECS;9877.0;2
76000;BOT_TAKER;BOT_MAKER;SNACKPACK_PISTACHIO;XIRECS;9548.0;2
76000;BOT_TAKER;BOT_MAKER;SNACKPACK_STRAWBERRY;XIRECS;10649.0;2
76000;BOT_TAKER;BOT_MAKER;SNACKPACK_RASPBERRY;XIRECS;10174.0;2
76600;BOT_TAKER;BOT_MAKER;GALAXY_SOUNDS_DARK_MATTER;XIRECS;10643.0;3
76600;BOT_TAKER;BOT_MAKER;GALAXY_SOUNDS_BLACK_HOLES;XIRECS;11430.0;3
76600;BOT_TAKER;BOT_MAKER;GALAXY_SOUNDS_PLANETARY_RINGS;XIRECS;11337.0;3
76600;BOT_TAKER;BOT_MAKER;GALAXY_SOUNDS_SOLAR_WINDS;XIRECS;9541.0;3
76600;BOT_TAKER;BOT_MAKER;GALAXY_SOUNDS_SOLAR_FLAMES;XIRECS;11040.0;3
76600;BOT_TAKER;BOT_MAKER;SLEEP_POD_SUEDE;XIRECS;11658.0;3
76600;BOT_TAKER;BOT_MAKER;SLEEP_POD_LAMB_WOOL;XIRECS;10400.0;3
76600;BOT_TAKER;BOT_MAKER;SLEEP_POD_POLYESTER;XIRECS;12231.0;3
76600;BOT_TAKER;SUBMISSION;SLEEP_POD_NYLON;XIRECS;8854.0;3
76600;BOT_TAKER;BOT_MAKER;SLEEP_POD_COTTON;XIRECS;11137.0;3
76600;BOT_TAKER;BOT_MAKER;ROBOT_VACUUMING;XIRECS;9748.0;3
76600;BOT_TAKER;BOT_MAKER;ROBOT_MOPPING;XIRECS;10089.0;3
76600;BOT_TAKER;BOT_MAKER;ROBOT_DISHES;XIRECS;10284.0;3
76600;BOT_TAKER;BOT_MAKER;ROBOT_LAUNDRY;XIRECS;10015.0;3
76600;BOT_TAKER;BOT_MAKER;ROBOT_IRONING;XIRECS;9527.0;3
76600;BOT_TAKER;BOT_MAKER;UV_VISOR_YELLOW;XIRECS;11240.0;3
76600;BOT_TAKER;BOT_MAKER;UV_VISOR_AMBER;XIRECS;8019.0;3
76600;BOT_TAKER;BOT_MAKER;UV_VISOR_ORANGE;XIRECS;9706.0;3
76600;BOT_TAKER;BOT_MAKER;UV_VISOR_RED;XIRECS;10661.0;3
76600;BOT_TAKER;BOT_MAKER;UV_VISOR_MAGENTA;XIRECS;11240.0;3
76600;BOT_TAKER;BOT_MAKER;TRANSLATOR_SPACE_GRAY;XIRECS;9906.0;3
76600;BOT_TAKER;BOT_MAKER;TRANSLATOR_ASTRO_BLACK;XIRECS;9511.0;3
76600;BOT_TAKER;BOT_MAKER;TRANSLATOR_ECLIPSE_CHARCOAL;XIRECS;10487.0;3
76600;BOT_TAKER;BOT_MAKER;TRANSLATOR_GRAPHITE_MIST;XIRECS;9424.0;3
76600;BOT_TAKER;BOT_MAKER;TRANSLATOR_VOID_BLUE;XIRECS;11003.0;3
76600;BOT_TAKER;BOT_MAKER;PANEL_1X2;XIRECS;8377.0;3
76600;BOT_TAKER;BOT_MAKER;PANEL_2X2;XIRECS;10371.0;3
76600;BOT_TAKER;BOT_MAKER;PANEL_1X4;XIRECS;10893.0;3
76600;BOT_TAKER;BOT_MAKER;PANEL_2X4;XIRECS;11053.0;3
76600;BOT_TAKER;BOT_MAKER;PANEL_4X4;XIRECS;9534.0;3
76600;BOT_TAKER;BOT_MAKER;OXYGEN_SHAKE_MORNING_BREATH;XIRECS;10807.0;3
76600;BOT_TAKER;BOT_MAKER;OXYGEN_SHAKE_EVENING_BREATH;XIRECS;8627.0;3
76600;BOT_TAKER;BOT_MAKER;OXYGEN_SHAKE_MINT;XIRECS;10081.0;3
76600;BOT_TAKER;BOT_MAKER;OXYGEN_SHAKE_CHOCOLATE;XIRECS;9097.0;3
76600;BOT_TAKER;BOT_MAKER;OXYGEN_SHAKE_GARLIC;XIRECS;12146.0;3
76600;BOT_TAKER;BOT_MAKER;SNACKPACK_CHOCOLATE;XIRECS;10135.0;3
76600;BOT_TAKER;BOT_MAKER;SNACKPACK_VANILLA;XIRECS;9855.0;3
76600;BOT_TAKER;BOT_MAKER;SNACKPACK_PISTACHIO;XIRECS;9550.0;3
76600;BOT_TAKER;BOT_MAKER;SNACKPACK_STRAWBERRY;XIRECS;10646.0;3
76600;BOT_TAKER;BOT_MAKER;SNACKPACK_RASPBERRY;XIRECS;10169.0;3
78300;BOT_TAKER;BOT_MAKER;GALAXY_SOUNDS_DARK_MATTER;XIRECS;10679.0;1
78300;BOT_TAKER;BOT_MAKER;GALAXY_SOUNDS_BLACK_HOLES;XIRECS;11385.0;1
78300;BOT_TAKER;BOT_MAKER;GALAXY_SOUNDS_PLANETARY_RINGS;XIRECS;11287.0;1
78300;BOT_TAKER;BOT_MAKER;GALAXY_SOUNDS_SOLAR_WINDS;XIRECS;9523.0;1
78300;BOT_TAKER;BOT_MAKER;GALAXY_SOUNDS_SOLAR_FLAMES;XIRECS;11065.0;1
78300;BOT_TAKER;BOT_MAKER;SLEEP_POD_SUEDE;XIRECS;11706.0;1
78300;BOT_TAKER;BOT_MAKER;SLEEP_POD_LAMB_WOOL;XIRECS;10336.0;1
78300;BOT_TAKER;BOT_MAKER;SLEEP_POD_POLYESTER;XIRECS;12292.0;1
78300;BOT_TAKER;SUBMISSION;SLEEP_POD_NYLON;XIRECS;8912.0;1
78300;BOT_TAKER;BOT_MAKER;SLEEP_POD_COTTON;XIRECS;11169.0;1
78300;BOT_TAKER;BOT_MAKER;ROBOT_VACUUMING;XIRECS;9738.0;1
78300;BOT_TAKER;BOT_MAKER;ROBOT_MOPPING;XIRECS;10020.0;1
78300;BOT_TAKER;BOT_MAKER;ROBOT_DISHES;XIRECS;10316.0;1
78300;BOT_TAKER;BOT_MAKER;ROBOT_LAUNDRY;XIRECS;10000.0;1
78300;BOT_TAKER;BOT_MAKER;ROBOT_IRONING;XIRECS;9598.0;1
78300;BOT_TAKER;BOT_MAKER;UV_VISOR_YELLOW;XIRECS;11294.0;1
78300;BOT_TAKER;BOT_MAKER;UV_VISOR_AMBER;XIRECS;8024.0;1
78300;BOT_TAKER;BOT_MAKER;UV_VISOR_ORANGE;XIRECS;9666.0;1
78300;BOT_TAKER;BOT_MAKER;UV_VISOR_RED;XIRECS;10626.0;1
78300;BOT_TAKER;BOT_MAKER;UV_VISOR_MAGENTA;XIRECS;11274.0;1
78300;BOT_TAKER;BOT_MAKER;TRANSLATOR_SPACE_GRAY;XIRECS;9851.0;1
78300;BOT_TAKER;BOT_MAKER;TRANSLATOR_ASTRO_BLACK;XIRECS;9482.0;1
78300;BOT_TAKER;BOT_MAKER;TRANSLATOR_ECLIPSE_CHARCOAL;XIRECS;10458.0;1
78300;BOT_TAKER;BOT_MAKER;TRANSLATOR_GRAPHITE_MIST;XIRECS;9395.0;1
78300;BOT_TAKER;SUBMISSION;TRANSLATOR_VOID_BLUE;XIRECS;11061.0;1
78300;BOT_TAKER;BOT_MAKER;PANEL_1X2;XIRECS;8325.0;1
78300;BOT_TAKER;BOT_MAKER;PANEL_2X2;XIRECS;10359.0;1
78300;BOT_TAKER;BOT_MAKER;PANEL_1X4;XIRECS;10906.0;1
78300;BOT_TAKER;BOT_MAKER;PANEL_2X4;XIRECS;11056.0;1
78300;BOT_TAKER;BOT_MAKER;PANEL_4X4;XIRECS;9557.0;1
78300;BOT_TAKER;BOT_MAKER;OXYGEN_SHAKE_MORNING_BREATH;XIRECS;10819.0;1
78300;BOT_TAKER;BOT_MAKER;OXYGEN_SHAKE_EVENING_BREATH;XIRECS;8543.0;1
78300;BOT_TAKER;BOT_MAKER;OXYGEN_SHAKE_MINT;XIRECS;10103.0;1
78300;BOT_TAKER;BOT_MAKER;OXYGEN_SHAKE_CHOCOLATE;XIRECS;9148.0;1
78300;BOT_TAKER;BOT_MAKER;OXYGEN_SHAKE_GARLIC;XIRECS;12105.0;1
78300;BOT_TAKER;BOT_MAKER;SNACKPACK_CHOCOLATE;XIRECS;10170.0;1
78300;BOT_TAKER;BOT_MAKER;SNACKPACK_VANILLA;XIRECS;9828.0;1
78300;BOT_TAKER;BOT_MAKER;SNACKPACK_PISTACHIO;XIRECS;9526.0;1
78300;BOT_TAKER;BOT_MAKER;SNACKPACK_STRAWBERRY;XIRECS;10636.0;1
78300;BOT_TAKER;BOT_MAKER;SNACKPACK_RASPBERRY;XIRECS;10180.0;1
78500;BOT_TAKER;BOT_MAKER;GALAXY_SOUNDS_DARK_MATTER;XIRECS;10672.0;1
78500;BOT_TAKER;BOT_MAKER;GALAXY_SOUNDS_BLACK_HOLES;XIRECS;11405.0;1
78500;BOT_TAKER;BOT_MAKER;GALAXY_SOUNDS_PLANETARY_RINGS;XIRECS;11301.0;1
78500;BOT_TAKER;BOT_MAKER;GALAXY_SOUNDS_SOLAR_WINDS;XIRECS;9540.0;1
78500;BOT_TAKER;BOT_MAKER;GALAXY_SOUNDS_SOLAR_FLAMES;XIRECS;11078.0;1
78500;BOT_TAKER;BOT_MAKER;SLEEP_POD_SUEDE;XIRECS;11734.0;1
78500;BOT_TAKER;BOT_MAKER;SLEEP_POD_LAMB_WOOL;XIRECS;10339.0;1
78500;BOT_TAKER;BOT_MAKER;SLEEP_POD_POLYESTER;XIRECS;12290.0;1
78500;BOT_TAKER;SUBMISSION;SLEEP_POD_NYLON;XIRECS;8937.0;1
78500;BOT_TAKER;BOT_MAKER;SLEEP_POD_COTTON;XIRECS;11150.0;1
78500;BOT_TAKER;BOT_MAKER;ROBOT_VACUUMING;XIRECS;9742.0;1
78500;BOT_TAKER;BOT_MAKER;ROBOT_MOPPING;XIRECS;10017.0;1
78500;BOT_TAKER;BOT_MAKER;ROBOT_DISHES;XIRECS;10315.0;1
78500;BOT_TAKER;BOT_MAKER;ROBOT_LAUNDRY;XIRECS;10007.0;1
78500;BOT_TAKER;BOT_MAKER;ROBOT_IRONING;XIRECS;9598.0;1
78500;BOT_TAKER;BOT_MAKER;UV_VISOR_YELLOW;XIRECS;11282.0;1
78500;BOT_TAKER;BOT_MAKER;UV_VISOR_AMBER;XIRECS;8032.0;1
78500;BOT_TAKER;BOT_MAKER;UV_VISOR_ORANGE;XIRECS;9695.0;1
78500;BOT_TAKER;BOT_MAKER;UV_VISOR_RED;XIRECS;10595.0;1
78500;BOT_TAKER;BOT_MAKER;UV_VISOR_MAGENTA;XIRECS;11294.0;1
78500;BOT_TAKER;BOT_MAKER;TRANSLATOR_SPACE_GRAY;XIRECS;9839.0;1
78500;BOT_TAKER;BOT_MAKER;TRANSLATOR_ASTRO_BLACK;XIRECS;9475.0;1
78500;BOT_TAKER;BOT_MAKER;TRANSLATOR_ECLIPSE_CHARCOAL;XIRECS;10434.0;1
78500;BOT_TAKER;BOT_MAKER;TRANSLATOR_GRAPHITE_MIST;XIRECS;9406.0;1
78500;BOT_TAKER;SUBMISSION;TRANSLATOR_VOID_BLUE;XIRECS;11063.0;1
78500;BOT_TAKER;BOT_MAKER;PANEL_1X2;XIRECS;8319.0;1
78500;BOT_TAKER;BOT_MAKER;PANEL_2X2;XIRECS;10366.0;1
78500;BOT_TAKER;BOT_MAKER;PANEL_1X4;XIRECS;10911.0;1
78500;BOT_TAKER;BOT_MAKER;PANEL_2X4;XIRECS;11068.0;1
78500;BOT_TAKER;BOT_MAKER;PANEL_4X4;XIRECS;9539.0;1
78500;BOT_TAKER;BOT_MAKER;OXYGEN_SHAKE_MORNING_BREATH;XIRECS;10841.0;1
78500;BOT_TAKER;BOT_MAKER;OXYGEN_SHAKE_EVENING_BREATH;XIRECS;8543.0;1
78500;BOT_TAKER;BOT_MAKER;OXYGEN_SHAKE_MINT;XIRECS;10082.0;1
78500;BOT_TAKER;BOT_MAKER;OXYGEN_SHAKE_CHOCOLATE;XIRECS;9139.0;1
78500;BOT_TAKER;BOT_MAKER;OXYGEN_SHAKE_GARLIC;XIRECS;12112.0;1
78500;BOT_TAKER;BOT_MAKER;SNACKPACK_CHOCOLATE;XIRECS;10159.0;1
78500;BOT_TAKER;BOT_MAKER;SNACKPACK_VANILLA;XIRECS;9839.0;1
78500;BOT_TAKER;BOT_MAKER;SNACKPACK_PISTACHIO;XIRECS;9527.0;1
78500;BOT_TAKER;BOT_MAKER;SNACKPACK_STRAWBERRY;XIRECS;10645.0;1
78500;BOT_TAKER;BOT_MAKER;SNACKPACK_RASPBERRY;XIRECS;10173.0;1
82000;SUBMISSION;BOT_TAKER;PEBBLES_XS;XIRECS;7059.0;5
82000;SUBMISSION;BOT_TAKER;PEBBLES_S;XIRECS;9187.0;5
82000;BOT_MAKER;BOT_TAKER;PEBBLES_M;XIRECS;10161.0;5
82000;SUBMISSION;BOT_TAKER;PEBBLES_L;XIRECS;9948.0;5
82000;BOT_MAKER;BOT_TAKER;PEBBLES_XL;XIRECS;13618.0;5
83500;SUBMISSION;BOT_TAKER;MICROCHIP_CIRCLE;XIRECS;9377.0;1
83500;SUBMISSION;BOT_TAKER;MICROCHIP_OVAL;XIRECS;9100.0;1
83500;SUBMISSION;BOT_TAKER;MICROCHIP_SQUARE;XIRECS;13543.0;1
83500;BOT_MAKER;BOT_TAKER;MICROCHIP_RECTANGLE;XIRECS;8554.0;1
83500;BOT_MAKER;BOT_TAKER;MICROCHIP_TRIANGLE;XIRECS;10301.0;1
83800;BOT_TAKER;BOT_MAKER;GALAXY_SOUNDS_DARK_MATTER;XIRECS;10675.0;4
83800;BOT_TAKER;BOT_MAKER;GALAXY_SOUNDS_BLACK_HOLES;XIRECS;11334.0;4
83800;BOT_TAKER;BOT_MAKER;GALAXY_SOUNDS_PLANETARY_RINGS;XIRECS;11349.0;4
83800;BOT_TAKER;BOT_MAKER;GALAXY_SOUNDS_SOLAR_WINDS;XIRECS;9456.0;4
83800;BOT_TAKER;BOT_MAKER;GALAXY_SOUNDS_SOLAR_FLAMES;XIRECS;10981.0;4
83800;BOT_TAKER;BOT_MAKER;SLEEP_POD_SUEDE;XIRECS;11832.0;4
83800;BOT_TAKER;BOT_MAKER;SLEEP_POD_LAMB_WOOL;XIRECS;10364.0;4
83800;BOT_TAKER;BOT_MAKER;SLEEP_POD_POLYESTER;XIRECS;12325.0;4
83800;BOT_TAKER;SUBMISSION;SLEEP_POD_NYLON;XIRECS;8905.0;4
83800;BOT_TAKER;BOT_MAKER;SLEEP_POD_COTTON;XIRECS;11089.0;4
83800;BOT_TAKER;BOT_MAKER;ROBOT_VACUUMING;XIRECS;9656.0;4
83800;BOT_TAKER;BOT_MAKER;ROBOT_MOPPING;XIRECS;9986.0;4
83800;BOT_TAKER;BOT_MAKER;ROBOT_DISHES;XIRECS;10296.0;4
83800;BOT_TAKER;BOT_MAKER;ROBOT_LAUNDRY;XIRECS;10083.0;4
83800;BOT_TAKER;BOT_MAKER;ROBOT_IRONING;XIRECS;9557.0;4
83800;BOT_TAKER;BOT_MAKER;UV_VISOR_YELLOW;XIRECS;11303.0;4
83800;BOT_TAKER;BOT_MAKER;UV_VISOR_AMBER;XIRECS;8052.0;4
83800;BOT_TAKER;BOT_MAKER;UV_VISOR_ORANGE;XIRECS;9722.0;4
83800;BOT_TAKER;BOT_MAKER;UV_VISOR_RED;XIRECS;10604.0;4
83800;BOT_TAKER;SUBMISSION;UV_VISOR_MAGENTA;XIRECS;11344.0;2
83800;BOT_TAKER;BOT_MAKER;UV_VISOR_MAGENTA;XIRECS;11345.0;2
83800;BOT_TAKER;BOT_MAKER;TRANSLATOR_SPACE_GRAY;XIRECS;9774.0;4
83800;BOT_TAKER;BOT_MAKER;TRANSLATOR_ASTRO_BLACK;XIRECS;9489.0;4
83800;BOT_TAKER;BOT_MAKER;TRANSLATOR_ECLIPSE_CHARCOAL;XIRECS;10293.0;4
83800;BOT_TAKER;BOT_MAKER;TRANSLATOR_GRAPHITE_MIST;XIRECS;9452.0;4
83800;BOT_TAKER;BOT_MAKER;TRANSLATOR_VOID_BLUE;XIRECS;10954.0;4
83800;BOT_TAKER;BOT_MAKER;PANEL_1X2;XIRECS;8434.0;4
83800;BOT_TAKER;BOT_MAKER;PANEL_2X2;XIRECS;10363.0;4
83800;BOT_TAKER;BOT_MAKER;PANEL_1X4;XIRECS;10959.0;4
83800;BOT_TAKER;BOT_MAKER;PANEL_2X4;XIRECS;11056.0;4
83800;BOT_TAKER;BOT_MAKER;PANEL_4X4;XIRECS;9447.0;4
83800;BOT_TAKER;BOT_MAKER;OXYGEN_SHAKE_MORNING_BREATH;XIRECS;10879.0;4
83800;BOT_TAKER;BOT_MAKER;OXYGEN_SHAKE_EVENING_BREATH;XIRECS;8668.0;4
83800;BOT_TAKER;BOT_MAKER;OXYGEN_SHAKE_MINT;XIRECS;10211.0;4
83800;BOT_TAKER;BOT_MAKER;OXYGEN_SHAKE_CHOCOLATE;XIRECS;9121.0;4
83800;BOT_TAKER;BOT_MAKER;OXYGEN_SHAKE_GARLIC;XIRECS;12111.0;4
83800;BOT_TAKER;BOT_MAKER;SNACKPACK_CHOCOLATE;XIRECS;10209.0;4
83800;BOT_TAKER;BOT_MAKER;SNACKPACK_VANILLA;XIRECS;9760.0;4
83800;BOT_TAKER;BOT_MAKER;SNACKPACK_PISTACHIO;XIRECS;9498.0;4
83800;BOT_TAKER;BOT_MAKER;SNACKPACK_STRAWBERRY;XIRECS;10605.0;4
83800;BOT_TAKER;SUBMISSION;SNACKPACK_RASPBERRY;XIRECS;10211.0;2
83800;BOT_TAKER;BOT_MAKER;SNACKPACK_RASPBERRY;XIRECS;10212.0;2
86900;BOT_MAKER;BOT_TAKER;GALAXY_SOUNDS_DARK_MATTER;XIRECS;10673.0;4
86900;SUBMISSION;BOT_TAKER;GALAXY_SOUNDS_BLACK_HOLES;XIRECS;11291.0;4
86900;SUBMISSION;BOT_TAKER;GALAXY_SOUNDS_PLANETARY_RINGS;XIRECS;11338.0;4
86900;SUBMISSION;BOT_TAKER;GALAXY_SOUNDS_SOLAR_WINDS;XIRECS;9471.0;4
86900;SUBMISSION;BOT_TAKER;GALAXY_SOUNDS_SOLAR_FLAMES;XIRECS;10883.0;3
86900;BOT_MAKER;BOT_TAKER;GALAXY_SOUNDS_SOLAR_FLAMES;XIRECS;10882.0;1
86900;BOT_MAKER;BOT_TAKER;SLEEP_POD_SUEDE;XIRECS;11843.0;4
86900;SUBMISSION;BOT_TAKER;SLEEP_POD_LAMB_WOOL;XIRECS;10360.0;4
86900;SUBMISSION;BOT_TAKER;SLEEP_POD_POLYESTER;XIRECS;12316.0;4
86900;BOT_MAKER;BOT_TAKER;SLEEP_POD_NYLON;XIRECS;8938.0;4
86900;SUBMISSION;BOT_TAKER;SLEEP_POD_COTTON;XIRECS;10987.0;4
86900;BOT_MAKER;BOT_TAKER;ROBOT_VACUUMING;XIRECS;9610.0;4
86900;SUBMISSION;BOT_TAKER;ROBOT_MOPPING;XIRECS;9954.0;4
86900;BOT_MAKER;BOT_TAKER;ROBOT_DISHES;XIRECS;10526.0;4
86900;SUBMISSION;BOT_TAKER;ROBOT_LAUNDRY;XIRECS;10005.0;4
86900;SUBMISSION;BOT_TAKER;ROBOT_IRONING;XIRECS;9541.0;4
86900;SUBMISSION;BOT_TAKER;UV_VISOR_YELLOW;XIRECS;11251.0;4
86900;SUBMISSION;BOT_TAKER;UV_VISOR_AMBER;XIRECS;7991.0;4
86900;SUBMISSION;BOT_TAKER;UV_VISOR_ORANGE;XIRECS;9771.0;4
86900;BOT_MAKER;BOT_TAKER;UV_VISOR_RED;XIRECS;10492.0;4
86900;BOT_MAKER;BOT_TAKER;UV_VISOR_MAGENTA;XIRECS;11447.0;4
86900;SUBMISSION;BOT_TAKER;TRANSLATOR_SPACE_GRAY;XIRECS;9752.0;4
86900;BOT_MAKER;BOT_TAKER;TRANSLATOR_ASTRO_BLACK;XIRECS;9444.0;4
86900;SUBMISSION;BOT_TAKER;TRANSLATOR_ECLIPSE_CHARCOAL;XIRECS;10253.0;4
86900;SUBMISSION;BOT_TAKER;TRANSLATOR_GRAPHITE_MIST;XIRECS;9480.0;4
86900;SUBMISSION;BOT_TAKER;TRANSLATOR_VOID_BLUE;XIRECS;10945.0;2
86900;BOT_MAKER;BOT_TAKER;TRANSLATOR_VOID_BLUE;XIRECS;10944.0;2
86900;SUBMISSION;BOT_TAKER;PANEL_1X2;XIRECS;8432.0;4
86900;SUBMISSION;BOT_TAKER;PANEL_2X2;XIRECS;10360.0;4
86900;SUBMISSION;BOT_TAKER;PANEL_1X4;XIRECS;10976.0;4
86900;BOT_MAKER;BOT_TAKER;PANEL_2X4;XIRECS;10936.0;4
86900;SUBMISSION;BOT_TAKER;PANEL_4X4;XIRECS;9540.0;4
86900;SUBMISSION;BOT_TAKER;OXYGEN_SHAKE_MORNING_BREATH;XIRECS;10800.0;4
86900;SUBMISSION;BOT_TAKER;OXYGEN_SHAKE_EVENING_BREATH;XIRECS;8702.0;4
86900;SUBMISSION;BOT_TAKER;OXYGEN_SHAKE_MINT;XIRECS;10251.0;4
86900;BOT_MAKER;BOT_TAKER;OXYGEN_SHAKE_CHOCOLATE;XIRECS;9177.0;4
86900;SUBMISSION;BOT_TAKER;OXYGEN_SHAKE_GARLIC;XIRECS;12087.0;4
86900;BOT_MAKER;BOT_TAKER;SNACKPACK_CHOCOLATE;XIRECS;10200.0;4
86900;SUBMISSION;BOT_TAKER;SNACKPACK_VANILLA;XIRECS;9717.0;4
86900;SUBMISSION;BOT_TAKER;SNACKPACK_PISTACHIO;XIRECS;9469.0;4
86900;BOT_MAKER;BOT_TAKER;SNACKPACK_STRAWBERRY;XIRECS;10575.0;4
86900;BOT_MAKER;BOT_TAKER;SNACKPACK_RASPBERRY;XIRECS;10239.0;4
86900;SUBMISSION;BOT_TAKER;PEBBLES_XS;XIRECS;6943.0;3
86900;SUBMISSION;BOT_TAKER;PEBBLES_S;XIRECS;9111.0;3
86900;BOT_MAKER;BOT_TAKER;PEBBLES_M;XIRECS;10018.0;3
86900;SUBMISSION;BOT_TAKER;PEBBLES_L;XIRECS;9974.0;3
86900;BOT_MAKER;BOT_TAKER;PEBBLES_XL;XIRECS;13926.0;3
87400;BOT_MAKER;BOT_TAKER;GALAXY_SOUNDS_DARK_MATTER;XIRECS;10673.0;1
87400;SUBMISSION;BOT_TAKER;GALAXY_SOUNDS_BLACK_HOLES;XIRECS;11245.0;1
87400;SUBMISSION;BOT_TAKER;GALAXY_SOUNDS_PLANETARY_RINGS;XIRECS;11344.0;1
87400;SUBMISSION;BOT_TAKER;GALAXY_SOUNDS_SOLAR_WINDS;XIRECS;9470.0;1
87400;BOT_MAKER;BOT_TAKER;GALAXY_SOUNDS_SOLAR_FLAMES;XIRECS;10874.0;1
87400;BOT_MAKER;BOT_TAKER;SLEEP_POD_SUEDE;XIRECS;11916.0;1
87400;SUBMISSION;BOT_TAKER;SLEEP_POD_LAMB_WOOL;XIRECS;10366.0;1
87400;SUBMISSION;BOT_TAKER;SLEEP_POD_POLYESTER;XIRECS;12322.0;1
87400;BOT_MAKER;BOT_TAKER;SLEEP_POD_NYLON;XIRECS;8922.0;1
87400;SUBMISSION;BOT_TAKER;SLEEP_POD_COTTON;XIRECS;10957.0;1
87400;BOT_MAKER;BOT_TAKER;ROBOT_VACUUMING;XIRECS;9596.0;1
87400;SUBMISSION;BOT_TAKER;ROBOT_MOPPING;XIRECS;9918.0;1
87400;BOT_MAKER;BOT_TAKER;ROBOT_DISHES;XIRECS;10445.0;1
87400;SUBMISSION;BOT_TAKER;ROBOT_LAUNDRY;XIRECS;9998.0;1
87400;SUBMISSION;BOT_TAKER;ROBOT_IRONING;XIRECS;9550.0;1
87400;SUBMISSION;BOT_TAKER;UV_VISOR_YELLOW;XIRECS;11221.0;1
87400;SUBMISSION;BOT_TAKER;UV_VISOR_AMBER;XIRECS;7971.0;1
87400;SUBMISSION;BOT_TAKER;UV_VISOR_ORANGE;XIRECS;9766.0;1
87400;BOT_MAKER;BOT_TAKER;UV_VISOR_RED;XIRECS;10479.0;1
87400;BOT_MAKER;BOT_TAKER;UV_VISOR_MAGENTA;XIRECS;11464.0;1
87400;SUBMISSION;BOT_TAKER;TRANSLATOR_SPACE_GRAY;XIRECS;9756.0;1
87400;BOT_MAKER;BOT_TAKER;TRANSLATOR_ASTRO_BLACK;XIRECS;9466.0;1
87400;SUBMISSION;BOT_TAKER;TRANSLATOR_ECLIPSE_CHARCOAL;XIRECS;10246.0;1
87400;SUBMISSION;BOT_TAKER;TRANSLATOR_GRAPHITE_MIST;XIRECS;9466.0;1
87400;BOT_MAKER;BOT_TAKER;TRANSLATOR_VOID_BLUE;XIRECS;10913.0;1
87400;SUBMISSION;BOT_TAKER;PANEL_1X2;XIRECS;8431.0;1
87400;SUBMISSION;BOT_TAKER;PANEL_2X2;XIRECS;10328.0;1
87400;SUBMISSION;BOT_TAKER;PANEL_1X4;XIRECS;10976.0;1
87400;BOT_MAKER;BOT_TAKER;PANEL_2X4;XIRECS;10934.0;1
87400;SUBMISSION;BOT_TAKER;PANEL_4X4;XIRECS;9568.0;1
87400;SUBMISSION;BOT_TAKER;OXYGEN_SHAKE_MORNING_BREATH;XIRECS;10837.0;1
87400;SUBMISSION;BOT_TAKER;OXYGEN_SHAKE_EVENING_BREATH;XIRECS;8715.0;1
87400;SUBMISSION;BOT_TAKER;OXYGEN_SHAKE_MINT;XIRECS;10230.0;1
87400;BOT_MAKER;BOT_TAKER;OXYGEN_SHAKE_CHOCOLATE;XIRECS;9210.0;1
87400;SUBMISSION;BOT_TAKER;OXYGEN_SHAKE_GARLIC;XIRECS;12120.0;1
87400;BOT_MAKER;BOT_TAKER;SNACKPACK_CHOCOLATE;XIRECS;10183.0;1
87400;SUBMISSION;BOT_TAKER;SNACKPACK_VANILLA;XIRECS;9737.0;1
87400;SUBMISSION;BOT_TAKER;SNACKPACK_PISTACHIO;XIRECS;9492.0;1
87400;BOT_MAKER;BOT_TAKER;SNACKPACK_STRAWBERRY;XIRECS;10610.0;1
87400;BOT_MAKER;BOT_TAKER;SNACKPACK_RASPBERRY;XIRECS;10209.0;1
88100;SUBMISSION;BOT_TAKER;MICROCHIP_CIRCLE;XIRECS;9322.0;1
88100;SUBMISSION;BOT_TAKER;MICROCHIP_OVAL;XIRECS;9050.0;1
88100;SUBMISSION;BOT_TAKER;MICROCHIP_SQUARE;XIRECS;13618.0;1
88100;BOT_MAKER;BOT_TAKER;MICROCHIP_RECTANGLE;XIRECS;8618.0;1
88100;BOT_MAKER;BOT_TAKER;MICROCHIP_TRIANGLE;XIRECS;10254.0;1
92400;BOT_MAKER;BOT_TAKER;GALAXY_SOUNDS_DARK_MATTER;XIRECS;10667.0;2
92400;SUBMISSION;BOT_TAKER;GALAXY_SOUNDS_BLACK_HOLES;XIRECS;11236.0;2
92400;SUBMISSION;BOT_TAKER;GALAXY_SOUNDS_PLANETARY_RINGS;XIRECS;11510.0;2
92400;SUBMISSION;BOT_TAKER;GALAXY_SOUNDS_SOLAR_WINDS;XIRECS;9437.0;2
92400;BOT_MAKER;BOT_TAKER;GALAXY_SOUNDS_SOLAR_FLAMES;XIRECS;10894.0;2
92400;BOT_MAKER;BOT_TAKER;SLEEP_POD_SUEDE;XIRECS;11889.0;2
92400;BOT_MAKER;BOT_TAKER;SLEEP_POD_LAMB_WOOL;XIRECS;10430.0;2
92400;SUBMISSION;BOT_TAKER;SLEEP_POD_POLYESTER;XIRECS;12339.0;2
92400;BOT_MAKER;BOT_TAKER;SLEEP_POD_NYLON;XIRECS;8898.0;2
92400;SUBMISSION;BOT_TAKER;SLEEP_POD_COTTON;XIRECS;11059.0;2
92400;BOT_MAKER;BOT_TAKER;ROBOT_VACUUMING;XIRECS;9613.0;2
92400;SUBMISSION;BOT_TAKER;ROBOT_MOPPING;XIRECS;9871.0;2
92400;BOT_MAKER;BOT_TAKER;ROBOT_DISHES;XIRECS;10333.0;2
92400;SUBMISSION;BOT_TAKER;ROBOT_LAUNDRY;XIRECS;9958.0;2
92400;SUBMISSION;BOT_TAKER;ROBOT_IRONING;XIRECS;9619.0;2
92400;SUBMISSION;BOT_TAKER;UV_VISOR_YELLOW;XIRECS;11159.0;2
92400;SUBMISSION;BOT_TAKER;UV_VISOR_AMBER;XIRECS;7999.0;2
92400;SUBMISSION;BOT_TAKER;UV_VISOR_ORANGE;XIRECS;9744.0;2
92400;BOT_MAKER;BOT_TAKER;UV_VISOR_RED;XIRECS;10511.0;2
92400;SUBMISSION;BOT_TAKER;UV_VISOR_MAGENTA;XIRECS;11314.0;2
92400;SUBMISSION;BOT_TAKER;TRANSLATOR_SPACE_GRAY;XIRECS;9751.0;2
92400;BOT_MAKER;BOT_TAKER;TRANSLATOR_ASTRO_BLACK;XIRECS;9466.0;2
92400;SUBMISSION;BOT_TAKER;TRANSLATOR_ECLIPSE_CHARCOAL;XIRECS;10188.0;2
92400;SUBMISSION;BOT_TAKER;TRANSLATOR_GRAPHITE_MIST;XIRECS;9364.0;2
92400;BOT_MAKER;BOT_TAKER;TRANSLATOR_VOID_BLUE;XIRECS;10740.0;2
92400;SUBMISSION;BOT_TAKER;PANEL_1X2;XIRECS;8437.0;2
92400;SUBMISSION;BOT_TAKER;PANEL_2X2;XIRECS;10306.0;2
92400;SUBMISSION;BOT_TAKER;PANEL_1X4;XIRECS;10922.0;2
92400;BOT_MAKER;BOT_TAKER;PANEL_2X4;XIRECS;10840.0;2
92400;SUBMISSION;BOT_TAKER;PANEL_4X4;XIRECS;9575.0;2
92400;SUBMISSION;BOT_TAKER;OXYGEN_SHAKE_MORNING_BREATH;XIRECS;10824.0;2
92400;SUBMISSION;BOT_TAKER;OXYGEN_SHAKE_EVENING_BREATH;XIRECS;8754.0;2
92400;SUBMISSION;BOT_TAKER;OXYGEN_SHAKE_MINT;XIRECS;10278.0;2
92400;BOT_MAKER;BOT_TAKER;OXYGEN_SHAKE_CHOCOLATE;XIRECS;9211.0;2
92400;SUBMISSION;BOT_TAKER;OXYGEN_SHAKE_GARLIC;XIRECS;12101.0;2
92400;BOT_MAKER;BOT_TAKER;SNACKPACK_CHOCOLATE;XIRECS;10085.0;2
92400;SUBMISSION;BOT_TAKER;SNACKPACK_VANILLA;XIRECS;9822.0;2
92400;SUBMISSION;BOT_TAKER;SNACKPACK_PISTACHIO;XIRECS;9440.0;2
92400;SUBMISSION;BOT_TAKER;SNACKPACK_STRAWBERRY;XIRECS;10567.0;2
92400;BOT_MAKER;BOT_TAKER;SNACKPACK_RASPBERRY;XIRECS;10275.0;2
95500;BOT_TAKER;BOT_MAKER;GALAXY_SOUNDS_DARK_MATTER;XIRECS;10676.0;3
95500;BOT_TAKER;SUBMISSION;GALAXY_SOUNDS_BLACK_HOLES;XIRECS;11146.0;2
95500;BOT_TAKER;BOT_MAKER;GALAXY_SOUNDS_BLACK_HOLES;XIRECS;11147.0;1
95500;BOT_TAKER;SUBMISSION;GALAXY_SOUNDS_PLANETARY_RINGS;XIRECS;11486.0;2
95500;BOT_TAKER;BOT_MAKER;GALAXY_SOUNDS_PLANETARY_RINGS;XIRECS;11487.0;1
95500;BOT_TAKER;SUBMISSION;GALAXY_SOUNDS_SOLAR_WINDS;XIRECS;9391.0;2
95500;BOT_TAKER;BOT_MAKER;GALAXY_SOUNDS_SOLAR_WINDS;XIRECS;9392.0;1
95500;BOT_TAKER;BOT_MAKER;GALAXY_SOUNDS_SOLAR_FLAMES;XIRECS;11041.0;3
95500;BOT_TAKER;BOT_MAKER;SLEEP_POD_SUEDE;XIRECS;11941.0;3
95500;BOT_TAKER;SUBMISSION;SLEEP_POD_LAMB_WOOL;XIRECS;10433.0;3
95500;BOT_TAKER;SUBMISSION;SLEEP_POD_POLYESTER;XIRECS;12219.0;2
95500;BOT_TAKER;BOT_MAKER;SLEEP_POD_POLYESTER;XIRECS;12220.0;1
95500;BOT_TAKER;SUBMISSION;SLEEP_POD_NYLON;XIRECS;9011.0;2
95500;BOT_TAKER;BOT_MAKER;SLEEP_POD_NYLON;XIRECS;9012.0;1
95500;BOT_TAKER;SUBMISSION;SLEEP_POD_COTTON;XIRECS;11079.0;2
95500;BOT_TAKER;BOT_MAKER;SLEEP_POD_COTTON;XIRECS;11080.0;1
95500;BOT_TAKER;BOT_MAKER;ROBOT_VACUUMING;XIRECS;9723.0;3
95500;BOT_TAKER;SUBMISSION;ROBOT_MOPPING;XIRECS;9852.0;2
95500;BOT_TAKER;BOT_MAKER;ROBOT_MOPPING;XIRECS;9853.0;1
95500;BOT_TAKER;BOT_MAKER;ROBOT_DISHES;XIRECS;10271.0;3
95500;BOT_TAKER;BOT_MAKER;ROBOT_LAUNDRY;XIRECS;9962.0;3
95500;BOT_TAKER;SUBMISSION;ROBOT_IRONING;XIRECS;9597.0;2
95500;BOT_TAKER;BOT_MAKER;ROBOT_IRONING;XIRECS;9598.0;1
95500;BOT_TAKER;SUBMISSION;UV_VISOR_YELLOW;XIRECS;11052.0;2
95500;BOT_TAKER;BOT_MAKER;UV_VISOR_YELLOW;XIRECS;11053.0;1
95500;BOT_TAKER;SUBMISSION;UV_VISOR_AMBER;XIRECS;7973.0;2
95500;BOT_TAKER;BOT_MAKER;UV_VISOR_AMBER;XIRECS;7974.0;1
95500;BOT_TAKER;SUBMISSION;UV_VISOR_ORANGE;XIRECS;9745.0;2
95500;BOT_TAKER;BOT_MAKER;UV_VISOR_ORANGE;XIRECS;9746.0;1
95500;BOT_TAKER;BOT_MAKER;UV_VISOR_RED;XIRECS;10516.0;3
95500;BOT_TAKER;SUBMISSION;UV_VISOR_MAGENTA;XIRECS;11390.0;3
95500;BOT_TAKER;SUBMISSION;TRANSLATOR_SPACE_GRAY;XIRECS;9708.0;2
95500;BOT_TAKER;BOT_MAKER;TRANSLATOR_SPACE_GRAY;XIRECS;9709.0;1
95500;BOT_TAKER;BOT_MAKER;TRANSLATOR_ASTRO_BLACK;XIRECS;9505.0;3
95500;BOT_TAKER;BOT_MAKER;TRANSLATOR_ECLIPSE_CHARCOAL;XIRECS;10208.0;3
95500;BOT_TAKER;SUBMISSION;TRANSLATOR_GRAPHITE_MIST;XIRECS;9319.0;2
95500;BOT_TAKER;BOT_MAKER;TRANSLATOR_GRAPHITE_MIST;XIRECS;9320.0;1
95500;BOT_TAKER;BOT_MAKER;TRANSLATOR_VOID_BLUE;XIRECS;10757.0;3
95500;BOT_TAKER;SUBMISSION;PANEL_1X2;XIRECS;8379.0;2
95500;BOT_TAKER;BOT_MAKER;PANEL_1X2;XIRECS;8380.0;1
95500;BOT_TAKER;SUBMISSION;PANEL_2X2;XIRECS;10404.0;2
95500;BOT_TAKER;BOT_MAKER;PANEL_2X2;XIRECS;10405.0;1
95500;BOT_TAKER;SUBMISSION;PANEL_1X4;XIRECS;10888.0;2
95500;BOT_TAKER;BOT_MAKER;PANEL_1X4;XIRECS;10889.0;1
95500;BOT_TAKER;BOT_MAKER;PANEL_2X4;XIRECS;10922.0;3
95500;BOT_TAKER;SUBMISSION;PANEL_4X4;XIRECS;9637.0;2
95500;BOT_TAKER;BOT_MAKER;PANEL_4X4;XIRECS;9638.0;1
95500;BOT_TAKER;SUBMISSION;OXYGEN_SHAKE_MORNING_BREATH;XIRECS;10787.0;2
95500;BOT_TAKER;BOT_MAKER;OXYGEN_SHAKE_MORNING_BREATH;XIRECS;10788.0;1
95500;BOT_TAKER;SUBMISSION;OXYGEN_SHAKE_EVENING_BREATH;XIRECS;8874.0;2
95500;BOT_TAKER;BOT_MAKER;OXYGEN_SHAKE_EVENING_BREATH;XIRECS;8875.0;1
95500;BOT_TAKER;SUBMISSION;OXYGEN_SHAKE_MINT;XIRECS;10302.0;2
95500;BOT_TAKER;BOT_MAKER;OXYGEN_SHAKE_MINT;XIRECS;10303.0;1
95500;BOT_TAKER;BOT_MAKER;OXYGEN_SHAKE_CHOCOLATE;XIRECS;9170.0;3
95500;BOT_TAKER;SUBMISSION;OXYGEN_SHAKE_GARLIC;XIRECS;12036.0;2
95500;BOT_TAKER;BOT_MAKER;OXYGEN_SHAKE_GARLIC;XIRECS;12037.0;1
95500;BOT_TAKER;BOT_MAKER;SNACKPACK_CHOCOLATE;XIRECS;10103.0;3
95500;BOT_TAKER;BOT_MAKER;SNACKPACK_VANILLA;XIRECS;9838.0;3
95500;BOT_TAKER;BOT_MAKER;SNACKPACK_PISTACHIO;XIRECS;9456.0;3
95500;BOT_TAKER;SUBMISSION;SNACKPACK_STRAWBERRY;XIRECS;10601.0;2
95500;BOT_TAKER;BOT_MAKER;SNACKPACK_STRAWBERRY;XIRECS;10602.0;1
95500;BOT_TAKER;BOT_MAKER;SNACKPACK_RASPBERRY;XIRECS;10278.0;3
95500;SUBMISSION;BOT_TAKER;MICROCHIP_CIRCLE;XIRECS;9373.0;1
95500;SUBMISSION;BOT_TAKER;MICROCHIP_OVAL;XIRECS;9025.0;1
95500;SUBMISSION;BOT_TAKER;MICROCHIP_SQUARE;XIRECS;13820.0;1
95500;BOT_MAKER;BOT_TAKER;MICROCHIP_RECTANGLE;XIRECS;8500.0;1
95500;BOT_MAKER;BOT_TAKER;MICROCHIP_TRIANGLE;XIRECS;10463.0;1
96000;BOT_MAKER;BOT_TAKER;GALAXY_SOUNDS_DARK_MATTER;XIRECS;10631.0;4
96000;SUBMISSION;BOT_TAKER;GALAXY_SOUNDS_BLACK_HOLES;XIRECS;11142.0;4
96000;SUBMISSION;BOT_TAKER;GALAXY_SOUNDS_PLANETARY_RINGS;XIRECS;11501.0;4
96000;SUBMISSION;BOT_TAKER;GALAXY_SOUNDS_SOLAR_WINDS;XIRECS;9390.0;4
96000;BOT_MAKER;BOT_TAKER;GALAXY_SOUNDS_SOLAR_FLAMES;XIRECS;11002.0;4
96000;BOT_MAKER;BOT_TAKER;SLEEP_POD_SUEDE;XIRECS;11906.0;4
96000;SUBMISSION;BOT_TAKER;SLEEP_POD_LAMB_WOOL;XIRECS;10406.0;4
96000;SUBMISSION;BOT_TAKER;SLEEP_POD_POLYESTER;XIRECS;12233.0;4
96000;BOT_MAKER;BOT_TAKER;SLEEP_POD_NYLON;XIRECS;8982.0;4
96000;SUBMISSION;BOT_TAKER;SLEEP_POD_COTTON;XIRECS;11049.0;4
96000;BOT_MAKER;BOT_TAKER;ROBOT_VACUUMING;XIRECS;9732.0;4
96000;SUBMISSION;BOT_TAKER;ROBOT_MOPPING;XIRECS;9831.0;4
96000;BOT_MAKER;BOT_TAKER;ROBOT_DISHES;XIRECS;10235.0;4
96000;SUBMISSION;BOT_TAKER;ROBOT_LAUNDRY;XIRECS;9991.0;4
96000;SUBMISSION;BOT_TAKER;ROBOT_IRONING;XIRECS;9613.0;4
96000;SUBMISSION;BOT_TAKER;UV_VISOR_YELLOW;XIRECS;10986.0;4
96000;SUBMISSION;BOT_TAKER;UV_VISOR_AMBER;XIRECS;7964.0;4
96000;SUBMISSION;BOT_TAKER;UV_VISOR_ORANGE;XIRECS;9700.0;4
96000;BOT_MAKER;BOT_TAKER;UV_VISOR_RED;XIRECS;10467.0;4
96000;BOT_MAKER;BOT_TAKER;UV_VISOR_MAGENTA;XIRECS;11352.0;4
96000;SUBMISSION;BOT_TAKER;TRANSLATOR_SPACE_GRAY;XIRECS;9723.0;4
96000;BOT_MAKER;BOT_TAKER;TRANSLATOR_ASTRO_BLACK;XIRECS;9457.0;4
96000;SUBMISSION;BOT_TAKER;TRANSLATOR_ECLIPSE_CHARCOAL;XIRECS;10227.0;4
96000;SUBMISSION;BOT_TAKER;TRANSLATOR_GRAPHITE_MIST;XIRECS;9336.0;4
96000;BOT_MAKER;BOT_TAKER;TRANSLATOR_VOID_BLUE;XIRECS;10753.0;4
96000;SUBMISSION;BOT_TAKER;PANEL_1X2;XIRECS;8385.0;4
96000;SUBMISSION;BOT_TAKER;PANEL_2X2;XIRECS;10433.0;4
96000;SUBMISSION;BOT_TAKER;PANEL_1X4;XIRECS;10891.0;4
96000;BOT_MAKER;BOT_TAKER;PANEL_2X4;XIRECS;10929.0;4
96000;SUBMISSION;BOT_TAKER;PANEL_4X4;XIRECS;9647.0;4
96000;SUBMISSION;BOT_TAKER;OXYGEN_SHAKE_MORNING_BREATH;XIRECS;10794.0;4
96000;SUBMISSION;BOT_TAKER;OXYGEN_SHAKE_EVENING_BREATH;XIRECS;8825.0;4
96000;SUBMISSION;BOT_TAKER;OXYGEN_SHAKE_MINT;XIRECS;10310.0;4
96000;BOT_MAKER;BOT_TAKER;OXYGEN_SHAKE_CHOCOLATE;XIRECS;9184.0;4
96000;SUBMISSION;BOT_TAKER;OXYGEN_SHAKE_GARLIC;XIRECS;12007.0;4
96000;BOT_MAKER;BOT_TAKER;SNACKPACK_CHOCOLATE;XIRECS;10093.0;4
96000;SUBMISSION;BOT_TAKER;SNACKPACK_VANILLA;XIRECS;9820.0;3
96000;BOT_MAKER;BOT_TAKER;SNACKPACK_VANILLA;XIRECS;9819.0;1
96000;SUBMISSION;BOT_TAKER;SNACKPACK_PISTACHIO;XIRECS;9439.0;4
96000;BOT_MAKER;BOT_TAKER;SNACKPACK_STRAWBERRY;XIRECS;10574.0;4
96000;BOT_MAKER;BOT_TAKER;SNACKPACK_RASPBERRY;XIRECS;10266.0;4
98500;SUBMISSION;BOT_TAKER;PEBBLES_XS;XIRECS;7179.0;2
98500;BOT_MAKER;BOT_TAKER;PEBBLES_XS;XIRECS;7178.0;2
98500;SUBMISSION;BOT_TAKER;PEBBLES_S;XIRECS;8990.0;4
98500;BOT_MAKER;BOT_TAKER;PEBBLES_M;XIRECS;9907.0;4
98500;SUBMISSION;BOT_TAKER;PEBBLES_L;XIRECS;10022.0;2
98500;BOT_MAKER;BOT_TAKER;PEBBLES_L;XIRECS;10021.0;2
98500;BOT_MAKER;BOT_TAKER;PEBBLES_XL;XIRECS;13874.0;4
100500;BOT_TAKER;BOT_MAKER;GALAXY_SOUNDS_DARK_MATTER;XIRECS;10727.0;4
100500;BOT_TAKER;SUBMISSION;GALAXY_SOUNDS_BLACK_HOLES;XIRECS;11163.0;2
100500;BOT_TAKER;BOT_MAKER;GALAXY_SOUNDS_BLACK_HOLES;XIRECS;11164.0;2
100500;BOT_TAKER;SUBMISSION;GALAXY_SOUNDS_PLANETARY_RINGS;XIRECS;11448.0;2
100500;BOT_TAKER;BOT_MAKER;GALAXY_SOUNDS_PLANETARY_RINGS;XIRECS;11449.0;2
100500;BOT_TAKER;SUBMISSION;GALAXY_SOUNDS_SOLAR_WINDS;XIRECS;9468.0;2
100500;BOT_TAKER;BOT_MAKER;GALAXY_SOUNDS_SOLAR_WINDS;XIRECS;9469.0;2
100500;BOT_TAKER;BOT_MAKER;GALAXY_SOUNDS_SOLAR_FLAMES;XIRECS;11052.0;4
100500;BOT_TAKER;BOT_MAKER;SLEEP_POD_SUEDE;XIRECS;11943.0;4
100500;BOT_TAKER;SUBMISSION;SLEEP_POD_LAMB_WOOL;XIRECS;10440.0;4
100500;BOT_TAKER;SUBMISSION;SLEEP_POD_POLYESTER;XIRECS;12250.0;2
100500;BOT_TAKER;BOT_MAKER;SLEEP_POD_POLYESTER;XIRECS;12251.0;2
100500;BOT_TAKER;BOT_MAKER;SLEEP_POD_NYLON;XIRECS;8983.0;4
100500;BOT_TAKER;SUBMISSION;SLEEP_POD_COTTON;XIRECS;10928.0;2
100500;BOT_TAKER;BOT_MAKER;SLEEP_POD_COTTON;XIRECS;10929.0;2
100500;BOT_TAKER;BOT_MAKER;ROBOT_VACUUMING;XIRECS;9676.0;4
100500;BOT_TAKER;SUBMISSION;ROBOT_MOPPING;XIRECS;9977.0;2
100500;BOT_TAKER;BOT_MAKER;ROBOT_MOPPING;XIRECS;9978.0;2
100500;BOT_TAKER;BOT_MAKER;ROBOT_DISHES;XIRECS;10359.0;4
100500;BOT_TAKER;BOT_MAKER;ROBOT_LAUNDRY;XIRECS;10059.0;4
100500;BOT_TAKER;SUBMISSION;ROBOT_IRONING;XIRECS;9542.0;2
100500;BOT_TAKER;BOT_MAKER;ROBOT_IRONING;XIRECS;9543.0;2
100500;BOT_TAKER;SUBMISSION;UV_VISOR_YELLOW;XIRECS;10999.0;2
100500;BOT_TAKER;BOT_MAKER;UV_VISOR_YELLOW;XIRECS;11000.0;2
100500;BOT_TAKER;SUBMISSION;UV_VISOR_AMBER;XIRECS;8049.0;2
100500;BOT_TAKER;BOT_MAKER;UV_VISOR_AMBER;XIRECS;8050.0;2
100500;BOT_TAKER;SUBMISSION;UV_VISOR_ORANGE;XIRECS;9788.0;2
100500;BOT_TAKER;BOT_MAKER;UV_VISOR_ORANGE;XIRECS;9789.0;2
100500;BOT_TAKER;BOT_MAKER;UV_VISOR_RED;XIRECS;10518.0;4
100500;BOT_TAKER;BOT_MAKER;UV_VISOR_MAGENTA;XIRECS;11219.0;4
100500;BOT_TAKER;SUBMISSION;TRANSLATOR_SPACE_GRAY;XIRECS;9572.0;2
100500;BOT_TAKER;BOT_MAKER;TRANSLATOR_SPACE_GRAY;XIRECS;9573.0;2
100500;BOT_TAKER;BOT_MAKER;TRANSLATOR_ASTRO_BLACK;XIRECS;9450.0;4
100500;BOT_TAKER;SUBMISSION;TRANSLATOR_ECLIPSE_CHARCOAL;XIRECS;10359.0;4
100500;BOT_TAKER;SUBMISSION;TRANSLATOR_GRAPHITE_MIST;XIRECS;9376.0;2
100500;BOT_TAKER;BOT_MAKER;TRANSLATOR_GRAPHITE_MIST;XIRECS;9377.0;2
100500;BOT_TAKER;BOT_MAKER;TRANSLATOR_VOID_BLUE;XIRECS;10743.0;4
100500;BOT_TAKER;SUBMISSION;PANEL_1X2;XIRECS;8433.0;2
100500;BOT_TAKER;BOT_MAKER;PANEL_1X2;XIRECS;8434.0;2
100500;BOT_TAKER;SUBMISSION;PANEL_2X2;XIRECS;10345.0;2
100500;BOT_TAKER;BOT_MAKER;PANEL_2X2;XIRECS;10346.0;2
100500;BOT_TAKER;SUBMISSION;PANEL_1X4;XIRECS;10920.0;2
100500;BOT_TAKER;BOT_MAKER;PANEL_1X4;XIRECS;10921.0;2
100500;BOT_TAKER;BOT_MAKER;PANEL_2X4;XIRECS;11102.0;4
100500;BOT_TAKER;SUBMISSION;PANEL_4X4;XIRECS;9573.0;2
100500;BOT_TAKER;BOT_MAKER;PANEL_4X4;XIRECS;9574.0;2
100500;BOT_TAKER;SUBMISSION;OXYGEN_SHAKE_MORNING_BREATH;XIRECS;10817.0;2
100500;BOT_TAKER;BOT_MAKER;OXYGEN_SHAKE_MORNING_BREATH;XIRECS;10818.0;2
100500;BOT_TAKER;SUBMISSION;OXYGEN_SHAKE_EVENING_BREATH;XIRECS;8892.0;2
100500;BOT_TAKER;BOT_MAKER;OXYGEN_SHAKE_EVENING_BREATH;XIRECS;8893.0;2
100500;BOT_TAKER;SUBMISSION;OXYGEN_SHAKE_MINT;XIRECS;10372.0;2
100500;BOT_TAKER;BOT_MAKER;OXYGEN_SHAKE_MINT;XIRECS;10373.0;2
100500;BOT_TAKER;BOT_MAKER;OXYGEN_SHAKE_CHOCOLATE;XIRECS;9083.0;4
100500;BOT_TAKER;SUBMISSION;OXYGEN_SHAKE_GARLIC;XIRECS;12080.0;2
100500;BOT_TAKER;BOT_MAKER;OXYGEN_SHAKE_GARLIC;XIRECS;12081.0;2
100500;BOT_TAKER;BOT_MAKER;SNACKPACK_CHOCOLATE;XIRECS;10063.0;4
100500;BOT_TAKER;BOT_MAKER;SNACKPACK_VANILLA;XIRECS;9877.0;4
100500;BOT_TAKER;BOT_MAKER;SNACKPACK_PISTACHIO;XIRECS;9443.0;4
100500;BOT_TAKER;BOT_MAKER;SNACKPACK_STRAWBERRY;XIRECS;10560.0;4
100500;BOT_TAKER;BOT_MAKER;SNACKPACK_RASPBERRY;XIRECS;10309.0;4
101500;BOT_TAKER;BOT_MAKER;GALAXY_SOUNDS_DARK_MATTER;XIRECS;10721.0;4
101500;BOT_TAKER;SUBMISSION;GALAXY_SOUNDS_BLACK_HOLES;XIRECS;11161.0;2
101500;BOT_TAKER;BOT_MAKER;GALAXY_SOUNDS_BLACK_HOLES;XIRECS;11162.0;2
101500;BOT_TAKER;SUBMISSION;GALAXY_SOUNDS_PLANETARY_RINGS;XIRECS;11446.0;2
101500;BOT_TAKER;BOT_MAKER;GALAXY_SOUNDS_PLANETARY_RINGS;XIRECS;11447.0;2
101500;BOT_TAKER;SUBMISSION;GALAXY_SOUNDS_SOLAR_WINDS;XIRECS;9487.0;2
101500;BOT_TAKER;BOT_MAKER;GALAXY_SOUNDS_SOLAR_WINDS;XIRECS;9488.0;2
101500;BOT_TAKER;BOT_MAKER;GALAXY_SOUNDS_SOLAR_FLAMES;XIRECS;11020.0;4
101500;BOT_TAKER;BOT_MAKER;SLEEP_POD_SUEDE;XIRECS;11965.0;4
101500;BOT_TAKER;SUBMISSION;SLEEP_POD_LAMB_WOOL;XIRECS;10482.0;4
101500;BOT_TAKER;SUBMISSION;SLEEP_POD_POLYESTER;XIRECS;12247.0;2
101500;BOT_TAKER;BOT_MAKER;SLEEP_POD_POLYESTER;XIRECS;12248.0;2
101500;BOT_TAKER;BOT_MAKER;SLEEP_POD_NYLON;XIRECS;9010.0;4
101500;BOT_TAKER;SUBMISSION;SLEEP_POD_COTTON;XIRECS;10878.0;2
101500;BOT_TAKER;BOT_MAKER;SLEEP_POD_COTTON;XIRECS;10879.0;2
101500;BOT_TAKER;BOT_MAKER;ROBOT_VACUUMING;XIRECS;9646.0;4
101500;BOT_TAKER;SUBMISSION;ROBOT_MOPPING;XIRECS;9946.0;2
101500;BOT_TAKER;BOT_MAKER;ROBOT_MOPPING;XIRECS;9947.0;2
101500;BOT_TAKER;BOT_MAKER;ROBOT_DISHES;XIRECS;10389.0;4
101500;BOT_TAKER;BOT_MAKER;ROBOT_LAUNDRY;XIRECS;10086.0;4
101500;BOT_TAKER;SUBMISSION;ROBOT_IRONING;XIRECS;9573.0;2
101500;BOT_TAKER;BOT_MAKER;ROBOT_IRONING;XIRECS;9574.0;2
101500;BOT_TAKER;SUBMISSION;UV_VISOR_YELLOW;XIRECS;11008.0;2
101500;BOT_TAKER;BOT_MAKER;UV_VISOR_YELLOW;XIRECS;11009.0;2
101500;BOT_TAKER;SUBMISSION;UV_VISOR_AMBER;XIRECS;8006.0;2
101500;BOT_TAKER;BOT_MAKER;UV_VISOR_AMBER;XIRECS;8007.0;2
101500;BOT_TAKER;SUBMISSION;UV_VISOR_ORANGE;XIRECS;9839.0;2
101500;BOT_TAKER;BOT_MAKER;UV_VISOR_ORANGE;XIRECS;9840.0;2
101500;BOT_TAKER;BOT_MAKER;UV_VISOR_RED;XIRECS;10539.0;4
101500;BOT_TAKER;BOT_MAKER;UV_VISOR_MAGENTA;XIRECS;11184.0;4
101500;BOT_TAKER;SUBMISSION;TRANSLATOR_SPACE_GRAY;XIRECS;9525.0;2
101500;BOT_TAKER;BOT_MAKER;TRANSLATOR_SPACE_GRAY;XIRECS;9526.0;2
101500;BOT_TAKER;BOT_MAKER;TRANSLATOR_ASTRO_BLACK;XIRECS;9405.0;4
101500;BOT_TAKER;SUBMISSION;TRANSLATOR_ECLIPSE_CHARCOAL;XIRECS;10396.0;4
101500;BOT_TAKER;SUBMISSION;TRANSLATOR_GRAPHITE_MIST;XIRECS;9379.0;2
101500;BOT_TAKER;BOT_MAKER;TRANSLATOR_GRAPHITE_MIST;XIRECS;9380.0;2
101500;BOT_TAKER;BOT_MAKER;TRANSLATOR_VOID_BLUE;XIRECS;10777.0;4
101500;BOT_TAKER;SUBMISSION;PANEL_1X2;XIRECS;8410.0;2
101500;BOT_TAKER;BOT_MAKER;PANEL_1X2;XIRECS;8411.0;2
101500;BOT_TAKER;SUBMISSION;PANEL_2X2;XIRECS;10342.0;2
101500;BOT_TAKER;BOT_MAKER;PANEL_2X2;XIRECS;10343.0;2
101500;BOT_TAKER;SUBMISSION;PANEL_1X4;XIRECS;10905.0;2
101500;BOT_TAKER;BOT_MAKER;PANEL_1X4;XIRECS;10906.0;2
101500;BOT_TAKER;BOT_MAKER;PANEL_2X4;XIRECS;11117.0;4
101500;BOT_TAKER;SUBMISSION;PANEL_4X4;XIRECS;9594.0;2
101500;BOT_TAKER;BOT_MAKER;PANEL_4X4;XIRECS;9595.0;2
101500;BOT_TAKER;SUBMISSION;OXYGEN_SHAKE_MORNING_BREATH;XIRECS;10845.0;2
101500;BOT_TAKER;BOT_MAKER;OXYGEN_SHAKE_MORNING_BREATH;XIRECS;10846.0;2
101500;BOT_TAKER;SUBMISSION;OXYGEN_SHAKE_EVENING_BREATH;XIRECS;8888.0;2
101500;BOT_TAKER;BOT_MAKER;OXYGEN_SHAKE_EVENING_BREATH;XIRECS;8889.0;2
101500;BOT_TAKER;SUBMISSION;OXYGEN_SHAKE_MINT;XIRECS;10399.0;2
101500;BOT_TAKER;BOT_MAKER;OXYGEN_SHAKE_MINT;XIRECS;10400.0;2
101500;BOT_TAKER;BOT_MAKER;OXYGEN_SHAKE_CHOCOLATE;XIRECS;9086.0;4
101500;BOT_TAKER;SUBMISSION;OXYGEN_SHAKE_GARLIC;XIRECS;12057.0;2
101500;BOT_TAKER;BOT_MAKER;OXYGEN_SHAKE_GARLIC;XIRECS;12058.0;2
101500;BOT_TAKER;BOT_MAKER;SNACKPACK_CHOCOLATE;XIRECS;10101.0;4
101500;BOT_TAKER;BOT_MAKER;SNACKPACK_VANILLA;XIRECS;9838.0;4
101500;BOT_TAKER;BOT_MAKER;SNACKPACK_PISTACHIO;XIRECS;9457.0;4
101500;BOT_TAKER;BOT_MAKER;SNACKPACK_STRAWBERRY;XIRECS;10580.0;4
101500;BOT_TAKER;BOT_MAKER;SNACKPACK_RASPBERRY;XIRECS;10294.0;4
103500;BOT_MAKER;BOT_TAKER;MICROCHIP_CIRCLE;XIRECS;9361.0;3
103500;BOT_MAKER;BOT_TAKER;MICROCHIP_OVAL;XIRECS;8865.0;3
103500;BOT_MAKER;BOT_TAKER;MICROCHIP_SQUARE;XIRECS;13641.0;3
103500;BOT_MAKER;BOT_TAKER;MICROCHIP_RECTANGLE;XIRECS;8351.0;3
103500;BOT_MAKER;BOT_TAKER;MICROCHIP_TRIANGLE;XIRECS;10347.0;3
103700;BOT_TAKER;SUBMISSION;PEBBLES_XS;XIRECS;7040.0;2
103700;BOT_TAKER;BOT_MAKER;PEBBLES_S;XIRECS;8870.0;2
103700;BOT_TAKER;BOT_MAKER;PEBBLES_M;XIRECS;9801.0;2
103700;BOT_TAKER;SUBMISSION;PEBBLES_L;XIRECS;10176.0;2
103700;BOT_TAKER;SUBMISSION;PEBBLES_XL;XIRECS;14140.0;2
103800;BOT_TAKER;BOT_MAKER;GALAXY_SOUNDS_DARK_MATTER;XIRECS;10693.0;4
103800;BOT_TAKER;SUBMISSION;GALAXY_SOUNDS_BLACK_HOLES;XIRECS;11213.0;2
103800;BOT_TAKER;BOT_MAKER;GALAXY_SOUNDS_BLACK_HOLES;XIRECS;11214.0;2
103800;BOT_TAKER;SUBMISSION;GALAXY_SOUNDS_PLANETARY_RINGS;XIRECS;11387.0;2
103800;BOT_TAKER;BOT_MAKER;GALAXY_SOUNDS_PLANETARY_RINGS;XIRECS;11388.0;2
103800;BOT_TAKER;SUBMISSION;GALAXY_SOUNDS_SOLAR_WINDS;XIRECS;9367.0;2
103800;BOT_TAKER;BOT_MAKER;GALAXY_SOUNDS_SOLAR_WINDS;XIRECS;9368.0;2
103800;BOT_TAKER;BOT_MAKER;GALAXY_SOUNDS_SOLAR_FLAMES;XIRECS;10969.0;4
103800;BOT_TAKER;BOT_MAKER;SLEEP_POD_SUEDE;XIRECS;12000.0;4
103800;BOT_TAKER;SUBMISSION;SLEEP_POD_LAMB_WOOL;XIRECS;10498.0;2
103800;BOT_TAKER;BOT_MAKER;SLEEP_POD_LAMB_WOOL;XIRECS;10499.0;2
103800;BOT_TAKER;SUBMISSION;SLEEP_POD_POLYESTER;XIRECS;12314.0;2
103800;BOT_TAKER;BOT_MAKER;SLEEP_POD_POLYESTER;XIRECS;12315.0;2
103800;BOT_TAKER;BOT_MAKER;SLEEP_POD_NYLON;XIRECS;9042.0;4
103800;BOT_TAKER;SUBMISSION;SLEEP_POD_COTTON;XIRECS;10980.0;2
103800;BOT_TAKER;BOT_MAKER;SLEEP_POD_COTTON;XIRECS;10981.0;2
103800;BOT_TAKER;BOT_MAKER;ROBOT_VACUUMING;XIRECS;9601.0;4
103800;BOT_TAKER;SUBMISSION;ROBOT_MOPPING;XIRECS;9891.0;2
103800;BOT_TAKER;BOT_MAKER;ROBOT_MOPPING;XIRECS;9892.0;2
