timestamp;buyer;seller;symbol;currency;price;quantity
1300;SUBMISSION;BOT_TAKER;PEBBLES_XS;XIRECS;9968.0;4
1300;SUBMISSION;BOT_TAKER;PEBBLES_S;XIRECS;9988.0;2
1300;BOT_MAKER;BOT_TAKER;PEBBLES_S;XIRECS;9987.0;2
1300;SUBMISSION;BOT_TAKER;PEBBLES_M;XIRECS;9961.0;4
1300;SUBMISSION;BOT_TAKER;PEBBLES_L;XIRECS;10007.0;4
1300;BOT_MAKER;BOT_TAKER;PEBBLES_XL;XIRECS;10049.0;4
1300;BOT_TAKER;SUBMISSION;MICROCHIP_CIRCLE;XIRECS;9964.0;3
1300;BOT_TAKER;SUBMISSION;MICROCHIP_OVAL;XIRECS;10024.0;3
1300;BOT_TAKER;SUBMISSION;MICROCHIP_SQUARE;XIRECS;9968.0;3
1300;BOT_TAKER;SUBMISSION;MICROCHIP_RECTANGLE;XIRECS;10065.0;3
1300;BOT_TAKER;SUBMISSION;MICROCHIP_TRIANGLE;XIRECS;10088.0;3
4400;BOT_TAKER;SUBMISSION;PEBBLES_XS;XIRECS;9921.0;3
4400;BOT_TAKER;BOT_MAKER;PEBBLES_S;XIRECS;9844.0;3
4400;BOT_TAKER;BOT_MAKER;PEBBLES_M;XIRECS;9825.0;3
4400;BOT_TAKER;SUBMISSION;PEBBLES_L;XIRECS;10110.0;3
4400;BOT_TAKER;SUBMISSION;PEBBLES_XL;XIRECS;10329.0;3
5500;SUBMISSION;BOT_TAKER;PEBBLES_XS;XIRECS;10016.0;2
5500;BOT_MAKER;BOT_TAKER;PEBBLES_XS;XIRECS;10015.0;2
5500;SUBMISSION;BOT_TAKER;PEBBLES_S;XIRECS;9943.0;4
5500;SUBMISSION;BOT_TAKER;PEBBLES_M;XIRECS;9819.0;4
5500;SUBMISSION;BOT_TAKER;PEBBLES_L;XIRECS;10071.0;2
5500;BOT_MAKER;BOT_TAKER;PEBBLES_L;XIRECS;10070.0;2
5500;BOT_MAKER;BOT_TAKER;PEBBLES_XL;XIRECS;10124.0;4
8800;BOT_TAKER;SUBMISSION;MICROCHIP_CIRCLE;XIRECS;9760.0;2
8800;BOT_TAKER;BOT_MAKER;MICROCHIP_CIRCLE;XIRECS;9761.0;1
8800;BOT_TAKER;SUBMISSION;MICROCHIP_OVAL;XIRECS;10091.0;2
8800;BOT_TAKER;BOT_MAKER;MICROCHIP_OVAL;XIRECS;10092.0;1
8800;BOT_TAKER;SUBMISSION;MICROCHIP_SQUARE;XIRECS;10362.0;2
8800;BOT_TAKER;BOT_MAKER;MICROCHIP_SQUARE;XIRECS;10363.0;1
8800;BOT_TAKER;SUBMISSION;MICROCHIP_RECTANGLE;XIRECS;10109.0;3
8800;BOT_TAKER;SUBMISSION;MICROCHIP_TRIANGLE;XIRECS;10121.0;3
9000;BOT_TAKER;SUBMISSION;MICROCHIP_CIRCLE;XIRECS;9754.0;2
9000;BOT_TAKER;SUBMISSION;MICROCHIP_OVAL;XIRECS;10078.0;2
9000;BOT_TAKER;SUBMISSION;MICROCHIP_SQUARE;XIRECS;10327.0;2
9000;BOT_TAKER;SUBMISSION;MICROCHIP_RECTANGLE;XIRECS;10117.0;2
9000;BOT_TAKER;SUBMISSION;MICROCHIP_TRIANGLE;XIRECS;10115.0;2
9700;BOT_TAKER;BOT_MAKER;GALAXY_SOUNDS_DARK_MATTER;XIRECS;9931.0;3
9700;BOT_TAKER;SUBMISSION;GALAXY_SOUNDS_BLACK_HOLES;XIRECS;9887.0;3
9700;BOT_TAKER;SUBMISSION;GALAXY_SOUNDS_PLANETARY_RINGS;XIRECS;10052.0;3
9700;BOT_TAKER;SUBMISSION;GALAXY_SOUNDS_SOLAR_WINDS;XIRECS;9816.0;3
9700;BOT_TAKER;SUBMISSION;GALAXY_SOUNDS_SOLAR_FLAMES;XIRECS;10088.0;3
9700;BOT_TAKER;BOT_MAKER;SLEEP_POD_SUEDE;XIRECS;9952.0;3
9700;BOT_TAKER;BOT_MAKER;SLEEP_POD_LAMB_WOOL;XIRECS;9911.0;3
9700;BOT_TAKER;SUBMISSION;SLEEP_POD_POLYESTER;XIRECS;9976.0;3
9700;BOT_TAKER;BOT_MAKER;SLEEP_POD_NYLON;XIRECS;9985.0;3
9700;BOT_TAKER;SUBMISSION;SLEEP_POD_COTTON;XIRECS;9908.0;3
9700;BOT_TAKER;SUBMISSION;ROBOT_VACUUMING;XIRECS;10087.0;3
9700;BOT_TAKER;SUBMISSION;ROBOT_MOPPING;XIRECS;10181.0;3
9700;BOT_TAKER;BOT_MAKER;ROBOT_DISHES;XIRECS;9587.0;3
9700;BOT_TAKER;SUBMISSION;ROBOT_LAUNDRY;XIRECS;10112.0;3
9700;BOT_TAKER;SUBMISSION;ROBOT_IRONING;XIRECS;10073.0;3
9700;BOT_TAKER;SUBMISSION;UV_VISOR_YELLOW;XIRECS;9951.0;3
9700;BOT_TAKER;SUBMISSION;UV_VISOR_AMBER;XIRECS;10074.0;3
9700;BOT_TAKER;SUBMISSION;UV_VISOR_ORANGE;XIRECS;10050.0;3
9700;BOT_TAKER;SUBMISSION;UV_VISOR_RED;XIRECS;10115.0;3
9700;BOT_TAKER;SUBMISSION;UV_VISOR_MAGENTA;XIRECS;10096.0;3
9700;BOT_TAKER;SUBMISSION;TRANSLATOR_SPACE_GRAY;XIRECS;9857.0;3
9700;BOT_TAKER;SUBMISSION;TRANSLATOR_ASTRO_BLACK;XIRECS;10031.0;3
9700;BOT_TAKER;BOT_MAKER;TRANSLATOR_ECLIPSE_CHARCOAL;XIRECS;10000.0;3
9700;BOT_TAKER;SUBMISSION;TRANSLATOR_GRAPHITE_MIST;XIRECS;10126.0;3
9700;BOT_TAKER;BOT_MAKER;TRANSLATOR_VOID_BLUE;XIRECS;9842.0;3
9700;BOT_TAKER;SUBMISSION;PANEL_1X2;XIRECS;9786.0;3
9700;BOT_TAKER;SUBMISSION;PANEL_2X2;XIRECS;10050.0;3
9700;BOT_TAKER;SUBMISSION;PANEL_1X4;XIRECS;10017.0;3
9700;BOT_TAKER;SUBMISSION;PANEL_2X4;XIRECS;10078.0;3
9700;BOT_TAKER;SUBMISSION;PANEL_4X4;XIRECS;9990.0;3
9700;BOT_TAKER;SUBMISSION;OXYGEN_SHAKE_MORNING_BREATH;XIRECS;10069.0;3
9700;BOT_TAKER;SUBMISSION;OXYGEN_SHAKE_EVENING_BREATH;XIRECS;9891.0;3
9700;BOT_TAKER;SUBMISSION;OXYGEN_SHAKE_MINT;XIRECS;10061.0;3
9700;BOT_TAKER;BOT_MAKER;OXYGEN_SHAKE_CHOCOLATE;XIRECS;9788.0;3
9700;BOT_TAKER;SUBMISSION;OXYGEN_SHAKE_GARLIC;XIRECS;9881.0;3
9700;BOT_TAKER;BOT_MAKER;SNACKPACK_CHOCOLATE;XIRECS;9990.0;3
9700;BOT_TAKER;BOT_MAKER;SNACKPACK_VANILLA;XIRECS;10025.0;3
9700;BOT_TAKER;SUBMISSION;SNACKPACK_PISTACHIO;XIRECS;10025.0;3
9700;BOT_TAKER;SUBMISSION;SNACKPACK_STRAWBERRY;XIRECS;10024.0;3
9700;BOT_TAKER;BOT_MAKER;SNACKPACK_RASPBERRY;XIRECS;10015.0;3
11600;BOT_TAKER;SUBMISSION;MICROCHIP_CIRCLE;XIRECS;9689.0;1
11600;BOT_TAKER;SUBMISSION;MICROCHIP_OVAL;XIRECS;10106.0;1
11600;BOT_TAKER;SUBMISSION;MICROCHIP_SQUARE;XIRECS;10151.0;1
11600;BOT_TAKER;SUBMISSION;MICROCHIP_RECTANGLE;XIRECS;10120.0;1
11600;BOT_TAKER;BOT_MAKER;MICROCHIP_TRIANGLE;XIRECS;10043.0;1
11800;BOT_MAKER;BOT_TAKER;GALAXY_SOUNDS_DARK_MATTER;XIRECS;9994.0;3
11800;SUBMISSION;BOT_TAKER;GALAXY_SOUNDS_BLACK_HOLES;XIRECS;9944.0;3
11800;SUBMISSION;BOT_TAKER;GALAXY_SOUNDS_PLANETARY_RINGS;XIRECS;10023.0;3
11800;SUBMISSION;BOT_TAKER;GALAXY_SOUNDS_SOLAR_WINDS;XIRECS;9803.0;3
11800;BOT_MAKER;BOT_TAKER;GALAXY_SOUNDS_SOLAR_FLAMES;XIRECS;10083.0;3
11800;SUBMISSION;BOT_TAKER;SLEEP_POD_SUEDE;XIRECS;9970.0;3
11800;SUBMISSION;BOT_TAKER;SLEEP_POD_LAMB_WOOL;XIRECS;9851.0;3
11800;SUBMISSION;BOT_TAKER;SLEEP_POD_POLYESTER;XIRECS;10029.0;3
11800;BOT_MAKER;BOT_TAKER;SLEEP_POD_NYLON;XIRECS;10025.0;3
11800;SUBMISSION;BOT_TAKER;SLEEP_POD_COTTON;XIRECS;9871.0;3
11800;BOT_MAKER;BOT_TAKER;ROBOT_VACUUMING;XIRECS;10022.0;3
11800;SUBMISSION;BOT_TAKER;ROBOT_MOPPING;XIRECS;10210.0;3
11800;SUBMISSION;BOT_TAKER;ROBOT_DISHES;XIRECS;9670.0;3
11800;BOT_MAKER;BOT_TAKER;ROBOT_LAUNDRY;XIRECS;10110.0;3
11800;SUBMISSION;BOT_TAKER;ROBOT_IRONING;XIRECS;10070.0;3
11800;SUBMISSION;BOT_TAKER;UV_VISOR_YELLOW;XIRECS;10018.0;3
11800;SUBMISSION;BOT_TAKER;UV_VISOR_AMBER;XIRECS;10074.0;3
11800;SUBMISSION;BOT_TAKER;UV_VISOR_ORANGE;XIRECS;10020.0;3
11800;BOT_MAKER;BOT_TAKER;UV_VISOR_RED;XIRECS;10105.0;3
11800;BOT_MAKER;BOT_TAKER;UV_VISOR_MAGENTA;XIRECS;10128.0;3
11800;SUBMISSION;BOT_TAKER;TRANSLATOR_SPACE_GRAY;XIRECS;9865.0;3
11800;SUBMISSION;BOT_TAKER;TRANSLATOR_ASTRO_BLACK;XIRECS;10005.0;1
11800;BOT_MAKER;BOT_TAKER;TRANSLATOR_ASTRO_BLACK;XIRECS;10004.0;2
11800;SUBMISSION;BOT_TAKER;TRANSLATOR_ECLIPSE_CHARCOAL;XIRECS;9967.0;3
11800;SUBMISSION;BOT_TAKER;TRANSLATOR_GRAPHITE_MIST;XIRECS;10096.0;3
11800;SUBMISSION;BOT_TAKER;TRANSLATOR_VOID_BLUE;XIRECS;9914.0;3
11800;SUBMISSION;BOT_TAKER;PANEL_1X2;XIRECS;9751.0;3
11800;SUBMISSION;BOT_TAKER;PANEL_2X2;XIRECS;10035.0;3
11800;SUBMISSION;BOT_TAKER;PANEL_1X4;XIRECS;10070.0;3
11800;BOT_MAKER;BOT_TAKER;PANEL_2X4;XIRECS;10057.0;3
11800;SUBMISSION;BOT_TAKER;PANEL_4X4;XIRECS;9949.0;3
11800;SUBMISSION;BOT_TAKER;OXYGEN_SHAKE_MORNING_BREATH;XIRECS;9986.0;3
11800;SUBMISSION;BOT_TAKER;OXYGEN_SHAKE_EVENING_BREATH;XIRECS;9778.0;3
11800;SUBMISSION;BOT_TAKER;OXYGEN_SHAKE_MINT;XIRECS;10224.0;3
11800;SUBMISSION;BOT_TAKER;OXYGEN_SHAKE_CHOCOLATE;XIRECS;9754.0;3
11800;SUBMISSION;BOT_TAKER;OXYGEN_SHAKE_GARLIC;XIRECS;9791.0;3
11800;SUBMISSION;BOT_TAKER;SNACKPACK_CHOCOLATE;XIRECS;9954.0;3
11800;BOT_MAKER;BOT_TAKER;SNACKPACK_VANILLA;XIRECS;10050.0;3
11800;BOT_MAKER;BOT_TAKER;SNACKPACK_PISTACHIO;XIRECS;9976.0;3
11800;SUBMISSION;BOT_TAKER;SNACKPACK_STRAWBERRY;XIRECS;9955.0;3
11800;BOT_MAKER;BOT_TAKER;SNACKPACK_RASPBERRY;XIRECS;10059.0;3
11800;SUBMISSION;BOT_TAKER;MICROCHIP_CIRCLE;XIRECS;9654.0;3
11800;SUBMISSION;BOT_TAKER;MICROCHIP_OVAL;XIRECS;10101.0;3
11800;SUBMISSION;BOT_TAKER;MICROCHIP_SQUARE;XIRECS;10146.0;3
11800;BOT_MAKER;BOT_TAKER;MICROCHIP_RECTANGLE;XIRECS;10081.0;3
11800;BOT_MAKER;BOT_TAKER;MICROCHIP_TRIANGLE;XIRECS;10052.0;3
13200;BOT_TAKER;SUBMISSION;MICROCHIP_CIRCLE;XIRECS;9630.0;1
13200;BOT_TAKER;SUBMISSION;MICROCHIP_OVAL;XIRECS;10069.0;1
13200;BOT_TAKER;SUBMISSION;MICROCHIP_SQUARE;XIRECS;10044.0;1
13200;BOT_TAKER;SUBMISSION;MICROCHIP_RECTANGLE;XIRECS;10123.0;1
13200;BOT_TAKER;BOT_MAKER;MICROCHIP_TRIANGLE;XIRECS;9979.0;1
13400;BOT_TAKER;SUBMISSION;GALAXY_SOUNDS_DARK_MATTER;XIRECS;10023.0;1
13400;BOT_TAKER;SUBMISSION;GALAXY_SOUNDS_BLACK_HOLES;XIRECS;9934.0;1
13400;BOT_TAKER;SUBMISSION;GALAXY_SOUNDS_PLANETARY_RINGS;XIRECS;10038.0;1
13400;BOT_TAKER;SUBMISSION;GALAXY_SOUNDS_SOLAR_WINDS;XIRECS;9803.0;1
13400;BOT_TAKER;SUBMISSION;GALAXY_SOUNDS_SOLAR_FLAMES;XIRECS;10097.0;1
13400;BOT_TAKER;BOT_MAKER;SLEEP_POD_SUEDE;XIRECS;9893.0;1
13400;BOT_TAKER;BOT_MAKER;SLEEP_POD_LAMB_WOOL;XIRECS;9884.0;1
13400;BOT_TAKER;SUBMISSION;SLEEP_POD_POLYESTER;XIRECS;10047.0;1
13400;BOT_TAKER;BOT_MAKER;SLEEP_POD_NYLON;XIRECS;9970.0;1
13400;BOT_TAKER;SUBMISSION;SLEEP_POD_COTTON;XIRECS;9875.0;1
13400;BOT_TAKER;SUBMISSION;ROBOT_VACUUMING;XIRECS;10034.0;1
13400;BOT_TAKER;SUBMISSION;ROBOT_MOPPING;XIRECS;10201.0;1
13400;BOT_TAKER;BOT_MAKER;ROBOT_DISHES;XIRECS;9773.0;1
13400;BOT_TAKER;SUBMISSION;ROBOT_LAUNDRY;XIRECS;10101.0;1
13400;BOT_TAKER;SUBMISSION;ROBOT_IRONING;XIRECS;10068.0;1
13400;BOT_TAKER;SUBMISSION;UV_VISOR_YELLOW;XIRECS;10034.0;1
13400;BOT_TAKER;SUBMISSION;UV_VISOR_AMBER;XIRECS;10030.0;1
13400;BOT_TAKER;SUBMISSION;UV_VISOR_ORANGE;XIRECS;10008.0;1
13400;BOT_TAKER;SUBMISSION;UV_VISOR_RED;XIRECS;10131.0;1
13400;BOT_TAKER;SUBMISSION;UV_VISOR_MAGENTA;XIRECS;10182.0;1
13400;BOT_TAKER;SUBMISSION;TRANSLATOR_SPACE_GRAY;XIRECS;9881.0;1
13400;BOT_TAKER;BOT_MAKER;TRANSLATOR_ASTRO_BLACK;XIRECS;9977.0;1
13400;BOT_TAKER;SUBMISSION;TRANSLATOR_ECLIPSE_CHARCOAL;XIRECS;10016.0;1
13400;BOT_TAKER;SUBMISSION;TRANSLATOR_GRAPHITE_MIST;XIRECS;10080.0;1
13400;BOT_TAKER;BOT_MAKER;TRANSLATOR_VOID_BLUE;XIRECS;9936.0;1
13400;BOT_TAKER;SUBMISSION;PANEL_1X2;XIRECS;9733.0;1
13400;BOT_TAKER;SUBMISSION;PANEL_2X2;XIRECS;10076.0;1
13400;BOT_TAKER;SUBMISSION;PANEL_1X4;XIRECS;10076.0;1
13400;BOT_TAKER;SUBMISSION;PANEL_2X4;XIRECS;10086.0;1
13400;BOT_TAKER;SUBMISSION;PANEL_4X4;XIRECS;9967.0;1
13400;BOT_TAKER;SUBMISSION;OXYGEN_SHAKE_MORNING_BREATH;XIRECS;10021.0;1
13400;BOT_TAKER;SUBMISSION;OXYGEN_SHAKE_EVENING_BREATH;XIRECS;9763.0;1
13400;BOT_TAKER;SUBMISSION;OXYGEN_SHAKE_MINT;XIRECS;10247.0;1
13400;BOT_TAKER;BOT_MAKER;OXYGEN_SHAKE_CHOCOLATE;XIRECS;9773.0;1
13400;BOT_TAKER;SUBMISSION;OXYGEN_SHAKE_GARLIC;XIRECS;9821.0;1
13400;BOT_TAKER;BOT_MAKER;SNACKPACK_CHOCOLATE;XIRECS;9986.0;1
13400;BOT_TAKER;SUBMISSION;SNACKPACK_VANILLA;XIRECS;10043.0;1
13400;BOT_TAKER;SUBMISSION;SNACKPACK_PISTACHIO;XIRECS;10000.0;1
13400;BOT_TAKER;SUBMISSION;SNACKPACK_STRAWBERRY;XIRECS;9985.0;1
13400;BOT_TAKER;SUBMISSION;SNACKPACK_RASPBERRY;XIRECS;10078.0;1
14700;SUBMISSION;BOT_TAKER;GALAXY_SOUNDS_DARK_MATTER;XIRECS;9991.0;2
14700;SUBMISSION;BOT_TAKER;GALAXY_SOUNDS_BLACK_HOLES;XIRECS;9926.0;2
14700;SUBMISSION;BOT_TAKER;GALAXY_SOUNDS_PLANETARY_RINGS;XIRECS;10045.0;2
14700;SUBMISSION;BOT_TAKER;GALAXY_SOUNDS_SOLAR_WINDS;XIRECS;9770.0;2
14700;BOT_MAKER;BOT_TAKER;GALAXY_SOUNDS_SOLAR_FLAMES;XIRECS;10102.0;2
14700;SUBMISSION;BOT_TAKER;SLEEP_POD_SUEDE;XIRECS;9965.0;2
14700;SUBMISSION;BOT_TAKER;SLEEP_POD_LAMB_WOOL;XIRECS;9896.0;2
14700;SUBMISSION;BOT_TAKER;SLEEP_POD_POLYESTER;XIRECS;10019.0;2
14700;SUBMISSION;BOT_TAKER;SLEEP_POD_NYLON;XIRECS;9971.0;2
14700;SUBMISSION;BOT_TAKER;SLEEP_POD_COTTON;XIRECS;9786.0;2
14700;BOT_MAKER;BOT_TAKER;ROBOT_VACUUMING;XIRECS;10030.0;2
14700;SUBMISSION;BOT_TAKER;ROBOT_MOPPING;XIRECS;10228.0;2
14700;SUBMISSION;BOT_TAKER;ROBOT_DISHES;XIRECS;9741.0;2
14700;BOT_MAKER;BOT_TAKER;ROBOT_LAUNDRY;XIRECS;10125.0;2
14700;SUBMISSION;BOT_TAKER;ROBOT_IRONING;XIRECS;10053.0;2
14700;SUBMISSION;BOT_TAKER;UV_VISOR_YELLOW;XIRECS;10066.0;2
14700;SUBMISSION;BOT_TAKER;UV_VISOR_AMBER;XIRECS;9945.0;2
14700;SUBMISSION;BOT_TAKER;UV_VISOR_ORANGE;XIRECS;10037.0;2
14700;BOT_MAKER;BOT_TAKER;UV_VISOR_RED;XIRECS;10073.0;2
14700;BOT_MAKER;BOT_TAKER;UV_VISOR_MAGENTA;XIRECS;10298.0;2
14700;SUBMISSION;BOT_TAKER;TRANSLATOR_SPACE_GRAY;XIRECS;9817.0;2
14700;SUBMISSION;BOT_TAKER;TRANSLATOR_ASTRO_BLACK;XIRECS;9957.0;2
14700;BOT_MAKER;BOT_TAKER;TRANSLATOR_ECLIPSE_CHARCOAL;XIRECS;10004.0;2
14700;SUBMISSION;BOT_TAKER;TRANSLATOR_GRAPHITE_MIST;XIRECS;10074.0;2
14700;SUBMISSION;BOT_TAKER;TRANSLATOR_VOID_BLUE;XIRECS;9972.0;2
14700;SUBMISSION;BOT_TAKER;PANEL_1X2;XIRECS;9670.0;2
14700;SUBMISSION;BOT_TAKER;PANEL_2X2;XIRECS;10067.0;2
14700;SUBMISSION;BOT_TAKER;PANEL_1X4;XIRECS;10081.0;2
14700;BOT_MAKER;BOT_TAKER;PANEL_2X4;XIRECS;10124.0;2
14700;SUBMISSION;BOT_TAKER;PANEL_4X4;XIRECS;9941.0;2
14700;SUBMISSION;BOT_TAKER;OXYGEN_SHAKE_MORNING_BREATH;XIRECS;10001.0;2
14700;SUBMISSION;BOT_TAKER;OXYGEN_SHAKE_EVENING_BREATH;XIRECS;9740.0;2
14700;SUBMISSION;BOT_TAKER;OXYGEN_SHAKE_MINT;XIRECS;10258.0;2
14700;SUBMISSION;BOT_TAKER;OXYGEN_SHAKE_CHOCOLATE;XIRECS;9635.0;2
14700;SUBMISSION;BOT_TAKER;OXYGEN_SHAKE_GARLIC;XIRECS;9889.0;2
14700;BOT_MAKER;BOT_TAKER;SNACKPACK_CHOCOLATE;XIRECS;9985.0;2
14700;BOT_MAKER;BOT_TAKER;SNACKPACK_VANILLA;XIRECS;10026.0;2
14700;BOT_MAKER;BOT_TAKER;SNACKPACK_PISTACHIO;XIRECS;9994.0;2
14700;BOT_MAKER;BOT_TAKER;SNACKPACK_STRAWBERRY;XIRECS;9985.0;2
14700;BOT_MAKER;BOT_TAKER;SNACKPACK_RASPBERRY;XIRECS;10058.0;2
15100;BOT_MAKER;BOT_TAKER;GALAXY_SOUNDS_DARK_MATTER;XIRECS;9995.0;1
15100;SUBMISSION;BOT_TAKER;GALAXY_SOUNDS_BLACK_HOLES;XIRECS;9904.0;1
15100;SUBMISSION;BOT_TAKER;GALAXY_SOUNDS_PLANETARY_RINGS;XIRECS;10044.0;1
15100;SUBMISSION;BOT_TAKER;GALAXY_SOUNDS_SOLAR_WINDS;XIRECS;9781.0;1
15100;BOT_MAKER;BOT_TAKER;GALAXY_SOUNDS_SOLAR_FLAMES;XIRECS;10113.0;1
15100;SUBMISSION;BOT_TAKER;SLEEP_POD_SUEDE;XIRECS;9965.0;1
15100;SUBMISSION;BOT_TAKER;SLEEP_POD_LAMB_WOOL;XIRECS;9908.0;1
15100;SUBMISSION;BOT_TAKER;SLEEP_POD_POLYESTER;XIRECS;10047.0;1
15100;BOT_MAKER;BOT_TAKER;SLEEP_POD_NYLON;XIRECS;9990.0;1
15100;SUBMISSION;BOT_TAKER;SLEEP_POD_COTTON;XIRECS;9805.0;1
15100;BOT_MAKER;BOT_TAKER;ROBOT_VACUUMING;XIRECS;10047.0;1
15100;SUBMISSION;BOT_TAKER;ROBOT_MOPPING;XIRECS;10224.0;1
15100;SUBMISSION;BOT_TAKER;ROBOT_DISHES;XIRECS;9759.0;1
15100;BOT_MAKER;BOT_TAKER;ROBOT_LAUNDRY;XIRECS;10154.0;1
15100;SUBMISSION;BOT_TAKER;ROBOT_IRONING;XIRECS;10073.0;1
15100;SUBMISSION;BOT_TAKER;UV_VISOR_YELLOW;XIRECS;10123.0;1
15100;SUBMISSION;BOT_TAKER;UV_VISOR_AMBER;XIRECS;9927.0;1
15100;SUBMISSION;BOT_TAKER;UV_VISOR_ORANGE;XIRECS;10032.0;1
15100;BOT_MAKER;BOT_TAKER;UV_VISOR_RED;XIRECS;10073.0;1
15100;BOT_MAKER;BOT_TAKER;UV_VISOR_MAGENTA;XIRECS;10295.0;1
15100;SUBMISSION;BOT_TAKER;TRANSLATOR_SPACE_GRAY;XIRECS;9840.0;1
15100;SUBMISSION;BOT_TAKER;TRANSLATOR_ASTRO_BLACK;XIRECS;9967.0;1
15100;SUBMISSION;BOT_TAKER;TRANSLATOR_ECLIPSE_CHARCOAL;XIRECS;9987.0;1
15100;SUBMISSION;BOT_TAKER;TRANSLATOR_GRAPHITE_MIST;XIRECS;10092.0;1
15100;SUBMISSION;BOT_TAKER;TRANSLATOR_VOID_BLUE;XIRECS;9971.0;1
15100;SUBMISSION;BOT_TAKER;PANEL_1X2;XIRECS;9673.0;1
15100;SUBMISSION;BOT_TAKER;PANEL_2X2;XIRECS;10053.0;1
15100;SUBMISSION;BOT_TAKER;PANEL_1X4;XIRECS;10086.0;1
15100;BOT_MAKER;BOT_TAKER;PANEL_2X4;XIRECS;10121.0;1
15100;SUBMISSION;BOT_TAKER;PANEL_4X4;XIRECS;9910.0;1
15100;SUBMISSION;BOT_TAKER;OXYGEN_SHAKE_MORNING_BREATH;XIRECS;9999.0;1
15100;SUBMISSION;BOT_TAKER;OXYGEN_SHAKE_EVENING_BREATH;XIRECS;9737.0;1
15100;SUBMISSION;BOT_TAKER;OXYGEN_SHAKE_MINT;XIRECS;10243.0;1
15100;SUBMISSION;BOT_TAKER;OXYGEN_SHAKE_CHOCOLATE;XIRECS;9641.0;1
15100;SUBMISSION;BOT_TAKER;OXYGEN_SHAKE_GARLIC;XIRECS;9921.0;1
15100;SUBMISSION;BOT_TAKER;SNACKPACK_CHOCOLATE;XIRECS;9981.0;1
15100;BOT_MAKER;BOT_TAKER;SNACKPACK_VANILLA;XIRECS;10039.0;1
15100;BOT_MAKER;BOT_TAKER;SNACKPACK_PISTACHIO;XIRECS;9993.0;1
15100;BOT_MAKER;BOT_TAKER;SNACKPACK_STRAWBERRY;XIRECS;9984.0;1
15100;BOT_MAKER;BOT_TAKER;SNACKPACK_RASPBERRY;XIRECS;10066.0;1
15600;BOT_TAKER;SUBMISSION;MICROCHIP_CIRCLE;XIRECS;9579.0;2
15600;BOT_TAKER;BOT_MAKER;MICROCHIP_CIRCLE;XIRECS;9580.0;1
15600;BOT_TAKER;SUBMISSION;MICROCHIP_OVAL;XIRECS;10127.0;2
15600;BOT_TAKER;BOT_MAKER;MICROCHIP_OVAL;XIRECS;10128.0;1
15600;BOT_TAKER;SUBMISSION;MICROCHIP_SQUARE;XIRECS;10177.0;2
15600;BOT_TAKER;BOT_MAKER;MICROCHIP_SQUARE;XIRECS;10178.0;1
15600;BOT_TAKER;BOT_MAKER;MICROCHIP_RECTANGLE;XIRECS;10093.0;3
15600;BOT_TAKER;BOT_MAKER;MICROCHIP_TRIANGLE;XIRECS;9849.0;3
16200;BOT_TAKER;SUBMISSION;PEBBLES_XS;XIRECS;10032.0;5
16200;BOT_TAKER;BOT_MAKER;PEBBLES_S;XIRECS;9877.0;5
16200;BOT_TAKER;BOT_MAKER;PEBBLES_M;XIRECS;9795.0;5
16200;BOT_TAKER;SUBMISSION;PEBBLES_L;XIRECS;10149.0;5
16200;BOT_TAKER;SUBMISSION;PEBBLES_XL;XIRECS;10174.0;5
17900;BOT_TAKER;SUBMISSION;PEBBLES_XS;XIRECS;9997.0;2
17900;BOT_TAKER;BOT_MAKER;PEBBLES_XS;XIRECS;9998.0;3
17900;BOT_TAKER;BOT_MAKER;PEBBLES_S;XIRECS;9785.0;5
17900;BOT_TAKER;BOT_MAKER;PEBBLES_M;XIRECS;9824.0;5
17900;BOT_TAKER;SUBMISSION;PEBBLES_L;XIRECS;10093.0;2
17900;BOT_TAKER;BOT_MAKER;PEBBLES_L;XIRECS;10094.0;3
17900;BOT_TAKER;SUBMISSION;PEBBLES_XL;XIRECS;10328.0;2
17900;BOT_TAKER;BOT_MAKER;PEBBLES_XL;XIRECS;10329.0;3
19500;BOT_TAKER;SUBMISSION;PEBBLES_XS;XIRECS;10054.0;2
19500;BOT_TAKER;BOT_MAKER;PEBBLES_XS;XIRECS;10055.0;1
19500;BOT_TAKER;BOT_MAKER;PEBBLES_S;XIRECS;9792.0;3
19500;BOT_TAKER;BOT_MAKER;PEBBLES_M;XIRECS;9835.0;3
19500;BOT_TAKER;SUBMISSION;PEBBLES_L;XIRECS;10079.0;2
19500;BOT_TAKER;BOT_MAKER;PEBBLES_L;XIRECS;10080.0;1
19500;BOT_TAKER;BOT_MAKER;PEBBLES_XL;XIRECS;10269.0;3
21600;SUBMISSION;BOT_TAKER;PEBBLES_XS;XIRECS;10149.0;3
21600;SUBMISSION;BOT_TAKER;PEBBLES_S;XIRECS;9811.0;3
21600;SUBMISSION;BOT_TAKER;PEBBLES_M;XIRECS;9899.0;2
21600;BOT_MAKER;BOT_TAKER;PEBBLES_M;XIRECS;9898.0;1
21600;SUBMISSION;BOT_TAKER;PEBBLES_L;XIRECS;10094.0;3
21600;SUBMISSION;BOT_TAKER;PEBBLES_XL;XIRECS;10021.0;3
22200;BOT_TAKER;SUBMISSION;PEBBLES_XS;XIRECS;10126.0;2
22200;BOT_TAKER;BOT_MAKER;PEBBLES_XS;XIRECS;10127.0;1
22200;BOT_TAKER;BOT_MAKER;PEBBLES_S;XIRECS;9810.0;3
22200;BOT_TAKER;BOT_MAKER;PEBBLES_M;XIRECS;9923.0;3
22200;BOT_TAKER;SUBMISSION;PEBBLES_L;XIRECS;10131.0;2
22200;BOT_TAKER;BOT_MAKER;PEBBLES_L;XIRECS;10132.0;1
22200;BOT_TAKER;BOT_MAKER;PEBBLES_XL;XIRECS;10039.0;3
25800;BOT_TAKER;SUBMISSION;PEBBLES_XS;XIRECS;10028.0;2
25800;BOT_TAKER;BOT_MAKER;PEBBLES_XS;XIRECS;10029.0;3
25800;BOT_TAKER;BOT_MAKER;PEBBLES_S;XIRECS;9766.0;5
25800;BOT_TAKER;BOT_MAKER;PEBBLES_M;XIRECS;9889.0;5
25800;BOT_TAKER;SUBMISSION;PEBBLES_L;XIRECS;10172.0;2
25800;BOT_TAKER;BOT_MAKER;PEBBLES_L;XIRECS;10173.0;3
25800;BOT_TAKER;SUBMISSION;PEBBLES_XL;XIRECS;10172.0;3
25800;BOT_TAKER;BOT_MAKER;PEBBLES_XL;XIRECS;10173.0;2
28600;SUBMISSION;BOT_TAKER;PEBBLES_XS;XIRECS;9965.0;5
28600;SUBMISSION;BOT_TAKER;PEBBLES_S;XIRECS;9797.0;1
28600;BOT_MAKER;BOT_TAKER;PEBBLES_S;XIRECS;9796.0;4
28600;BOT_MAKER;BOT_TAKER;PEBBLES_M;XIRECS;9830.0;5
28600;SUBMISSION;BOT_TAKER;PEBBLES_L;XIRECS;10127.0;5
28600;BOT_MAKER;BOT_TAKER;PEBBLES_XL;XIRECS;10253.0;5
28900;SUBMISSION;BOT_TAKER;GALAXY_SOUNDS_DARK_MATTER;XIRECS;9939.0;4
28900;SUBMISSION;BOT_TAKER;GALAXY_SOUNDS_BLACK_HOLES;XIRECS;10118.0;2
28900;BOT_MAKER;BOT_TAKER;GALAXY_SOUNDS_BLACK_HOLES;XIRECS;10117.0;2
28900;SUBMISSION;BOT_TAKER;GALAXY_SOUNDS_PLANETARY_RINGS;XIRECS;10085.0;2
28900;BOT_MAKER;BOT_TAKER;GALAXY_SOUNDS_PLANETARY_RINGS;XIRECS;10084.0;2
28900;SUBMISSION;BOT_TAKER;GALAXY_SOUNDS_SOLAR_WINDS;XIRECS;9664.0;2
28900;BOT_MAKER;BOT_TAKER;GALAXY_SOUNDS_SOLAR_WINDS;XIRECS;9663.0;2
28900;BOT_MAKER;BOT_TAKER;GALAXY_SOUNDS_SOLAR_FLAMES;XIRECS;10161.0;4
28900;BOT_MAKER;BOT_TAKER;SLEEP_POD_SUEDE;XIRECS;10048.0;4
28900;BOT_MAKER;BOT_TAKER;SLEEP_POD_LAMB_WOOL;XIRECS;10173.0;4
28900;SUBMISSION;BOT_TAKER;SLEEP_POD_POLYESTER;XIRECS;9934.0;2
28900;BOT_MAKER;BOT_TAKER;SLEEP_POD_POLYESTER;XIRECS;9933.0;2
28900;BOT_MAKER;BOT_TAKER;SLEEP_POD_NYLON;XIRECS;10200.0;4
28900;SUBMISSION;BOT_TAKER;SLEEP_POD_COTTON;XIRECS;9818.0;2
28900;BOT_MAKER;BOT_TAKER;SLEEP_POD_COTTON;XIRECS;9817.0;2
28900;BOT_MAKER;BOT_TAKER;ROBOT_VACUUMING;XIRECS;10157.0;4
28900;SUBMISSION;BOT_TAKER;ROBOT_MOPPING;XIRECS;10205.0;2
28900;BOT_MAKER;BOT_TAKER;ROBOT_MOPPING;XIRECS;10204.0;2
28900;SUBMISSION;BOT_TAKER;ROBOT_DISHES;XIRECS;9723.0;4
28900;BOT_MAKER;BOT_TAKER;ROBOT_LAUNDRY;XIRECS;10307.0;4
28900;SUBMISSION;BOT_TAKER;ROBOT_IRONING;XIRECS;10183.0;2
28900;BOT_MAKER;BOT_TAKER;ROBOT_IRONING;XIRECS;10182.0;2
28900;SUBMISSION;BOT_TAKER;UV_VISOR_YELLOW;XIRECS;10139.0;2
28900;BOT_MAKER;BOT_TAKER;UV_VISOR_YELLOW;XIRECS;10138.0;2
28900;SUBMISSION;BOT_TAKER;UV_VISOR_AMBER;XIRECS;9916.0;2
28900;BOT_MAKER;BOT_TAKER;UV_VISOR_AMBER;XIRECS;9915.0;2
28900;SUBMISSION;BOT_TAKER;UV_VISOR_ORANGE;XIRECS;9979.0;2
28900;BOT_MAKER;BOT_TAKER;UV_VISOR_ORANGE;XIRECS;9978.0;2
28900;BOT_MAKER;BOT_TAKER;UV_VISOR_RED;XIRECS;10131.0;4
28900;BOT_MAKER;BOT_TAKER;UV_VISOR_MAGENTA;XIRECS;10323.0;4
28900;SUBMISSION;BOT_TAKER;TRANSLATOR_SPACE_GRAY;XIRECS;9929.0;2
28900;BOT_MAKER;BOT_TAKER;TRANSLATOR_SPACE_GRAY;XIRECS;9928.0;2
28900;BOT_MAKER;BOT_TAKER;TRANSLATOR_ASTRO_BLACK;XIRECS;10065.0;4
28900;BOT_MAKER;BOT_TAKER;TRANSLATOR_ECLIPSE_CHARCOAL;XIRECS;10031.0;4
28900;SUBMISSION;BOT_TAKER;TRANSLATOR_GRAPHITE_MIST;XIRECS;10236.0;2
28900;BOT_MAKER;BOT_TAKER;TRANSLATOR_GRAPHITE_MIST;XIRECS;10235.0;2
28900;BOT_MAKER;BOT_TAKER;TRANSLATOR_VOID_BLUE;XIRECS;9984.0;4
28900;SUBMISSION;BOT_TAKER;PANEL_1X2;XIRECS;9964.0;2
28900;BOT_MAKER;BOT_TAKER;PANEL_1X2;XIRECS;9963.0;2
28900;SUBMISSION;BOT_TAKER;PANEL_2X2;XIRECS;10022.0;2
28900;BOT_MAKER;BOT_TAKER;PANEL_2X2;XIRECS;10021.0;2
28900;SUBMISSION;BOT_TAKER;PANEL_1X4;XIRECS;10224.0;2
28900;BOT_MAKER;BOT_TAKER;PANEL_1X4;XIRECS;10223.0;2
28900;SUBMISSION;BOT_TAKER;PANEL_2X4;XIRECS;10011.0;2
28900;BOT_MAKER;BOT_TAKER;PANEL_2X4;XIRECS;10010.0;2
28900;SUBMISSION;BOT_TAKER;PANEL_4X4;XIRECS;10053.0;2
28900;BOT_MAKER;BOT_TAKER;PANEL_4X4;XIRECS;10052.0;2
28900;SUBMISSION;BOT_TAKER;OXYGEN_SHAKE_MORNING_BREATH;XIRECS;10215.0;2
28900;BOT_MAKER;BOT_TAKER;OXYGEN_SHAKE_MORNING_BREATH;XIRECS;10214.0;2
28900;SUBMISSION;BOT_TAKER;OXYGEN_SHAKE_EVENING_BREATH;XIRECS;9739.0;2
28900;BOT_MAKER;BOT_TAKER;OXYGEN_SHAKE_EVENING_BREATH;XIRECS;9738.0;2
28900;SUBMISSION;BOT_TAKER;OXYGEN_SHAKE_MINT;XIRECS;10115.0;2
28900;BOT_MAKER;BOT_TAKER;OXYGEN_SHAKE_MINT;XIRECS;10114.0;2
28900;SUBMISSION;BOT_TAKER;OXYGEN_SHAKE_CHOCOLATE;XIRECS;9780.0;4
28900;SUBMISSION;BOT_TAKER;OXYGEN_SHAKE_GARLIC;XIRECS;9827.0;2
28900;BOT_MAKER;BOT_TAKER;OXYGEN_SHAKE_GARLIC;XIRECS;9826.0;2
28900;SUBMISSION;BOT_TAKER;SNACKPACK_CHOCOLATE;XIRECS;9981.0;4
28900;SUBMISSION;BOT_TAKER;SNACKPACK_VANILLA;XIRECS;10016.0;3
28900;BOT_MAKER;BOT_TAKER;SNACKPACK_VANILLA;XIRECS;10015.0;1
28900;BOT_MAKER;BOT_TAKER;SNACKPACK_PISTACHIO;XIRECS;10011.0;4
28900;BOT_MAKER;BOT_TAKER;SNACKPACK_STRAWBERRY;XIRECS;10108.0;4
28900;SUBMISSION;BOT_TAKER;SNACKPACK_RASPBERRY;XIRECS;10019.0;4
29900;BOT_TAKER;SUBMISSION;MICROCHIP_CIRCLE;XIRECS;9429.0;2
29900;BOT_TAKER;SUBMISSION;MICROCHIP_OVAL;XIRECS;10211.0;2
29900;BOT_TAKER;SUBMISSION;MICROCHIP_SQUARE;XIRECS;10007.0;2
29900;BOT_TAKER;BOT_MAKER;MICROCHIP_RECTANGLE;XIRECS;9885.0;2
29900;BOT_TAKER;BOT_MAKER;MICROCHIP_TRIANGLE;XIRECS;9854.0;2
30200;BOT_MAKER;BOT_TAKER;GALAXY_SOUNDS_DARK_MATTER;XIRECS;9977.0;1
30200;SUBMISSION;BOT_TAKER;GALAXY_SOUNDS_BLACK_HOLES;XIRECS;10109.0;1
30200;SUBMISSION;BOT_TAKER;GALAXY_SOUNDS_PLANETARY_RINGS;XIRECS;10092.0;1
30200;SUBMISSION;BOT_TAKER;GALAXY_SOUNDS_SOLAR_WINDS;XIRECS;9704.0;1
30200;BOT_MAKER;BOT_TAKER;GALAXY_SOUNDS_SOLAR_FLAMES;XIRECS;10223.0;1
30200;BOT_MAKER;BOT_TAKER;SLEEP_POD_SUEDE;XIRECS;10031.0;1
30200;BOT_MAKER;BOT_TAKER;SLEEP_POD_LAMB_WOOL;XIRECS;10226.0;1
30200;SUBMISSION;BOT_TAKER;SLEEP_POD_POLYESTER;XIRECS;9942.0;1
30200;BOT_MAKER;BOT_TAKER;SLEEP_POD_NYLON;XIRECS;10177.0;1
30200;SUBMISSION;BOT_TAKER;SLEEP_POD_COTTON;XIRECS;9774.0;1
30200;BOT_MAKER;BOT_TAKER;ROBOT_VACUUMING;XIRECS;10145.0;1
30200;SUBMISSION;BOT_TAKER;ROBOT_MOPPING;XIRECS;10285.0;1
30200;BOT_MAKER;BOT_TAKER;ROBOT_DISHES;XIRECS;9706.0;1
30200;BOT_MAKER;BOT_TAKER;ROBOT_LAUNDRY;XIRECS;10298.0;1
30200;SUBMISSION;BOT_TAKER;ROBOT_IRONING;XIRECS;10100.0;1
30200;SUBMISSION;BOT_TAKER;UV_VISOR_YELLOW;XIRECS;10142.0;1
30200;SUBMISSION;BOT_TAKER;UV_VISOR_AMBER;XIRECS;9984.0;1
30200;SUBMISSION;BOT_TAKER;UV_VISOR_ORANGE;XIRECS;9947.0;1
30200;BOT_MAKER;BOT_TAKER;UV_VISOR_RED;XIRECS;10101.0;1
30200;BOT_MAKER;BOT_TAKER;UV_VISOR_MAGENTA;XIRECS;10268.0;1
30200;SUBMISSION;BOT_TAKER;TRANSLATOR_SPACE_GRAY;XIRECS;9921.0;1
30200;BOT_MAKER;BOT_TAKER;TRANSLATOR_ASTRO_BLACK;XIRECS;10049.0;1
30200;BOT_MAKER;BOT_TAKER;TRANSLATOR_ECLIPSE_CHARCOAL;XIRECS;10056.0;1
30200;SUBMISSION;BOT_TAKER;TRANSLATOR_GRAPHITE_MIST;XIRECS;10182.0;1
30200;BOT_MAKER;BOT_TAKER;TRANSLATOR_VOID_BLUE;XIRECS;9985.0;1
30200;SUBMISSION;BOT_TAKER;PANEL_1X2;XIRECS;9921.0;1
30200;SUBMISSION;BOT_TAKER;PANEL_2X2;XIRECS;9963.0;1
30200;SUBMISSION;BOT_TAKER;PANEL_1X4;XIRECS;10198.0;1
30200;BOT_MAKER;BOT_TAKER;PANEL_2X4;XIRECS;10041.0;1
30200;SUBMISSION;BOT_TAKER;PANEL_4X4;XIRECS;10026.0;1
30200;SUBMISSION;BOT_TAKER;OXYGEN_SHAKE_MORNING_BREATH;XIRECS;10253.0;1
30200;SUBMISSION;BOT_TAKER;OXYGEN_SHAKE_EVENING_BREATH;XIRECS;9680.0;1
30200;SUBMISSION;BOT_TAKER;OXYGEN_SHAKE_MINT;XIRECS;10140.0;1
30200;BOT_MAKER;BOT_TAKER;OXYGEN_SHAKE_CHOCOLATE;XIRECS;9795.0;1
30200;SUBMISSION;BOT_TAKER;OXYGEN_SHAKE_GARLIC;XIRECS;9855.0;1
30200;BOT_MAKER;BOT_TAKER;SNACKPACK_CHOCOLATE;XIRECS;10016.0;1
30200;SUBMISSION;BOT_TAKER;SNACKPACK_VANILLA;XIRECS;9965.0;1
30200;BOT_MAKER;BOT_TAKER;SNACKPACK_PISTACHIO;XIRECS;10027.0;1
30200;BOT_MAKER;BOT_TAKER;SNACKPACK_STRAWBERRY;XIRECS;10152.0;1
30200;SUBMISSION;BOT_TAKER;SNACKPACK_RASPBERRY;XIRECS;9986.0;1
32000;BOT_MAKER;BOT_TAKER;GALAXY_SOUNDS_DARK_MATTER;XIRECS;9986.0;1
32000;SUBMISSION;BOT_TAKER;GALAXY_SOUNDS_BLACK_HOLES;XIRECS;10185.0;1
32000;SUBMISSION;BOT_TAKER;GALAXY_SOUNDS_PLANETARY_RINGS;XIRECS;10115.0;1
32000;SUBMISSION;BOT_TAKER;GALAXY_SOUNDS_SOLAR_WINDS;XIRECS;9703.0;1
32000;BOT_MAKER;BOT_TAKER;GALAXY_SOUNDS_SOLAR_FLAMES;XIRECS;10327.0;1
32000;BOT_MAKER;BOT_TAKER;SLEEP_POD_SUEDE;XIRECS;10026.0;1
32000;BOT_MAKER;BOT_TAKER;SLEEP_POD_LAMB_WOOL;XIRECS;10276.0;1
32000;SUBMISSION;BOT_TAKER;SLEEP_POD_POLYESTER;XIRECS;9943.0;1
32000;BOT_MAKER;BOT_TAKER;SLEEP_POD_NYLON;XIRECS;10228.0;1
32000;SUBMISSION;BOT_TAKER;SLEEP_POD_COTTON;XIRECS;9748.0;1
32000;BOT_MAKER;BOT_TAKER;ROBOT_VACUUMING;XIRECS;10194.0;1
32000;SUBMISSION;BOT_TAKER;ROBOT_MOPPING;XIRECS;10316.0;1
32000;BOT_MAKER;BOT_TAKER;ROBOT_DISHES;XIRECS;9589.0;1
32000;BOT_MAKER;BOT_TAKER;ROBOT_LAUNDRY;XIRECS;10331.0;1
32000;SUBMISSION;BOT_TAKER;ROBOT_IRONING;XIRECS;10026.0;1
32000;SUBMISSION;BOT_TAKER;UV_VISOR_YELLOW;XIRECS;10153.0;1
32000;SUBMISSION;BOT_TAKER;UV_VISOR_AMBER;XIRECS;9947.0;1
32000;SUBMISSION;BOT_TAKER;UV_VISOR_ORANGE;XIRECS;9908.0;1
32000;BOT_MAKER;BOT_TAKER;UV_VISOR_RED;XIRECS;10059.0;1
32000;BOT_MAKER;BOT_TAKER;UV_VISOR_MAGENTA;XIRECS;10338.0;1
32000;SUBMISSION;BOT_TAKER;TRANSLATOR_SPACE_GRAY;XIRECS;9890.0;1
32000;BOT_MAKER;BOT_TAKER;TRANSLATOR_ASTRO_BLACK;XIRECS;10006.0;1
32000;BOT_MAKER;BOT_TAKER;TRANSLATOR_ECLIPSE_CHARCOAL;XIRECS;10050.0;1
32000;SUBMISSION;BOT_TAKER;TRANSLATOR_GRAPHITE_MIST;XIRECS;10162.0;1
32000;SUBMISSION;BOT_TAKER;TRANSLATOR_VOID_BLUE;XIRECS;9966.0;1
32000;SUBMISSION;BOT_TAKER;PANEL_1X2;XIRECS;9935.0;1
32000;SUBMISSION;BOT_TAKER;PANEL_2X2;XIRECS;9898.0;1
32000;SUBMISSION;BOT_TAKER;PANEL_1X4;XIRECS;10182.0;1
32000;BOT_MAKER;BOT_TAKER;PANEL_2X4;XIRECS;10098.0;1
32000;SUBMISSION;BOT_TAKER;PANEL_4X4;XIRECS;10050.0;1
32000;SUBMISSION;BOT_TAKER;OXYGEN_SHAKE_MORNING_BREATH;XIRECS;10255.0;1
32000;SUBMISSION;BOT_TAKER;OXYGEN_SHAKE_EVENING_BREATH;XIRECS;9626.0;1
32000;SUBMISSION;BOT_TAKER;OXYGEN_SHAKE_MINT;XIRECS;10164.0;1
32000;BOT_MAKER;BOT_TAKER;OXYGEN_SHAKE_CHOCOLATE;XIRECS;9779.0;1
32000;SUBMISSION;BOT_TAKER;OXYGEN_SHAKE_GARLIC;XIRECS;9930.0;1
32000;BOT_MAKER;BOT_TAKER;SNACKPACK_CHOCOLATE;XIRECS;10010.0;1
32000;SUBMISSION;BOT_TAKER;SNACKPACK_VANILLA;XIRECS;9971.0;1
32000;BOT_MAKER;BOT_TAKER;SNACKPACK_PISTACHIO;XIRECS;10003.0;1
32000;BOT_MAKER;BOT_TAKER;SNACKPACK_STRAWBERRY;XIRECS;10115.0;1
32000;BOT_MAKER;BOT_TAKER;SNACKPACK_RASPBERRY;XIRECS;10054.0;1
33000;BOT_MAKER;BOT_TAKER;GALAXY_SOUNDS_DARK_MATTER;XIRECS;9980.0;3
33000;SUBMISSION;BOT_TAKER;GALAXY_SOUNDS_BLACK_HOLES;XIRECS;10282.0;2
33000;BOT_MAKER;BOT_TAKER;GALAXY_SOUNDS_BLACK_HOLES;XIRECS;10281.0;1
33000;SUBMISSION;BOT_TAKER;GALAXY_SOUNDS_PLANETARY_RINGS;XIRECS;10133.0;2
33000;BOT_MAKER;BOT_TAKER;GALAXY_SOUNDS_PLANETARY_RINGS;XIRECS;10132.0;1
33000;SUBMISSION;BOT_TAKER;GALAXY_SOUNDS_SOLAR_WINDS;XIRECS;9692.0;2
33000;BOT_MAKER;BOT_TAKER;GALAXY_SOUNDS_SOLAR_WINDS;XIRECS;9691.0;1
33000;BOT_MAKER;BOT_TAKER;GALAXY_SOUNDS_SOLAR_FLAMES;XIRECS;10329.0;3
33000;BOT_MAKER;BOT_TAKER;SLEEP_POD_SUEDE;XIRECS;10032.0;3
33000;BOT_MAKER;BOT_TAKER;SLEEP_POD_LAMB_WOOL;XIRECS;10299.0;3
33000;SUBMISSION;BOT_TAKER;SLEEP_POD_POLYESTER;XIRECS;9978.0;2
33000;BOT_MAKER;BOT_TAKER;SLEEP_POD_POLYESTER;XIRECS;9977.0;1
33000;BOT_MAKER;BOT_TAKER;SLEEP_POD_NYLON;XIRECS;10236.0;3
33000;SUBMISSION;BOT_TAKER;SLEEP_POD_COTTON;XIRECS;9755.0;2
33000;BOT_MAKER;BOT_TAKER;SLEEP_POD_COTTON;XIRECS;9754.0;1
33000;BOT_MAKER;BOT_TAKER;ROBOT_VACUUMING;XIRECS;10170.0;3
33000;SUBMISSION;BOT_TAKER;ROBOT_MOPPING;XIRECS;10314.0;2
33000;BOT_MAKER;BOT_TAKER;ROBOT_MOPPING;XIRECS;10313.0;1
33000;BOT_MAKER;BOT_TAKER;ROBOT_DISHES;XIRECS;9529.0;3
33000;BOT_MAKER;BOT_TAKER;ROBOT_LAUNDRY;XIRECS;10375.0;3
33000;SUBMISSION;BOT_TAKER;ROBOT_IRONING;XIRECS;10013.0;2
33000;BOT_MAKER;BOT_TAKER;ROBOT_IRONING;XIRECS;10012.0;1
33000;SUBMISSION;BOT_TAKER;UV_VISOR_YELLOW;XIRECS;10157.0;2
33000;BOT_MAKER;BOT_TAKER;UV_VISOR_YELLOW;XIRECS;10156.0;1
33000;SUBMISSION;BOT_TAKER;UV_VISOR_AMBER;XIRECS;9974.0;2
33000;BOT_MAKER;BOT_TAKER;UV_VISOR_AMBER;XIRECS;9973.0;1
33000;SUBMISSION;BOT_TAKER;UV_VISOR_ORANGE;XIRECS;9925.0;2
33000;BOT_MAKER;BOT_TAKER;UV_VISOR_ORANGE;XIRECS;9924.0;1
33000;BOT_MAKER;BOT_TAKER;UV_VISOR_RED;XIRECS;10071.0;3
33000;BOT_MAKER;BOT_TAKER;UV_VISOR_MAGENTA;XIRECS;10341.0;3
33000;SUBMISSION;BOT_TAKER;TRANSLATOR_SPACE_GRAY;XIRECS;9864.0;2
33000;BOT_MAKER;BOT_TAKER;TRANSLATOR_SPACE_GRAY;XIRECS;9863.0;1
33000;SUBMISSION;BOT_TAKER;TRANSLATOR_ASTRO_BLACK;XIRECS;9941.0;3
33000;BOT_MAKER;BOT_TAKER;TRANSLATOR_ECLIPSE_CHARCOAL;XIRECS;10083.0;3
33000;SUBMISSION;BOT_TAKER;TRANSLATOR_GRAPHITE_MIST;XIRECS;10164.0;2
33000;BOT_MAKER;BOT_TAKER;TRANSLATOR_GRAPHITE_MIST;XIRECS;10163.0;1
33000;SUBMISSION;BOT_TAKER;TRANSLATOR_VOID_BLUE;XIRECS;9917.0;3
33000;SUBMISSION;BOT_TAKER;PANEL_1X2;XIRECS;9935.0;2
33000;BOT_MAKER;BOT_TAKER;PANEL_1X2;XIRECS;9934.0;1
33000;SUBMISSION;BOT_TAKER;PANEL_2X2;XIRECS;9898.0;2
33000;BOT_MAKER;BOT_TAKER;PANEL_2X2;XIRECS;9897.0;1
33000;SUBMISSION;BOT_TAKER;PANEL_1X4;XIRECS;10227.0;2
33000;BOT_MAKER;BOT_TAKER;PANEL_1X4;XIRECS;10226.0;1
33000;BOT_MAKER;BOT_TAKER;PANEL_2X4;XIRECS;10121.0;3
33000;SUBMISSION;BOT_TAKER;PANEL_4X4;XIRECS;10025.0;2
33000;BOT_MAKER;BOT_TAKER;PANEL_4X4;XIRECS;10024.0;1
33000;SUBMISSION;BOT_TAKER;OXYGEN_SHAKE_MORNING_BREATH;XIRECS;10285.0;2
33000;BOT_MAKER;BOT_TAKER;OXYGEN_SHAKE_MORNING_BREATH;XIRECS;10284.0;1
33000;SUBMISSION;BOT_TAKER;OXYGEN_SHAKE_EVENING_BREATH;XIRECS;9685.0;2
33000;BOT_MAKER;BOT_TAKER;OXYGEN_SHAKE_EVENING_BREATH;XIRECS;9684.0;1
33000;SUBMISSION;BOT_TAKER;OXYGEN_SHAKE_MINT;XIRECS;10147.0;2
33000;BOT_MAKER;BOT_TAKER;OXYGEN_SHAKE_MINT;XIRECS;10146.0;1
33000;BOT_MAKER;BOT_TAKER;OXYGEN_SHAKE_CHOCOLATE;XIRECS;9751.0;3
33000;SUBMISSION;BOT_TAKER;OXYGEN_SHAKE_GARLIC;XIRECS;9902.0;2
33000;BOT_MAKER;BOT_TAKER;OXYGEN_SHAKE_GARLIC;XIRECS;9901.0;1
33000;BOT_MAKER;BOT_TAKER;SNACKPACK_CHOCOLATE;XIRECS;9997.0;3
33000;SUBMISSION;BOT_TAKER;SNACKPACK_VANILLA;XIRECS;9977.0;3
33000;BOT_MAKER;BOT_TAKER;SNACKPACK_PISTACHIO;XIRECS;10021.0;3
33000;BOT_MAKER;BOT_TAKER;SNACKPACK_STRAWBERRY;XIRECS;10161.0;3
33000;SUBMISSION;BOT_TAKER;SNACKPACK_RASPBERRY;XIRECS;10009.0;3
34100;BOT_TAKER;BOT_MAKER;GALAXY_SOUNDS_DARK_MATTER;XIRECS;9983.0;4
34100;BOT_TAKER;SUBMISSION;GALAXY_SOUNDS_BLACK_HOLES;XIRECS;10274.0;4
34100;BOT_TAKER;SUBMISSION;GALAXY_SOUNDS_PLANETARY_RINGS;XIRECS;10134.0;4
34100;BOT_TAKER;SUBMISSION;GALAXY_SOUNDS_SOLAR_WINDS;XIRECS;9699.0;4
34100;BOT_TAKER;SUBMISSION;GALAXY_SOUNDS_SOLAR_FLAMES;XIRECS;10320.0;4
34100;BOT_TAKER;SUBMISSION;SLEEP_POD_SUEDE;XIRECS;10040.0;4
34100;BOT_TAKER;SUBMISSION;SLEEP_POD_LAMB_WOOL;XIRECS;10288.0;4
34100;BOT_TAKER;SUBMISSION;SLEEP_POD_POLYESTER;XIRECS;10030.0;4
34100;BOT_TAKER;SUBMISSION;SLEEP_POD_NYLON;XIRECS;10271.0;4
34100;BOT_TAKER;SUBMISSION;SLEEP_POD_COTTON;XIRECS;9742.0;4
34100;BOT_TAKER;SUBMISSION;ROBOT_VACUUMING;XIRECS;10243.0;4
34100;BOT_TAKER;SUBMISSION;ROBOT_MOPPING;XIRECS;10360.0;4
34100;BOT_TAKER;BOT_MAKER;ROBOT_DISHES;XIRECS;9432.0;4
34100;BOT_TAKER;SUBMISSION;ROBOT_LAUNDRY;XIRECS;10403.0;4
34100;BOT_TAKER;SUBMISSION;ROBOT_IRONING;XIRECS;10041.0;4
34100;BOT_TAKER;SUBMISSION;UV_VISOR_YELLOW;XIRECS;10154.0;4
34100;BOT_TAKER;SUBMISSION;UV_VISOR_AMBER;XIRECS;9989.0;4
34100;BOT_TAKER;SUBMISSION;UV_VISOR_ORANGE;XIRECS;9968.0;4
34100;BOT_TAKER;SUBMISSION;UV_VISOR_RED;XIRECS;10092.0;4
34100;BOT_TAKER;SUBMISSION;UV_VISOR_MAGENTA;XIRECS;10356.0;4
34100;BOT_TAKER;SUBMISSION;TRANSLATOR_SPACE_GRAY;XIRECS;9889.0;4
34100;BOT_TAKER;BOT_MAKER;TRANSLATOR_ASTRO_BLACK;XIRECS;9970.0;4
34100;BOT_TAKER;SUBMISSION;TRANSLATOR_ECLIPSE_CHARCOAL;XIRECS;10114.0;4
34100;BOT_TAKER;SUBMISSION;TRANSLATOR_GRAPHITE_MIST;XIRECS;10174.0;4
34100;BOT_TAKER;SUBMISSION;TRANSLATOR_VOID_BLUE;XIRECS;9990.0;4
34100;BOT_TAKER;SUBMISSION;PANEL_1X2;XIRECS;9965.0;4
34100;BOT_TAKER;SUBMISSION;PANEL_2X2;XIRECS;9971.0;4
34100;BOT_TAKER;SUBMISSION;PANEL_1X4;XIRECS;10224.0;4
34100;BOT_TAKER;SUBMISSION;PANEL_2X4;XIRECS;10166.0;4
34100;BOT_TAKER;SUBMISSION;PANEL_4X4;XIRECS;10033.0;4
34100;BOT_TAKER;SUBMISSION;OXYGEN_SHAKE_MORNING_BREATH;XIRECS;10297.0;4
34100;BOT_TAKER;SUBMISSION;OXYGEN_SHAKE_EVENING_BREATH;XIRECS;9695.0;4
34100;BOT_TAKER;SUBMISSION;OXYGEN_SHAKE_MINT;XIRECS;10177.0;4
34100;BOT_TAKER;BOT_MAKER;OXYGEN_SHAKE_CHOCOLATE;XIRECS;9784.0;4
34100;BOT_TAKER;SUBMISSION;OXYGEN_SHAKE_GARLIC;XIRECS;9944.0;4
34100;BOT_TAKER;SUBMISSION;SNACKPACK_CHOCOLATE;XIRECS;10013.0;4
34100;BOT_TAKER;BOT_MAKER;SNACKPACK_VANILLA;XIRECS;10004.0;4
34100;BOT_TAKER;SUBMISSION;SNACKPACK_PISTACHIO;XIRECS;10024.0;4
34100;BOT_TAKER;SUBMISSION;SNACKPACK_STRAWBERRY;XIRECS;10184.0;4
34100;BOT_TAKER;BOT_MAKER;SNACKPACK_RASPBERRY;XIRECS;10024.0;4
34400;SUBMISSION;BOT_TAKER;GALAXY_SOUNDS_DARK_MATTER;XIRECS;9951.0;3
34400;SUBMISSION;BOT_TAKER;GALAXY_SOUNDS_BLACK_HOLES;XIRECS;10241.0;2
34400;BOT_MAKER;BOT_TAKER;GALAXY_SOUNDS_BLACK_HOLES;XIRECS;10240.0;1
34400;SUBMISSION;BOT_TAKER;GALAXY_SOUNDS_PLANETARY_RINGS;XIRECS;10132.0;2
34400;BOT_MAKER;BOT_TAKER;GALAXY_SOUNDS_PLANETARY_RINGS;XIRECS;10131.0;1
34400;SUBMISSION;BOT_TAKER;GALAXY_SOUNDS_SOLAR_WINDS;XIRECS;9678.0;2
34400;BOT_MAKER;BOT_TAKER;GALAXY_SOUNDS_SOLAR_WINDS;XIRECS;9677.0;1
34400;BOT_MAKER;BOT_TAKER;GALAXY_SOUNDS_SOLAR_FLAMES;XIRECS;10289.0;3
34400;BOT_MAKER;BOT_TAKER;SLEEP_POD_SUEDE;XIRECS;10050.0;3
34400;BOT_MAKER;BOT_TAKER;SLEEP_POD_LAMB_WOOL;XIRECS;10276.0;3
34400;SUBMISSION;BOT_TAKER;SLEEP_POD_POLYESTER;XIRECS;10010.0;2
34400;BOT_MAKER;BOT_TAKER;SLEEP_POD_POLYESTER;XIRECS;10009.0;1
34400;BOT_MAKER;BOT_TAKER;SLEEP_POD_NYLON;XIRECS;10243.0;3
34400;SUBMISSION;BOT_TAKER;SLEEP_POD_COTTON;XIRECS;9741.0;2
34400;BOT_MAKER;BOT_TAKER;SLEEP_POD_COTTON;XIRECS;9740.0;1
34400;BOT_MAKER;BOT_TAKER;ROBOT_VACUUMING;XIRECS;10216.0;3
34400;SUBMISSION;BOT_TAKER;ROBOT_MOPPING;XIRECS;10361.0;2
34400;BOT_MAKER;BOT_TAKER;ROBOT_MOPPING;XIRECS;10360.0;1
34400;BOT_MAKER;BOT_TAKER;ROBOT_DISHES;XIRECS;9430.0;3
34400;BOT_MAKER;BOT_TAKER;ROBOT_LAUNDRY;XIRECS;10383.0;3
34400;SUBMISSION;BOT_TAKER;ROBOT_IRONING;XIRECS;10023.0;2
34400;BOT_MAKER;BOT_TAKER;ROBOT_IRONING;XIRECS;10022.0;1
34400;SUBMISSION;BOT_TAKER;UV_VISOR_YELLOW;XIRECS;10166.0;2
34400;BOT_MAKER;BOT_TAKER;UV_VISOR_YELLOW;XIRECS;10165.0;1
34400;SUBMISSION;BOT_TAKER;UV_VISOR_AMBER;XIRECS;9979.0;2
34400;BOT_MAKER;BOT_TAKER;UV_VISOR_AMBER;XIRECS;9978.0;1
34400;SUBMISSION;BOT_TAKER;UV_VISOR_ORANGE;XIRECS;9952.0;2
34400;BOT_MAKER;BOT_TAKER;UV_VISOR_ORANGE;XIRECS;9951.0;1
34400;BOT_MAKER;BOT_TAKER;UV_VISOR_RED;XIRECS;10072.0;3
34400;BOT_MAKER;BOT_TAKER;UV_VISOR_MAGENTA;XIRECS;10338.0;3
34400;SUBMISSION;BOT_TAKER;TRANSLATOR_SPACE_GRAY;XIRECS;9869.0;2
34400;BOT_MAKER;BOT_TAKER;TRANSLATOR_SPACE_GRAY;XIRECS;9868.0;1
34400;SUBMISSION;BOT_TAKER;TRANSLATOR_ASTRO_BLACK;XIRECS;9973.0;3
34400;BOT_MAKER;BOT_TAKER;TRANSLATOR_ECLIPSE_CHARCOAL;XIRECS;10131.0;3
34400;SUBMISSION;BOT_TAKER;TRANSLATOR_GRAPHITE_MIST;XIRECS;10159.0;2
34400;BOT_MAKER;BOT_TAKER;TRANSLATOR_GRAPHITE_MIST;XIRECS;10158.0;1
34400;BOT_MAKER;BOT_TAKER;TRANSLATOR_VOID_BLUE;XIRECS;10007.0;3
34400;SUBMISSION;BOT_TAKER;PANEL_1X2;XIRECS;9955.0;2
34400;BOT_MAKER;BOT_TAKER;PANEL_1X2;XIRECS;9954.0;1
34400;SUBMISSION;BOT_TAKER;PANEL_2X2;XIRECS;9945.0;2
34400;BOT_MAKER;BOT_TAKER;PANEL_2X2;XIRECS;9944.0;1
34400;SUBMISSION;BOT_TAKER;PANEL_1X4;XIRECS;10227.0;2
34400;BOT_MAKER;BOT_TAKER;PANEL_1X4;XIRECS;10226.0;1
34400;BOT_MAKER;BOT_TAKER;PANEL_2X4;XIRECS;10146.0;3
34400;SUBMISSION;BOT_TAKER;PANEL_4X4;XIRECS;10021.0;2
34400;BOT_MAKER;BOT_TAKER;PANEL_4X4;XIRECS;10020.0;1
34400;SUBMISSION;BOT_TAKER;OXYGEN_SHAKE_MORNING_BREATH;XIRECS;10317.0;2
34400;BOT_MAKER;BOT_TAKER;OXYGEN_SHAKE_MORNING_BREATH;XIRECS;10316.0;1
34400;SUBMISSION;BOT_TAKER;OXYGEN_SHAKE_EVENING_BREATH;XIRECS;9673.0;2
34400;BOT_MAKER;BOT_TAKER;OXYGEN_SHAKE_EVENING_BREATH;XIRECS;9672.0;1
34400;SUBMISSION;BOT_TAKER;OXYGEN_SHAKE_MINT;XIRECS;10140.0;2
34400;BOT_MAKER;BOT_TAKER;OXYGEN_SHAKE_MINT;XIRECS;10139.0;1
34400;BOT_MAKER;BOT_TAKER;OXYGEN_SHAKE_CHOCOLATE;XIRECS;9770.0;3
34400;SUBMISSION;BOT_TAKER;OXYGEN_SHAKE_GARLIC;XIRECS;9920.0;2
34400;BOT_MAKER;BOT_TAKER;OXYGEN_SHAKE_GARLIC;XIRECS;9919.0;1
34400;SUBMISSION;BOT_TAKER;SNACKPACK_CHOCOLATE;XIRECS;9985.0;3
34400;SUBMISSION;BOT_TAKER;SNACKPACK_VANILLA;XIRECS;10001.0;3
34400;BOT_MAKER;BOT_TAKER;SNACKPACK_PISTACHIO;XIRECS;9997.0;3
34400;BOT_MAKER;BOT_TAKER;SNACKPACK_STRAWBERRY;XIRECS;10145.0;3
34400;BOT_MAKER;BOT_TAKER;SNACKPACK_RASPBERRY;XIRECS;10027.0;3
35800;SUBMISSION;BOT_TAKER;MICROCHIP_CIRCLE;XIRECS;9323.0;3
35800;SUBMISSION;BOT_TAKER;MICROCHIP_OVAL;XIRECS;10228.0;3
35800;SUBMISSION;BOT_TAKER;MICROCHIP_SQUARE;XIRECS;10139.0;3
35800;SUBMISSION;BOT_TAKER;MICROCHIP_RECTANGLE;XIRECS;9887.0;3
35800;SUBMISSION;BOT_TAKER;MICROCHIP_TRIANGLE;XIRECS;9950.0;3
36200;SUBMISSION;BOT_TAKER;MICROCHIP_CIRCLE;XIRECS;9323.0;2
36200;SUBMISSION;BOT_TAKER;MICROCHIP_OVAL;XIRECS;10219.0;2
36200;SUBMISSION;BOT_TAKER;MICROCHIP_SQUARE;XIRECS;10187.0;2
36200;SUBMISSION;BOT_TAKER;MICROCHIP_RECTANGLE;XIRECS;9889.0;2
36200;SUBMISSION;BOT_TAKER;MICROCHIP_TRIANGLE;XIRECS;9968.0;2
41000;BOT_TAKER;SUBMISSION;PEBBLES_XS;XIRECS;10104.0;2
41000;BOT_TAKER;BOT_MAKER;PEBBLES_XS;XIRECS;10105.0;3
41000;BOT_TAKER;BOT_MAKER;PEBBLES_S;XIRECS;9867.0;5
41000;BOT_TAKER;SUBMISSION;PEBBLES_M;XIRECS;9952.0;3
41000;BOT_TAKER;BOT_MAKER;PEBBLES_M;XIRECS;9953.0;2
41000;BOT_TAKER;SUBMISSION;PEBBLES_L;XIRECS;10163.0;2
41000;BOT_TAKER;BOT_MAKER;PEBBLES_L;XIRECS;10164.0;3
41000;BOT_TAKER;BOT_MAKER;PEBBLES_XL;XIRECS;9942.0;5
42300;BOT_TAKER;SUBMISSION;MICROCHIP_CIRCLE;XIRECS;9429.0;2
42300;BOT_TAKER;SUBMISSION;MICROCHIP_OVAL;XIRECS;10280.0;2
42300;BOT_TAKER;SUBMISSION;MICROCHIP_SQUARE;XIRECS;9896.0;2
42300;BOT_TAKER;SUBMISSION;MICROCHIP_RECTANGLE;XIRECS;10093.0;2
42300;BOT_TAKER;BOT_MAKER;MICROCHIP_TRIANGLE;XIRECS;9893.0;2
43400;SUBMISSION;BOT_TAKER;GALAXY_SOUNDS_DARK_MATTER;XIRECS;9845.0;2
43400;BOT_MAKER;BOT_TAKER;GALAXY_SOUNDS_DARK_MATTER;XIRECS;9844.0;2
43400;SUBMISSION;BOT_TAKER;GALAXY_SOUNDS_BLACK_HOLES;XIRECS;10323.0;2
43400;BOT_MAKER;BOT_TAKER;GALAXY_SOUNDS_BLACK_HOLES;XIRECS;10322.0;2
43400;SUBMISSION;BOT_TAKER;GALAXY_SOUNDS_PLANETARY_RINGS;XIRECS;9963.0;2
43400;BOT_MAKER;BOT_TAKER;GALAXY_SOUNDS_PLANETARY_RINGS;XIRECS;9962.0;2
43400;SUBMISSION;BOT_TAKER;GALAXY_SOUNDS_SOLAR_WINDS;XIRECS;9686.0;2
43400;BOT_MAKER;BOT_TAKER;GALAXY_SOUNDS_SOLAR_WINDS;XIRECS;9685.0;2
43400;BOT_MAKER;BOT_TAKER;GALAXY_SOUNDS_SOLAR_FLAMES;XIRECS;10324.0;4
43400;BOT_MAKER;BOT_TAKER;SLEEP_POD_SUEDE;XIRECS;10127.0;4
43400;BOT_MAKER;BOT_TAKER;SLEEP_POD_LAMB_WOOL;XIRECS;10329.0;4
43400;SUBMISSION;BOT_TAKER;SLEEP_POD_POLYESTER;XIRECS;9993.0;2
43400;BOT_MAKER;BOT_TAKER;SLEEP_POD_POLYESTER;XIRECS;9992.0;2
43400;BOT_MAKER;BOT_TAKER;SLEEP_POD_NYLON;XIRECS;10293.0;4
43400;SUBMISSION;BOT_TAKER;SLEEP_POD_COTTON;XIRECS;9798.0;2
43400;BOT_MAKER;BOT_TAKER;SLEEP_POD_COTTON;XIRECS;9797.0;2
43400;BOT_MAKER;BOT_TAKER;ROBOT_VACUUMING;XIRECS;10246.0;4
43400;SUBMISSION;BOT_TAKER;ROBOT_MOPPING;XIRECS;10285.0;2
43400;BOT_MAKER;BOT_TAKER;ROBOT_MOPPING;XIRECS;10284.0;2
43400;BOT_MAKER;BOT_TAKER;ROBOT_DISHES;XIRECS;9650.0;4
43400;BOT_MAKER;BOT_TAKER;ROBOT_LAUNDRY;XIRECS;10373.0;4
43400;SUBMISSION;BOT_TAKER;ROBOT_IRONING;XIRECS;9992.0;2
43400;BOT_MAKER;BOT_TAKER;ROBOT_IRONING;XIRECS;9991.0;2
43400;SUBMISSION;BOT_TAKER;UV_VISOR_YELLOW;XIRECS;10109.0;2
43400;BOT_MAKER;BOT_TAKER;UV_VISOR_YELLOW;XIRECS;10108.0;2
43400;SUBMISSION;BOT_TAKER;UV_VISOR_AMBER;XIRECS;9982.0;2
43400;BOT_MAKER;BOT_TAKER;UV_VISOR_AMBER;XIRECS;9981.0;2
43400;SUBMISSION;BOT_TAKER;UV_VISOR_ORANGE;XIRECS;9894.0;2
43400;BOT_MAKER;BOT_TAKER;UV_VISOR_ORANGE;XIRECS;9893.0;2
43400;BOT_MAKER;BOT_TAKER;UV_VISOR_RED;XIRECS;10194.0;4
43400;BOT_MAKER;BOT_TAKER;UV_VISOR_MAGENTA;XIRECS;10252.0;4
43400;SUBMISSION;BOT_TAKER;TRANSLATOR_SPACE_GRAY;XIRECS;9919.0;2
43400;BOT_MAKER;BOT_TAKER;TRANSLATOR_SPACE_GRAY;XIRECS;9918.0;2
43400;SUBMISSION;BOT_TAKER;TRANSLATOR_ASTRO_BLACK;XIRECS;9922.0;3
43400;BOT_MAKER;BOT_TAKER;TRANSLATOR_ASTRO_BLACK;XIRECS;9921.0;1
43400;BOT_MAKER;BOT_TAKER;TRANSLATOR_ECLIPSE_CHARCOAL;XIRECS;10039.0;4
43400;SUBMISSION;BOT_TAKER;TRANSLATOR_GRAPHITE_MIST;XIRECS;10110.0;2
43400;BOT_MAKER;BOT_TAKER;TRANSLATOR_GRAPHITE_MIST;XIRECS;10109.0;2
43400;BOT_MAKER;BOT_TAKER;TRANSLATOR_VOID_BLUE;XIRECS;10133.0;4
43400;SUBMISSION;BOT_TAKER;PANEL_1X2;XIRECS;9972.0;2
43400;BOT_MAKER;BOT_TAKER;PANEL_1X2;XIRECS;9971.0;2
43400;SUBMISSION;BOT_TAKER;PANEL_2X2;XIRECS;9840.0;2
43400;BOT_MAKER;BOT_TAKER;PANEL_2X2;XIRECS;9839.0;2
43400;SUBMISSION;BOT_TAKER;PANEL_1X4;XIRECS;10173.0;2
43400;BOT_MAKER;BOT_TAKER;PANEL_1X4;XIRECS;10172.0;2
43400;BOT_MAKER;BOT_TAKER;PANEL_2X4;XIRECS;10094.0;4
43400;SUBMISSION;BOT_TAKER;PANEL_4X4;XIRECS;10048.0;2
43400;BOT_MAKER;BOT_TAKER;PANEL_4X4;XIRECS;10047.0;2
43400;SUBMISSION;BOT_TAKER;OXYGEN_SHAKE_MORNING_BREATH;XIRECS;10415.0;2
43400;BOT_MAKER;BOT_TAKER;OXYGEN_SHAKE_MORNING_BREATH;XIRECS;10414.0;2
43400;SUBMISSION;BOT_TAKER;OXYGEN_SHAKE_EVENING_BREATH;XIRECS;9856.0;2
43400;BOT_MAKER;BOT_TAKER;OXYGEN_SHAKE_EVENING_BREATH;XIRECS;9855.0;2
43400;SUBMISSION;BOT_TAKER;OXYGEN_SHAKE_MINT;XIRECS;10105.0;2
43400;BOT_MAKER;BOT_TAKER;OXYGEN_SHAKE_MINT;XIRECS;10104.0;2
43400;BOT_MAKER;BOT_TAKER;OXYGEN_SHAKE_CHOCOLATE;XIRECS;9853.0;4
43400;SUBMISSION;BOT_TAKER;OXYGEN_SHAKE_GARLIC;XIRECS;9923.0;2
43400;BOT_MAKER;BOT_TAKER;OXYGEN_SHAKE_GARLIC;XIRECS;9922.0;2
43400;SUBMISSION;BOT_TAKER;SNACKPACK_CHOCOLATE;XIRECS;9938.0;3
43400;BOT_MAKER;BOT_TAKER;SNACKPACK_CHOCOLATE;XIRECS;9937.0;1
43400;BOT_MAKER;BOT_TAKER;SNACKPACK_VANILLA;XIRECS;10075.0;4
43400;SUBMISSION;BOT_TAKER;SNACKPACK_PISTACHIO;XIRECS;9987.0;1
43400;BOT_MAKER;BOT_TAKER;SNACKPACK_PISTACHIO;XIRECS;9986.0;3
43400;BOT_MAKER;BOT_TAKER;SNACKPACK_STRAWBERRY;XIRECS;10191.0;4
43400;SUBMISSION;BOT_TAKER;SNACKPACK_RASPBERRY;XIRECS;9964.0;3
43400;BOT_MAKER;BOT_TAKER;SNACKPACK_RASPBERRY;XIRECS;9963.0;1
43700;BOT_TAKER;SUBMISSION;PEBBLES_XS;XIRECS;10033.0;2
43700;BOT_TAKER;BOT_MAKER;PEBBLES_XS;XIRECS;10034.0;1
43700;BOT_TAKER;BOT_MAKER;PEBBLES_S;XIRECS;9924.0;3
43700;BOT_TAKER;SUBMISSION;PEBBLES_M;XIRECS;10042.0;3
43700;BOT_TAKER;SUBMISSION;PEBBLES_L;XIRECS;10217.0;2
43700;BOT_TAKER;BOT_MAKER;PEBBLES_L;XIRECS;10218.0;1
43700;BOT_TAKER;BOT_MAKER;PEBBLES_XL;XIRECS;9812.0;3
44000;BOT_TAKER;BOT_MAKER;GALAXY_SOUNDS_DARK_MATTER;XIRECS;9887.0;1
44000;BOT_TAKER;SUBMISSION;GALAXY_SOUNDS_BLACK_HOLES;XIRECS;10323.0;1
44000;BOT_TAKER;SUBMISSION;GALAXY_SOUNDS_PLANETARY_RINGS;XIRECS;9992.0;1
44000;BOT_TAKER;SUBMISSION;GALAXY_SOUNDS_SOLAR_WINDS;XIRECS;9684.0;1
44000;BOT_TAKER;SUBMISSION;GALAXY_SOUNDS_SOLAR_FLAMES;XIRECS;10387.0;1
44000;BOT_TAKER;SUBMISSION;SLEEP_POD_SUEDE;XIRECS;10117.0;1
44000;BOT_TAKER;SUBMISSION;SLEEP_POD_LAMB_WOOL;XIRECS;10340.0;1
44000;BOT_TAKER;SUBMISSION;SLEEP_POD_POLYESTER;XIRECS;10059.0;1
44000;BOT_TAKER;SUBMISSION;SLEEP_POD_NYLON;XIRECS;10315.0;1
44000;BOT_TAKER;SUBMISSION;SLEEP_POD_COTTON;XIRECS;9778.0;1
44000;BOT_TAKER;SUBMISSION;ROBOT_VACUUMING;XIRECS;10251.0;1
44000;BOT_TAKER;SUBMISSION;ROBOT_MOPPING;XIRECS;10281.0;1
44000;BOT_TAKER;BOT_MAKER;ROBOT_DISHES;XIRECS;9567.0;1
44000;BOT_TAKER;SUBMISSION;ROBOT_LAUNDRY;XIRECS;10334.0;1
44000;BOT_TAKER;SUBMISSION;ROBOT_IRONING;XIRECS;10009.0;1
44000;BOT_TAKER;SUBMISSION;UV_VISOR_YELLOW;XIRECS;10072.0;1
44000;BOT_TAKER;SUBMISSION;UV_VISOR_AMBER;XIRECS;10016.0;1
44000;BOT_TAKER;SUBMISSION;UV_VISOR_ORANGE;XIRECS;9863.0;1
44000;BOT_TAKER;SUBMISSION;UV_VISOR_RED;XIRECS;10220.0;1
44000;BOT_TAKER;SUBMISSION;UV_VISOR_MAGENTA;XIRECS;10230.0;1
44000;BOT_TAKER;SUBMISSION;TRANSLATOR_SPACE_GRAY;XIRECS;9927.0;1
44000;BOT_TAKER;BOT_MAKER;TRANSLATOR_ASTRO_BLACK;XIRECS;9902.0;1
44000;BOT_TAKER;SUBMISSION;TRANSLATOR_ECLIPSE_CHARCOAL;XIRECS;10052.0;1
44000;BOT_TAKER;SUBMISSION;TRANSLATOR_GRAPHITE_MIST;XIRECS;10121.0;1
44000;BOT_TAKER;SUBMISSION;TRANSLATOR_VOID_BLUE;XIRECS;10138.0;1
44000;BOT_TAKER;SUBMISSION;PANEL_1X2;XIRECS;9955.0;1
44000;BOT_TAKER;SUBMISSION;PANEL_2X2;XIRECS;9835.0;1
44000;BOT_TAKER;SUBMISSION;PANEL_1X4;XIRECS;10153.0;1
44000;BOT_TAKER;SUBMISSION;PANEL_2X4;XIRECS;10117.0;1
44000;BOT_TAKER;SUBMISSION;PANEL_4X4;XIRECS;10039.0;1
44000;BOT_TAKER;SUBMISSION;OXYGEN_SHAKE_MORNING_BREATH;XIRECS;10390.0;1
44000;BOT_TAKER;SUBMISSION;OXYGEN_SHAKE_EVENING_BREATH;XIRECS;9830.0;1
44000;BOT_TAKER;SUBMISSION;OXYGEN_SHAKE_MINT;XIRECS;10112.0;1
44000;BOT_TAKER;BOT_MAKER;OXYGEN_SHAKE_CHOCOLATE;XIRECS;9875.0;1
44000;BOT_TAKER;SUBMISSION;OXYGEN_SHAKE_GARLIC;XIRECS;9934.0;1
44000;BOT_TAKER;BOT_MAKER;SNACKPACK_CHOCOLATE;XIRECS;9946.0;1
44000;BOT_TAKER;SUBMISSION;SNACKPACK_VANILLA;XIRECS;10095.0;1
44000;BOT_TAKER;BOT_MAKER;SNACKPACK_PISTACHIO;XIRECS;9985.0;1
44000;BOT_TAKER;SUBMISSION;SNACKPACK_STRAWBERRY;XIRECS;10186.0;1
44000;BOT_TAKER;BOT_MAKER;SNACKPACK_RASPBERRY;XIRECS;10006.0;1
47200;BOT_TAKER;BOT_MAKER;GALAXY_SOUNDS_DARK_MATTER;XIRECS;9861.0;3
47200;BOT_TAKER;SUBMISSION;GALAXY_SOUNDS_BLACK_HOLES;XIRECS;10384.0;3
47200;BOT_TAKER;SUBMISSION;GALAXY_SOUNDS_PLANETARY_RINGS;XIRECS;9957.0;3
47200;BOT_TAKER;SUBMISSION;GALAXY_SOUNDS_SOLAR_WINDS;XIRECS;9611.0;3
47200;BOT_TAKER;SUBMISSION;GALAXY_SOUNDS_SOLAR_FLAMES;XIRECS;10473.0;1
47200;BOT_TAKER;BOT_MAKER;GALAXY_SOUNDS_SOLAR_FLAMES;XIRECS;10474.0;2
47200;BOT_TAKER;SUBMISSION;SLEEP_POD_SUEDE;XIRECS;10167.0;3
47200;BOT_TAKER;SUBMISSION;SLEEP_POD_LAMB_WOOL;XIRECS;10192.0;3
47200;BOT_TAKER;SUBMISSION;SLEEP_POD_POLYESTER;XIRECS;10009.0;3
47200;BOT_TAKER;SUBMISSION;SLEEP_POD_NYLON;XIRECS;10236.0;3
47200;BOT_TAKER;SUBMISSION;SLEEP_POD_COTTON;XIRECS;9943.0;3
47200;BOT_TAKER;SUBMISSION;ROBOT_VACUUMING;XIRECS;10249.0;1
47200;BOT_TAKER;BOT_MAKER;ROBOT_VACUUMING;XIRECS;10250.0;2
47200;BOT_TAKER;SUBMISSION;ROBOT_MOPPING;XIRECS;10311.0;3
47200;BOT_TAKER;BOT_MAKER;ROBOT_DISHES;XIRECS;9521.0;3
47200;BOT_TAKER;SUBMISSION;ROBOT_LAUNDRY;XIRECS;10367.0;1
47200;BOT_TAKER;BOT_MAKER;ROBOT_LAUNDRY;XIRECS;10368.0;2
47200;BOT_TAKER;SUBMISSION;ROBOT_IRONING;XIRECS;9999.0;3
47200;BOT_TAKER;SUBMISSION;UV_VISOR_YELLOW;XIRECS;10031.0;3
47200;BOT_TAKER;SUBMISSION;UV_VISOR_AMBER;XIRECS;10014.0;3
47200;BOT_TAKER;SUBMISSION;UV_VISOR_ORANGE;XIRECS;9862.0;3
47200;BOT_TAKER;SUBMISSION;UV_VISOR_RED;XIRECS;10260.0;1
47200;BOT_TAKER;BOT_MAKER;UV_VISOR_RED;XIRECS;10261.0;2
47200;BOT_TAKER;SUBMISSION;UV_VISOR_MAGENTA;XIRECS;10338.0;1
47200;BOT_TAKER;BOT_MAKER;UV_VISOR_MAGENTA;XIRECS;10339.0;2
47200;BOT_TAKER;SUBMISSION;TRANSLATOR_SPACE_GRAY;XIRECS;9850.0;3
47200;BOT_TAKER;BOT_MAKER;TRANSLATOR_ASTRO_BLACK;XIRECS;9813.0;3
47200;BOT_TAKER;SUBMISSION;TRANSLATOR_ECLIPSE_CHARCOAL;XIRECS;10091.0;3
47200;BOT_TAKER;SUBMISSION;TRANSLATOR_GRAPHITE_MIST;XIRECS;10105.0;3
47200;BOT_TAKER;SUBMISSION;TRANSLATOR_VOID_BLUE;XIRECS;10190.0;3
47200;BOT_TAKER;SUBMISSION;PANEL_1X2;XIRECS;9888.0;3
47200;BOT_TAKER;SUBMISSION;PANEL_2X2;XIRECS;9811.0;3
47200;BOT_TAKER;SUBMISSION;PANEL_1X4;XIRECS;10126.0;3
47200;BOT_TAKER;SUBMISSION;PANEL_2X4;XIRECS;10120.0;3
47200;BOT_TAKER;SUBMISSION;PANEL_4X4;XIRECS;9964.0;3
47200;BOT_TAKER;SUBMISSION;OXYGEN_SHAKE_MORNING_BREATH;XIRECS;10527.0;3
47200;BOT_TAKER;SUBMISSION;OXYGEN_SHAKE_EVENING_BREATH;XIRECS;9813.0;3
47200;BOT_TAKER;SUBMISSION;OXYGEN_SHAKE_MINT;XIRECS;10079.0;3
47200;BOT_TAKER;BOT_MAKER;OXYGEN_SHAKE_CHOCOLATE;XIRECS;9820.0;3
47200;BOT_TAKER;SUBMISSION;OXYGEN_SHAKE_GARLIC;XIRECS;9898.0;3
47200;BOT_TAKER;BOT_MAKER;SNACKPACK_CHOCOLATE;XIRECS;9959.0;3
47200;BOT_TAKER;SUBMISSION;SNACKPACK_VANILLA;XIRECS;10079.0;3
47200;BOT_TAKER;BOT_MAKER;SNACKPACK_PISTACHIO;XIRECS;9991.0;3
47200;BOT_TAKER;SUBMISSION;SNACKPACK_STRAWBERRY;XIRECS;10210.0;3
47200;BOT_TAKER;BOT_MAKER;SNACKPACK_RASPBERRY;XIRECS;10007.0;3
49000;BOT_TAKER;SUBMISSION;PEBBLES_XS;XIRECS;10062.0;2
49000;BOT_TAKER;BOT_MAKER;PEBBLES_XS;XIRECS;10063.0;3
49000;BOT_TAKER;SUBMISSION;PEBBLES_S;XIRECS;10078.0;5
49000;BOT_TAKER;SUBMISSION;PEBBLES_M;XIRECS;10024.0;5
49000;BOT_TAKER;SUBMISSION;PEBBLES_L;XIRECS;10240.0;2
49000;BOT_TAKER;BOT_MAKER;PEBBLES_L;XIRECS;10241.0;3
49000;BOT_TAKER;BOT_MAKER;PEBBLES_XL;XIRECS;9624.0;5
49700;SUBMISSION;BOT_TAKER;MICROCHIP_CIRCLE;XIRECS;9449.0;3
49700;SUBMISSION;BOT_TAKER;MICROCHIP_OVAL;XIRECS;10420.0;3
49700;SUBMISSION;BOT_TAKER;MICROCHIP_SQUARE;XIRECS;9802.0;3
49700;SUBMISSION;BOT_TAKER;MICROCHIP_RECTANGLE;XIRECS;9980.0;3
49700;SUBMISSION;BOT_TAKER;MICROCHIP_TRIANGLE;XIRECS;9883.0;3
50700;BOT_MAKER;BOT_TAKER;GALAXY_SOUNDS_DARK_MATTER;XIRECS;9835.0;3
50700;SUBMISSION;BOT_TAKER;GALAXY_SOUNDS_BLACK_HOLES;XIRECS;10298.0;2
50700;BOT_MAKER;BOT_TAKER;GALAXY_SOUNDS_BLACK_HOLES;XIRECS;10297.0;1
50700;SUBMISSION;BOT_TAKER;GALAXY_SOUNDS_PLANETARY_RINGS;XIRECS;9952.0;2
50700;BOT_MAKER;BOT_TAKER;GALAXY_SOUNDS_PLANETARY_RINGS;XIRECS;9951.0;1
50700;SUBMISSION;BOT_TAKER;GALAXY_SOUNDS_SOLAR_WINDS;XIRECS;9748.0;2
50700;BOT_MAKER;BOT_TAKER;GALAXY_SOUNDS_SOLAR_WINDS;XIRECS;9747.0;1
50700;BOT_MAKER;BOT_TAKER;GALAXY_SOUNDS_SOLAR_FLAMES;XIRECS;10390.0;3
50700;BOT_MAKER;BOT_TAKER;SLEEP_POD_SUEDE;XIRECS;10263.0;3
50700;BOT_MAKER;BOT_TAKER;SLEEP_POD_LAMB_WOOL;XIRECS;10322.0;3
50700;SUBMISSION;BOT_TAKER;SLEEP_POD_POLYESTER;XIRECS;9977.0;2
50700;BOT_MAKER;BOT_TAKER;SLEEP_POD_POLYESTER;XIRECS;9976.0;1
50700;BOT_MAKER;BOT_TAKER;SLEEP_POD_NYLON;XIRECS;10327.0;3
50700;SUBMISSION;BOT_TAKER;SLEEP_POD_COTTON;XIRECS;9960.0;2
50700;BOT_MAKER;BOT_TAKER;SLEEP_POD_COTTON;XIRECS;9959.0;1
50700;BOT_MAKER;BOT_TAKER;ROBOT_VACUUMING;XIRECS;10297.0;3
50700;SUBMISSION;BOT_TAKER;ROBOT_MOPPING;XIRECS;10185.0;2
50700;BOT_MAKER;BOT_TAKER;ROBOT_MOPPING;XIRECS;10184.0;1
50700;BOT_MAKER;BOT_TAKER;ROBOT_DISHES;XIRECS;9527.0;3
50700;BOT_MAKER;BOT_TAKER;ROBOT_LAUNDRY;XIRECS;10302.0;3
50700;SUBMISSION;BOT_TAKER;ROBOT_IRONING;XIRECS;10082.0;2
50700;BOT_MAKER;BOT_TAKER;ROBOT_IRONING;XIRECS;10081.0;1
50700;SUBMISSION;BOT_TAKER;UV_VISOR_YELLOW;XIRECS;9964.0;2
50700;BOT_MAKER;BOT_TAKER;UV_VISOR_YELLOW;XIRECS;9963.0;1
50700;SUBMISSION;BOT_TAKER;UV_VISOR_AMBER;XIRECS;9948.0;2
50700;BOT_MAKER;BOT_TAKER;UV_VISOR_AMBER;XIRECS;9947.0;1
50700;SUBMISSION;BOT_TAKER;UV_VISOR_ORANGE;XIRECS;9824.0;2
50700;BOT_MAKER;BOT_TAKER;UV_VISOR_ORANGE;XIRECS;9823.0;1
50700;BOT_MAKER;BOT_TAKER;UV_VISOR_RED;XIRECS;10283.0;3
50700;BOT_MAKER;BOT_TAKER;UV_VISOR_MAGENTA;XIRECS;10324.0;3
50700;SUBMISSION;BOT_TAKER;TRANSLATOR_SPACE_GRAY;XIRECS;9930.0;2
50700;BOT_MAKER;BOT_TAKER;TRANSLATOR_SPACE_GRAY;XIRECS;9929.0;1
50700;BOT_MAKER;BOT_TAKER;TRANSLATOR_ASTRO_BLACK;XIRECS;9860.0;3
50700;BOT_MAKER;BOT_TAKER;TRANSLATOR_ECLIPSE_CHARCOAL;XIRECS;10179.0;3
50700;SUBMISSION;BOT_TAKER;TRANSLATOR_GRAPHITE_MIST;XIRECS;10177.0;2
50700;BOT_MAKER;BOT_TAKER;TRANSLATOR_GRAPHITE_MIST;XIRECS;10176.0;1
50700;BOT_MAKER;BOT_TAKER;TRANSLATOR_VOID_BLUE;XIRECS;10237.0;3
50700;SUBMISSION;BOT_TAKER;PANEL_1X2;XIRECS;9984.0;2
50700;BOT_MAKER;BOT_TAKER;PANEL_1X2;XIRECS;9983.0;1
50700;SUBMISSION;BOT_TAKER;PANEL_2X2;XIRECS;9808.0;2
50700;BOT_MAKER;BOT_TAKER;PANEL_2X2;XIRECS;9807.0;1
50700;SUBMISSION;BOT_TAKER;PANEL_1X4;XIRECS;10151.0;2
50700;BOT_MAKER;BOT_TAKER;PANEL_1X4;XIRECS;10150.0;1
50700;BOT_MAKER;BOT_TAKER;PANEL_2X4;XIRECS;10094.0;3
50700;SUBMISSION;BOT_TAKER;PANEL_4X4;XIRECS;9917.0;2
50700;BOT_MAKER;BOT_TAKER;PANEL_4X4;XIRECS;9916.0;1
50700;SUBMISSION;BOT_TAKER;OXYGEN_SHAKE_MORNING_BREATH;XIRECS;10610.0;2
50700;BOT_MAKER;BOT_TAKER;OXYGEN_SHAKE_MORNING_BREATH;XIRECS;10609.0;1
50700;SUBMISSION;BOT_TAKER;OXYGEN_SHAKE_EVENING_BREATH;XIRECS;9881.0;2
50700;BOT_MAKER;BOT_TAKER;OXYGEN_SHAKE_EVENING_BREATH;XIRECS;9880.0;1
50700;SUBMISSION;BOT_TAKER;OXYGEN_SHAKE_MINT;XIRECS;10073.0;2
50700;BOT_MAKER;BOT_TAKER;OXYGEN_SHAKE_MINT;XIRECS;10072.0;1
50700;BOT_MAKER;BOT_TAKER;OXYGEN_SHAKE_CHOCOLATE;XIRECS;9807.0;3
50700;SUBMISSION;BOT_TAKER;OXYGEN_SHAKE_GARLIC;XIRECS;9900.0;2
50700;BOT_MAKER;BOT_TAKER;OXYGEN_SHAKE_GARLIC;XIRECS;9899.0;1
50700;BOT_MAKER;BOT_TAKER;SNACKPACK_CHOCOLATE;XIRECS;9928.0;3
50700;BOT_MAKER;BOT_TAKER;SNACKPACK_VANILLA;XIRECS;10075.0;3
50700;SUBMISSION;BOT_TAKER;SNACKPACK_PISTACHIO;XIRECS;9972.0;3
50700;BOT_MAKER;BOT_TAKER;SNACKPACK_STRAWBERRY;XIRECS;10239.0;3
50700;BOT_MAKER;BOT_TAKER;SNACKPACK_RASPBERRY;XIRECS;9960.0;3
50900;SUBMISSION;BOT_TAKER;PEBBLES_XS;XIRECS;10000.0;2
50900;BOT_MAKER;BOT_TAKER;PEBBLES_S;XIRECS;10078.0;2
50900;BOT_MAKER;BOT_TAKER;PEBBLES_M;XIRECS;10000.0;2
50900;SUBMISSION;BOT_TAKER;PEBBLES_L;XIRECS;10157.0;2
50900;SUBMISSION;BOT_TAKER;PEBBLES_XL;XIRECS;9737.0;2
51900;BOT_TAKER;SUBMISSION;MICROCHIP_CIRCLE;XIRECS;9470.0;1
51900;BOT_TAKER;SUBMISSION;MICROCHIP_OVAL;XIRECS;10382.0;1
51900;BOT_TAKER;SUBMISSION;MICROCHIP_SQUARE;XIRECS;9816.0;1
51900;BOT_TAKER;BOT_MAKER;MICROCHIP_RECTANGLE;XIRECS;9926.0;1
51900;BOT_TAKER;BOT_MAKER;MICROCHIP_TRIANGLE;XIRECS;9870.0;1
52300;SUBMISSION;BOT_TAKER;PEBBLES_XS;XIRECS;9982.0;2
52300;BOT_MAKER;BOT_TAKER;PEBBLES_S;XIRECS;10065.0;2
52300;BOT_MAKER;BOT_TAKER;PEBBLES_M;XIRECS;10021.0;2
52300;SUBMISSION;BOT_TAKER;PEBBLES_L;XIRECS;10178.0;2
52300;SUBMISSION;BOT_TAKER;PEBBLES_XL;XIRECS;9726.0;2
54300;SUBMISSION;BOT_TAKER;PEBBLES_XS;XIRECS;10027.0;5
54300;BOT_MAKER;BOT_TAKER;PEBBLES_S;XIRECS;10066.0;5
54300;BOT_MAKER;BOT_TAKER;PEBBLES_M;XIRECS;10110.0;5
54300;SUBMISSION;BOT_TAKER;PEBBLES_L;XIRECS;10187.0;5
54300;SUBMISSION;BOT_TAKER;PEBBLES_XL;XIRECS;9582.0;5
55900;BOT_TAKER;SUBMISSION;GALAXY_SOUNDS_DARK_MATTER;XIRECS;10007.0;2
55900;BOT_TAKER;SUBMISSION;GALAXY_SOUNDS_BLACK_HOLES;XIRECS;10329.0;2
55900;BOT_TAKER;SUBMISSION;GALAXY_SOUNDS_PLANETARY_RINGS;XIRECS;9849.0;2
55900;BOT_TAKER;SUBMISSION;GALAXY_SOUNDS_SOLAR_WINDS;XIRECS;9906.0;2
55900;BOT_TAKER;BOT_MAKER;GALAXY_SOUNDS_SOLAR_FLAMES;XIRECS;10511.0;2
55900;BOT_TAKER;SUBMISSION;SLEEP_POD_SUEDE;XIRECS;10203.0;2
55900;BOT_TAKER;SUBMISSION;SLEEP_POD_LAMB_WOOL;XIRECS;10531.0;2
55900;BOT_TAKER;SUBMISSION;SLEEP_POD_POLYESTER;XIRECS;10087.0;2
55900;BOT_TAKER;SUBMISSION;SLEEP_POD_NYLON;XIRECS;10234.0;2
55900;BOT_TAKER;SUBMISSION;SLEEP_POD_COTTON;XIRECS;9902.0;2
55900;BOT_TAKER;BOT_MAKER;ROBOT_VACUUMING;XIRECS;10178.0;2
55900;BOT_TAKER;SUBMISSION;ROBOT_MOPPING;XIRECS;10215.0;2
55900;BOT_TAKER;BOT_MAKER;ROBOT_DISHES;XIRECS;9303.0;2
55900;BOT_TAKER;BOT_MAKER;ROBOT_LAUNDRY;XIRECS;10296.0;2
55900;BOT_TAKER;SUBMISSION;ROBOT_IRONING;XIRECS;9992.0;2
55900;BOT_TAKER;SUBMISSION;UV_VISOR_YELLOW;XIRECS;10021.0;2
55900;BOT_TAKER;SUBMISSION;UV_VISOR_AMBER;XIRECS;9913.0;2
55900;BOT_TAKER;SUBMISSION;UV_VISOR_ORANGE;XIRECS;9835.0;2
55900;BOT_TAKER;BOT_MAKER;UV_VISOR_RED;XIRECS;10343.0;2
55900;BOT_TAKER;BOT_MAKER;UV_VISOR_MAGENTA;XIRECS;10392.0;2
55900;BOT_TAKER;SUBMISSION;TRANSLATOR_SPACE_GRAY;XIRECS;9929.0;2
55900;BOT_TAKER;BOT_MAKER;TRANSLATOR_ASTRO_BLACK;XIRECS;9887.0;2
55900;BOT_TAKER;SUBMISSION;TRANSLATOR_ECLIPSE_CHARCOAL;XIRECS;10258.0;2
55900;BOT_TAKER;SUBMISSION;TRANSLATOR_GRAPHITE_MIST;XIRECS;10193.0;2
55900;BOT_TAKER;SUBMISSION;TRANSLATOR_VOID_BLUE;XIRECS;10301.0;2
55900;BOT_TAKER;SUBMISSION;PANEL_1X2;XIRECS;10037.0;2
55900;BOT_TAKER;SUBMISSION;PANEL_2X2;XIRECS;9796.0;2
55900;BOT_TAKER;SUBMISSION;PANEL_1X4;XIRECS;10222.0;2
55900;BOT_TAKER;BOT_MAKER;PANEL_2X4;XIRECS;10133.0;2
55900;BOT_TAKER;SUBMISSION;PANEL_4X4;XIRECS;9876.0;2
55900;BOT_TAKER;SUBMISSION;OXYGEN_SHAKE_MORNING_BREATH;XIRECS;10503.0;2
55900;BOT_TAKER;SUBMISSION;OXYGEN_SHAKE_EVENING_BREATH;XIRECS;9864.0;2
55900;BOT_TAKER;SUBMISSION;OXYGEN_SHAKE_MINT;XIRECS;10031.0;2
55900;BOT_TAKER;BOT_MAKER;OXYGEN_SHAKE_CHOCOLATE;XIRECS;9863.0;2
55900;BOT_TAKER;SUBMISSION;OXYGEN_SHAKE_GARLIC;XIRECS;9861.0;2
55900;BOT_TAKER;BOT_MAKER;SNACKPACK_CHOCOLATE;XIRECS;9889.0;2
55900;BOT_TAKER;SUBMISSION;SNACKPACK_VANILLA;XIRECS;10127.0;2
55900;BOT_TAKER;BOT_MAKER;SNACKPACK_PISTACHIO;XIRECS;9977.0;2
55900;BOT_TAKER;SUBMISSION;SNACKPACK_STRAWBERRY;XIRECS;10279.0;1
55900;BOT_TAKER;BOT_MAKER;SNACKPACK_STRAWBERRY;XIRECS;10280.0;1
55900;BOT_TAKER;BOT_MAKER;SNACKPACK_RASPBERRY;XIRECS;9952.0;2
56800;SUBMISSION;BOT_TAKER;PEBBLES_XS;XIRECS;10039.0;2
56800;BOT_MAKER;BOT_TAKER;PEBBLES_XS;XIRECS;10038.0;1
56800;BOT_MAKER;BOT_TAKER;PEBBLES_S;XIRECS;10104.0;3
56800;BOT_MAKER;BOT_TAKER;PEBBLES_M;XIRECS;10071.0;3
56800;SUBMISSION;BOT_TAKER;PEBBLES_L;XIRECS;10185.0;2
56800;BOT_MAKER;BOT_TAKER;PEBBLES_L;XIRECS;10184.0;1
56800;SUBMISSION;BOT_TAKER;PEBBLES_XL;XIRECS;9573.0;3
57000;BOT_TAKER;SUBMISSION;GALAXY_SOUNDS_DARK_MATTER;XIRECS;9999.0;1
57000;BOT_TAKER;SUBMISSION;GALAXY_SOUNDS_BLACK_HOLES;XIRECS;10293.0;1
57000;BOT_TAKER;SUBMISSION;GALAXY_SOUNDS_PLANETARY_RINGS;XIRECS;9900.0;1
57000;BOT_TAKER;SUBMISSION;GALAXY_SOUNDS_SOLAR_WINDS;XIRECS;9917.0;1
57000;BOT_TAKER;BOT_MAKER;GALAXY_SOUNDS_SOLAR_FLAMES;XIRECS;10500.0;1
57000;BOT_TAKER;SUBMISSION;SLEEP_POD_SUEDE;XIRECS;10220.0;1
57000;BOT_TAKER;SUBMISSION;SLEEP_POD_LAMB_WOOL;XIRECS;10572.0;1
57000;BOT_TAKER;SUBMISSION;SLEEP_POD_POLYESTER;XIRECS;10050.0;1
57000;BOT_TAKER;SUBMISSION;SLEEP_POD_NYLON;XIRECS;10199.0;1
57000;BOT_TAKER;SUBMISSION;SLEEP_POD_COTTON;XIRECS;9911.0;1
57000;BOT_TAKER;BOT_MAKER;ROBOT_VACUUMING;XIRECS;10223.0;1
57000;BOT_TAKER;SUBMISSION;ROBOT_MOPPING;XIRECS;10216.0;1
57000;BOT_TAKER;BOT_MAKER;ROBOT_DISHES;XIRECS;9237.0;1
57000;BOT_TAKER;BOT_MAKER;ROBOT_LAUNDRY;XIRECS;10294.0;1
57000;BOT_TAKER;SUBMISSION;ROBOT_IRONING;XIRECS;9951.0;1
57000;BOT_TAKER;SUBMISSION;UV_VISOR_YELLOW;XIRECS;10038.0;1
57000;BOT_TAKER;SUBMISSION;UV_VISOR_AMBER;XIRECS;9865.0;1
57000;BOT_TAKER;SUBMISSION;UV_VISOR_ORANGE;XIRECS;9856.0;1
57000;BOT_TAKER;BOT_MAKER;UV_VISOR_RED;XIRECS;10377.0;1
57000;BOT_TAKER;BOT_MAKER;UV_VISOR_MAGENTA;XIRECS;10424.0;1
57000;BOT_TAKER;SUBMISSION;TRANSLATOR_SPACE_GRAY;XIRECS;9880.0;1
57000;BOT_TAKER;BOT_MAKER;TRANSLATOR_ASTRO_BLACK;XIRECS;9882.0;1
57000;BOT_TAKER;SUBMISSION;TRANSLATOR_ECLIPSE_CHARCOAL;XIRECS;10240.0;1
57000;BOT_TAKER;SUBMISSION;TRANSLATOR_GRAPHITE_MIST;XIRECS;10173.0;1
57000;BOT_TAKER;SUBMISSION;TRANSLATOR_VOID_BLUE;XIRECS;10329.0;1
57000;BOT_TAKER;SUBMISSION;PANEL_1X2;XIRECS;10042.0;1
57000;BOT_TAKER;SUBMISSION;PANEL_2X2;XIRECS;9759.0;1
57000;BOT_TAKER;SUBMISSION;PANEL_1X4;XIRECS;10232.0;1
57000;BOT_TAKER;BOT_MAKER;PANEL_2X4;XIRECS;10073.0;1
57000;BOT_TAKER;SUBMISSION;PANEL_4X4;XIRECS;9872.0;1
57000;BOT_TAKER;SUBMISSION;OXYGEN_SHAKE_MORNING_BREATH;XIRECS;10449.0;1
57000;BOT_TAKER;SUBMISSION;OXYGEN_SHAKE_EVENING_BREATH;XIRECS;9919.0;1
57000;BOT_TAKER;SUBMISSION;OXYGEN_SHAKE_MINT;XIRECS;10045.0;1
57000;BOT_TAKER;BOT_MAKER;OXYGEN_SHAKE_CHOCOLATE;XIRECS;9793.0;1
57000;BOT_TAKER;SUBMISSION;OXYGEN_SHAKE_GARLIC;XIRECS;9821.0;1
57000;BOT_TAKER;BOT_MAKER;SNACKPACK_CHOCOLATE;XIRECS;9918.0;1
57000;BOT_TAKER;SUBMISSION;SNACKPACK_VANILLA;XIRECS;10095.0;1
57000;BOT_TAKER;BOT_MAKER;SNACKPACK_PISTACHIO;XIRECS;9960.0;1
57000;BOT_TAKER;BOT_MAKER;SNACKPACK_STRAWBERRY;XIRECS;10268.0;1
57000;BOT_TAKER;BOT_MAKER;SNACKPACK_RASPBERRY;XIRECS;9984.0;1
57200;BOT_TAKER;SUBMISSION;GALAXY_SOUNDS_DARK_MATTER;XIRECS;9989.0;2
57200;BOT_TAKER;SUBMISSION;GALAXY_SOUNDS_BLACK_HOLES;XIRECS;10322.0;2
57200;BOT_TAKER;SUBMISSION;GALAXY_SOUNDS_PLANETARY_RINGS;XIRECS;9897.0;2
57200;BOT_TAKER;SUBMISSION;GALAXY_SOUNDS_SOLAR_WINDS;XIRECS;9891.0;2
57200;BOT_TAKER;BOT_MAKER;GALAXY_SOUNDS_SOLAR_FLAMES;XIRECS;10473.0;2
57200;BOT_TAKER;SUBMISSION;SLEEP_POD_SUEDE;XIRECS;10217.0;2
57200;BOT_TAKER;SUBMISSION;SLEEP_POD_LAMB_WOOL;XIRECS;10581.0;2
57200;BOT_TAKER;SUBMISSION;SLEEP_POD_POLYESTER;XIRECS;10027.0;2
57200;BOT_TAKER;SUBMISSION;SLEEP_POD_NYLON;XIRECS;10208.0;1
57200;BOT_TAKER;BOT_MAKER;SLEEP_POD_NYLON;XIRECS;10209.0;1
57200;BOT_TAKER;SUBMISSION;SLEEP_POD_COTTON;XIRECS;9906.0;2
57200;BOT_TAKER;BOT_MAKER;ROBOT_VACUUMING;XIRECS;10223.0;2
57200;BOT_TAKER;SUBMISSION;ROBOT_MOPPING;XIRECS;10192.0;2
57200;BOT_TAKER;BOT_MAKER;ROBOT_DISHES;XIRECS;9221.0;2
57200;BOT_TAKER;BOT_MAKER;ROBOT_LAUNDRY;XIRECS;10300.0;2
57200;BOT_TAKER;SUBMISSION;ROBOT_IRONING;XIRECS;9935.0;2
57200;BOT_TAKER;SUBMISSION;UV_VISOR_YELLOW;XIRECS;10039.0;2
57200;BOT_TAKER;SUBMISSION;UV_VISOR_AMBER;XIRECS;9864.0;2
57200;BOT_TAKER;SUBMISSION;UV_VISOR_ORANGE;XIRECS;9848.0;2
57200;BOT_TAKER;BOT_MAKER;UV_VISOR_RED;XIRECS;10364.0;2
57200;BOT_TAKER;BOT_MAKER;UV_VISOR_MAGENTA;XIRECS;10420.0;2
57200;BOT_TAKER;SUBMISSION;TRANSLATOR_SPACE_GRAY;XIRECS;9889.0;2
57200;BOT_TAKER;BOT_MAKER;TRANSLATOR_ASTRO_BLACK;XIRECS;9871.0;2
57200;BOT_TAKER;SUBMISSION;TRANSLATOR_ECLIPSE_CHARCOAL;XIRECS;10237.0;2
57200;BOT_TAKER;SUBMISSION;TRANSLATOR_GRAPHITE_MIST;XIRECS;10173.0;2
57200;BOT_TAKER;SUBMISSION;TRANSLATOR_VOID_BLUE;XIRECS;10312.0;2
57200;BOT_TAKER;SUBMISSION;PANEL_1X2;XIRECS;10024.0;2
57200;BOT_TAKER;SUBMISSION;PANEL_2X2;XIRECS;9772.0;2
57200;BOT_TAKER;SUBMISSION;PANEL_1X4;XIRECS;10235.0;2
57200;BOT_TAKER;BOT_MAKER;PANEL_2X4;XIRECS;10064.0;2
57200;BOT_TAKER;SUBMISSION;PANEL_4X4;XIRECS;9869.0;2
57200;BOT_TAKER;SUBMISSION;OXYGEN_SHAKE_MORNING_BREATH;XIRECS;10431.0;2
57200;BOT_TAKER;SUBMISSION;OXYGEN_SHAKE_EVENING_BREATH;XIRECS;9933.0;2
57200;BOT_TAKER;SUBMISSION;OXYGEN_SHAKE_MINT;XIRECS;10043.0;2
57200;BOT_TAKER;BOT_MAKER;OXYGEN_SHAKE_CHOCOLATE;XIRECS;9796.0;2
57200;BOT_TAKER;SUBMISSION;OXYGEN_SHAKE_GARLIC;XIRECS;9840.0;2
57200;BOT_TAKER;BOT_MAKER;SNACKPACK_CHOCOLATE;XIRECS;9897.0;2
57200;BOT_TAKER;SUBMISSION;SNACKPACK_VANILLA;XIRECS;10112.0;2
57200;BOT_TAKER;BOT_MAKER;SNACKPACK_PISTACHIO;XIRECS;9955.0;2
57200;BOT_TAKER;BOT_MAKER;SNACKPACK_STRAWBERRY;XIRECS;10262.0;2
57200;BOT_TAKER;BOT_MAKER;SNACKPACK_RASPBERRY;XIRECS;9985.0;2
58200;BOT_TAKER;SUBMISSION;MICROCHIP_CIRCLE;XIRECS;9565.0;2
58200;BOT_TAKER;BOT_MAKER;MICROCHIP_CIRCLE;XIRECS;9566.0;1
58200;BOT_TAKER;SUBMISSION;MICROCHIP_OVAL;XIRECS;10291.0;2
58200;BOT_TAKER;BOT_MAKER;MICROCHIP_OVAL;XIRECS;10292.0;1
58200;BOT_TAKER;SUBMISSION;MICROCHIP_SQUARE;XIRECS;9933.0;2
58200;BOT_TAKER;BOT_MAKER;MICROCHIP_SQUARE;XIRECS;9934.0;1
58200;BOT_TAKER;BOT_MAKER;MICROCHIP_RECTANGLE;XIRECS;9935.0;3
58200;BOT_TAKER;BOT_MAKER;MICROCHIP_TRIANGLE;XIRECS;9830.0;3
58300;BOT_MAKER;BOT_TAKER;GALAXY_SOUNDS_DARK_MATTER;XIRECS;10012.0;2
58300;SUBMISSION;BOT_TAKER;GALAXY_SOUNDS_BLACK_HOLES;XIRECS;10286.0;2
58300;SUBMISSION;BOT_TAKER;GALAXY_SOUNDS_PLANETARY_RINGS;XIRECS;9946.0;2
58300;SUBMISSION;BOT_TAKER;GALAXY_SOUNDS_SOLAR_WINDS;XIRECS;9933.0;2
58300;BOT_MAKER;BOT_TAKER;GALAXY_SOUNDS_SOLAR_FLAMES;XIRECS;10451.0;2
58300;BOT_MAKER;BOT_TAKER;SLEEP_POD_SUEDE;XIRECS;10177.0;2
58300;BOT_MAKER;BOT_TAKER;SLEEP_POD_LAMB_WOOL;XIRECS;10541.0;2
58300;SUBMISSION;BOT_TAKER;SLEEP_POD_POLYESTER;XIRECS;9931.0;2
58300;BOT_MAKER;BOT_TAKER;SLEEP_POD_NYLON;XIRECS;10268.0;2
58300;SUBMISSION;BOT_TAKER;SLEEP_POD_COTTON;XIRECS;9859.0;2
58300;BOT_MAKER;BOT_TAKER;ROBOT_VACUUMING;XIRECS;10178.0;2
58300;SUBMISSION;BOT_TAKER;ROBOT_MOPPING;XIRECS;10162.0;2
58300;BOT_MAKER;BOT_TAKER;ROBOT_DISHES;XIRECS;9356.0;2
58300;BOT_MAKER;BOT_TAKER;ROBOT_LAUNDRY;XIRECS;10370.0;2
58300;SUBMISSION;BOT_TAKER;ROBOT_IRONING;XIRECS;9930.0;2
58300;SUBMISSION;BOT_TAKER;UV_VISOR_YELLOW;XIRECS;10052.0;2
58300;SUBMISSION;BOT_TAKER;UV_VISOR_AMBER;XIRECS;9827.0;2
58300;SUBMISSION;BOT_TAKER;UV_VISOR_ORANGE;XIRECS;9841.0;2
58300;BOT_MAKER;BOT_TAKER;UV_VISOR_RED;XIRECS;10300.0;2
58300;BOT_MAKER;BOT_TAKER;UV_VISOR_MAGENTA;XIRECS;10387.0;2
58300;SUBMISSION;BOT_TAKER;TRANSLATOR_SPACE_GRAY;XIRECS;9876.0;2
58300;BOT_MAKER;BOT_TAKER;TRANSLATOR_ASTRO_BLACK;XIRECS;9867.0;2
58300;BOT_MAKER;BOT_TAKER;TRANSLATOR_ECLIPSE_CHARCOAL;XIRECS;10234.0;2
58300;SUBMISSION;BOT_TAKER;TRANSLATOR_GRAPHITE_MIST;XIRECS;10215.0;2
58300;BOT_MAKER;BOT_TAKER;TRANSLATOR_VOID_BLUE;XIRECS;10291.0;2
58300;SUBMISSION;BOT_TAKER;PANEL_1X2;XIRECS;9950.0;2
58300;SUBMISSION;BOT_TAKER;PANEL_2X2;XIRECS;9730.0;2
58300;SUBMISSION;BOT_TAKER;PANEL_1X4;XIRECS;10249.0;2
58300;SUBMISSION;BOT_TAKER;PANEL_2X4;XIRECS;10022.0;2
58300;SUBMISSION;BOT_TAKER;PANEL_4X4;XIRECS;9854.0;2
58300;SUBMISSION;BOT_TAKER;OXYGEN_SHAKE_MORNING_BREATH;XIRECS;10412.0;2
58300;SUBMISSION;BOT_TAKER;OXYGEN_SHAKE_EVENING_BREATH;XIRECS;9903.0;2
58300;SUBMISSION;BOT_TAKER;OXYGEN_SHAKE_MINT;XIRECS;9993.0;2
58300;BOT_MAKER;BOT_TAKER;OXYGEN_SHAKE_CHOCOLATE;XIRECS;9823.0;2
58300;SUBMISSION;BOT_TAKER;OXYGEN_SHAKE_GARLIC;XIRECS;9837.0;2
58300;BOT_MAKER;BOT_TAKER;SNACKPACK_CHOCOLATE;XIRECS;9881.0;2
58300;BOT_MAKER;BOT_TAKER;SNACKPACK_VANILLA;XIRECS;10105.0;2
58300;SUBMISSION;BOT_TAKER;SNACKPACK_PISTACHIO;XIRECS;9959.0;2
58300;BOT_MAKER;BOT_TAKER;SNACKPACK_STRAWBERRY;XIRECS;10285.0;2
58300;BOT_MAKER;BOT_TAKER;SNACKPACK_RASPBERRY;XIRECS;9922.0;2
60400;BOT_TAKER;SUBMISSION;MICROCHIP_CIRCLE;XIRECS;9580.0;1
60400;BOT_TAKER;SUBMISSION;MICROCHIP_OVAL;XIRECS;10194.0;1
60400;BOT_TAKER;SUBMISSION;MICROCHIP_SQUARE;XIRECS;10115.0;1
60400;BOT_TAKER;BOT_MAKER;MICROCHIP_RECTANGLE;XIRECS;9949.0;1
60400;BOT_TAKER;BOT_MAKER;MICROCHIP_TRIANGLE;XIRECS;9785.0;1
61800;SUBMISSION;BOT_TAKER;GALAXY_SOUNDS_DARK_MATTER;XIRECS;9951.0;3
61800;SUBMISSION;BOT_TAKER;GALAXY_SOUNDS_BLACK_HOLES;XIRECS;10220.0;2
61800;BOT_MAKER;BOT_TAKER;GALAXY_SOUNDS_BLACK_HOLES;XIRECS;10219.0;1
61800;SUBMISSION;BOT_TAKER;GALAXY_SOUNDS_PLANETARY_RINGS;XIRECS;9931.0;2
61800;BOT_MAKER;BOT_TAKER;GALAXY_SOUNDS_PLANETARY_RINGS;XIRECS;9930.0;1
61800;SUBMISSION;BOT_TAKER;GALAXY_SOUNDS_SOLAR_WINDS;XIRECS;9967.0;2
61800;BOT_MAKER;BOT_TAKER;GALAXY_SOUNDS_SOLAR_WINDS;XIRECS;9966.0;1
61800;BOT_MAKER;BOT_TAKER;GALAXY_SOUNDS_SOLAR_FLAMES;XIRECS;10553.0;3
61800;BOT_MAKER;BOT_TAKER;SLEEP_POD_SUEDE;XIRECS;10174.0;3
61800;BOT_MAKER;BOT_TAKER;SLEEP_POD_LAMB_WOOL;XIRECS;10594.0;3
61800;SUBMISSION;BOT_TAKER;SLEEP_POD_POLYESTER;XIRECS;9969.0;2
61800;BOT_MAKER;BOT_TAKER;SLEEP_POD_POLYESTER;XIRECS;9968.0;1
61800;BOT_MAKER;BOT_TAKER;SLEEP_POD_NYLON;XIRECS;10234.0;3
61800;SUBMISSION;BOT_TAKER;SLEEP_POD_COTTON;XIRECS;9953.0;2
61800;BOT_MAKER;BOT_TAKER;SLEEP_POD_COTTON;XIRECS;9952.0;1
61800;BOT_MAKER;BOT_TAKER;ROBOT_VACUUMING;XIRECS;10204.0;3
61800;SUBMISSION;BOT_TAKER;ROBOT_MOPPING;XIRECS;10316.0;2
61800;BOT_MAKER;BOT_TAKER;ROBOT_MOPPING;XIRECS;10315.0;1
61800;BOT_MAKER;BOT_TAKER;ROBOT_DISHES;XIRECS;9385.0;3
61800;BOT_MAKER;BOT_TAKER;ROBOT_LAUNDRY;XIRECS;10363.0;3
61800;SUBMISSION;BOT_TAKER;ROBOT_IRONING;XIRECS;9911.0;2
61800;BOT_MAKER;BOT_TAKER;ROBOT_IRONING;XIRECS;9910.0;1
61800;SUBMISSION;BOT_TAKER;UV_VISOR_YELLOW;XIRECS;10072.0;2
61800;BOT_MAKER;BOT_TAKER;UV_VISOR_YELLOW;XIRECS;10071.0;1
61800;SUBMISSION;BOT_TAKER;UV_VISOR_AMBER;XIRECS;9733.0;2
61800;BOT_MAKER;BOT_TAKER;UV_VISOR_AMBER;XIRECS;9732.0;1
61800;SUBMISSION;BOT_TAKER;UV_VISOR_ORANGE;XIRECS;9974.0;2
61800;BOT_MAKER;BOT_TAKER;UV_VISOR_ORANGE;XIRECS;9973.0;1
61800;BOT_MAKER;BOT_TAKER;UV_VISOR_RED;XIRECS;10276.0;3
61800;BOT_MAKER;BOT_TAKER;UV_VISOR_MAGENTA;XIRECS;10453.0;3
61800;SUBMISSION;BOT_TAKER;TRANSLATOR_SPACE_GRAY;XIRECS;9844.0;2
61800;BOT_MAKER;BOT_TAKER;TRANSLATOR_SPACE_GRAY;XIRECS;9843.0;1
61800;BOT_MAKER;BOT_TAKER;TRANSLATOR_ASTRO_BLACK;XIRECS;9886.0;3
61800;BOT_MAKER;BOT_TAKER;TRANSLATOR_ECLIPSE_CHARCOAL;XIRECS;10220.0;3
61800;SUBMISSION;BOT_TAKER;TRANSLATOR_GRAPHITE_MIST;XIRECS;10241.0;2
61800;BOT_MAKER;BOT_TAKER;TRANSLATOR_GRAPHITE_MIST;XIRECS;10240.0;1
61800;BOT_MAKER;BOT_TAKER;TRANSLATOR_VOID_BLUE;XIRECS;10256.0;3
61800;SUBMISSION;BOT_TAKER;PANEL_1X2;XIRECS;10044.0;2
61800;BOT_MAKER;BOT_TAKER;PANEL_1X2;XIRECS;10043.0;1
61800;SUBMISSION;BOT_TAKER;PANEL_2X2;XIRECS;9628.0;2
61800;BOT_MAKER;BOT_TAKER;PANEL_2X2;XIRECS;9627.0;1
61800;SUBMISSION;BOT_TAKER;PANEL_1X4;XIRECS;10160.0;2
61800;BOT_MAKER;BOT_TAKER;PANEL_1X4;XIRECS;10159.0;1
61800;BOT_MAKER;BOT_TAKER;PANEL_2X4;XIRECS;10075.0;3
61800;SUBMISSION;BOT_TAKER;PANEL_4X4;XIRECS;9893.0;2
61800;BOT_MAKER;BOT_TAKER;PANEL_4X4;XIRECS;9892.0;1
61800;SUBMISSION;BOT_TAKER;OXYGEN_SHAKE_MORNING_BREATH;XIRECS;10341.0;2
61800;BOT_MAKER;BOT_TAKER;OXYGEN_SHAKE_MORNING_BREATH;XIRECS;10340.0;1
61800;SUBMISSION;BOT_TAKER;OXYGEN_SHAKE_EVENING_BREATH;XIRECS;9931.0;2
61800;BOT_MAKER;BOT_TAKER;OXYGEN_SHAKE_EVENING_BREATH;XIRECS;9930.0;1
61800;SUBMISSION;BOT_TAKER;OXYGEN_SHAKE_MINT;XIRECS;9977.0;2
61800;BOT_MAKER;BOT_TAKER;OXYGEN_SHAKE_MINT;XIRECS;9976.0;1
61800;BOT_MAKER;BOT_TAKER;OXYGEN_SHAKE_CHOCOLATE;XIRECS;9841.0;3
61800;SUBMISSION;BOT_TAKER;OXYGEN_SHAKE_GARLIC;XIRECS;9878.0;2
61800;BOT_MAKER;BOT_TAKER;OXYGEN_SHAKE_GARLIC;XIRECS;9877.0;1
61800;BOT_MAKER;BOT_TAKER;SNACKPACK_CHOCOLATE;XIRECS;9858.0;3
61800;BOT_MAKER;BOT_TAKER;SNACKPACK_VANILLA;XIRECS;10119.0;3
61800;SUBMISSION;BOT_TAKER;SNACKPACK_PISTACHIO;XIRECS;9947.0;3
61800;BOT_MAKER;BOT_TAKER;SNACKPACK_STRAWBERRY;XIRECS;10265.0;3
61800;BOT_MAKER;BOT_TAKER;SNACKPACK_RASPBERRY;XIRECS;9937.0;3
62100;SUBMISSION;BOT_TAKER;PEBBLES_XS;XIRECS;10097.0;2
62100;BOT_MAKER;BOT_TAKER;PEBBLES_XS;XIRECS;10096.0;2
62100;BOT_MAKER;BOT_TAKER;PEBBLES_S;XIRECS;10017.0;4
62100;SUBMISSION;BOT_TAKER;PEBBLES_M;XIRECS;9972.0;1
62100;BOT_MAKER;BOT_TAKER;PEBBLES_M;XIRECS;9971.0;3
62100;SUBMISSION;BOT_TAKER;PEBBLES_L;XIRECS;10008.0;2
62100;BOT_MAKER;BOT_TAKER;PEBBLES_L;XIRECS;10007.0;2
62100;SUBMISSION;BOT_TAKER;PEBBLES_XL;XIRECS;9879.0;4
65700;SUBMISSION;BOT_TAKER;GALAXY_SOUNDS_DARK_MATTER;XIRECS;9948.0;2
65700;BOT_MAKER;BOT_TAKER;GALAXY_SOUNDS_DARK_MATTER;XIRECS;9947.0;2
65700;SUBMISSION;BOT_TAKER;GALAXY_SOUNDS_BLACK_HOLES;XIRECS;10252.0;2
65700;BOT_MAKER;BOT_TAKER;GALAXY_SOUNDS_BLACK_HOLES;XIRECS;10251.0;2
65700;SUBMISSION;BOT_TAKER;GALAXY_SOUNDS_PLANETARY_RINGS;XIRECS;9912.0;2
65700;BOT_MAKER;BOT_TAKER;GALAXY_SOUNDS_PLANETARY_RINGS;XIRECS;9911.0;2
65700;SUBMISSION;BOT_TAKER;GALAXY_SOUNDS_SOLAR_WINDS;XIRECS;9998.0;2
65700;BOT_MAKER;BOT_TAKER;GALAXY_SOUNDS_SOLAR_WINDS;XIRECS;9997.0;2
65700;BOT_MAKER;BOT_TAKER;GALAXY_SOUNDS_SOLAR_FLAMES;XIRECS;10465.0;4
65700;BOT_MAKER;BOT_TAKER;SLEEP_POD_SUEDE;XIRECS;10167.0;4
65700;BOT_MAKER;BOT_TAKER;SLEEP_POD_LAMB_WOOL;XIRECS;10526.0;4
65700;SUBMISSION;BOT_TAKER;SLEEP_POD_POLYESTER;XIRECS;9961.0;2
65700;BOT_MAKER;BOT_TAKER;SLEEP_POD_POLYESTER;XIRECS;9960.0;2
65700;BOT_MAKER;BOT_TAKER;SLEEP_POD_NYLON;XIRECS;10244.0;4
65700;SUBMISSION;BOT_TAKER;SLEEP_POD_COTTON;XIRECS;9884.0;2
65700;BOT_MAKER;BOT_TAKER;SLEEP_POD_COTTON;XIRECS;9883.0;2
65700;BOT_MAKER;BOT_TAKER;ROBOT_VACUUMING;XIRECS;10136.0;4
65700;SUBMISSION;BOT_TAKER;ROBOT_MOPPING;XIRECS;10304.0;2
65700;BOT_MAKER;BOT_TAKER;ROBOT_MOPPING;XIRECS;10303.0;2
65700;BOT_MAKER;BOT_TAKER;ROBOT_DISHES;XIRECS;9258.0;4
65700;BOT_MAKER;BOT_TAKER;ROBOT_LAUNDRY;XIRECS;10333.0;4
65700;SUBMISSION;BOT_TAKER;ROBOT_IRONING;XIRECS;9901.0;2
65700;BOT_MAKER;BOT_TAKER;ROBOT_IRONING;XIRECS;9900.0;2
65700;SUBMISSION;BOT_TAKER;UV_VISOR_YELLOW;XIRECS;10063.0;2
65700;BOT_MAKER;BOT_TAKER;UV_VISOR_YELLOW;XIRECS;10062.0;2
65700;SUBMISSION;BOT_TAKER;UV_VISOR_AMBER;XIRECS;9659.0;2
65700;BOT_MAKER;BOT_TAKER;UV_VISOR_AMBER;XIRECS;9658.0;2
65700;SUBMISSION;BOT_TAKER;UV_VISOR_ORANGE;XIRECS;10041.0;2
65700;BOT_MAKER;BOT_TAKER;UV_VISOR_ORANGE;XIRECS;10040.0;2
65700;BOT_MAKER;BOT_TAKER;UV_VISOR_RED;XIRECS;10305.0;4
65700;BOT_MAKER;BOT_TAKER;UV_VISOR_MAGENTA;XIRECS;10371.0;4
65700;SUBMISSION;BOT_TAKER;TRANSLATOR_SPACE_GRAY;XIRECS;9824.0;2
65700;BOT_MAKER;BOT_TAKER;TRANSLATOR_SPACE_GRAY;XIRECS;9823.0;2
65700;BOT_MAKER;BOT_TAKER;TRANSLATOR_ASTRO_BLACK;XIRECS;10024.0;4
65700;BOT_MAKER;BOT_TAKER;TRANSLATOR_ECLIPSE_CHARCOAL;XIRECS;10143.0;4
65700;SUBMISSION;BOT_TAKER;TRANSLATOR_GRAPHITE_MIST;XIRECS;10225.0;2
65700;BOT_MAKER;BOT_TAKER;TRANSLATOR_GRAPHITE_MIST;XIRECS;10224.0;2
65700;BOT_MAKER;BOT_TAKER;TRANSLATOR_VOID_BLUE;XIRECS;10146.0;4
65700;SUBMISSION;BOT_TAKER;PANEL_1X2;XIRECS;10058.0;2
65700;BOT_MAKER;BOT_TAKER;PANEL_1X2;XIRECS;10057.0;2
65700;SUBMISSION;BOT_TAKER;PANEL_2X2;XIRECS;9623.0;2
65700;BOT_MAKER;BOT_TAKER;PANEL_2X2;XIRECS;9622.0;2
65700;SUBMISSION;BOT_TAKER;PANEL_1X4;XIRECS;10153.0;2
65700;BOT_MAKER;BOT_TAKER;PANEL_1X4;XIRECS;10152.0;2
65700;SUBMISSION;BOT_TAKER;PANEL_2X4;XIRECS;9966.0;4
65700;SUBMISSION;BOT_TAKER;PANEL_4X4;XIRECS;9893.0;2
65700;BOT_MAKER;BOT_TAKER;PANEL_4X4;XIRECS;9892.0;2
65700;SUBMISSION;BOT_TAKER;OXYGEN_SHAKE_MORNING_BREATH;XIRECS;10331.0;2
65700;BOT_MAKER;BOT_TAKER;OXYGEN_SHAKE_MORNING_BREATH;XIRECS;10330.0;2
65700;SUBMISSION;BOT_TAKER;OXYGEN_SHAKE_EVENING_BREATH;XIRECS;10024.0;2
65700;BOT_MAKER;BOT_TAKER;OXYGEN_SHAKE_EVENING_BREATH;XIRECS;10023.0;2
65700;SUBMISSION;BOT_TAKER;OXYGEN_SHAKE_MINT;XIRECS;9977.0;2
65700;BOT_MAKER;BOT_TAKER;OXYGEN_SHAKE_MINT;XIRECS;9976.0;2
65700;BOT_MAKER;BOT_TAKER;OXYGEN_SHAKE_CHOCOLATE;XIRECS;9966.0;4
65700;SUBMISSION;BOT_TAKER;OXYGEN_SHAKE_GARLIC;XIRECS;9855.0;2
65700;BOT_MAKER;BOT_TAKER;OXYGEN_SHAKE_GARLIC;XIRECS;9854.0;2
65700;BOT_MAKER;BOT_TAKER;SNACKPACK_CHOCOLATE;XIRECS;9846.0;4
65700;BOT_MAKER;BOT_TAKER;SNACKPACK_VANILLA;XIRECS;10120.0;4
65700;SUBMISSION;BOT_TAKER;SNACKPACK_PISTACHIO;XIRECS;9962.0;4
65700;BOT_MAKER;BOT_TAKER;SNACKPACK_STRAWBERRY;XIRECS;10328.0;4
65700;BOT_MAKER;BOT_TAKER;SNACKPACK_RASPBERRY;XIRECS;9886.0;4
66000;BOT_TAKER;SUBMISSION;PEBBLES_XS;XIRECS;10099.0;2
66000;BOT_TAKER;SUBMISSION;PEBBLES_S;XIRECS;10024.0;2
66000;BOT_TAKER;SUBMISSION;PEBBLES_M;XIRECS;10108.0;2
66000;BOT_TAKER;SUBMISSION;PEBBLES_L;XIRECS;10139.0;2
66000;BOT_TAKER;BOT_MAKER;PEBBLES_XL;XIRECS;9657.0;2
67900;BOT_TAKER;SUBMISSION;MICROCHIP_CIRCLE;XIRECS;9468.0;1
67900;BOT_TAKER;SUBMISSION;MICROCHIP_OVAL;XIRECS;10239.0;1
67900;BOT_TAKER;SUBMISSION;MICROCHIP_SQUARE;XIRECS;10064.0;1
67900;BOT_TAKER;SUBMISSION;MICROCHIP_RECTANGLE;XIRECS;10037.0;1
67900;BOT_TAKER;BOT_MAKER;MICROCHIP_TRIANGLE;XIRECS;9740.0;1
69800;SUBMISSION;BOT_TAKER;PEBBLES_XS;XIRECS;10187.0;2
69800;BOT_MAKER;BOT_TAKER;PEBBLES_XS;XIRECS;10186.0;2
69800;SUBMISSION;BOT_TAKER;PEBBLES_S;XIRECS;9897.0;4
69800;BOT_MAKER;BOT_TAKER;PEBBLES_M;XIRECS;10101.0;4
69800;SUBMISSION;BOT_TAKER;PEBBLES_L;XIRECS;9972.0;2
69800;BOT_MAKER;BOT_TAKER;PEBBLES_L;XIRECS;9971.0;2
69800;SUBMISSION;BOT_TAKER;PEBBLES_XL;XIRECS;9816.0;4
71500;BOT_MAKER;BOT_TAKER;GALAXY_SOUNDS_DARK_MATTER;XIRECS;9893.0;4
71500;SUBMISSION;BOT_TAKER;GALAXY_SOUNDS_BLACK_HOLES;XIRECS;10202.0;2
71500;BOT_MAKER;BOT_TAKER;GALAXY_SOUNDS_BLACK_HOLES;XIRECS;10201.0;2
71500;SUBMISSION;BOT_TAKER;GALAXY_SOUNDS_PLANETARY_RINGS;XIRECS;9837.0;2
71500;BOT_MAKER;BOT_TAKER;GALAXY_SOUNDS_PLANETARY_RINGS;XIRECS;9836.0;2
71500;SUBMISSION;BOT_TAKER;GALAXY_SOUNDS_SOLAR_WINDS;XIRECS;9984.0;2
71500;BOT_MAKER;BOT_TAKER;GALAXY_SOUNDS_SOLAR_WINDS;XIRECS;9983.0;2
71500;BOT_MAKER;BOT_TAKER;GALAXY_SOUNDS_SOLAR_FLAMES;XIRECS;10344.0;4
71500;BOT_MAKER;BOT_TAKER;SLEEP_POD_SUEDE;XIRECS;10276.0;4
71500;BOT_MAKER;BOT_TAKER;SLEEP_POD_LAMB_WOOL;XIRECS;10460.0;4
71500;SUBMISSION;BOT_TAKER;SLEEP_POD_POLYESTER;XIRECS;9999.0;2
71500;BOT_MAKER;BOT_TAKER;SLEEP_POD_POLYESTER;XIRECS;9998.0;2
71500;BOT_MAKER;BOT_TAKER;SLEEP_POD_NYLON;XIRECS;10074.0;4
71500;SUBMISSION;BOT_TAKER;SLEEP_POD_COTTON;XIRECS;9713.0;2
71500;BOT_MAKER;BOT_TAKER;SLEEP_POD_COTTON;XIRECS;9712.0;2
71500;SUBMISSION;BOT_TAKER;ROBOT_VACUUMING;XIRECS;10069.0;2
71500;BOT_MAKER;BOT_TAKER;ROBOT_VACUUMING;XIRECS;10068.0;2
71500;SUBMISSION;BOT_TAKER;ROBOT_MOPPING;XIRECS;10386.0;2
71500;BOT_MAKER;BOT_TAKER;ROBOT_MOPPING;XIRECS;10385.0;2
71500;BOT_MAKER;BOT_TAKER;ROBOT_DISHES;XIRECS;9334.0;4
71500;BOT_MAKER;BOT_TAKER;ROBOT_LAUNDRY;XIRECS;10414.0;4
71500;SUBMISSION;BOT_TAKER;ROBOT_IRONING;XIRECS;9767.0;2
71500;BOT_MAKER;BOT_TAKER;ROBOT_IRONING;XIRECS;9766.0;2
71500;SUBMISSION;BOT_TAKER;UV_VISOR_YELLOW;XIRECS;10017.0;2
71500;BOT_MAKER;BOT_TAKER;UV_VISOR_YELLOW;XIRECS;10016.0;2
71500;SUBMISSION;BOT_TAKER;UV_VISOR_AMBER;XIRECS;9672.0;2
71500;BOT_MAKER;BOT_TAKER;UV_VISOR_AMBER;XIRECS;9671.0;2
71500;SUBMISSION;BOT_TAKER;UV_VISOR_ORANGE;XIRECS;9848.0;2
71500;BOT_MAKER;BOT_TAKER;UV_VISOR_ORANGE;XIRECS;9847.0;2
71500;BOT_MAKER;BOT_TAKER;UV_VISOR_RED;XIRECS;10356.0;4
71500;BOT_MAKER;BOT_TAKER;UV_VISOR_MAGENTA;XIRECS;10486.0;4
71500;SUBMISSION;BOT_TAKER;TRANSLATOR_SPACE_GRAY;XIRECS;9912.0;2
71500;BOT_MAKER;BOT_TAKER;TRANSLATOR_SPACE_GRAY;XIRECS;9911.0;2
71500;BOT_MAKER;BOT_TAKER;TRANSLATOR_ASTRO_BLACK;XIRECS;10085.0;4
71500;BOT_MAKER;BOT_TAKER;TRANSLATOR_ECLIPSE_CHARCOAL;XIRECS;10060.0;4
71500;SUBMISSION;BOT_TAKER;TRANSLATOR_GRAPHITE_MIST;XIRECS;10162.0;2
71500;BOT_MAKER;BOT_TAKER;TRANSLATOR_GRAPHITE_MIST;XIRECS;10161.0;2
71500;BOT_MAKER;BOT_TAKER;TRANSLATOR_VOID_BLUE;XIRECS;10137.0;4
71500;SUBMISSION;BOT_TAKER;PANEL_1X2;XIRECS;10114.0;2
71500;BOT_MAKER;BOT_TAKER;PANEL_1X2;XIRECS;10113.0;2
71500;SUBMISSION;BOT_TAKER;PANEL_2X2;XIRECS;9469.0;2
71500;BOT_MAKER;BOT_TAKER;PANEL_2X2;XIRECS;9468.0;2
71500;SUBMISSION;BOT_TAKER;PANEL_1X4;XIRECS;10030.0;2
71500;BOT_MAKER;BOT_TAKER;PANEL_1X4;XIRECS;10029.0;2
71500;BOT_MAKER;BOT_TAKER;PANEL_2X4;XIRECS;10066.0;4
71500;SUBMISSION;BOT_TAKER;PANEL_4X4;XIRECS;9829.0;2
71500;BOT_MAKER;BOT_TAKER;PANEL_4X4;XIRECS;9828.0;2
71500;SUBMISSION;BOT_TAKER;OXYGEN_SHAKE_MORNING_BREATH;XIRECS;10368.0;2
71500;BOT_MAKER;BOT_TAKER;OXYGEN_SHAKE_MORNING_BREATH;XIRECS;10367.0;2
71500;SUBMISSION;BOT_TAKER;OXYGEN_SHAKE_EVENING_BREATH;XIRECS;10076.0;2
71500;BOT_MAKER;BOT_TAKER;OXYGEN_SHAKE_EVENING_BREATH;XIRECS;10075.0;2
71500;SUBMISSION;BOT_TAKER;OXYGEN_SHAKE_MINT;XIRECS;9977.0;2
71500;BOT_MAKER;BOT_TAKER;OXYGEN_SHAKE_MINT;XIRECS;9976.0;2
71500;BOT_MAKER;BOT_TAKER;OXYGEN_SHAKE_CHOCOLATE;XIRECS;9828.0;4
71500;SUBMISSION;BOT_TAKER;OXYGEN_SHAKE_GARLIC;XIRECS;9900.0;2
71500;BOT_MAKER;BOT_TAKER;OXYGEN_SHAKE_GARLIC;XIRECS;9899.0;2
71500;BOT_MAKER;BOT_TAKER;SNACKPACK_CHOCOLATE;XIRECS;9800.0;4
71500;BOT_MAKER;BOT_TAKER;SNACKPACK_VANILLA;XIRECS;10170.0;4
71500;SUBMISSION;BOT_TAKER;SNACKPACK_PISTACHIO;XIRECS;9942.0;4
71500;BOT_MAKER;BOT_TAKER;SNACKPACK_STRAWBERRY;XIRECS;10342.0;4
71500;BOT_MAKER;BOT_TAKER;SNACKPACK_RASPBERRY;XIRECS;9930.0;4
72700;BOT_TAKER;BOT_MAKER;GALAXY_SOUNDS_DARK_MATTER;XIRECS;9946.0;3
72700;BOT_TAKER;SUBMISSION;GALAXY_SOUNDS_BLACK_HOLES;XIRECS;10220.0;3
72700;BOT_TAKER;SUBMISSION;GALAXY_SOUNDS_PLANETARY_RINGS;XIRECS;9828.0;3
72700;BOT_TAKER;SUBMISSION;GALAXY_SOUNDS_SOLAR_WINDS;XIRECS;10003.0;3
72700;BOT_TAKER;BOT_MAKER;GALAXY_SOUNDS_SOLAR_FLAMES;XIRECS;10378.0;3
72700;BOT_TAKER;SUBMISSION;SLEEP_POD_SUEDE;XIRECS;10248.0;3
72700;BOT_TAKER;SUBMISSION;SLEEP_POD_LAMB_WOOL;XIRECS;10420.0;3
72700;BOT_TAKER;SUBMISSION;SLEEP_POD_POLYESTER;XIRECS;9992.0;3
72700;BOT_TAKER;BOT_MAKER;SLEEP_POD_NYLON;XIRECS;10047.0;3
72700;BOT_TAKER;SUBMISSION;SLEEP_POD_COTTON;XIRECS;9698.0;3
72700;BOT_TAKER;SUBMISSION;ROBOT_VACUUMING;XIRECS;10095.0;2
72700;BOT_TAKER;BOT_MAKER;ROBOT_VACUUMING;XIRECS;10096.0;1
72700;BOT_TAKER;SUBMISSION;ROBOT_MOPPING;XIRECS;10332.0;3
72700;BOT_TAKER;BOT_MAKER;ROBOT_DISHES;XIRECS;9393.0;3
72700;BOT_TAKER;BOT_MAKER;ROBOT_LAUNDRY;XIRECS;10411.0;3
72700;BOT_TAKER;SUBMISSION;ROBOT_IRONING;XIRECS;9777.0;3
72700;BOT_TAKER;SUBMISSION;UV_VISOR_YELLOW;XIRECS;10015.0;3
72700;BOT_TAKER;SUBMISSION;UV_VISOR_AMBER;XIRECS;9636.0;3
72700;BOT_TAKER;SUBMISSION;UV_VISOR_ORANGE;XIRECS;9900.0;3
72700;BOT_TAKER;BOT_MAKER;UV_VISOR_RED;XIRECS;10402.0;3
72700;BOT_TAKER;BOT_MAKER;UV_VISOR_MAGENTA;XIRECS;10471.0;3
72700;BOT_TAKER;SUBMISSION;TRANSLATOR_SPACE_GRAY;XIRECS;9946.0;3
72700;BOT_TAKER;SUBMISSION;TRANSLATOR_ASTRO_BLACK;XIRECS;10088.0;3
72700;BOT_TAKER;BOT_MAKER;TRANSLATOR_ECLIPSE_CHARCOAL;XIRECS;10083.0;3
72700;BOT_TAKER;SUBMISSION;TRANSLATOR_GRAPHITE_MIST;XIRECS;10172.0;3
72700;BOT_TAKER;SUBMISSION;TRANSLATOR_VOID_BLUE;XIRECS;10165.0;3
72700;BOT_TAKER;SUBMISSION;PANEL_1X2;XIRECS;10109.0;3
72700;BOT_TAKER;SUBMISSION;PANEL_2X2;XIRECS;9506.0;3
72700;BOT_TAKER;SUBMISSION;PANEL_1X4;XIRECS;10025.0;3
72700;BOT_TAKER;BOT_MAKER;PANEL_2X4;XIRECS;9990.0;3
72700;BOT_TAKER;SUBMISSION;PANEL_4X4;XIRECS;9814.0;3
72700;BOT_TAKER;SUBMISSION;OXYGEN_SHAKE_MORNING_BREATH;XIRECS;10352.0;3
72700;BOT_TAKER;SUBMISSION;OXYGEN_SHAKE_EVENING_BREATH;XIRECS;10104.0;3
72700;BOT_TAKER;SUBMISSION;OXYGEN_SHAKE_MINT;XIRECS;10005.0;3
72700;BOT_TAKER;BOT_MAKER;OXYGEN_SHAKE_CHOCOLATE;XIRECS;9871.0;3
72700;BOT_TAKER;SUBMISSION;OXYGEN_SHAKE_GARLIC;XIRECS;9915.0;3
72700;BOT_TAKER;BOT_MAKER;SNACKPACK_CHOCOLATE;XIRECS;9813.0;3
72700;BOT_TAKER;SUBMISSION;SNACKPACK_VANILLA;XIRECS;10199.0;3
72700;BOT_TAKER;BOT_MAKER;SNACKPACK_PISTACHIO;XIRECS;9945.0;3
72700;BOT_TAKER;BOT_MAKER;SNACKPACK_STRAWBERRY;XIRECS;10348.0;3
72700;BOT_TAKER;BOT_MAKER;SNACKPACK_RASPBERRY;XIRECS;9960.0;3
73000;BOT_MAKER;BOT_TAKER;GALAXY_SOUNDS_DARK_MATTER;XIRECS;9946.0;2
73000;SUBMISSION;BOT_TAKER;GALAXY_SOUNDS_BLACK_HOLES;XIRECS;10195.0;2
73000;SUBMISSION;BOT_TAKER;GALAXY_SOUNDS_PLANETARY_RINGS;XIRECS;9812.0;2
73000;SUBMISSION;BOT_TAKER;GALAXY_SOUNDS_SOLAR_WINDS;XIRECS;9966.0;2
73000;BOT_MAKER;BOT_TAKER;GALAXY_SOUNDS_SOLAR_FLAMES;XIRECS;10367.0;2
73000;BOT_MAKER;BOT_TAKER;SLEEP_POD_SUEDE;XIRECS;10271.0;2
73000;BOT_MAKER;BOT_TAKER;SLEEP_POD_LAMB_WOOL;XIRECS;10407.0;2
73000;SUBMISSION;BOT_TAKER;SLEEP_POD_POLYESTER;XIRECS;9933.0;2
73000;SUBMISSION;BOT_TAKER;SLEEP_POD_NYLON;XIRECS;10018.0;2
73000;SUBMISSION;BOT_TAKER;SLEEP_POD_COTTON;XIRECS;9684.0;2
73000;BOT_MAKER;BOT_TAKER;ROBOT_VACUUMING;XIRECS;10085.0;2
73000;SUBMISSION;BOT_TAKER;ROBOT_MOPPING;XIRECS;10330.0;2
73000;BOT_MAKER;BOT_TAKER;ROBOT_DISHES;XIRECS;9376.0;2
73000;BOT_MAKER;BOT_TAKER;ROBOT_LAUNDRY;XIRECS;10406.0;2
73000;SUBMISSION;BOT_TAKER;ROBOT_IRONING;XIRECS;9752.0;2
73000;SUBMISSION;BOT_TAKER;UV_VISOR_YELLOW;XIRECS;10021.0;2
73000;SUBMISSION;BOT_TAKER;UV_VISOR_AMBER;XIRECS;9626.0;2
73000;SUBMISSION;BOT_TAKER;UV_VISOR_ORANGE;XIRECS;9853.0;2
73000;BOT_MAKER;BOT_TAKER;UV_VISOR_RED;XIRECS;10384.0;2
73000;BOT_MAKER;BOT_TAKER;UV_VISOR_MAGENTA;XIRECS;10452.0;2
73000;SUBMISSION;BOT_TAKER;TRANSLATOR_SPACE_GRAY;XIRECS;9971.0;2
73000;BOT_MAKER;BOT_TAKER;TRANSLATOR_ASTRO_BLACK;XIRECS;10079.0;2
73000;BOT_MAKER;BOT_TAKER;TRANSLATOR_ECLIPSE_CHARCOAL;XIRECS;10098.0;2
73000;SUBMISSION;BOT_TAKER;TRANSLATOR_GRAPHITE_MIST;XIRECS;10183.0;2
73000;BOT_MAKER;BOT_TAKER;TRANSLATOR_VOID_BLUE;XIRECS;10158.0;2
73000;SUBMISSION;BOT_TAKER;PANEL_1X2;XIRECS;10101.0;2
73000;SUBMISSION;BOT_TAKER;PANEL_2X2;XIRECS;9481.0;2
73000;SUBMISSION;BOT_TAKER;PANEL_1X4;XIRECS;10020.0;2
73000;SUBMISSION;BOT_TAKER;PANEL_2X4;XIRECS;9985.0;2
73000;SUBMISSION;BOT_TAKER;PANEL_4X4;XIRECS;9806.0;2
73000;SUBMISSION;BOT_TAKER;OXYGEN_SHAKE_MORNING_BREATH;XIRECS;10361.0;2
73000;SUBMISSION;BOT_TAKER;OXYGEN_SHAKE_EVENING_BREATH;XIRECS;10071.0;2
73000;SUBMISSION;BOT_TAKER;OXYGEN_SHAKE_MINT;XIRECS;9988.0;2
73000;BOT_MAKER;BOT_TAKER;OXYGEN_SHAKE_CHOCOLATE;XIRECS;9885.0;2
73000;SUBMISSION;BOT_TAKER;OXYGEN_SHAKE_GARLIC;XIRECS;9897.0;2
73000;BOT_MAKER;BOT_TAKER;SNACKPACK_CHOCOLATE;XIRECS;9779.0;2
73000;BOT_MAKER;BOT_TAKER;SNACKPACK_VANILLA;XIRECS;10203.0;2
73000;SUBMISSION;BOT_TAKER;SNACKPACK_PISTACHIO;XIRECS;9915.0;1
73000;BOT_MAKER;BOT_TAKER;SNACKPACK_PISTACHIO;XIRECS;9914.0;1
73000;BOT_MAKER;BOT_TAKER;SNACKPACK_STRAWBERRY;XIRECS;10298.0;2
73000;BOT_MAKER;BOT_TAKER;SNACKPACK_RASPBERRY;XIRECS;9973.0;2
73600;SUBMISSION;BOT_TAKER;PEBBLES_XS;XIRECS;10326.0;2
73600;BOT_MAKER;BOT_TAKER;PEBBLES_XS;XIRECS;10325.0;3
73600;SUBMISSION;BOT_TAKER;PEBBLES_S;XIRECS;9821.0;3
73600;BOT_MAKER;BOT_TAKER;PEBBLES_S;XIRECS;9820.0;2
73600;BOT_MAKER;BOT_TAKER;PEBBLES_M;XIRECS;10124.0;5
73600;SUBMISSION;BOT_TAKER;PEBBLES_L;XIRECS;10173.0;2
73600;BOT_MAKER;BOT_TAKER;PEBBLES_L;XIRECS;10172.0;3
73600;BOT_MAKER;BOT_TAKER;PEBBLES_XL;XIRECS;9528.0;5
75500;BOT_TAKER;SUBMISSION;PEBBLES_XS;XIRECS;10522.0;3
75500;BOT_TAKER;BOT_MAKER;PEBBLES_S;XIRECS;9894.0;3
75500;BOT_TAKER;BOT_MAKER;PEBBLES_M;XIRECS;9991.0;3
75500;BOT_TAKER;SUBMISSION;PEBBLES_L;XIRECS;10141.0;3
75500;BOT_TAKER;BOT_MAKER;PEBBLES_XL;XIRECS;9481.0;3
75900;BOT_MAKER;BOT_TAKER;GALAXY_SOUNDS_DARK_MATTER;XIRECS;9959.0;4
75900;SUBMISSION;BOT_TAKER;GALAXY_SOUNDS_BLACK_HOLES;XIRECS;10202.0;2
75900;BOT_MAKER;BOT_TAKER;GALAXY_SOUNDS_BLACK_HOLES;XIRECS;10201.0;2
75900;SUBMISSION;BOT_TAKER;GALAXY_SOUNDS_PLANETARY_RINGS;XIRECS;9772.0;2
75900;BOT_MAKER;BOT_TAKER;GALAXY_SOUNDS_PLANETARY_RINGS;XIRECS;9771.0;2
75900;SUBMISSION;BOT_TAKER;GALAXY_SOUNDS_SOLAR_WINDS;XIRECS;9930.0;2
75900;BOT_MAKER;BOT_TAKER;GALAXY_SOUNDS_SOLAR_WINDS;XIRECS;9929.0;2
75900;BOT_MAKER;BOT_TAKER;GALAXY_SOUNDS_SOLAR_FLAMES;XIRECS;10427.0;4
75900;BOT_MAKER;BOT_TAKER;SLEEP_POD_SUEDE;XIRECS;10236.0;4
75900;BOT_MAKER;BOT_TAKER;SLEEP_POD_LAMB_WOOL;XIRECS;10503.0;4
75900;SUBMISSION;BOT_TAKER;SLEEP_POD_POLYESTER;XIRECS;9913.0;2
75900;BOT_MAKER;BOT_TAKER;SLEEP_POD_POLYESTER;XIRECS;9912.0;2
75900;BOT_MAKER;BOT_TAKER;SLEEP_POD_NYLON;XIRECS;10091.0;4
75900;SUBMISSION;BOT_TAKER;SLEEP_POD_COTTON;XIRECS;9778.0;2
75900;BOT_MAKER;BOT_TAKER;SLEEP_POD_COTTON;XIRECS;9777.0;2
75900;SUBMISSION;BOT_TAKER;ROBOT_VACUUMING;XIRECS;10023.0;4
75900;SUBMISSION;BOT_TAKER;ROBOT_MOPPING;XIRECS;10320.0;2
75900;BOT_MAKER;BOT_TAKER;ROBOT_MOPPING;XIRECS;10319.0;2
75900;BOT_MAKER;BOT_TAKER;ROBOT_DISHES;XIRECS;9160.0;4
75900;BOT_MAKER;BOT_TAKER;ROBOT_LAUNDRY;XIRECS;10392.0;4
75900;SUBMISSION;BOT_TAKER;ROBOT_IRONING;XIRECS;9774.0;2
75900;BOT_MAKER;BOT_TAKER;ROBOT_IRONING;XIRECS;9773.0;2
75900;SUBMISSION;BOT_TAKER;UV_VISOR_YELLOW;XIRECS;10080.0;2
75900;BOT_MAKER;BOT_TAKER;UV_VISOR_YELLOW;XIRECS;10079.0;2
75900;SUBMISSION;BOT_TAKER;UV_VISOR_AMBER;XIRECS;9554.0;2
75900;BOT_MAKER;BOT_TAKER;UV_VISOR_AMBER;XIRECS;9553.0;2
75900;SUBMISSION;BOT_TAKER;UV_VISOR_ORANGE;XIRECS;9753.0;2
75900;BOT_MAKER;BOT_TAKER;UV_VISOR_ORANGE;XIRECS;9752.0;2
75900;BOT_MAKER;BOT_TAKER;UV_VISOR_RED;XIRECS;10364.0;4
75900;BOT_MAKER;BOT_TAKER;UV_VISOR_MAGENTA;XIRECS;10470.0;4
75900;SUBMISSION;BOT_TAKER;TRANSLATOR_SPACE_GRAY;XIRECS;9903.0;2
75900;BOT_MAKER;BOT_TAKER;TRANSLATOR_SPACE_GRAY;XIRECS;9902.0;2
75900;BOT_MAKER;BOT_TAKER;TRANSLATOR_ASTRO_BLACK;XIRECS;10116.0;4
75900;BOT_MAKER;BOT_TAKER;TRANSLATOR_ECLIPSE_CHARCOAL;XIRECS;10093.0;4
75900;SUBMISSION;BOT_TAKER;TRANSLATOR_GRAPHITE_MIST;XIRECS;10208.0;2
75900;BOT_MAKER;BOT_TAKER;TRANSLATOR_GRAPHITE_MIST;XIRECS;10207.0;2
75900;BOT_MAKER;BOT_TAKER;TRANSLATOR_VOID_BLUE;XIRECS;10232.0;4
75900;SUBMISSION;BOT_TAKER;PANEL_1X2;XIRECS;10128.0;2
75900;BOT_MAKER;BOT_TAKER;PANEL_1X2;XIRECS;10127.0;2
75900;SUBMISSION;BOT_TAKER;PANEL_2X2;XIRECS;9484.0;2
75900;BOT_MAKER;BOT_TAKER;PANEL_2X2;XIRECS;9483.0;2
75900;SUBMISSION;BOT_TAKER;PANEL_1X4;XIRECS;9962.0;2
75900;BOT_MAKER;BOT_TAKER;PANEL_1X4;XIRECS;9961.0;2
75900;SUBMISSION;BOT_TAKER;PANEL_2X4;XIRECS;9963.0;4
75900;SUBMISSION;BOT_TAKER;PANEL_4X4;XIRECS;9788.0;2
75900;BOT_MAKER;BOT_TAKER;PANEL_4X4;XIRECS;9787.0;2
75900;SUBMISSION;BOT_TAKER;OXYGEN_SHAKE_MORNING_BREATH;XIRECS;10372.0;2
75900;BOT_MAKER;BOT_TAKER;OXYGEN_SHAKE_MORNING_BREATH;XIRECS;10371.0;2
75900;SUBMISSION;BOT_TAKER;OXYGEN_SHAKE_EVENING_BREATH;XIRECS;10022.0;2
75900;BOT_MAKER;BOT_TAKER;OXYGEN_SHAKE_EVENING_BREATH;XIRECS;10021.0;2
75900;SUBMISSION;BOT_TAKER;OXYGEN_SHAKE_MINT;XIRECS;9963.0;2
75900;BOT_MAKER;BOT_TAKER;OXYGEN_SHAKE_MINT;XIRECS;9962.0;2
75900;BOT_MAKER;BOT_TAKER;OXYGEN_SHAKE_CHOCOLATE;XIRECS;9897.0;4
75900;SUBMISSION;BOT_TAKER;OXYGEN_SHAKE_GARLIC;XIRECS;9903.0;2
75900;BOT_MAKER;BOT_TAKER;OXYGEN_SHAKE_GARLIC;XIRECS;9902.0;2
75900;BOT_MAKER;BOT_TAKER;SNACKPACK_CHOCOLATE;XIRECS;9805.0;4
75900;BOT_MAKER;BOT_TAKER;SNACKPACK_VANILLA;XIRECS;10186.0;4
75900;BOT_MAKER;BOT_TAKER;SNACKPACK_PISTACHIO;XIRECS;9937.0;4
75900;BOT_MAKER;BOT_TAKER;SNACKPACK_STRAWBERRY;XIRECS;10328.0;4
75900;BOT_MAKER;BOT_TAKER;SNACKPACK_RASPBERRY;XIRECS;9937.0;4
80100;SUBMISSION;BOT_TAKER;PEBBLES_XS;XIRECS;10540.0;2
80100;BOT_MAKER;BOT_TAKER;PEBBLES_XS;XIRECS;10539.0;2
80100;BOT_MAKER;BOT_TAKER;PEBBLES_S;XIRECS;9853.0;4
80100;SUBMISSION;BOT_TAKER;PEBBLES_M;XIRECS;9823.0;4
80100;SUBMISSION;BOT_TAKER;PEBBLES_L;XIRECS;10105.0;2
80100;BOT_MAKER;BOT_TAKER;PEBBLES_L;XIRECS;10104.0;2
80100;BOT_MAKER;BOT_TAKER;PEBBLES_XL;XIRECS;9651.0;4
80300;SUBMISSION;BOT_TAKER;MICROCHIP_CIRCLE;XIRECS;9461.0;1
80300;SUBMISSION;BOT_TAKER;MICROCHIP_OVAL;XIRECS;10311.0;1
80300;SUBMISSION;BOT_TAKER;MICROCHIP_SQUARE;XIRECS;9882.0;1
80300;SUBMISSION;BOT_TAKER;MICROCHIP_RECTANGLE;XIRECS;9672.0;1
80300;SUBMISSION;BOT_TAKER;MICROCHIP_TRIANGLE;XIRECS;9765.0;1
80800;BOT_MAKER;BOT_TAKER;GALAXY_SOUNDS_DARK_MATTER;XIRECS;9905.0;4
80800;BOT_MAKER;BOT_TAKER;GALAXY_SOUNDS_BLACK_HOLES;XIRECS;10089.0;4
80800;BOT_MAKER;BOT_TAKER;GALAXY_SOUNDS_PLANETARY_RINGS;XIRECS;9652.0;4
80800;BOT_MAKER;BOT_TAKER;GALAXY_SOUNDS_SOLAR_WINDS;XIRECS;10048.0;4
80800;BOT_MAKER;BOT_TAKER;GALAXY_SOUNDS_SOLAR_FLAMES;XIRECS;10590.0;4
80800;BOT_MAKER;BOT_TAKER;SLEEP_POD_SUEDE;XIRECS;10230.0;4
80800;BOT_MAKER;BOT_TAKER;SLEEP_POD_LAMB_WOOL;XIRECS;10466.0;4
80800;BOT_MAKER;BOT_TAKER;SLEEP_POD_POLYESTER;XIRECS;9922.0;4
80800;BOT_MAKER;BOT_TAKER;SLEEP_POD_NYLON;XIRECS;10121.0;4
80800;BOT_MAKER;BOT_TAKER;SLEEP_POD_COTTON;XIRECS;9750.0;4
80800;SUBMISSION;BOT_TAKER;ROBOT_VACUUMING;XIRECS;10004.0;4
80800;BOT_MAKER;BOT_TAKER;ROBOT_MOPPING;XIRECS;10389.0;4
80800;BOT_MAKER;BOT_TAKER;ROBOT_DISHES;XIRECS;9262.0;4
80800;BOT_MAKER;BOT_TAKER;ROBOT_LAUNDRY;XIRECS;10436.0;4
80800;BOT_MAKER;BOT_TAKER;ROBOT_IRONING;XIRECS;9811.0;4
80800;BOT_MAKER;BOT_TAKER;UV_VISOR_YELLOW;XIRECS;9921.0;4
80800;BOT_MAKER;BOT_TAKER;UV_VISOR_AMBER;XIRECS;9476.0;4
80800;BOT_MAKER;BOT_TAKER;UV_VISOR_ORANGE;XIRECS;9639.0;4
80800;BOT_MAKER;BOT_TAKER;UV_VISOR_RED;XIRECS;10249.0;4
80800;BOT_MAKER;BOT_TAKER;UV_VISOR_MAGENTA;XIRECS;10434.0;4
80800;BOT_MAKER;BOT_TAKER;TRANSLATOR_SPACE_GRAY;XIRECS;9869.0;4
80800;BOT_MAKER;BOT_TAKER;TRANSLATOR_ASTRO_BLACK;XIRECS;10074.0;4
80800;BOT_MAKER;BOT_TAKER;TRANSLATOR_ECLIPSE_CHARCOAL;XIRECS;10118.0;4
80800;BOT_MAKER;BOT_TAKER;TRANSLATOR_GRAPHITE_MIST;XIRECS;10117.0;4
80800;BOT_MAKER;BOT_TAKER;TRANSLATOR_VOID_BLUE;XIRECS;10364.0;4
80800;BOT_MAKER;BOT_TAKER;PANEL_1X2;XIRECS;10058.0;4
80800;BOT_MAKER;BOT_TAKER;PANEL_2X2;XIRECS;9343.0;4
80800;BOT_MAKER;BOT_TAKER;PANEL_1X4;XIRECS;9996.0;4
80800;SUBMISSION;BOT_TAKER;PANEL_2X4;XIRECS;9881.0;4
80800;BOT_MAKER;BOT_TAKER;PANEL_4X4;XIRECS;9874.0;4
80800;BOT_MAKER;BOT_TAKER;OXYGEN_SHAKE_MORNING_BREATH;XIRECS;10475.0;4
80800;BOT_MAKER;BOT_TAKER;OXYGEN_SHAKE_EVENING_BREATH;XIRECS;10015.0;4
80800;BOT_MAKER;BOT_TAKER;OXYGEN_SHAKE_MINT;XIRECS;10006.0;4
80800;BOT_MAKER;BOT_TAKER;OXYGEN_SHAKE_CHOCOLATE;XIRECS;9765.0;4
80800;BOT_MAKER;BOT_TAKER;OXYGEN_SHAKE_GARLIC;XIRECS;9859.0;4
80800;BOT_MAKER;BOT_TAKER;SNACKPACK_CHOCOLATE;XIRECS;9771.0;4
80800;BOT_MAKER;BOT_TAKER;SNACKPACK_VANILLA;XIRECS;10224.0;4
80800;BOT_MAKER;BOT_TAKER;SNACKPACK_PISTACHIO;XIRECS;9980.0;4
80800;BOT_MAKER;BOT_TAKER;SNACKPACK_STRAWBERRY;XIRECS;10396.0;4
80800;BOT_MAKER;BOT_TAKER;SNACKPACK_RASPBERRY;XIRECS;9877.0;4
82100;BOT_TAKER;SUBMISSION;PEBBLES_XS;XIRECS;10527.0;3
82100;BOT_TAKER;BOT_MAKER;PEBBLES_S;XIRECS;9875.0;3
82100;BOT_TAKER;BOT_MAKER;PEBBLES_M;XIRECS;9928.0;3
82100;BOT_TAKER;SUBMISSION;PEBBLES_L;XIRECS;9984.0;3
82100;BOT_TAKER;BOT_MAKER;PEBBLES_XL;XIRECS;9715.0;3
82800;BOT_TAKER;SUBMISSION;MICROCHIP_CIRCLE;XIRECS;9449.0;2
82800;BOT_TAKER;SUBMISSION;MICROCHIP_OVAL;XIRECS;10284.0;2
82800;BOT_TAKER;SUBMISSION;MICROCHIP_SQUARE;XIRECS;9957.0;2
82800;BOT_TAKER;BOT_MAKER;MICROCHIP_RECTANGLE;XIRECS;9761.0;2
82800;BOT_TAKER;BOT_MAKER;MICROCHIP_TRIANGLE;XIRECS;9761.0;2
83100;SUBMISSION;BOT_TAKER;PEBBLES_XS;XIRECS;10437.0;2
83100;BOT_MAKER;BOT_TAKER;PEBBLES_XS;XIRECS;10436.0;3
83100;BOT_MAKER;BOT_TAKER;PEBBLES_S;XIRECS;9864.0;5
83100;SUBMISSION;BOT_TAKER;PEBBLES_M;XIRECS;9966.0;1
83100;BOT_MAKER;BOT_TAKER;PEBBLES_M;XIRECS;9965.0;4
83100;SUBMISSION;BOT_TAKER;PEBBLES_L;XIRECS;9969.0;2
83100;BOT_MAKER;BOT_TAKER;PEBBLES_L;XIRECS;9968.0;3
83100;BOT_MAKER;BOT_TAKER;PEBBLES_XL;XIRECS;9736.0;5
89100;SUBMISSION;BOT_TAKER;PEBBLES_XS;XIRECS;10322.0;2
89100;BOT_MAKER;BOT_TAKER;PEBBLES_XS;XIRECS;10321.0;3
89100;BOT_MAKER;BOT_TAKER;PEBBLES_S;XIRECS;9824.0;5
89100;SUBMISSION;BOT_TAKER;PEBBLES_M;XIRECS;9760.0;5
89100;SUBMISSION;BOT_TAKER;PEBBLES_L;XIRECS;9948.0;2
89100;BOT_MAKER;BOT_TAKER;PEBBLES_L;XIRECS;9947.0;3
89100;BOT_MAKER;BOT_TAKER;PEBBLES_XL;XIRECS;10118.0;5
92000;SUBMISSION;BOT_TAKER;PEBBLES_XS;XIRECS;10288.0;2
92000;BOT_MAKER;BOT_TAKER;PEBBLES_XS;XIRECS;10287.0;3
92000;BOT_MAKER;BOT_TAKER;PEBBLES_S;XIRECS;9773.0;5
92000;SUBMISSION;BOT_TAKER;PEBBLES_M;XIRECS;9794.0;2
92000;BOT_MAKER;BOT_TAKER;PEBBLES_M;XIRECS;9793.0;3
92000;SUBMISSION;BOT_TAKER;PEBBLES_L;XIRECS;9963.0;2
92000;BOT_MAKER;BOT_TAKER;PEBBLES_L;XIRECS;9962.0;3
92000;BOT_MAKER;BOT_TAKER;PEBBLES_XL;XIRECS;10154.0;5
93000;BOT_MAKER;BOT_TAKER;GALAXY_SOUNDS_DARK_MATTER;XIRECS;9998.0;4
93000;BOT_MAKER;BOT_TAKER;GALAXY_SOUNDS_BLACK_HOLES;XIRECS;10236.0;4
93000;BOT_MAKER;BOT_TAKER;GALAXY_SOUNDS_PLANETARY_RINGS;XIRECS;9747.0;4
93000;BOT_MAKER;BOT_TAKER;GALAXY_SOUNDS_SOLAR_WINDS;XIRECS;9965.0;4
93000;BOT_MAKER;BOT_TAKER;GALAXY_SOUNDS_SOLAR_FLAMES;XIRECS;10664.0;4
93000;BOT_MAKER;BOT_TAKER;SLEEP_POD_SUEDE;XIRECS;10269.0;4
93000;BOT_MAKER;BOT_TAKER;SLEEP_POD_LAMB_WOOL;XIRECS;10516.0;4
93000;BOT_MAKER;BOT_TAKER;SLEEP_POD_POLYESTER;XIRECS;10047.0;4
93000;BOT_MAKER;BOT_TAKER;SLEEP_POD_NYLON;XIRECS;10135.0;4
93000;BOT_MAKER;BOT_TAKER;SLEEP_POD_COTTON;XIRECS;9739.0;4
93000;SUBMISSION;BOT_TAKER;ROBOT_VACUUMING;XIRECS;10040.0;3
93000;BOT_MAKER;BOT_TAKER;ROBOT_VACUUMING;XIRECS;10039.0;1
93000;BOT_MAKER;BOT_TAKER;ROBOT_MOPPING;XIRECS;10318.0;4
93000;BOT_MAKER;BOT_TAKER;ROBOT_DISHES;XIRECS;8895.0;4
93000;BOT_MAKER;BOT_TAKER;ROBOT_LAUNDRY;XIRECS;10528.0;4
93000;BOT_MAKER;BOT_TAKER;ROBOT_IRONING;XIRECS;9828.0;4
93000;BOT_MAKER;BOT_TAKER;UV_VISOR_YELLOW;XIRECS;9847.0;4
93000;BOT_MAKER;BOT_TAKER;UV_VISOR_AMBER;XIRECS;9376.0;4
93000;BOT_MAKER;BOT_TAKER;UV_VISOR_ORANGE;XIRECS;9623.0;4
93000;BOT_MAKER;BOT_TAKER;UV_VISOR_RED;XIRECS;10341.0;4
93000;BOT_MAKER;BOT_TAKER;UV_VISOR_MAGENTA;XIRECS;10595.0;4
93000;BOT_MAKER;BOT_TAKER;TRANSLATOR_SPACE_GRAY;XIRECS;9691.0;4
93000;BOT_MAKER;BOT_TAKER;TRANSLATOR_ASTRO_BLACK;XIRECS;10164.0;4
93000;SUBMISSION;BOT_TAKER;TRANSLATOR_ECLIPSE_CHARCOAL;XIRECS;9963.0;4
93000;BOT_MAKER;BOT_TAKER;TRANSLATOR_GRAPHITE_MIST;XIRECS;10102.0;4
93000;BOT_MAKER;BOT_TAKER;TRANSLATOR_VOID_BLUE;XIRECS;10405.0;4
93000;BOT_MAKER;BOT_TAKER;PANEL_1X2;XIRECS;10147.0;4
93000;BOT_MAKER;BOT_TAKER;PANEL_2X2;XIRECS;9538.0;4
93000;BOT_MAKER;BOT_TAKER;PANEL_1X4;XIRECS;9905.0;4
93000;SUBMISSION;BOT_TAKER;PANEL_2X4;XIRECS;9963.0;4
93000;BOT_MAKER;BOT_TAKER;PANEL_4X4;XIRECS;9804.0;4
93000;BOT_MAKER;BOT_TAKER;OXYGEN_SHAKE_MORNING_BREATH;XIRECS;10374.0;4
93000;BOT_MAKER;BOT_TAKER;OXYGEN_SHAKE_EVENING_BREATH;XIRECS;9929.0;4
93000;BOT_MAKER;BOT_TAKER;OXYGEN_SHAKE_MINT;XIRECS;9829.0;4
93000;BOT_MAKER;BOT_TAKER;OXYGEN_SHAKE_CHOCOLATE;XIRECS;9778.0;4
93000;BOT_MAKER;BOT_TAKER;OXYGEN_SHAKE_GARLIC;XIRECS;9930.0;4
93000;BOT_MAKER;BOT_TAKER;SNACKPACK_CHOCOLATE;XIRECS;9848.0;4
93000;BOT_MAKER;BOT_TAKER;SNACKPACK_VANILLA;XIRECS;10156.0;4
93000;BOT_MAKER;BOT_TAKER;SNACKPACK_PISTACHIO;XIRECS;10025.0;4
93000;BOT_MAKER;BOT_TAKER;SNACKPACK_STRAWBERRY;XIRECS;10573.0;4
93000;BOT_MAKER;BOT_TAKER;SNACKPACK_RASPBERRY;XIRECS;9729.0;4
93200;SUBMISSION;BOT_TAKER;PEBBLES_XS;XIRECS;10280.0;1
93200;BOT_MAKER;BOT_TAKER;PEBBLES_XS;XIRECS;10279.0;4
93200;BOT_MAKER;BOT_TAKER;PEBBLES_S;XIRECS;9757.0;5
93200;BOT_MAKER;BOT_TAKER;PEBBLES_M;XIRECS;9790.0;5
93200;SUBMISSION;BOT_TAKER;PEBBLES_L;XIRECS;9892.0;1
93200;BOT_MAKER;BOT_TAKER;PEBBLES_L;XIRECS;9891.0;4
93200;BOT_MAKER;BOT_TAKER;PEBBLES_XL;XIRECS;10252.0;5
94700;BOT_MAKER;BOT_TAKER;PEBBLES_XS;XIRECS;10198.0;5
94700;BOT_MAKER;BOT_TAKER;PEBBLES_S;XIRECS;9743.0;5
94700;BOT_MAKER;BOT_TAKER;PEBBLES_M;XIRECS;9853.0;5
94700;BOT_MAKER;BOT_TAKER;PEBBLES_L;XIRECS;9962.0;5
94700;BOT_MAKER;BOT_TAKER;PEBBLES_XL;XIRECS;10213.0;5
95400;SUBMISSION;BOT_TAKER;MICROCHIP_CIRCLE;XIRECS;9428.0;1
95400;SUBMISSION;BOT_TAKER;MICROCHIP_OVAL;XIRECS;10177.0;1
95400;SUBMISSION;BOT_TAKER;MICROCHIP_SQUARE;XIRECS;10175.0;1
95400;SUBMISSION;BOT_TAKER;MICROCHIP_RECTANGLE;XIRECS;9784.0;1
95400;SUBMISSION;BOT_TAKER;MICROCHIP_TRIANGLE;XIRECS;9896.0;1
96600;BOT_TAKER;SUBMISSION;PEBBLES_XS;XIRECS;10114.0;4
96600;BOT_TAKER;BOT_MAKER;PEBBLES_S;XIRECS;9662.0;4
96600;BOT_TAKER;BOT_MAKER;PEBBLES_M;XIRECS;9914.0;4
96600;BOT_TAKER;SUBMISSION;PEBBLES_L;XIRECS;9986.0;4
96600;BOT_TAKER;SUBMISSION;PEBBLES_XL;XIRECS;10352.0;4
97400;BOT_MAKER;BOT_TAKER;GALAXY_SOUNDS_DARK_MATTER;XIRECS;9975.0;1
97400;BOT_MAKER;BOT_TAKER;GALAXY_SOUNDS_BLACK_HOLES;XIRECS;10178.0;1
97400;BOT_MAKER;BOT_TAKER;GALAXY_SOUNDS_PLANETARY_RINGS;XIRECS;9857.0;1
97400;BOT_MAKER;BOT_TAKER;GALAXY_SOUNDS_SOLAR_WINDS;XIRECS;9972.0;1
97400;BOT_MAKER;BOT_TAKER;GALAXY_SOUNDS_SOLAR_FLAMES;XIRECS;10641.0;1
97400;BOT_MAKER;BOT_TAKER;SLEEP_POD_SUEDE;XIRECS;10248.0;1
97400;BOT_MAKER;BOT_TAKER;SLEEP_POD_LAMB_WOOL;XIRECS;10655.0;1
97400;BOT_MAKER;BOT_TAKER;SLEEP_POD_POLYESTER;XIRECS;10064.0;1
97400;BOT_MAKER;BOT_TAKER;SLEEP_POD_NYLON;XIRECS;10079.0;1
97400;BOT_MAKER;BOT_TAKER;SLEEP_POD_COTTON;XIRECS;9677.0;1
97400;SUBMISSION;BOT_TAKER;ROBOT_VACUUMING;XIRECS;10033.0;1
97400;BOT_MAKER;BOT_TAKER;ROBOT_MOPPING;XIRECS;10398.0;1
97400;BOT_MAKER;BOT_TAKER;ROBOT_DISHES;XIRECS;8900.0;1
97400;BOT_MAKER;BOT_TAKER;ROBOT_LAUNDRY;XIRECS;10494.0;1
97400;BOT_MAKER;BOT_TAKER;ROBOT_IRONING;XIRECS;9847.0;1
97400;BOT_MAKER;BOT_TAKER;UV_VISOR_YELLOW;XIRECS;9904.0;1
97400;BOT_MAKER;BOT_TAKER;UV_VISOR_AMBER;XIRECS;9392.0;1
97400;BOT_MAKER;BOT_TAKER;UV_VISOR_ORANGE;XIRECS;9593.0;1
97400;BOT_MAKER;BOT_TAKER;UV_VISOR_RED;XIRECS;10351.0;1
97400;BOT_MAKER;BOT_TAKER;UV_VISOR_MAGENTA;XIRECS;10636.0;1
97400;BOT_MAKER;BOT_TAKER;TRANSLATOR_SPACE_GRAY;XIRECS;9573.0;1
97400;BOT_MAKER;BOT_TAKER;TRANSLATOR_ASTRO_BLACK;XIRECS;10204.0;1
97400;SUBMISSION;BOT_TAKER;TRANSLATOR_ECLIPSE_CHARCOAL;XIRECS;9988.0;1
97400;BOT_MAKER;BOT_TAKER;TRANSLATOR_GRAPHITE_MIST;XIRECS;10215.0;1
97400;BOT_MAKER;BOT_TAKER;TRANSLATOR_VOID_BLUE;XIRECS;10509.0;1
97400;BOT_MAKER;BOT_TAKER;PANEL_1X2;XIRECS;10148.0;1
97400;BOT_MAKER;BOT_TAKER;PANEL_2X2;XIRECS;9508.0;1
97400;BOT_MAKER;BOT_TAKER;PANEL_1X4;XIRECS;9841.0;1
97400;BOT_MAKER;BOT_TAKER;PANEL_2X4;XIRECS;9915.0;1
97400;BOT_MAKER;BOT_TAKER;PANEL_4X4;XIRECS;9787.0;1
97400;BOT_MAKER;BOT_TAKER;OXYGEN_SHAKE_MORNING_BREATH;XIRECS;10405.0;1
97400;BOT_MAKER;BOT_TAKER;OXYGEN_SHAKE_EVENING_BREATH;XIRECS;9816.0;1
97400;BOT_MAKER;BOT_TAKER;OXYGEN_SHAKE_MINT;XIRECS;9846.0;1
97400;BOT_MAKER;BOT_TAKER;OXYGEN_SHAKE_CHOCOLATE;XIRECS;9851.0;1
97400;BOT_MAKER;BOT_TAKER;OXYGEN_SHAKE_GARLIC;XIRECS;9995.0;1
97400;BOT_MAKER;BOT_TAKER;SNACKPACK_CHOCOLATE;XIRECS;9932.0;1
97400;BOT_MAKER;BOT_TAKER;SNACKPACK_VANILLA;XIRECS;10088.0;1
97400;BOT_MAKER;BOT_TAKER;SNACKPACK_PISTACHIO;XIRECS;9979.0;1
97400;BOT_MAKER;BOT_TAKER;SNACKPACK_STRAWBERRY;XIRECS;10521.0;1
97400;BOT_MAKER;BOT_TAKER;SNACKPACK_RASPBERRY;XIRECS;9792.0;1
98300;BOT_TAKER;SUBMISSION;PEBBLES_XS;XIRECS;10080.0;5
98300;BOT_TAKER;BOT_MAKER;PEBBLES_S;XIRECS;9573.0;5
98300;BOT_TAKER;BOT_MAKER;PEBBLES_M;XIRECS;9911.0;5
98300;BOT_TAKER;SUBMISSION;PEBBLES_L;XIRECS;9970.0;5
98300;BOT_TAKER;SUBMISSION;PEBBLES_XL;XIRECS;10493.0;5
101000;SUBMISSION;BOT_TAKER;PEBBLES_XS;XIRECS;10099.0;2
101000;BOT_MAKER;BOT_TAKER;PEBBLES_XS;XIRECS;10098.0;2
101000;BOT_MAKER;BOT_TAKER;PEBBLES_S;XIRECS;9619.0;4
101000;BOT_MAKER;BOT_TAKER;PEBBLES_M;XIRECS;9803.0;4
101000;SUBMISSION;BOT_TAKER;PEBBLES_L;XIRECS;9826.0;2
101000;BOT_MAKER;BOT_TAKER;PEBBLES_L;XIRECS;9825.0;2
101000;BOT_MAKER;BOT_TAKER;PEBBLES_XL;XIRECS;10624.0;4
101600;SUBMISSION;BOT_TAKER;MICROCHIP_CIRCLE;XIRECS;9414.0;2
101600;SUBMISSION;BOT_TAKER;MICROCHIP_OVAL;XIRECS;10196.0;2
101600;SUBMISSION;BOT_TAKER;MICROCHIP_SQUARE;XIRECS;10180.0;2
101600;SUBMISSION;BOT_TAKER;MICROCHIP_RECTANGLE;XIRECS;9755.0;2
101600;BOT_MAKER;BOT_TAKER;MICROCHIP_TRIANGLE;XIRECS;10037.0;2
104000;BOT_TAKER;SUBMISSION;PEBBLES_XS;XIRECS;10196.0;3
104000;BOT_TAKER;BOT_MAKER;PEBBLES_S;XIRECS;9673.0;3
104000;BOT_TAKER;BOT_MAKER;PEBBLES_M;XIRECS;9817.0;3
104000;BOT_TAKER;SUBMISSION;PEBBLES_L;XIRECS;9834.0;3
104000;BOT_TAKER;SUBMISSION;PEBBLES_XL;XIRECS;10508.0;3
106000;BOT_TAKER;SUBMISSION;GALAXY_SOUNDS_DARK_MATTER;XIRECS;10031.0;3
106000;BOT_TAKER;SUBMISSION;GALAXY_SOUNDS_BLACK_HOLES;XIRECS;10306.0;3
106000;BOT_TAKER;SUBMISSION;GALAXY_SOUNDS_PLANETARY_RINGS;XIRECS;10065.0;3
106000;BOT_TAKER;SUBMISSION;GALAXY_SOUNDS_SOLAR_WINDS;XIRECS;10022.0;3
106000;BOT_TAKER;BOT_MAKER;GALAXY_SOUNDS_SOLAR_FLAMES;XIRECS;10672.0;3
