day;timestamp;product;bid_price_1;bid_volume_1;bid_price_2;bid_volume_2;bid_price_3;bid_volume_3;ask_price_1;ask_volume_1;ask_price_2;ask_volume_2;ask_price_3;ask_volume_3;mid_price;profit_and_loss
-1;0;ASH_COATED_OSMIUM;9992;11;9990;28;;;10008;11;10010;28;;;10000.0;0.0
-1;0;INTARIAN_PEPPER_ROOT;10194;8;10192;22;;;10206;8;10208;22;;;10200.0;0.0
-1;100;ASH_COATED_OSMIUM;9989;30;;;;;;;;;;;9989.0;0.0
-1;100;INTARIAN_PEPPER_ROOT;10194;9;10192;19;;;10206;9;10208;19;;;10200.0;0.0
-1;200;ASH_COATED_OSMIUM;9992;12;9989;28;;;10008;12;10010;28;;;10000.0;0.0
-1;200;INTARIAN_PEPPER_ROOT;10195;10;10192;21;;;10206;10;;;;;10200.5;0.0
-1;300;ASH_COATED_OSMIUM;9991;12;9989;25;;;10007;12;10010;25;;;9999.0;0.0
-1;300;INTARIAN_PEPPER_ROOT;10195;11;10192;15;;;10208;15;;;;;10201.5;0.0
-1;400;ASH_COATED_OSMIUM;9992;12;9989;26;;;10008;12;10010;26;;;10000.0;0.0
-1;400;INTARIAN_PEPPER_ROOT;10195;9;;;;;10206;9;;;;;10200.5;0.0
-1;500;ASH_COATED_OSMIUM;;;;;;;10007;15;10010;26;;;10007.0;0.0
-1;500;INTARIAN_PEPPER_ROOT;10195;10;10192;24;;;10206;10;10209;24;;;10200.5;0.0
-1;600;ASH_COATED_OSMIUM;9992;15;9989;25;;;10008;15;10010;25;;;10000.0;0.0
-1;600;INTARIAN_PEPPER_ROOT;10192;17;;;;;10209;17;;;;;10200.5;0.0
-1;700;ASH_COATED_OSMIUM;9992;10;9989;21;;;10008;10;10010;21;;;10000.0;0.0
-1;700;INTARIAN_PEPPER_ROOT;10195;8;10193;24;;;10209;24;;;;;10202.0;0.0
-1;800;ASH_COATED_OSMIUM;9992;12;;;;;10010;21;;;;;10001.0;0.0
-1;800;INTARIAN_PEPPER_ROOT;10195;12;10193;19;;;10206;12;;;;;10200.5;0.0
-1;900;ASH_COATED_OSMIUM;9991;11;;;;;10007;11;;;;;9999.0;0.0
-1;900;INTARIAN_PEPPER_ROOT;10195;8;10193;19;;;10209;19;;;;;10202.0;0.0
-1;1000;ASH_COATED_OSMIUM;9989;29;;;;;10010;29;;;;;9999.5;0.0
-1;1000;INTARIAN_PEPPER_ROOT;10195;12;10193;24;;;10207;12;;;;;10201.0;0.0
-1;1100;ASH_COATED_OSMIUM;9991;10;;;;;10007;10;10009;26;;;9999.0;0.0
-1;1100;INTARIAN_PEPPER_ROOT;10195;11;10193;19;;;10207;11;;;;;10201.0;0.0
-1;1200;ASH_COATED_OSMIUM;9991;15;;;;;10007;15;10010;22;;;9999.0;0.0
-1;1200;INTARIAN_PEPPER_ROOT;10196;8;10193;21;;;10207;8;10209;21;;;10201.5;0.0
-1;1300;ASH_COATED_OSMIUM;9991;13;9988;26;;;10007;13;10009;26;;;9999.0;0.0
-1;1300;INTARIAN_PEPPER_ROOT;10196;12;10193;20;;;10209;20;;;;;10202.5;0.0
-1;1400;ASH_COATED_OSMIUM;9991;12;9988;20;;;10007;12;;;;;9999.0;0.0
-1;1400;INTARIAN_PEPPER_ROOT;;;;;;;10207;8;10210;21;;;10207.0;0.0
-1;1500;ASH_COATED_OSMIUM;9989;26;;;;;10007;10;10010;26;;;9998.0;0.0
-1;1500;INTARIAN_PEPPER_ROOT;10196;12;10193;23;;;10207;12;10210;23;;;10201.5;0.0
-1;1600;ASH_COATED_OSMIUM;9991;15;9989;25;;;10007;15;10010;25;;;9999.0;0.0
-1;1600;INTARIAN_PEPPER_ROOT;10196;10;10193;20;;;10207;10;10210;20;;;10201.5;0.0
-1;1700;ASH_COATED_OSMIUM;9991;10;9989;20;;;10007;10;10010;20;;;9999.0;0.0
-1;1700;INTARIAN_PEPPER_ROOT;10196;8;10194;25;;;10207;8;;;;;10201.5;0.0
-1;1800;ASH_COATED_OSMIUM;9991;14;9989;24;;;10010;24;;;;;10000.5;0.0
-1;1800;INTARIAN_PEPPER_ROOT;10196;11;10194;24;;;10207;11;10210;24;;;10201.5;0.0
-1;1900;ASH_COATED_OSMIUM;9991;10;9988;28;;;10007;10;10009;28;;;9999.0;0.0
-1;1900;INTARIAN_PEPPER_ROOT;10196;10;;;;;10208;10;;;;;10202.0;0.0
-1;2000;ASH_COATED_OSMIUM;;;;;;;10008;12;;;;;10008.0;0.0
-1;2000;INTARIAN_PEPPER_ROOT;10196;9;10194;21;;;10208;9;10210;21;;;10202.0;0.0
-1;2100;ASH_COATED_OSMIUM;9991;10;9989;26;;;9996;7;10007;10;10010;26;9993.5;0.0
-1;2100;INTARIAN_PEPPER_ROOT;10196;12;10194;18;;;10208;12;10210;18;;;10202.0;0.0
-1;2200;ASH_COATED_OSMIUM;9991;12;9989;22;;;10007;12;10010;22;;;9999.0;0.0
-1;2200;INTARIAN_PEPPER_ROOT;10197;11;10194;17;;;10208;11;10210;17;;;10202.5;0.0
-1;2300;ASH_COATED_OSMIUM;9991;10;9989;29;;;10007;10;10010;29;;;9999.0;0.0
-1;2300;INTARIAN_PEPPER_ROOT;10197;10;10194;22;;;10208;10;10210;22;;;10202.5;0.0
-1;2400;ASH_COATED_OSMIUM;9992;10;9989;21;;;10008;10;10010;21;;;10000.0;0.0
-1;2400;INTARIAN_PEPPER_ROOT;10194;18;;;;;10211;18;;;;;10202.5;0.0
-1;2500;ASH_COATED_OSMIUM;9989;20;;;;;10008;15;10010;20;;;9998.5;0.0
-1;2500;INTARIAN_PEPPER_ROOT;10197;8;10194;22;;;10208;8;10211;22;;;10202.5;0.0
-1;2600;ASH_COATED_OSMIUM;9992;15;9990;26;;;10008;15;10011;26;;;10000.0;0.0
-1;2600;INTARIAN_PEPPER_ROOT;10197;9;;;;;10208;9;;;;;10202.5;0.0
-1;2700;ASH_COATED_OSMIUM;9997;1;9992;15;;;10008;15;10010;20;;;10002.5;0.0
-1;2700;INTARIAN_PEPPER_ROOT;10197;11;10195;25;;;10208;11;10211;25;;;10202.5;0.0
-1;2800;ASH_COATED_OSMIUM;9992;11;9990;27;;;10008;11;10011;27;;;10000.0;0.0
-1;2800;INTARIAN_PEPPER_ROOT;10195;25;;;;;10208;11;10211;25;;;10201.5;0.0
-1;2900;ASH_COATED_OSMIUM;9990;23;;;;;10008;15;10011;23;;;9999.0;0.0
-1;2900;INTARIAN_PEPPER_ROOT;10197;9;;;;;10209;9;10211;25;;;10203.0;0.0
-1;3000;ASH_COATED_OSMIUM;9993;14;9990;30;;;10009;14;;;;;10001.0;0.0
-1;3000;INTARIAN_PEPPER_ROOT;10197;9;10195;15;;;10209;9;10211;15;;;10203.0;0.0
-1;3100;ASH_COATED_OSMIUM;9990;20;;;;;10008;15;10011;20;;;9999.0;0.0
-1;3100;INTARIAN_PEPPER_ROOT;10197;11;10195;23;;;10209;11;10211;23;;;10203.0;0.0
-1;3200;ASH_COATED_OSMIUM;9990;25;;;;;10009;11;10011;25;;;9999.5;0.0
-1;3200;INTARIAN_PEPPER_ROOT;10198;12;10195;24;;;10211;24;;;;;10204.5;0.0
-1;3300;ASH_COATED_OSMIUM;9993;12;;;;;10009;12;10012;23;;;10001.0;0.0
-1;3300;INTARIAN_PEPPER_ROOT;10206;6;10198;10;;;10209;10;10211;16;;;10207.5;0.0
-1;3400;ASH_COATED_OSMIUM;9993;12;9990;27;;;10009;12;10011;27;;;10001.0;0.0
-1;3400;INTARIAN_PEPPER_ROOT;10195;25;;;;;;;;;;;10195.0;0.0
-1;3500;ASH_COATED_OSMIUM;9993;12;;;;;10009;12;10011;28;;;10001.0;0.0
-1;3500;INTARIAN_PEPPER_ROOT;10195;22;;;;;10209;12;10212;22;;;10202.0;0.0
-1;3600;ASH_COATED_OSMIUM;9993;12;9991;30;;;10009;12;10012;30;;;10001.0;0.0
-1;3600;INTARIAN_PEPPER_ROOT;10198;9;10195;25;;;10209;9;10212;25;;;10203.5;0.0
-1;3700;ASH_COATED_OSMIUM;9991;21;;;;;10009;12;10012;21;;;10000.0;0.0
-1;3700;INTARIAN_PEPPER_ROOT;10198;12;10196;23;;;10209;12;10212;23;;;10203.5;0.0
-1;3800;ASH_COATED_OSMIUM;9993;15;;;;;10009;15;10012;25;;;10001.0;0.0
-1;3800;INTARIAN_PEPPER_ROOT;10198;10;10196;24;;;10209;10;;;;;10203.5;0.0
-1;3900;ASH_COATED_OSMIUM;9990;28;;;;;10009;15;10011;28;;;9999.5;0.0
-1;3900;INTARIAN_PEPPER_ROOT;10198;11;;;;;10210;11;;;;;10204.0;0.0
-1;4000;ASH_COATED_OSMIUM;9991;21;;;;;10010;11;10012;21;;;10000.5;0.0
-1;4000;INTARIAN_PEPPER_ROOT;;;;;;;10210;9;10212;21;;;10210.0;0.0
-1;4100;ASH_COATED_OSMIUM;9994;11;;;;;10012;23;;;;;10003.0;0.0
-1;4100;INTARIAN_PEPPER_ROOT;10198;9;10196;16;;;10210;9;;;;;10204.0;0.0
-1;4200;ASH_COATED_OSMIUM;9998;1;;;;;10009;11;10012;29;;;10003.5;0.0
-1;4200;INTARIAN_PEPPER_ROOT;10199;8;10196;24;;;10210;8;10212;24;;;10204.5;0.0
-1;4300;ASH_COATED_OSMIUM;9993;10;;;;;10009;10;10012;25;;;10001.0;0.0
-1;4300;INTARIAN_PEPPER_ROOT;10199;9;10196;25;;;10210;9;10212;25;;;10204.5;0.0
-1;4400;ASH_COATED_OSMIUM;9994;11;9991;24;;;10010;11;10012;24;;;10002.0;0.0
-1;4400;INTARIAN_PEPPER_ROOT;10199;9;10196;20;;;10210;9;;;;;10204.5;0.0
-1;4500;ASH_COATED_OSMIUM;9993;12;9991;26;;;10009;12;10012;26;;;10001.0;0.0
-1;4500;INTARIAN_PEPPER_ROOT;10199;9;10196;16;;;10210;9;;;;;10204.5;0.0
-1;4600;ASH_COATED_OSMIUM;9993;13;9990;21;;;10011;21;;;;;10002.0;0.0
-1;4600;INTARIAN_PEPPER_ROOT;10199;10;10196;23;;;10210;10;10213;23;;;10204.5;0.0
-1;4700;ASH_COATED_OSMIUM;9993;14;9990;21;;;10009;14;10011;21;;;10001.0;0.0
-1;4700;INTARIAN_PEPPER_ROOT;;;;;;;10210;12;10213;20;;;10210.0;0.0
-1;4800;ASH_COATED_OSMIUM;9993;10;9990;23;;;10011;23;;;;;10002.0;0.0
-1;4800;INTARIAN_PEPPER_ROOT;10199;9;;;;;10210;9;10213;20;;;10204.5;0.0
-1;4900;ASH_COATED_OSMIUM;9992;14;9990;27;;;10008;14;10011;27;;;10000.0;0.0
-1;4900;INTARIAN_PEPPER_ROOT;10199;12;10197;21;;;10211;12;10213;21;;;10205.0;0.0
-1;5000;ASH_COATED_OSMIUM;9993;14;;;;;10009;14;10011;23;;;10001.0;0.0
-1;5000;INTARIAN_PEPPER_ROOT;10199;12;10197;17;;;10211;12;10213;17;;;10205.0;0.0
-1;5100;ASH_COATED_OSMIUM;9993;11;;;;;10011;23;;;;;10002.0;0.0
-1;5100;INTARIAN_PEPPER_ROOT;10199;12;10197;23;;;10211;12;10213;23;;;10205.0;0.0
-1;5200;ASH_COATED_OSMIUM;9990;30;;;;;10008;11;;;;;9999.0;0.0
-1;5200;INTARIAN_PEPPER_ROOT;10200;9;;;;;10211;9;10213;21;;;10205.5;0.0
-1;5300;ASH_COATED_OSMIUM;9992;11;;;;;10008;11;10011;27;;;10000.0;0.0
-1;5300;INTARIAN_PEPPER_ROOT;10200;8;10197;17;;;10211;8;10213;17;;;10205.5;0.0
-1;5400;ASH_COATED_OSMIUM;9992;11;9990;26;;;10011;26;;;;;10001.5;0.0
-1;5400;INTARIAN_PEPPER_ROOT;10200;9;10197;23;;;10211;9;10214;23;;;10205.5;0.0
-1;5500;ASH_COATED_OSMIUM;;;;;;;10008;13;;;;;10008.0;0.0
-1;5500;INTARIAN_PEPPER_ROOT;10200;8;10197;16;;;10211;8;;;;;10205.5;0.0
-1;5600;ASH_COATED_OSMIUM;9989;28;;;;;10007;14;10010;28;;;9998.0;0.0
-1;5600;INTARIAN_PEPPER_ROOT;10200;11;10197;20;;;10211;11;10214;20;;;10205.5;0.0
-1;5700;ASH_COATED_OSMIUM;9992;15;9989;28;;;10008;15;10010;28;;;10000.0;0.0
-1;5700;INTARIAN_PEPPER_ROOT;10200;11;10198;21;;;10211;11;10214;21;;;10205.5;0.0
-1;5800;ASH_COATED_OSMIUM;9992;14;9990;24;;;10011;24;;;;;10001.5;0.0
-1;5800;INTARIAN_PEPPER_ROOT;;;;;;;10211;9;10214;21;;;10211.0;0.0
-1;5900;ASH_COATED_OSMIUM;9992;11;9990;22;;;10008;11;;;;;10000.0;0.0
-1;5900;INTARIAN_PEPPER_ROOT;10200;11;;;;;10212;11;10214;19;;;10206.0;0.0
-1;6000;ASH_COATED_OSMIUM;9993;10;9990;30;;;10009;10;10011;30;;;10001.0;0.0
-1;6000;INTARIAN_PEPPER_ROOT;10200;10;10198;20;;;;;;;;;10200.0;0.0
-1;6100;ASH_COATED_OSMIUM;9992;11;;;;;10008;11;10011;25;;;10000.0;0.0
-1;6100;INTARIAN_PEPPER_ROOT;10200;11;10198;19;;;10212;11;10214;19;;;10206.0;0.0
-1;6200;ASH_COATED_OSMIUM;9992;15;9989;28;;;10010;28;;;;;10001.0;0.0
-1;6200;INTARIAN_PEPPER_ROOT;10198;24;;;;;10214;24;;;;;10206.0;0.0
-1;6300;ASH_COATED_OSMIUM;9992;11;9990;22;;;;;;;;;9992.0;0.0
-1;6300;INTARIAN_PEPPER_ROOT;10198;19;;;;;10212;8;10214;19;;;10205.0;0.0
-1;6400;ASH_COATED_OSMIUM;9992;10;9990;25;;;10008;10;;;;;10000.0;0.0
-1;6400;INTARIAN_PEPPER_ROOT;10201;8;10198;16;;;10215;16;;;;;10208.0;0.0
-1;6500;ASH_COATED_OSMIUM;9992;12;;;;;10008;12;10011;20;;;10000.0;0.0
-1;6500;INTARIAN_PEPPER_ROOT;10201;10;10198;18;;;10212;10;10215;18;;;10206.5;0.0
-1;6600;ASH_COATED_OSMIUM;9992;13;9989;28;;;10008;13;10010;28;;;10000.0;0.0
-1;6600;INTARIAN_PEPPER_ROOT;10201;11;10198;18;;;10212;11;;;;;10206.5;0.0
-1;6700;ASH_COATED_OSMIUM;9992;14;;;;;10008;14;10010;23;;;10000.0;0.0
-1;6700;INTARIAN_PEPPER_ROOT;10201;11;;;;;10212;11;;;;;10206.5;0.0
-1;6800;ASH_COATED_OSMIUM;9992;14;9989;20;;;10008;14;;;;;10000.0;0.0
-1;6800;INTARIAN_PEPPER_ROOT;10201;11;10199;18;;;10212;11;10215;18;;;10206.5;0.0
-1;6900;ASH_COATED_OSMIUM;9992;12;;;;;10008;12;10011;27;;;10000.0;0.0
-1;6900;INTARIAN_PEPPER_ROOT;10201;12;10199;19;;;;;;;;;10201.0;0.0
-1;7000;ASH_COATED_OSMIUM;9992;11;9990;23;;;10008;11;10011;23;;;10000.0;0.0
-1;7000;INTARIAN_PEPPER_ROOT;10199;17;;;;;10213;9;10215;17;;;10206.0;0.0
-1;7100;ASH_COATED_OSMIUM;9992;14;9990;24;;;10008;14;10011;24;;;10000.0;0.0
-1;7100;INTARIAN_PEPPER_ROOT;10201;8;;;;;10213;8;10215;18;;;10207.0;0.0
-1;7200;ASH_COATED_OSMIUM;9992;10;;;;;10008;10;;;;;10000.0;0.0
-1;7200;INTARIAN_PEPPER_ROOT;10202;11;10199;17;;;10213;11;10215;17;;;10207.5;0.0
-1;7300;ASH_COATED_OSMIUM;9992;15;;;;;10008;15;10011;20;;;10000.0;0.0
-1;7300;INTARIAN_PEPPER_ROOT;10202;10;10199;19;;;10213;10;10215;19;;;10207.5;0.0
-1;7400;ASH_COATED_OSMIUM;9993;11;9990;24;;;10009;11;10011;24;;;10001.0;0.0
-1;7400;INTARIAN_PEPPER_ROOT;10202;9;10199;25;;;10213;9;10216;25;;;10207.5;0.0
-1;7500;ASH_COATED_OSMIUM;9993;10;9990;27;;;10009;10;;;;;10001.0;0.0
-1;7500;INTARIAN_PEPPER_ROOT;10205;8;10199;19;;;10216;19;;;;;10210.5;0.0
-1;7600;ASH_COATED_OSMIUM;9993;13;;;;;10009;13;10011;25;;;10001.0;0.0
-1;7600;INTARIAN_PEPPER_ROOT;10202;12;10199;21;;;;;;;;;10202.0;0.0
-1;7700;ASH_COATED_OSMIUM;9990;25;;;;;10009;11;10011;25;;;9999.5;0.0
-1;7700;INTARIAN_PEPPER_ROOT;10202;10;10200;18;;;10213;10;10216;18;;;10207.5;0.0
-1;7800;ASH_COATED_OSMIUM;9993;12;9990;28;;;10009;12;10011;28;;;10001.0;0.0
-1;7800;INTARIAN_PEPPER_ROOT;10200;22;;;;;10213;8;10216;22;;;10206.5;0.0
-1;7900;ASH_COATED_OSMIUM;9991;27;;;;;10009;14;10012;27;;;10000.0;0.0
-1;7900;INTARIAN_PEPPER_ROOT;10200;17;;;;;10214;11;10216;17;;;10207.0;0.0
-1;8000;ASH_COATED_OSMIUM;9994;13;9991;30;;;10010;13;;;;;10002.0;0.0
-1;8000;INTARIAN_PEPPER_ROOT;10202;11;;;;;10214;11;10216;21;;;10208.0;0.0
-1;8100;ASH_COATED_OSMIUM;;;;;;;10009;12;10012;23;;;10009.0;0.0
-1;8100;INTARIAN_PEPPER_ROOT;;;;;;;10214;11;;;;;10214.0;0.0
-1;8200;ASH_COATED_OSMIUM;9993;14;9991;20;;;10009;14;10012;20;;;10001.0;0.0
-1;8200;INTARIAN_PEPPER_ROOT;10203;12;10200;21;;;10214;12;10216;21;;;10208.5;0.0
-1;8300;ASH_COATED_OSMIUM;9993;12;9991;22;;;10009;12;10012;22;;;10001.0;0.0
-1;8300;INTARIAN_PEPPER_ROOT;10203;10;10200;18;;;10214;10;10216;18;;;10208.5;0.0
-1;8400;ASH_COATED_OSMIUM;9993;15;9991;29;;;10009;15;10012;29;;;10001.0;0.0
-1;8400;INTARIAN_PEPPER_ROOT;10200;23;;;;;10214;10;10217;23;;;10207.0;0.0
-1;8500;ASH_COATED_OSMIUM;9993;14;;;;;10009;14;10011;28;;;10001.0;0.0
-1;8500;INTARIAN_PEPPER_ROOT;10203;9;10200;17;;;10214;9;10217;17;;;10208.5;0.0
-1;8600;ASH_COATED_OSMIUM;9990;21;;;;;10009;15;10011;21;;;9999.5;0.0
-1;8600;INTARIAN_PEPPER_ROOT;10203;11;10200;22;;;10214;11;;;;;10208.5;0.0
-1;8700;ASH_COATED_OSMIUM;9992;12;9990;29;;;10011;29;;;;;10001.5;0.0
-1;8700;INTARIAN_PEPPER_ROOT;10203;11;10201;17;;;10214;11;10217;17;;;10208.5;0.0
-1;8800;ASH_COATED_OSMIUM;9993;13;9991;27;;;10009;13;10012;27;;;10001.0;0.0
-1;8800;INTARIAN_PEPPER_ROOT;10203;11;;;;;10214;11;;;;;10208.5;0.0
-1;8900;ASH_COATED_OSMIUM;9993;13;9991;30;;;10009;13;10012;30;;;10001.0;0.0
-1;8900;INTARIAN_PEPPER_ROOT;10201;25;;;;;10217;25;;;;;10209.0;0.0
-1;9000;ASH_COATED_OSMIUM;9990;23;;;;;10009;12;10011;23;;;9999.5;0.0
-1;9000;INTARIAN_PEPPER_ROOT;10203;9;10201;18;;;10217;18;;;;;10210.0;0.0
-1;9100;ASH_COATED_OSMIUM;9993;10;9991;30;;;10009;10;10012;30;;;10001.0;0.0
-1;9100;INTARIAN_PEPPER_ROOT;10203;8;;;;;;;;;;;10203.0;0.0
-1;9200;ASH_COATED_OSMIUM;9993;13;9991;21;;;10012;21;;;;;10002.5;0.0
-1;9200;INTARIAN_PEPPER_ROOT;10204;11;10201;16;;;10215;11;10217;16;;;10209.5;0.0
-1;9300;ASH_COATED_OSMIUM;9991;27;;;;;10010;10;10012;27;;;10000.5;0.0
-1;9300;INTARIAN_PEPPER_ROOT;10204;8;10201;16;;;10217;16;;;;;10210.5;0.0
-1;9400;ASH_COATED_OSMIUM;9994;12;9991;26;;;9999;5;;;;;9996.5;0.0
-1;9400;INTARIAN_PEPPER_ROOT;10204;9;;;;;10215;9;10218;15;;;10209.5;0.0
-1;9500;ASH_COATED_OSMIUM;9993;15;9991;25;;;9999;9;10009;15;10012;25;9996.0;0.0
-1;9500;INTARIAN_PEPPER_ROOT;10204;9;10201;23;;;10215;9;10218;23;;;10209.5;0.0
-1;9600;ASH_COATED_OSMIUM;9993;13;9990;29;;;10011;29;;;;;10002.0;0.0
-1;9600;INTARIAN_PEPPER_ROOT;10204;12;10201;21;;;10215;12;10218;21;;;10209.5;0.0
-1;9700;ASH_COATED_OSMIUM;9990;27;;;;;10009;11;10011;27;;;9999.5;0.0
-1;9700;INTARIAN_PEPPER_ROOT;10204;11;10202;25;;;10215;11;10218;25;;;10209.5;0.0
-1;9800;ASH_COATED_OSMIUM;9993;15;;;;;10009;15;10011;21;;;10001.0;0.0
-1;9800;INTARIAN_PEPPER_ROOT;10204;8;;;;;;;;;;;10204.0;0.0
-1;9900;ASH_COATED_OSMIUM;;;;;;;10009;13;;;;;10009.0;0.0
-1;9900;INTARIAN_PEPPER_ROOT;10204;8;;;;;10216;8;10218;18;;;10210.0;0.0
-1;10000;ASH_COATED_OSMIUM;9993;13;9990;26;;;10009;13;10011;26;;;10001.0;0.0
-1;10000;INTARIAN_PEPPER_ROOT;10204;12;10202;21;;;10218;21;;;;;10211.0;0.0
-1;10100;ASH_COATED_OSMIUM;9990;22;;;;;10009;15;10011;22;;;9999.5;0.0
-1;10100;INTARIAN_PEPPER_ROOT;10204;12;10202;24;;;10218;24;;;;;10211.0;0.0
-1;10200;ASH_COATED_OSMIUM;9992;10;9990;22;;;10008;10;10011;22;;;10000.0;0.0
-1;10200;INTARIAN_PEPPER_ROOT;10213;3;10205;10;10202;23;10218;23;;;;;10215.5;0.0
-1;10300;ASH_COATED_OSMIUM;9990;29;;;;;10008;15;10011;29;;;9999.0;0.0
-1;10300;INTARIAN_PEPPER_ROOT;;;;;;;10216;10;10218;24;;;10216.0;0.0
-1;10400;ASH_COATED_OSMIUM;9992;12;;;;;9998;7;10008;12;10011;23;9995.0;0.0
-1;10400;INTARIAN_PEPPER_ROOT;10205;9;;;;;10216;9;10219;17;;;10210.5;0.0
-1;10500;ASH_COATED_OSMIUM;;;;;;;10008;10;10011;22;;;10008.0;0.0
-1;10500;INTARIAN_PEPPER_ROOT;10202;22;;;;;10213;7;10216;8;10219;22;10207.5;0.0
-1;10600;ASH_COATED_OSMIUM;9992;12;9990;30;;;10008;12;10011;30;;;10000.0;0.0
-1;10600;INTARIAN_PEPPER_ROOT;10205;8;10202;25;;;10216;8;10219;25;;;10210.5;0.0
-1;10700;ASH_COATED_OSMIUM;9992;15;;;;;10008;15;10011;24;;;10000.0;0.0
-1;10700;INTARIAN_PEPPER_ROOT;10205;12;10203;18;;;10216;12;10219;18;;;10210.5;0.0
-1;10800;ASH_COATED_OSMIUM;9993;12;9990;23;;;10009;12;10011;23;;;10001.0;0.0
-1;10800;INTARIAN_PEPPER_ROOT;10205;8;10203;17;;;10216;8;;;;;10210.5;0.0
-1;10900;ASH_COATED_OSMIUM;9992;12;9989;20;;;10008;12;10010;20;;;10000.0;0.0
-1;10900;INTARIAN_PEPPER_ROOT;10205;8;10203;16;;;10217;8;10219;16;;;10211.0;0.0
-1;11000;ASH_COATED_OSMIUM;9990;27;;;;;10009;11;10011;27;;;9999.5;0.0
-1;11000;INTARIAN_PEPPER_ROOT;10205;10;10203;24;;;;;;;;;10205.0;0.0
-1;11100;ASH_COATED_OSMIUM;9993;15;;;;;10009;15;10011;23;;;10001.0;0.0
-1;11100;INTARIAN_PEPPER_ROOT;10205;8;;;;;10219;15;;;;;10212.0;0.0
-1;11200;ASH_COATED_OSMIUM;9993;15;;;;;10009;15;10012;22;;;10001.0;0.0
-1;11200;INTARIAN_PEPPER_ROOT;;;;;;;10217;8;;;;;10217.0;0.0
-1;11300;ASH_COATED_OSMIUM;9993;11;9990;24;;;10011;24;;;;;10002.0;0.0
-1;11300;INTARIAN_PEPPER_ROOT;10206;11;10203;23;;;10217;11;10219;23;;;10211.5;0.0
-1;11400;ASH_COATED_OSMIUM;9993;15;9991;25;;;10009;15;10012;25;;;10001.0;0.0
-1;11400;INTARIAN_PEPPER_ROOT;10203;25;;;;;10217;10;10220;25;;;10210.0;0.0
-1;11500;ASH_COATED_OSMIUM;9993;11;9991;26;;;10009;11;10012;26;;;10001.0;0.0
-1;11500;INTARIAN_PEPPER_ROOT;10206;11;10203;21;;;10220;21;;;;;10213.0;0.0
-1;11600;ASH_COATED_OSMIUM;9992;11;;;;;10008;11;;;;;10000.0;0.0
-1;11600;INTARIAN_PEPPER_ROOT;10203;15;;;;;10217;12;;;;;10210.0;0.0
-1;11700;ASH_COATED_OSMIUM;9990;23;;;;;10008;10;10011;23;;;9999.0;0.0
-1;11700;INTARIAN_PEPPER_ROOT;10206;11;10204;18;;;10217;11;10220;18;;;10211.5;0.0
-1;11800;ASH_COATED_OSMIUM;9992;11;9989;20;;;10008;11;10010;20;;;10000.0;0.0
-1;11800;INTARIAN_PEPPER_ROOT;10206;10;10204;16;;;10217;10;;;;;10211.5;0.0
-1;11900;ASH_COATED_OSMIUM;9989;23;;;;;10007;12;10010;23;;;9998.0;0.0
-1;11900;INTARIAN_PEPPER_ROOT;10206;12;10204;19;;;10218;12;10220;19;;;10212.0;0.0
-1;12000;ASH_COATED_OSMIUM;9989;27;;;;;10010;27;;;;;9999.5;0.0
-1;12000;INTARIAN_PEPPER_ROOT;10204;24;;;;;10218;11;10220;24;;;10211.0;0.0
-1;12100;ASH_COATED_OSMIUM;9992;15;;;;;10008;15;10010;25;;;10000.0;0.0
-1;12100;INTARIAN_PEPPER_ROOT;10204;15;;;;;10218;9;;;;;10211.0;0.0
-1;12200;ASH_COATED_OSMIUM;9992;15;9989;22;;;10008;15;10010;22;;;10000.0;0.0
-1;12200;INTARIAN_PEPPER_ROOT;10207;9;10204;22;;;;;;;;;10207.0;0.0
-1;12300;ASH_COATED_OSMIUM;9998;3;9992;15;9989;26;10008;15;10010;26;;;10003.0;0.0
-1;12300;INTARIAN_PEPPER_ROOT;10207;9;10204;16;;;10218;9;10220;16;;;10212.5;0.0
-1;12400;ASH_COATED_OSMIUM;9992;10;9990;27;;;10008;10;10011;27;;;10000.0;0.0
-1;12400;INTARIAN_PEPPER_ROOT;10207;9;;;;;10218;9;10221;19;;;10212.5;0.0
-1;12500;ASH_COATED_OSMIUM;9992;12;;;;;10008;12;10011;26;;;10000.0;0.0
-1;12500;INTARIAN_PEPPER_ROOT;10207;12;10204;17;;;10218;12;10221;17;;;10212.5;0.0
-1;12600;ASH_COATED_OSMIUM;9992;14;9990;25;;;10002;2;10011;25;;;9997.0;0.0
-1;12600;INTARIAN_PEPPER_ROOT;10207;8;10204;20;;;10218;8;10221;20;;;10212.5;0.0
-1;12700;ASH_COATED_OSMIUM;10002;5;9992;12;;;10008;12;10010;29;;;10005.0;0.0
-1;12700;INTARIAN_PEPPER_ROOT;10207;11;10205;18;;;10218;11;10221;18;;;10212.5;0.0
-1;12800;ASH_COATED_OSMIUM;9989;27;;;;;10007;12;10010;27;;;9998.0;0.0
-1;12800;INTARIAN_PEPPER_ROOT;10205;25;;;;;10218;8;10221;25;;;10211.5;0.0
-1;12900;ASH_COATED_OSMIUM;9991;13;9989;26;;;10007;13;10010;26;;;9999.0;0.0
-1;12900;INTARIAN_PEPPER_ROOT;10207;10;10205;24;;;10219;10;10221;24;;;10213.0;0.0
-1;13000;ASH_COATED_OSMIUM;9991;14;9989;21;;;10007;14;10010;21;;;9999.0;0.0
-1;13000;INTARIAN_PEPPER_ROOT;10207;9;;;;;10219;9;10221;24;;;10213.0;0.0
-1;13100;ASH_COATED_OSMIUM;9991;12;9989;26;;;10007;12;10010;26;;;9999.0;0.0
-1;13100;INTARIAN_PEPPER_ROOT;10207;8;10205;24;;;10219;8;;;;;10213.0;0.0
-1;13200;ASH_COATED_OSMIUM;9991;12;9989;21;;;10007;12;;;;;9999.0;0.0
-1;13200;INTARIAN_PEPPER_ROOT;10205;20;;;;;10219;9;10221;20;;;10212.0;0.0
-1;13300;ASH_COATED_OSMIUM;9991;11;9989;22;;;10007;11;10010;22;;;9999.0;0.0
-1;13300;INTARIAN_PEPPER_ROOT;10208;12;;;;;10219;12;10221;21;;;10213.5;0.0
-1;13400;ASH_COATED_OSMIUM;9991;13;9989;20;;;10007;13;10010;20;;;9999.0;0.0
-1;13400;INTARIAN_PEPPER_ROOT;10208;8;10205;23;;;10219;8;10222;23;;;10213.5;0.0
-1;13500;ASH_COATED_OSMIUM;9988;25;;;;;10007;14;10009;25;;;9997.5;0.0
-1;13500;INTARIAN_PEPPER_ROOT;10208;9;10205;19;;;10219;9;;;;;10213.5;0.0
-1;13600;ASH_COATED_OSMIUM;9991;10;9988;22;;;10007;10;10009;22;;;9999.0;0.0
-1;13600;INTARIAN_PEPPER_ROOT;10205;15;;;;;10222;15;;;;;10213.5;0.0
-1;13700;ASH_COATED_OSMIUM;9991;14;9988;23;;;10007;14;10009;23;;;9999.0;0.0
-1;13700;INTARIAN_PEPPER_ROOT;10208;11;;;;;;;;;;;10208.0;0.0
-1;13800;ASH_COATED_OSMIUM;9991;12;;;;;10007;12;10010;26;;;9999.0;0.0
-1;13800;INTARIAN_PEPPER_ROOT;10208;12;10206;15;;;10219;12;10222;15;;;10213.5;0.0
-1;13900;ASH_COATED_OSMIUM;9991;10;9988;30;;;10007;10;10009;30;;;9999.0;0.0
-1;13900;INTARIAN_PEPPER_ROOT;10208;11;10206;19;;;10220;11;10222;19;;;10214.0;0.0
-1;14000;ASH_COATED_OSMIUM;9991;10;9988;24;;;10007;10;10009;24;;;9999.0;0.0
-1;14000;INTARIAN_PEPPER_ROOT;10208;12;10206;19;;;10220;12;;;;;10214.0;0.0
-1;14100;ASH_COATED_OSMIUM;9990;15;;;;;10006;15;10009;20;;;9998.0;0.0
-1;14100;INTARIAN_PEPPER_ROOT;10208;10;10206;21;;;10220;10;;;;;10214.0;0.0
-1;14200;ASH_COATED_OSMIUM;9988;30;;;;;10006;12;10009;30;;;9997.0;0.0
-1;14200;INTARIAN_PEPPER_ROOT;10209;8;10206;19;;;10216;7;10220;8;10222;19;10212.5;0.0
-1;14300;ASH_COATED_OSMIUM;9990;13;9987;26;;;10006;13;;;;;9998.0;0.0
-1;14300;INTARIAN_PEPPER_ROOT;10206;17;;;;;10220;8;;;;;10213.0;0.0
-1;14400;ASH_COATED_OSMIUM;9990;14;9988;23;;;10009;23;;;;;9999.5;0.0
-1;14400;INTARIAN_PEPPER_ROOT;10209;8;10206;16;;;10220;8;10223;16;;;10214.5;0.0
-1;14500;ASH_COATED_OSMIUM;9990;15;9988;28;;;10006;15;10009;28;;;9998.0;0.0
-1;14500;INTARIAN_PEPPER_ROOT;10209;12;10206;16;;;10220;12;10223;16;;;10214.5;0.0
-1;14600;ASH_COATED_OSMIUM;9990;10;9988;30;;;10009;30;;;;;9999.5;0.0
-1;14600;INTARIAN_PEPPER_ROOT;10209;8;10206;19;;;10220;8;10223;19;;;10214.5;0.0
-1;14700;ASH_COATED_OSMIUM;9989;12;9987;21;;;10005;12;10008;21;;;9997.0;0.0
-1;14700;INTARIAN_PEPPER_ROOT;10209;9;10207;21;;;10220;9;10223;21;;;10214.5;0.0
-1;14800;ASH_COATED_OSMIUM;9990;11;9987;21;;;10006;11;10008;21;;;9998.0;0.0
-1;14800;INTARIAN_PEPPER_ROOT;10209;12;;;;;10223;16;;;;;10216.0;0.0
-1;14900;ASH_COATED_OSMIUM;9989;10;9987;28;;;10008;28;;;;;9998.5;0.0
-1;14900;INTARIAN_PEPPER_ROOT;10209;10;10207;19;;;10223;19;;;;;10216.0;0.0
-1;15000;ASH_COATED_OSMIUM;9989;13;9986;23;;;;;;;;;9989.0;0.0
-1;15000;INTARIAN_PEPPER_ROOT;10209;11;10207;19;;;10221;11;10223;19;;;10215.0;0.0
-1;15100;ASH_COATED_OSMIUM;9988;15;9986;24;;;10007;24;;;;;9997.5;0.0
-1;15100;INTARIAN_PEPPER_ROOT;10209;11;10207;24;;;10221;11;10223;24;;;10215.0;0.0
-1;15200;ASH_COATED_OSMIUM;9988;11;9986;26;;;10004;11;;;;;9996.0;0.0
-1;15200;INTARIAN_PEPPER_ROOT;10210;9;10207;20;;;10221;9;;;;;10215.5;0.0
-1;15300;ASH_COATED_OSMIUM;9988;14;9986;20;;;10004;14;10007;20;;;9996.0;0.0
-1;15300;INTARIAN_PEPPER_ROOT;10210;12;10207;25;;;10223;25;;;;;10216.5;0.0
-1;15400;ASH_COATED_OSMIUM;9985;21;;;;;10006;21;;;;;9995.5;0.0
-1;15400;INTARIAN_PEPPER_ROOT;;;;;;;;;;;;;0.0;0.0
-1;15500;ASH_COATED_OSMIUM;9988;15;;;;;10004;15;10006;20;;;9996.0;0.0
-1;15500;INTARIAN_PEPPER_ROOT;10210;12;;;;;10224;15;;;;;10217.0;0.0
-1;15600;ASH_COATED_OSMIUM;9993;4;9988;10;9986;24;10004;10;10007;24;;;9998.5;0.0
-1;15600;INTARIAN_PEPPER_ROOT;10210;12;10207;21;;;10224;21;;;;;10217.0;0.0
-1;15700;ASH_COATED_OSMIUM;9987;10;9985;20;;;9992;6;10003;10;10006;20;9989.5;0.0
-1;15700;INTARIAN_PEPPER_ROOT;10210;9;10208;16;;;10221;9;10224;16;;;10215.5;0.0
-1;15800;ASH_COATED_OSMIUM;9987;14;9984;30;;;10003;14;10005;30;;;9995.0;0.0
-1;15800;INTARIAN_PEPPER_ROOT;10210;12;;;;;10224;17;;;;;10217.0;0.0
-1;15900;ASH_COATED_OSMIUM;9988;12;;;;;10004;12;;;;;9996.0;0.0
-1;15900;INTARIAN_PEPPER_ROOT;10208;20;;;;;10222;11;10224;20;;;10215.0;0.0
-1;16000;ASH_COATED_OSMIUM;9988;15;;;;;10004;15;10006;28;;;9996.0;0.0
-1;16000;INTARIAN_PEPPER_ROOT;10210;10;10208;22;;;10222;10;10224;22;;;10216.0;0.0
-1;16100;ASH_COATED_OSMIUM;9988;10;;;;;10004;10;10006;24;;;9996.0;0.0
-1;16100;INTARIAN_PEPPER_ROOT;10210;10;10208;25;;;10222;10;10224;25;;;10216.0;0.0
-1;16200;ASH_COATED_OSMIUM;9988;12;9985;27;;;10004;12;10006;27;;;9996.0;0.0
-1;16200;INTARIAN_PEPPER_ROOT;10211;12;10208;22;;;10222;12;;;;;10216.5;0.0
-1;16300;ASH_COATED_OSMIUM;9988;15;;;;;10004;15;10006;23;;;9996.0;0.0
-1;16300;INTARIAN_PEPPER_ROOT;10211;10;10208;16;;;10222;10;;;;;10216.5;0.0
-1;16400;ASH_COATED_OSMIUM;9997;8;9988;11;9986;26;10004;11;;;;;10000.5;0.0
-1;16400;INTARIAN_PEPPER_ROOT;10213;12;10211;9;10208;21;10225;21;;;;;10219.0;0.0
-1;16500;ASH_COATED_OSMIUM;9988;10;;;;;10004;10;10006;30;;;9996.0;0.0
-1;16500;INTARIAN_PEPPER_ROOT;10211;12;10208;18;;;10222;12;10225;18;;;10216.5;0.0
-1;16600;ASH_COATED_OSMIUM;9988;15;9985;29;;;10006;29;;;;;9997.0;0.0
-1;16600;INTARIAN_PEPPER_ROOT;10211;12;;;;;;;;;;;10211.0;0.0
-1;16700;ASH_COATED_OSMIUM;9988;13;9985;23;;;10006;23;;;;;9997.0;0.0
-1;16700;INTARIAN_PEPPER_ROOT;10211;11;10209;19;;;10222;11;10225;19;;;10216.5;0.0
-1;16800;ASH_COATED_OSMIUM;9985;21;;;;;10006;21;;;;;9995.5;0.0
-1;16800;INTARIAN_PEPPER_ROOT;;;;;;;10222;11;10225;16;;;10222.0;0.0
-1;16900;ASH_COATED_OSMIUM;9988;13;9985;26;;;10004;13;10006;26;;;9996.0;0.0
-1;16900;INTARIAN_PEPPER_ROOT;10211;12;10209;21;;;10223;12;10225;21;;;10217.0;0.0
-1;17000;ASH_COATED_OSMIUM;9987;12;9984;28;;;10003;12;10005;28;;;9995.0;0.0
-1;17000;INTARIAN_PEPPER_ROOT;10211;8;10209;17;;;10223;8;10225;17;;;10217.0;0.0
-1;17100;ASH_COATED_OSMIUM;9987;13;9985;30;;;10003;13;;;;;9995.0;0.0
-1;17100;INTARIAN_PEPPER_ROOT;10211;8;10209;16;;;;;;;;;10211.0;0.0
-1;17200;ASH_COATED_OSMIUM;9987;15;;;;;10003;15;10005;23;;;9995.0;0.0
-1;17200;INTARIAN_PEPPER_ROOT;10212;8;10209;25;;;10225;25;;;;;10218.5;0.0
-1;17300;ASH_COATED_OSMIUM;9988;10;;;;;10004;10;;;;;9996.0;0.0
-1;17300;INTARIAN_PEPPER_ROOT;10212;10;10209;24;;;10223;10;10225;24;;;10217.5;0.0
-1;17400;ASH_COATED_OSMIUM;9987;12;9985;24;;;10006;24;;;;;9996.5;0.0
-1;17400;INTARIAN_PEPPER_ROOT;10212;10;;;;;;;;;;;10212.0;0.0
-1;17500;ASH_COATED_OSMIUM;9988;15;9985;28;;;10004;15;10006;28;;;9996.0;0.0
-1;17500;INTARIAN_PEPPER_ROOT;10212;9;10209;23;;;10223;9;10226;23;;;10217.5;0.0
-1;17600;ASH_COATED_OSMIUM;9988;14;9985;28;;;10004;14;10006;28;;;9996.0;0.0
-1;17600;INTARIAN_PEPPER_ROOT;10209;17;;;;;10223;8;10226;17;;;10216.0;0.0
-1;17700;ASH_COATED_OSMIUM;9988;15;9985;28;;;10004;15;10006;28;;;9996.0;0.0
-1;17700;INTARIAN_PEPPER_ROOT;;;;;;;10223;11;10226;20;;;10223.0;0.0
-1;17800;ASH_COATED_OSMIUM;9985;20;;;;;10006;20;;;;;9995.5;0.0
-1;17800;INTARIAN_PEPPER_ROOT;10212;10;10210;25;;;10223;10;10226;25;;;10217.5;0.0
-1;17900;ASH_COATED_OSMIUM;;;;;;;10006;30;;;;;10006.0;0.0
-1;17900;INTARIAN_PEPPER_ROOT;10212;8;10210;17;;;10226;17;;;;;10219.0;0.0
-1;18000;ASH_COATED_OSMIUM;9988;15;9985;23;;;10004;15;10006;23;;;9996.0;0.0
-1;18000;INTARIAN_PEPPER_ROOT;10212;11;10210;19;;;;;;;;;10212.0;0.0
-1;18100;ASH_COATED_OSMIUM;9985;30;;;;;10003;13;10006;30;;;9994.0;0.0
-1;18100;INTARIAN_PEPPER_ROOT;10210;19;;;;;10224;10;;;;;10217.0;0.0
-1;18200;ASH_COATED_OSMIUM;;;;;;;10003;15;10006;29;;;10003.0;0.0
-1;18200;INTARIAN_PEPPER_ROOT;10210;19;;;;;10224;10;10226;19;;;10217.0;0.0
-1;18300;ASH_COATED_OSMIUM;9988;11;9985;21;;;10006;21;;;;;9997.0;0.0
-1;18300;INTARIAN_PEPPER_ROOT;10213;11;10210;15;;;10224;11;10226;15;;;10218.5;0.0
-1;18400;ASH_COATED_OSMIUM;9984;30;;;;;10005;30;;;;;9994.5;0.0
-1;18400;INTARIAN_PEPPER_ROOT;10213;9;10210;24;;;10224;9;10227;24;;;10218.5;0.0
-1;18500;ASH_COATED_OSMIUM;9987;14;;;;;10003;14;10006;26;;;9995.0;0.0
-1;18500;INTARIAN_PEPPER_ROOT;10213;11;10210;25;;;10224;11;10227;25;;;10218.5;0.0
-1;18600;ASH_COATED_OSMIUM;9988;13;9985;30;;;10006;30;;;;;9997.0;0.0
-1;18600;INTARIAN_PEPPER_ROOT;10213;10;10210;22;;;10224;10;10227;22;;;10218.5;0.0
-1;18700;ASH_COATED_OSMIUM;9985;27;;;;;9996;3;10003;12;10006;27;9990.5;0.0
-1;18700;INTARIAN_PEPPER_ROOT;10213;10;10211;15;;;10224;10;10227;15;;;10218.5;0.0
-1;18800;ASH_COATED_OSMIUM;9988;10;9986;23;;;10004;10;10007;23;;;9996.0;0.0
-1;18800;INTARIAN_PEPPER_ROOT;10213;10;10211;15;;;10224;10;10227;15;;;10218.5;0.0
-1;18900;ASH_COATED_OSMIUM;9988;11;9986;29;;;10004;11;;;;;9996.0;0.0
-1;18900;INTARIAN_PEPPER_ROOT;10213;12;10211;17;;;10225;12;10227;17;;;10219.0;0.0
-1;19000;ASH_COATED_OSMIUM;9988;12;9986;30;;;10004;12;10007;30;;;9996.0;0.0
-1;19000;INTARIAN_PEPPER_ROOT;10213;12;10211;21;;;10225;12;10227;21;;;10219.0;0.0
-1;19100;ASH_COATED_OSMIUM;;;;;;;10004;14;;;;;10004.0;0.0
-1;19100;INTARIAN_PEPPER_ROOT;10211;18;;;;;10225;12;10227;18;;;10218.0;0.0
-1;19200;ASH_COATED_OSMIUM;9988;14;9985;27;;;10004;14;10006;27;;;9996.0;0.0
-1;19200;INTARIAN_PEPPER_ROOT;10214;12;;;;;10225;12;10227;23;;;10219.5;0.0
-1;19300;ASH_COATED_OSMIUM;9986;30;;;;;10004;15;10007;30;;;9995.0;0.0
-1;19300;INTARIAN_PEPPER_ROOT;10211;17;;;;;10225;8;10227;17;;;10218.0;0.0
-1;19400;ASH_COATED_OSMIUM;9988;11;9986;27;;;10004;11;10007;27;;;9996.0;0.0
-1;19400;INTARIAN_PEPPER_ROOT;10214;9;10211;16;;;10225;9;;;;;10219.5;0.0
-1;19500;ASH_COATED_OSMIUM;9988;14;9986;26;;;10007;26;;;;;9997.5;0.0
-1;19500;INTARIAN_PEPPER_ROOT;10211;24;;;;;10225;11;10228;24;;;10218.0;0.0
-1;19600;ASH_COATED_OSMIUM;9988;12;9986;26;;;10007;26;;;;;9997.5;0.0
-1;19600;INTARIAN_PEPPER_ROOT;10214;10;10211;21;;;10225;10;;;;;10219.5;0.0
-1;19700;ASH_COATED_OSMIUM;9989;15;9986;29;;;10005;15;;;;;9997.0;0.0
-1;19700;INTARIAN_PEPPER_ROOT;10214;11;10212;15;;;10225;11;10228;15;;;10219.5;0.0
-1;19800;ASH_COATED_OSMIUM;9989;11;9986;29;;;10005;11;10007;29;;;9997.0;0.0
-1;19800;INTARIAN_PEPPER_ROOT;10214;11;10212;22;;;10225;11;;;;;10219.5;0.0
-1;19900;ASH_COATED_OSMIUM;9989;13;;;;;10005;13;10007;20;;;9997.0;0.0
-1;19900;INTARIAN_PEPPER_ROOT;10214;12;10212;24;;;10228;24;;;;;10221.0;0.0
-1;20000;ASH_COATED_OSMIUM;9989;15;;;;;10005;15;10008;25;;;9997.0;0.0
-1;20000;INTARIAN_PEPPER_ROOT;10212;15;;;;;;;;;;;10212.0;0.0
-1;20100;ASH_COATED_OSMIUM;;;;;;;;;;;;;0.0;0.0
-1;20100;INTARIAN_PEPPER_ROOT;10214;9;10212;16;;;10226;9;;;;;10220.0;0.0
-1;20200;ASH_COATED_OSMIUM;9989;15;9987;26;;;9995;8;10008;26;;;9992.0;0.0
-1;20200;INTARIAN_PEPPER_ROOT;10215;10;;;;;10226;10;10228;20;;;10220.5;0.0
-1;20300;ASH_COATED_OSMIUM;9989;13;9986;25;;;10005;13;10007;25;;;9997.0;0.0
-1;20300;INTARIAN_PEPPER_ROOT;10215;11;10212;23;;;10226;11;;;;;10220.5;0.0
-1;20400;ASH_COATED_OSMIUM;9989;12;;;;;10005;12;10007;26;;;9997.0;0.0
-1;20400;INTARIAN_PEPPER_ROOT;10215;11;10212;20;;;10229;20;;;;;10222.0;0.0
-1;20500;ASH_COATED_OSMIUM;9990;10;9987;27;;;10006;10;;;;;9998.0;0.0
-1;20500;INTARIAN_PEPPER_ROOT;10215;11;10212;17;;;10226;11;10229;17;;;10220.5;0.0
-1;20600;ASH_COATED_OSMIUM;9994;4;9989;14;;;10008;21;;;;;10001.0;0.0
-1;20600;INTARIAN_PEPPER_ROOT;10212;18;;;;;10226;12;10229;18;;;10219.0;0.0
-1;20700;ASH_COATED_OSMIUM;9989;11;9987;22;;;10005;11;10008;22;;;9997.0;0.0
-1;20700;INTARIAN_PEPPER_ROOT;10215;11;10213;16;;;10229;16;;;;;10222.0;0.0
-1;20800;ASH_COATED_OSMIUM;9987;21;;;;;10005;15;;;;;9996.0;0.0
-1;20800;INTARIAN_PEPPER_ROOT;10215;9;10213;16;;;10226;9;10229;16;;;10220.5;0.0
-1;20900;ASH_COATED_OSMIUM;9995;1;;;;;10006;10;10008;21;;;10000.5;0.0
-1;20900;INTARIAN_PEPPER_ROOT;10213;17;;;;;10229;17;;;;;10221.0;0.0
-1;21000;ASH_COATED_OSMIUM;9999;6;9987;28;;;10006;10;10008;28;;;10002.5;0.0
-1;21000;INTARIAN_PEPPER_ROOT;10215;8;10213;18;;;10223;7;10227;8;10229;18;10219.0;0.0
-1;21100;ASH_COATED_OSMIUM;9987;28;;;;;10006;11;10008;28;;;9996.5;0.0
-1;21100;INTARIAN_PEPPER_ROOT;10215;11;10213;15;;;10227;11;10229;15;;;10221.0;0.0
-1;21200;ASH_COATED_OSMIUM;9990;12;9987;25;;;9999;1;10006;12;10008;25;9994.5;0.0
-1;21200;INTARIAN_PEPPER_ROOT;10213;19;;;;;10227;11;10229;19;;;10220.0;0.0
-1;21300;ASH_COATED_OSMIUM;9990;14;9987;24;;;;;;;;;9990.0;0.0
-1;21300;INTARIAN_PEPPER_ROOT;10216;8;10213;19;;;10227;8;10229;19;;;10221.5;0.0
-1;21400;ASH_COATED_OSMIUM;9990;13;;;;;10006;13;;;;;9998.0;0.0
-1;21400;INTARIAN_PEPPER_ROOT;10213;16;;;;;10223;10;10227;8;10230;16;10218.0;0.0
-1;21500;ASH_COATED_OSMIUM;9990;14;9988;28;;;10006;14;10009;28;;;9998.0;0.0
-1;21500;INTARIAN_PEPPER_ROOT;10216;10;10213;22;;;10227;10;10230;22;;;10221.5;0.0
-1;21600;ASH_COATED_OSMIUM;9988;29;;;;;10006;13;;;;;9997.0;0.0
-1;21600;INTARIAN_PEPPER_ROOT;10216;12;10213;16;;;10227;12;10230;16;;;10221.5;0.0
-1;21700;ASH_COATED_OSMIUM;9987;26;;;;;10006;14;10008;26;;;9996.5;0.0
-1;21700;INTARIAN_PEPPER_ROOT;10216;10;10214;21;;;10227;10;10230;21;;;10221.5;0.0
-1;21800;ASH_COATED_OSMIUM;9991;10;;;;;10007;10;10009;25;;;9999.0;0.0
-1;21800;INTARIAN_PEPPER_ROOT;10216;8;10214;19;;;10230;19;;;;;10223.0;0.0
-1;21900;ASH_COATED_OSMIUM;9990;10;9987;28;;;10006;10;10008;28;;;9998.0;0.0
-1;21900;INTARIAN_PEPPER_ROOT;10214;18;;;;;10230;18;;;;;10222.0;0.0
-1;22000;ASH_COATED_OSMIUM;9990;14;9988;24;;;10006;14;10009;24;;;9998.0;0.0
-1;22000;INTARIAN_PEPPER_ROOT;10216;10;;;;;10228;10;10230;15;;;10222.0;0.0
-1;22100;ASH_COATED_OSMIUM;9988;30;;;;;10009;30;;;;;9998.5;0.0
-1;22100;INTARIAN_PEPPER_ROOT;10219;9;10216;9;;;10228;9;10230;24;;;10223.5;0.0
-1;22200;ASH_COATED_OSMIUM;9991;15;9988;27;;;10009;27;;;;;10000.0;0.0
-1;22200;INTARIAN_PEPPER_ROOT;10217;9;;;;;10230;22;;;;;10223.5;0.0
-1;22300;ASH_COATED_OSMIUM;9991;14;;;;;10007;14;10009;22;;;9999.0;0.0
-1;22300;INTARIAN_PEPPER_ROOT;10217;9;10214;18;;;;;;;;;10217.0;0.0
-1;22400;ASH_COATED_OSMIUM;9991;15;9988;29;;;9996;6;10009;29;;;9993.5;0.0
-1;22400;INTARIAN_PEPPER_ROOT;10217;8;10214;20;;;10228;8;10231;20;;;10222.5;0.0
-1;22500;ASH_COATED_OSMIUM;9990;14;;;;;10006;14;10009;22;;;9998.0;0.0
-1;22500;INTARIAN_PEPPER_ROOT;10217;8;;;;;10228;8;10231;17;;;10222.5;0.0
-1;22600;ASH_COATED_OSMIUM;9990;13;9987;22;;;10006;13;10008;22;;;9998.0;0.0
-1;22600;INTARIAN_PEPPER_ROOT;10217;10;;;;;10228;10;10231;15;;;10222.5;0.0
-1;22700;ASH_COATED_OSMIUM;9990;13;;;;;10006;13;10008;21;;;9998.0;0.0
-1;22700;INTARIAN_PEPPER_ROOT;10226;6;10217;8;;;10228;8;10231;16;;;10227.0;0.0
-1;22800;ASH_COATED_OSMIUM;9990;13;9987;22;;;10006;13;;;;;9998.0;0.0
-1;22800;INTARIAN_PEPPER_ROOT;10217;9;10215;19;;;10228;9;;;;;10222.5;0.0
-1;22900;ASH_COATED_OSMIUM;9990;10;;;;;10006;10;;;;;9998.0;0.0
-1;22900;INTARIAN_PEPPER_ROOT;10217;12;10215;17;;;10229;12;;;;;10223.0;0.0
-1;23000;ASH_COATED_OSMIUM;9990;12;;;;;10006;12;10009;21;;;9998.0;0.0
-1;23000;INTARIAN_PEPPER_ROOT;10217;8;10215;17;;;10229;8;;;;;10223.0;0.0
-1;23100;ASH_COATED_OSMIUM;9990;14;;;;;10006;14;;;;;9998.0;0.0
-1;23100;INTARIAN_PEPPER_ROOT;10217;9;10215;20;;;10231;20;;;;;10224.0;0.0
-1;23200;ASH_COATED_OSMIUM;9990;14;;;;;10009;23;;;;;9999.5;0.0
-1;23200;INTARIAN_PEPPER_ROOT;10218;11;;;;;10231;15;;;;;10224.5;0.0
-1;23300;ASH_COATED_OSMIUM;9991;14;;;;;10007;14;10009;25;;;9999.0;0.0
-1;23300;INTARIAN_PEPPER_ROOT;10218;12;10215;22;;;10229;12;10231;22;;;10223.5;0.0
-1;23400;ASH_COATED_OSMIUM;9990;15;9988;23;;;10009;23;;;;;9999.5;0.0
-1;23400;INTARIAN_PEPPER_ROOT;10218;9;10215;17;;;10229;9;10232;17;;;10223.5;0.0
-1;23500;ASH_COATED_OSMIUM;9990;15;9987;21;;;10006;15;10008;21;;;9998.0;0.0
-1;23500;INTARIAN_PEPPER_ROOT;10215;15;;;;;10229;10;;;;;10222.0;0.0
-1;23600;ASH_COATED_OSMIUM;9990;10;9988;26;;;10006;10;10009;26;;;9998.0;0.0
-1;23600;INTARIAN_PEPPER_ROOT;;;;;;;10229;11;10232;23;;;10229.0;0.0
-1;23700;ASH_COATED_OSMIUM;9990;12;9988;21;;;10006;12;10009;21;;;9998.0;0.0
-1;23700;INTARIAN_PEPPER_ROOT;10218;11;10216;20;;;10229;11;10232;20;;;10223.5;0.0
-1;23800;ASH_COATED_OSMIUM;9991;12;9989;24;;;10007;12;10010;24;;;9999.0;0.0
-1;23800;INTARIAN_PEPPER_ROOT;10218;10;10216;23;;;10226;9;10229;10;10232;23;10222.0;0.0
-1;23900;ASH_COATED_OSMIUM;10001;5;9991;13;;;10007;13;10009;21;;;10004.0;0.0
-1;23900;INTARIAN_PEPPER_ROOT;10216;23;;;;;10230;10;10232;23;;;10223.0;0.0
-1;24000;ASH_COATED_OSMIUM;9991;14;9988;28;;;10007;14;10009;28;;;9999.0;0.0
-1;24000;INTARIAN_PEPPER_ROOT;10218;11;10216;20;;;10230;11;10232;20;;;10224.0;0.0
-1;24100;ASH_COATED_OSMIUM;9991;11;9989;27;;;10007;11;;;;;9999.0;0.0
-1;24100;INTARIAN_PEPPER_ROOT;10218;12;10216;22;;;;;;;;;10218.0;0.0
-1;24200;ASH_COATED_OSMIUM;9991;14;9989;25;;;10007;14;10010;25;;;9999.0;0.0
-1;24200;INTARIAN_PEPPER_ROOT;10216;15;;;;;10230;8;10232;15;;;10223.0;0.0
-1;24300;ASH_COATED_OSMIUM;9992;14;;;;;10010;22;;;;;10001.0;0.0
-1;24300;INTARIAN_PEPPER_ROOT;;;;;;;10230;10;10232;22;;;10230.0;0.0
-1;24400;ASH_COATED_OSMIUM;9991;10;9989;29;;;10007;10;10010;29;;;9999.0;0.0
-1;24400;INTARIAN_PEPPER_ROOT;;;;;;;10230;9;10233;15;;;10230.0;0.0
-1;24500;ASH_COATED_OSMIUM;9989;25;;;;;10007;11;10010;25;;;9998.0;0.0
-1;24500;INTARIAN_PEPPER_ROOT;10219;10;10216;25;;;10230;10;10233;25;;;10224.5;0.0
-1;24600;ASH_COATED_OSMIUM;9988;22;;;;;10007;14;10009;22;;;9997.5;0.0
-1;24600;INTARIAN_PEPPER_ROOT;10219;12;10216;20;;;10230;12;;;;;10224.5;0.0
-1;24700;ASH_COATED_OSMIUM;9991;13;;;;;;;;;;;9991.0;0.0
-1;24700;INTARIAN_PEPPER_ROOT;10219;12;10217;19;;;10230;12;10233;19;;;10224.5;0.0
-1;24800;ASH_COATED_OSMIUM;9989;30;;;;;10007;14;10010;30;;;9998.0;0.0
-1;24800;INTARIAN_PEPPER_ROOT;10219;11;;;;;10230;11;10233;21;;;10224.5;0.0
-1;24900;ASH_COATED_OSMIUM;9991;10;9989;25;;;10007;10;10010;25;;;9999.0;0.0
-1;24900;INTARIAN_PEPPER_ROOT;10219;10;10217;25;;;10231;10;10233;25;;;10225.0;0.0
-1;25000;ASH_COATED_OSMIUM;9991;14;9989;25;;;10007;14;10010;25;;;9999.0;0.0
-1;25000;INTARIAN_PEPPER_ROOT;10217;18;;;;;10231;10;10233;18;;;10224.0;0.0
-1;25100;ASH_COATED_OSMIUM;9991;10;;;;;10007;10;10010;27;;;9999.0;0.0
-1;25100;INTARIAN_PEPPER_ROOT;;;;;;;10233;25;;;;;10233.0;0.0
-1;25200;ASH_COATED_OSMIUM;9990;26;;;;;10011;26;;;;;10000.5;0.0
-1;25200;INTARIAN_PEPPER_ROOT;10217;17;;;;;10231;9;;;;;10224.0;0.0
-1;25300;ASH_COATED_OSMIUM;9992;10;9989;23;;;10010;23;;;;;10001.0;0.0
-1;25300;INTARIAN_PEPPER_ROOT;10220;11;10217;21;;;10231;11;10233;21;;;10225.5;0.0
-1;25400;ASH_COATED_OSMIUM;9992;10;9989;27;;;10010;27;;;;;10001.0;0.0
-1;25400;INTARIAN_PEPPER_ROOT;10220;8;10217;21;;;10231;8;10234;21;;;10225.5;0.0
-1;25500;ASH_COATED_OSMIUM;9992;13;9990;24;;;10008;13;10011;24;;;10000.0;0.0
-1;25500;INTARIAN_PEPPER_ROOT;10220;9;10217;25;;;10231;9;10234;25;;;10225.5;0.0
-1;25600;ASH_COATED_OSMIUM;9993;10;9990;27;;;10009;10;10011;27;;;10001.0;0.0
-1;25600;INTARIAN_PEPPER_ROOT;10229;5;10220;10;10217;20;;;;;;;10229.0;0.0
-1;25700;ASH_COATED_OSMIUM;9992;15;9990;20;;;10008;15;10011;20;;;10000.0;0.0
-1;25700;INTARIAN_PEPPER_ROOT;10220;12;10218;15;;;10231;12;;;;;10225.5;0.0
-1;25800;ASH_COATED_OSMIUM;9997;2;9992;11;;;10008;11;10011;20;;;10002.5;0.0
-1;25800;INTARIAN_PEPPER_ROOT;10220;10;10218;16;;;10231;10;10234;16;;;10225.5;0.0
-1;25900;ASH_COATED_OSMIUM;9992;12;9990;26;;;10008;12;10011;26;;;10000.0;0.0
-1;25900;INTARIAN_PEPPER_ROOT;10220;8;10218;22;;;10232;8;10234;22;;;10226.0;0.0
-1;26000;ASH_COATED_OSMIUM;9992;12;9990;27;;;10008;12;10011;27;;;10000.0;0.0
-1;26000;INTARIAN_PEPPER_ROOT;10220;12;10218;20;;;10232;12;10234;20;;;10226.0;0.0
-1;26100;ASH_COATED_OSMIUM;9989;26;;;;;10008;12;10010;26;;;9998.5;0.0
-1;26100;INTARIAN_PEPPER_ROOT;10220;8;10218;17;;;10232;8;10234;17;;;10226.0;0.0
-1;26200;ASH_COATED_OSMIUM;9992;15;9990;29;;;10008;15;;;;;10000.0;0.0
-1;26200;INTARIAN_PEPPER_ROOT;10221;9;10218;17;;;;;;;;;10221.0;0.0
-1;26300;ASH_COATED_OSMIUM;9991;11;9989;30;;;10010;30;;;;;10000.5;0.0
-1;26300;INTARIAN_PEPPER_ROOT;10221;9;10218;25;;;10232;9;10234;25;;;10226.5;0.0
-1;26400;ASH_COATED_OSMIUM;9992;14;9989;25;;;9997;9;10010;25;;;9994.5;0.0
-1;26400;INTARIAN_PEPPER_ROOT;10221;11;;;;;10232;11;;;;;10226.5;0.0
-1;26500;ASH_COATED_OSMIUM;9992;10;9990;28;;;10008;10;10011;28;;;10000.0;0.0
-1;26500;INTARIAN_PEPPER_ROOT;10218;18;;;;;10235;18;;;;;10226.5;0.0
-1;26600;ASH_COATED_OSMIUM;10002;9;9989;22;;;10010;22;;;;;10006.0;0.0
-1;26600;INTARIAN_PEPPER_ROOT;10221;11;10218;22;;;10232;11;10235;22;;;10226.5;0.0
-1;26700;ASH_COATED_OSMIUM;9989;30;;;;;10007;10;;;;;9998.0;0.0
-1;26700;INTARIAN_PEPPER_ROOT;10221;12;;;;;10235;21;;;;;10228.0;0.0
-1;26800;ASH_COATED_OSMIUM;9996;5;9991;13;9989;26;10007;13;10010;26;;;10001.5;0.0
-1;26800;INTARIAN_PEPPER_ROOT;10221;11;10219;15;;;10232;11;10235;15;;;10226.5;0.0
-1;26900;ASH_COATED_OSMIUM;9991;15;9989;30;;;;;;;;;9991.0;0.0
-1;26900;INTARIAN_PEPPER_ROOT;10221;10;10219;17;;;10233;10;;;;;10227.0;0.0
-1;27000;ASH_COATED_OSMIUM;9990;10;;;;;10009;21;;;;;9999.5;0.0
-1;27000;INTARIAN_PEPPER_ROOT;10221;9;;;;;10235;18;;;;;10228.0;0.0
-1;27100;ASH_COATED_OSMIUM;10000;4;9990;11;9988;24;10006;11;10009;24;;;10003.0;0.0
-1;27100;INTARIAN_PEPPER_ROOT;10221;9;;;;;10233;9;10235;22;;;10227.0;0.0
-1;27200;ASH_COATED_OSMIUM;9990;13;9988;22;;;10006;13;10009;22;;;9998.0;0.0
-1;27200;INTARIAN_PEPPER_ROOT;10222;10;10219;22;;;10233;10;10235;22;;;10227.5;0.0
-1;27300;ASH_COATED_OSMIUM;9991;15;9988;30;;;10007;15;10009;30;;;9999.0;0.0
-1;27300;INTARIAN_PEPPER_ROOT;10222;9;10219;20;;;10233;9;10235;20;;;10227.5;0.0
-1;27400;ASH_COATED_OSMIUM;9991;15;9988;25;;;10007;15;;;;;9999.0;0.0
-1;27400;INTARIAN_PEPPER_ROOT;10222;8;;;;;;;;;;;10222.0;0.0
-1;27500;ASH_COATED_OSMIUM;9992;13;9989;20;;;10010;20;;;;;10001.0;0.0
-1;27500;INTARIAN_PEPPER_ROOT;10222;8;10219;23;;;10233;8;;;;;10227.5;0.0
-1;27600;ASH_COATED_OSMIUM;9991;11;9989;24;;;10010;24;;;;;10000.5;0.0
-1;27600;INTARIAN_PEPPER_ROOT;10222;10;10219;17;;;10236;17;;;;;10229.0;0.0
-1;27700;ASH_COATED_OSMIUM;9991;12;;;;;10007;12;10010;30;;;9999.0;0.0
-1;27700;INTARIAN_PEPPER_ROOT;10222;8;10220;19;;;10233;8;10236;19;;;10227.5;0.0
-1;27800;ASH_COATED_OSMIUM;9992;10;9989;24;;;10008;10;10010;24;;;10000.0;0.0
-1;27800;INTARIAN_PEPPER_ROOT;10222;10;10220;20;;;10233;10;10236;20;;;10227.5;0.0
-1;27900;ASH_COATED_OSMIUM;9989;30;;;;;10007;10;;;;;9998.0;0.0
-1;27900;INTARIAN_PEPPER_ROOT;;;;;;;10234;8;10236;21;;;10234.0;0.0
-1;28000;ASH_COATED_OSMIUM;9992;14;9989;24;;;10010;24;;;;;10001.0;0.0
-1;28000;INTARIAN_PEPPER_ROOT;10222;9;10220;25;;;10234;9;10236;25;;;10228.0;0.0
-1;28100;ASH_COATED_OSMIUM;9992;10;9989;21;;;10008;10;;;;;10000.0;0.0
-1;28100;INTARIAN_PEPPER_ROOT;10222;12;10220;19;;;10234;12;10236;19;;;10228.0;0.0
-1;28200;ASH_COATED_OSMIUM;;;;;;;10007;13;10010;27;;;10007.0;0.0
-1;28200;INTARIAN_PEPPER_ROOT;10223;10;10220;25;;;10234;10;10236;25;;;10228.5;0.0
-1;28300;ASH_COATED_OSMIUM;9992;10;9989;25;;;10008;10;10010;25;;;10000.0;0.0
-1;28300;INTARIAN_PEPPER_ROOT;10223;12;10220;23;;;10236;23;;;;;10229.5;0.0
-1;28400;ASH_COATED_OSMIUM;9992;12;;;;;10008;12;10010;24;;;10000.0;0.0
-1;28400;INTARIAN_PEPPER_ROOT;10223;12;;;;;10230;10;10234;12;10237;24;10226.5;0.0
-1;28500;ASH_COATED_OSMIUM;9989;27;;;;;10008;14;10010;27;;;9998.5;0.0
-1;28500;INTARIAN_PEPPER_ROOT;10223;10;;;;;10234;10;10237;23;;;10228.5;0.0
-1;28600;ASH_COATED_OSMIUM;9991;13;;;;;10007;13;10010;23;;;9999.0;0.0
-1;28600;INTARIAN_PEPPER_ROOT;10223;9;10220;20;;;10234;9;;;;;10228.5;0.0
-1;28700;ASH_COATED_OSMIUM;9991;15;9989;23;;;10000;3;10007;15;10010;23;9995.5;0.0
-1;28700;INTARIAN_PEPPER_ROOT;10223;8;10221;20;;;10237;20;;;;;10230.0;0.0
-1;28800;ASH_COATED_OSMIUM;;;;;;;10007;15;10009;24;;;10007.0;0.0
-1;28800;INTARIAN_PEPPER_ROOT;10223;11;10221;25;;;10237;25;;;;;10230.0;0.0
-1;28900;ASH_COATED_OSMIUM;9991;10;9989;23;;;10007;10;;;;;9999.0;0.0
-1;28900;INTARIAN_PEPPER_ROOT;10223;8;;;;;10235;8;10237;24;;;10229.0;0.0
-1;29000;ASH_COATED_OSMIUM;9989;20;;;;;10007;14;10010;20;;;9998.0;0.0
-1;29000;INTARIAN_PEPPER_ROOT;10223;11;10221;24;;;10237;24;;;;;10230.0;0.0
-1;29100;ASH_COATED_OSMIUM;9991;12;9989;26;;;10007;12;10010;26;;;9999.0;0.0
-1;29100;INTARIAN_PEPPER_ROOT;10223;9;;;;;10235;9;;;;;10229.0;0.0
-1;29200;ASH_COATED_OSMIUM;9989;24;;;;;10007;13;10010;24;;;9998.0;0.0
-1;29200;INTARIAN_PEPPER_ROOT;10224;9;10221;16;;;10235;9;10237;16;;;10229.5;0.0
-1;29300;ASH_COATED_OSMIUM;9991;12;;;;;10007;12;;;;;9999.0;0.0
-1;29300;INTARIAN_PEPPER_ROOT;10224;8;10221;18;;;10235;8;;;;;10229.5;0.0
-1;29400;ASH_COATED_OSMIUM;9991;15;9988;23;;;10009;23;;;;;10000.0;0.0
-1;29400;INTARIAN_PEPPER_ROOT;10224;12;10221;16;;;10235;12;10238;16;;;10229.5;0.0
-1;29500;ASH_COATED_OSMIUM;9990;12;9988;25;;;10006;12;10009;25;;;9998.0;0.0
-1;29500;INTARIAN_PEPPER_ROOT;10224;9;10221;20;;;10235;9;10238;20;;;10229.5;0.0
-1;29600;ASH_COATED_OSMIUM;9991;11;9988;29;;;10009;29;;;;;10000.0;0.0
-1;29600;INTARIAN_PEPPER_ROOT;10224;12;10221;22;;;10235;12;10238;22;;;10229.5;0.0
-1;29700;ASH_COATED_OSMIUM;9991;11;9988;27;;;10007;11;10009;27;;;9999.0;0.0
-1;29700;INTARIAN_PEPPER_ROOT;10224;9;;;;;10235;9;10238;23;;;10229.5;0.0
-1;29800;ASH_COATED_OSMIUM;9991;12;;;;;10007;12;10009;21;;;9999.0;0.0
-1;29800;INTARIAN_PEPPER_ROOT;10224;9;;;;;10235;9;10238;24;;;10229.5;0.0
-1;29900;ASH_COATED_OSMIUM;9992;11;9989;21;;;10008;11;10010;21;;;10000.0;0.0
-1;29900;INTARIAN_PEPPER_ROOT;10224;8;10222;25;;;10238;25;;;;;10231.0;0.0
-1;30000;ASH_COATED_OSMIUM;9991;14;9988;23;;;10007;14;;;;;9999.0;0.0
-1;30000;INTARIAN_PEPPER_ROOT;10224;10;10222;25;;;10236;10;;;;;10230.0;0.0
-1;30100;ASH_COATED_OSMIUM;9988;20;;;;;10007;15;10009;20;;;9997.5;0.0
-1;30100;INTARIAN_PEPPER_ROOT;10224;11;10222;16;;;10236;11;10238;16;;;10230.0;0.0
-1;30200;ASH_COATED_OSMIUM;9988;28;;;;;10007;11;10009;28;;;9997.5;0.0
-1;30200;INTARIAN_PEPPER_ROOT;10222;18;;;;;10236;9;10238;18;;;10229.0;0.0
-1;30300;ASH_COATED_OSMIUM;9991;13;9988;23;;;10007;13;10009;23;;;9999.0;0.0
-1;30300;INTARIAN_PEPPER_ROOT;10225;8;;;;;10236;8;10238;25;;;10230.5;0.0
-1;30400;ASH_COATED_OSMIUM;9990;12;9988;21;;;10006;12;10009;21;;;9998.0;0.0
-1;30400;INTARIAN_PEPPER_ROOT;10225;10;10222;24;;;10236;10;;;;;10230.5;0.0
-1;30500;ASH_COATED_OSMIUM;9991;14;9988;25;;;10007;14;10009;25;;;9999.0;0.0
-1;30500;INTARIAN_PEPPER_ROOT;10225;9;10222;24;;;10236;9;10239;24;;;10230.5;0.0
-1;30600;ASH_COATED_OSMIUM;9991;14;9988;28;;;10009;28;;;;;10000.0;0.0
-1;30600;INTARIAN_PEPPER_ROOT;10225;10;10222;19;;;10236;10;10239;19;;;10230.5;0.0
-1;30700;ASH_COATED_OSMIUM;9990;10;9988;30;;;10000;4;10006;10;10009;30;9995.0;0.0
-1;30700;INTARIAN_PEPPER_ROOT;10225;8;;;;;10236;8;10239;17;;;10230.5;0.0
-1;30800;ASH_COATED_OSMIUM;9991;12;9988;28;;;10007;12;10009;28;;;9999.0;0.0
-1;30800;INTARIAN_PEPPER_ROOT;10225;12;10223;24;;;10236;12;10239;24;;;10230.5;0.0
-1;30900;ASH_COATED_OSMIUM;9990;12;9987;25;;;10006;12;;;;;9998.0;0.0
-1;30900;INTARIAN_PEPPER_ROOT;10225;10;10223;20;;;10237;10;10239;20;;;10231.0;0.0
-1;31000;ASH_COATED_OSMIUM;9988;21;;;;;10006;13;10009;21;;;9997.0;0.0
-1;31000;INTARIAN_PEPPER_ROOT;10225;9;10223;19;;;10237;9;10239;19;;;10231.0;0.0
-1;31100;ASH_COATED_OSMIUM;9990;13;;;;;10008;26;;;;;9999.0;0.0
-1;31100;INTARIAN_PEPPER_ROOT;10225;10;10223;24;;;10237;10;10239;24;;;10231.0;0.0
-1;31200;ASH_COATED_OSMIUM;9990;15;9987;27;;;10008;27;;;;;9999.0;0.0
-1;31200;INTARIAN_PEPPER_ROOT;10226;11;;;;;10237;11;10239;15;;;10231.5;0.0
-1;31300;ASH_COATED_OSMIUM;9990;12;;;;;10006;12;10008;30;;;9998.0;0.0
-1;31300;INTARIAN_PEPPER_ROOT;10226;12;10223;22;;;10239;22;;;;;10232.5;0.0
-1;31400;ASH_COATED_OSMIUM;9989;13;;;;;10005;13;10008;27;;;9997.0;0.0
-1;31400;INTARIAN_PEPPER_ROOT;10223;16;;;;;10237;8;10240;16;;;10230.0;0.0
-1;31500;ASH_COATED_OSMIUM;;;;;;;10006;14;10008;29;;;10006.0;0.0
-1;31500;INTARIAN_PEPPER_ROOT;10226;8;10223;15;;;10237;8;10240;15;;;10231.5;0.0
-1;31600;ASH_COATED_OSMIUM;9987;25;;;;;10005;14;10008;25;;;9996.0;0.0
-1;31600;INTARIAN_PEPPER_ROOT;10226;8;10223;16;;;10237;8;;;;;10231.5;0.0
-1;31700;ASH_COATED_OSMIUM;9996;5;9990;13;;;10006;13;10008;26;;;10001.0;0.0
-1;31700;INTARIAN_PEPPER_ROOT;10226;12;;;;;10237;12;10240;20;;;10231.5;0.0
-1;31800;ASH_COATED_OSMIUM;9990;11;9988;20;;;10009;20;;;;;9999.5;0.0
-1;31800;INTARIAN_PEPPER_ROOT;10226;9;10224;20;;;10237;9;10240;20;;;10231.5;0.0
-1;31900;ASH_COATED_OSMIUM;9988;30;;;;;10006;13;10009;30;;;9997.0;0.0
-1;31900;INTARIAN_PEPPER_ROOT;10226;8;;;;;10238;8;10240;24;;;10232.0;0.0
-1;32000;ASH_COATED_OSMIUM;9990;14;9988;21;;;10006;14;10009;21;;;9998.0;0.0
-1;32000;INTARIAN_PEPPER_ROOT;10226;12;10224;19;;;10238;12;10240;19;;;10232.0;0.0
-1;32100;ASH_COATED_OSMIUM;9990;14;9987;20;;;10006;14;10008;20;;;9998.0;0.0
-1;32100;INTARIAN_PEPPER_ROOT;10226;10;10224;16;;;10238;10;10240;16;;;10232.0;0.0
-1;32200;ASH_COATED_OSMIUM;9990;11;9987;21;;;10006;11;;;;;9998.0;0.0
-1;32200;INTARIAN_PEPPER_ROOT;;;;;;;10238;11;10240;19;;;10238.0;0.0
-1;32300;ASH_COATED_OSMIUM;9987;26;;;;;10006;15;;;;;9996.5;0.0
-1;32300;INTARIAN_PEPPER_ROOT;10227;10;;;;;10238;10;10240;19;;;10232.5;0.0
-1;32400;ASH_COATED_OSMIUM;9990;13;9987;28;;;10006;13;;;;;9998.0;0.0
-1;32400;INTARIAN_PEPPER_ROOT;10227;12;;;;;10238;12;10241;23;;;10232.5;0.0
-1;32500;ASH_COATED_OSMIUM;9989;12;9987;22;;;10005;12;10008;22;;;9997.0;0.0
-1;32500;INTARIAN_PEPPER_ROOT;10224;19;;;;;10238;11;;;;;10231.0;0.0
-1;32600;ASH_COATED_OSMIUM;;;;;;;10005;15;;;;;10005.0;0.0
-1;32600;INTARIAN_PEPPER_ROOT;10227;12;10224;20;;;10238;12;10241;20;;;10232.5;0.0
-1;32700;ASH_COATED_OSMIUM;9989;10;9987;25;;;10005;10;10008;25;;;9997.0;0.0
-1;32700;INTARIAN_PEPPER_ROOT;10227;12;10225;17;;;10241;17;;;;;10234.0;0.0
-1;32800;ASH_COATED_OSMIUM;9989;11;9987;29;;;10005;11;10008;29;;;9997.0;0.0
-1;32800;INTARIAN_PEPPER_ROOT;10227;11;10225;24;;;10238;11;10241;24;;;10232.5;0.0
-1;32900;ASH_COATED_OSMIUM;9989;13;9987;20;;;10005;13;10008;20;;;9997.0;0.0
-1;32900;INTARIAN_PEPPER_ROOT;10227;11;10225;18;;;10239;11;10241;18;;;10233.0;0.0
-1;33000;ASH_COATED_OSMIUM;9989;12;9987;24;;;10005;12;10008;24;;;9997.0;0.0
-1;33000;INTARIAN_PEPPER_ROOT;10227;9;;;;;10239;9;10241;25;;;10233.0;0.0
-1;33100;ASH_COATED_OSMIUM;9989;14;9987;23;;;10005;14;10008;23;;;9997.0;0.0
-1;33100;INTARIAN_PEPPER_ROOT;10225;21;;;;;10241;21;;;;;10233.0;0.0
-1;33200;ASH_COATED_OSMIUM;9989;12;9986;30;;;10005;12;10007;30;;;9997.0;0.0
-1;33200;INTARIAN_PEPPER_ROOT;10228;11;10225;17;;;10239;11;10241;17;;;10233.5;0.0
-1;33300;ASH_COATED_OSMIUM;9989;15;9986;30;;;10005;15;;;;;9997.0;0.0
-1;33300;INTARIAN_PEPPER_ROOT;10228;9;10225;24;;;10239;9;;;;;10233.5;0.0
-1;33400;ASH_COATED_OSMIUM;9989;13;9987;28;;;10005;13;10008;28;;;9997.0;0.0
-1;33400;INTARIAN_PEPPER_ROOT;;;;;;;10239;9;10242;23;;;10239.0;0.0
-1;33500;ASH_COATED_OSMIUM;;;;;;;10005;12;10007;29;;;10005.0;0.0
-1;33500;INTARIAN_PEPPER_ROOT;10225;16;;;;;10239;10;;;;;10232.0;0.0
-1;33600;ASH_COATED_OSMIUM;9989;14;9986;27;;;10005;14;10007;27;;;9997.0;0.0
-1;33600;INTARIAN_PEPPER_ROOT;10228;11;;;;;10239;11;10242;16;;;10233.5;0.0
-1;33700;ASH_COATED_OSMIUM;9986;29;;;;;10005;11;10007;29;;;9995.5;0.0
-1;33700;INTARIAN_PEPPER_ROOT;10228;12;;;;;10239;12;10242;21;;;10233.5;0.0
-1;33800;ASH_COATED_OSMIUM;9987;25;;;;;10008;25;;;;;9997.5;0.0
-1;33800;INTARIAN_PEPPER_ROOT;10226;17;;;;;10239;11;;;;;10232.5;0.0
-1;33900;ASH_COATED_OSMIUM;9989;14;;;;;10005;14;10007;30;;;9997.0;0.0
-1;33900;INTARIAN_PEPPER_ROOT;10228;8;10226;16;;;10240;8;10242;16;;;10234.0;0.0
-1;34000;ASH_COATED_OSMIUM;9999;7;9987;30;;;10005;14;10008;30;;;10002.0;0.0
-1;34000;INTARIAN_PEPPER_ROOT;10228;10;;;;;10240;10;10242;22;;;10234.0;0.0
-1;34100;ASH_COATED_OSMIUM;9986;26;;;;;10005;14;10007;26;;;9995.5;0.0
-1;34100;INTARIAN_PEPPER_ROOT;10228;8;10226;16;;;10240;8;;;;;10234.0;0.0
-1;34200;ASH_COATED_OSMIUM;9989;13;9987;22;;;10005;13;10008;22;;;9997.0;0.0
-1;34200;INTARIAN_PEPPER_ROOT;10229;8;10226;22;;;10240;8;;;;;10234.5;0.0
-1;34300;ASH_COATED_OSMIUM;9989;10;;;;;10005;10;10007;25;;;9997.0;0.0
-1;34300;INTARIAN_PEPPER_ROOT;10226;15;;;;;10240;10;10242;15;;;10233.0;0.0
-1;34400;ASH_COATED_OSMIUM;9989;15;9986;23;;;10005;15;;;;;9997.0;0.0
-1;34400;INTARIAN_PEPPER_ROOT;10226;25;;;;;10240;9;;;;;10233.0;0.0
-1;34500;ASH_COATED_OSMIUM;9998;10;9986;29;;;10005;15;10007;29;;;10001.5;0.0
-1;34500;INTARIAN_PEPPER_ROOT;10229;9;;;;;10243;17;;;;;10236.0;0.0
-1;34600;ASH_COATED_OSMIUM;9988;14;9986;23;;;10004;14;10007;23;;;9996.0;0.0
-1;34600;INTARIAN_PEPPER_ROOT;10229;9;;;;;10240;9;;;;;10234.5;0.0
-1;34700;ASH_COATED_OSMIUM;9988;12;9985;21;;;10004;12;10006;21;;;9996.0;0.0
-1;34700;INTARIAN_PEPPER_ROOT;10229;9;10227;18;;;10243;18;;;;;10236.0;0.0
-1;34800;ASH_COATED_OSMIUM;9988;12;9985;24;;;10006;24;;;;;9997.0;0.0
-1;34800;INTARIAN_PEPPER_ROOT;10227;17;;;;;;;;;;;10227.0;0.0
-1;34900;ASH_COATED_OSMIUM;9987;11;9985;29;;;10003;11;10006;29;;;9995.0;0.0
-1;34900;INTARIAN_PEPPER_ROOT;10229;8;10227;18;;;10241;8;10243;18;;;10235.0;0.0
-1;35000;ASH_COATED_OSMIUM;9985;25;;;;;10003;11;10006;25;;;9994.0;0.0
-1;35000;INTARIAN_PEPPER_ROOT;10229;12;10227;17;;;10241;12;10243;17;;;10235.0;0.0
-1;35100;ASH_COATED_OSMIUM;9987;13;9985;26;;;10003;13;;;;;9995.0;0.0
-1;35100;INTARIAN_PEPPER_ROOT;10227;16;;;;;10243;16;;;;;10235.0;0.0
-1;35200;ASH_COATED_OSMIUM;9988;14;9985;23;;;10004;14;10006;23;;;9996.0;0.0
-1;35200;INTARIAN_PEPPER_ROOT;10230;12;10227;23;;;10241;12;10243;23;;;10235.5;0.0
-1;35300;ASH_COATED_OSMIUM;9985;30;;;;;9996;3;10003;11;10006;30;9990.5;0.0
-1;35300;INTARIAN_PEPPER_ROOT;10227;25;;;;;10241;9;10243;25;;;10234.0;0.0
-1;35400;ASH_COATED_OSMIUM;9988;11;9985;29;;;10004;11;10006;29;;;9996.0;0.0
-1;35400;INTARIAN_PEPPER_ROOT;10230;8;;;;;10241;8;10244;19;;;10235.5;0.0
-1;35500;ASH_COATED_OSMIUM;9994;1;9988;12;9985;29;10006;29;;;;;10000.0;0.0
-1;35500;INTARIAN_PEPPER_ROOT;10227;21;;;;;10241;10;;;;;10234.0;0.0
-1;35600;ASH_COATED_OSMIUM;9988;14;9986;22;;;10004;14;10007;22;;;9996.0;0.0
-1;35600;INTARIAN_PEPPER_ROOT;;;;;;;10241;10;10244;20;;;10241.0;0.0
-1;35700;ASH_COATED_OSMIUM;9985;24;;;;;10004;15;10006;24;;;9994.5;0.0
-1;35700;INTARIAN_PEPPER_ROOT;10230;10;10228;24;;;10241;10;10244;24;;;10235.5;0.0
-1;35800;ASH_COATED_OSMIUM;9988;10;9986;22;;;10004;10;10007;22;;;9996.0;0.0
-1;35800;INTARIAN_PEPPER_ROOT;10230;12;10228;17;;;10241;12;10244;17;;;10235.5;0.0
-1;35900;ASH_COATED_OSMIUM;9987;11;9985;29;;;10003;11;10006;29;;;9995.0;0.0
-1;35900;INTARIAN_PEPPER_ROOT;10230;11;;;;;10242;11;10244;22;;;10236.0;0.0
-1;36000;ASH_COATED_OSMIUM;9986;24;;;;;10004;12;10007;24;;;9995.0;0.0
-1;36000;INTARIAN_PEPPER_ROOT;10230;10;10228;19;;;10242;10;10244;19;;;10236.0;0.0
-1;36100;ASH_COATED_OSMIUM;9988;14;9985;22;;;10004;14;10006;22;;;9996.0;0.0
-1;36100;INTARIAN_PEPPER_ROOT;10230;8;10228;15;;;10242;8;10244;15;;;10236.0;0.0
-1;36200;ASH_COATED_OSMIUM;9988;15;;;;;10004;15;10007;21;;;9996.0;0.0
-1;36200;INTARIAN_PEPPER_ROOT;10231;11;;;;;10242;11;10244;15;;;10236.5;0.0
-1;36300;ASH_COATED_OSMIUM;9993;4;9988;10;9986;21;10004;10;;;;;9998.5;0.0
-1;36300;INTARIAN_PEPPER_ROOT;10228;17;;;;;10242;10;10244;17;;;10235.0;0.0
-1;36400;ASH_COATED_OSMIUM;9988;13;9986;30;;;10004;13;10007;30;;;9996.0;0.0
-1;36400;INTARIAN_PEPPER_ROOT;10231;10;10228;25;;;10242;10;10245;25;;;10236.5;0.0
-1;36500;ASH_COATED_OSMIUM;9989;10;9986;26;;;10005;10;10007;26;;;9997.0;0.0
-1;36500;INTARIAN_PEPPER_ROOT;10228;16;;;;;10242;10;10245;16;;;10235.0;0.0
-1;36600;ASH_COATED_OSMIUM;9988;13;;;;;;;;;;;9988.0;0.0
-1;36600;INTARIAN_PEPPER_ROOT;10231;8;10228;15;;;10242;8;;;;;10236.5;0.0
-1;36700;ASH_COATED_OSMIUM;9989;11;9986;25;;;10005;11;10007;25;;;9997.0;0.0
-1;36700;INTARIAN_PEPPER_ROOT;10229;15;;;;;10242;12;10245;15;;;10235.5;0.0
-1;36800;ASH_COATED_OSMIUM;9986;20;;;;;9998;4;10005;11;10007;20;9992.0;0.0
-1;36800;INTARIAN_PEPPER_ROOT;10229;18;;;;;10242;8;10245;18;;;10235.5;0.0
-1;36900;ASH_COATED_OSMIUM;9988;11;9986;28;;;10004;11;10007;28;;;9996.0;0.0
-1;36900;INTARIAN_PEPPER_ROOT;10231;12;10229;25;;;10245;25;;;;;10238.0;0.0
-1;37000;ASH_COATED_OSMIUM;9989;15;9986;20;;;9995;6;10007;20;;;9992.0;0.0
-1;37000;INTARIAN_PEPPER_ROOT;10240;7;10231;12;10229;24;10243;12;10245;24;;;10241.5;0.0
-1;37100;ASH_COATED_OSMIUM;9986;21;;;;;10005;11;10007;21;;;9995.5;0.0
-1;37100;INTARIAN_PEPPER_ROOT;10231;8;10229;25;;;10243;8;10245;25;;;10237.0;0.0
-1;37200;ASH_COATED_OSMIUM;9999;4;9989;13;9986;30;10005;13;10007;30;;;10002.0;0.0
-1;37200;INTARIAN_PEPPER_ROOT;10232;11;;;;;;;;;;;10232.0;0.0
-1;37300;ASH_COATED_OSMIUM;9989;11;9986;23;;;10005;11;10007;23;;;9997.0;0.0
-1;37300;INTARIAN_PEPPER_ROOT;10232;8;10229;20;;;10245;20;;;;;10238.5;0.0
-1;37400;ASH_COATED_OSMIUM;9989;15;9986;30;;;10007;30;;;;;9998.0;0.0
-1;37400;INTARIAN_PEPPER_ROOT;10232;12;10229;16;;;10243;12;;;;;10237.5;0.0
-1;37500;ASH_COATED_OSMIUM;9989;15;9987;27;;;10005;15;10008;27;;;9997.0;0.0
-1;37500;INTARIAN_PEPPER_ROOT;10232;10;10229;17;;;10246;17;;;;;10239.0;0.0
-1;37600;ASH_COATED_OSMIUM;9989;10;9986;25;;;10005;10;10007;25;;;9997.0;0.0
-1;37600;INTARIAN_PEPPER_ROOT;10232;11;10229;17;;;10243;11;10246;17;;;10237.5;0.0
-1;37700;ASH_COATED_OSMIUM;9986;22;;;;;10005;12;10007;22;;;9995.5;0.0
-1;37700;INTARIAN_PEPPER_ROOT;10232;12;10230;24;;;10243;12;10246;24;;;10237.5;0.0
-1;37800;ASH_COATED_OSMIUM;9986;24;;;;;9993;4;10004;13;10007;24;9989.5;0.0
-1;37800;INTARIAN_PEPPER_ROOT;10232;9;10230;18;;;10243;9;10246;18;;;10237.5;0.0
-1;37900;ASH_COATED_OSMIUM;9989;14;9986;24;;;10005;14;10007;24;;;9997.0;0.0
-1;37900;INTARIAN_PEPPER_ROOT;10232;11;10230;22;;;10246;22;;;;;10239.0;0.0
-1;38000;ASH_COATED_OSMIUM;9986;24;;;;;10004;12;10007;24;;;9995.0;0.0
-1;38000;INTARIAN_PEPPER_ROOT;10232;8;10230;15;;;10244;8;10246;15;;;10238.0;0.0
-1;38100;ASH_COATED_OSMIUM;9985;29;;;;;10006;29;;;;;9995.5;0.0
-1;38100;INTARIAN_PEPPER_ROOT;10230;16;;;;;10244;9;10246;16;;;10237.0;0.0
-1;38200;ASH_COATED_OSMIUM;9988;15;9985;26;;;10006;26;;;;;9997.0;0.0
-1;38200;INTARIAN_PEPPER_ROOT;10233;12;10230;17;;;10244;12;10246;17;;;10238.5;0.0
-1;38300;ASH_COATED_OSMIUM;9988;10;9985;21;;;10004;10;10006;21;;;9996.0;0.0
-1;38300;INTARIAN_PEPPER_ROOT;10233;12;10230;22;;;10244;12;;;;;10238.5;0.0
-1;38400;ASH_COATED_OSMIUM;9988;10;9985;22;;;10004;10;10006;22;;;9996.0;0.0
-1;38400;INTARIAN_PEPPER_ROOT;10230;15;;;;;10244;12;10247;15;;;10237.0;0.0
-1;38500;ASH_COATED_OSMIUM;9998;8;9988;11;9985;22;10004;11;10006;22;;;10001.0;0.0
-1;38500;INTARIAN_PEPPER_ROOT;10233;11;10230;16;;;10247;16;;;;;10240.0;0.0
-1;38600;ASH_COATED_OSMIUM;9988;15;9985;25;;;10004;15;10006;25;;;9996.0;0.0
-1;38600;INTARIAN_PEPPER_ROOT;10233;8;10230;24;;;10244;8;10247;24;;;10238.5;0.0
-1;38700;ASH_COATED_OSMIUM;9988;13;9986;23;;;;;;;;;9988.0;0.0
-1;38700;INTARIAN_PEPPER_ROOT;10233;10;10231;20;;;10244;10;10247;20;;;10238.5;0.0
-1;38800;ASH_COATED_OSMIUM;9988;10;;;;;10004;10;10007;24;;;9996.0;0.0
-1;38800;INTARIAN_PEPPER_ROOT;10233;12;10231;20;;;10247;20;;;;;10240.0;0.0
-1;38900;ASH_COATED_OSMIUM;9988;14;9986;25;;;10004;14;10007;25;;;9996.0;0.0
-1;38900;INTARIAN_PEPPER_ROOT;10233;8;10231;20;;;10245;8;10247;20;;;10239.0;0.0
-1;39000;ASH_COATED_OSMIUM;9989;14;;;;;10005;14;10007;26;;;9997.0;0.0
-1;39000;INTARIAN_PEPPER_ROOT;10231;15;;;;;10245;10;10247;15;;;10238.0;0.0
-1;39100;ASH_COATED_OSMIUM;9988;10;;;;;10004;10;10007;26;;;9996.0;0.0
-1;39100;INTARIAN_PEPPER_ROOT;10231;22;;;;;10245;8;;;;;10238.0;0.0
-1;39200;ASH_COATED_OSMIUM;9986;23;;;;;10005;13;10007;23;;;9995.5;0.0
-1;39200;INTARIAN_PEPPER_ROOT;10234;10;10231;21;;;10245;10;;;;;10239.5;0.0
-1;39300;ASH_COATED_OSMIUM;9989;12;9986;27;;;10007;27;;;;;9998.0;0.0
-1;39300;INTARIAN_PEPPER_ROOT;10231;24;;;;;10245;12;10247;24;;;10238.0;0.0
-1;39400;ASH_COATED_OSMIUM;9988;11;9986;24;;;10004;11;10007;24;;;9996.0;0.0
-1;39400;INTARIAN_PEPPER_ROOT;10234;12;10231;16;;;10245;12;10248;16;;;10239.5;0.0
-1;39500;ASH_COATED_OSMIUM;;;;;;;10005;13;10007;20;;;10005.0;0.0
-1;39500;INTARIAN_PEPPER_ROOT;10234;11;10231;23;;;10245;11;10248;23;;;10239.5;0.0
-1;39600;ASH_COATED_OSMIUM;9988;14;9986;27;;;;;;;;;9988.0;0.0
-1;39600;INTARIAN_PEPPER_ROOT;10231;17;;;;;10248;17;;;;;10239.5;0.0
-1;39700;ASH_COATED_OSMIUM;9988;14;9985;25;;;10006;25;;;;;9997.0;0.0
-1;39700;INTARIAN_PEPPER_ROOT;10234;9;10232;16;;;;;;;;;10234.0;0.0
-1;39800;ASH_COATED_OSMIUM;9988;13;9985;26;;;10004;13;10006;26;;;9996.0;0.0
-1;39800;INTARIAN_PEPPER_ROOT;10234;11;10232;23;;;10245;11;;;;;10239.5;0.0
-1;39900;ASH_COATED_OSMIUM;9987;13;9985;22;;;10003;13;10006;22;;;9995.0;0.0
-1;39900;INTARIAN_PEPPER_ROOT;10234;9;10232;16;;;10246;9;10248;16;;;10240.0;0.0
-1;40000;ASH_COATED_OSMIUM;9985;25;;;;;10003;10;10006;25;;;9994.0;0.0
-1;40000;INTARIAN_PEPPER_ROOT;10234;8;10232;24;;;10246;8;10248;24;;;10240.0;0.0
-1;40100;ASH_COATED_OSMIUM;9988;15;9985;26;;;10004;15;10006;26;;;9996.0;0.0
-1;40100;INTARIAN_PEPPER_ROOT;10234;12;10232;21;;;;;;;;;10234.0;0.0
-1;40200;ASH_COATED_OSMIUM;9988;13;9985;24;;;10004;13;10006;24;;;9996.0;0.0
-1;40200;INTARIAN_PEPPER_ROOT;10235;8;;;;;10246;8;10248;16;;;10240.5;0.0
-1;40300;ASH_COATED_OSMIUM;9988;13;;;;;10004;13;10007;25;;;9996.0;0.0
-1;40300;INTARIAN_PEPPER_ROOT;;;;;;;10246;8;10248;15;;;10246.0;0.0
-1;40400;ASH_COATED_OSMIUM;9988;10;9985;28;;;10004;10;;;;;9996.0;0.0
-1;40400;INTARIAN_PEPPER_ROOT;10232;22;;;;;10246;10;10249;22;;;10239.0;0.0
-1;40500;ASH_COATED_OSMIUM;9988;12;9986;22;;;10007;22;;;;;9997.5;0.0
-1;40500;INTARIAN_PEPPER_ROOT;10235;10;;;;;10246;10;10249;23;;;10240.5;0.0
-1;40600;ASH_COATED_OSMIUM;9989;14;9986;21;;;10005;14;10007;21;;;9997.0;0.0
-1;40600;INTARIAN_PEPPER_ROOT;10235;12;10232;18;;;10246;12;10249;18;;;10240.5;0.0
-1;40700;ASH_COATED_OSMIUM;9988;11;9986;24;;;9997;5;10007;24;;;9992.5;0.0
-1;40700;INTARIAN_PEPPER_ROOT;10235;12;10233;20;;;10246;12;;;;;10240.5;0.0
-1;40800;ASH_COATED_OSMIUM;9988;13;9985;28;;;10004;13;10006;28;;;9996.0;0.0
-1;40800;INTARIAN_PEPPER_ROOT;10235;8;10233;24;;;10246;8;10249;24;;;10240.5;0.0
-1;40900;ASH_COATED_OSMIUM;9988;12;9985;26;;;10004;12;10006;26;;;9996.0;0.0
-1;40900;INTARIAN_PEPPER_ROOT;10235;11;;;;;10247;11;;;;;10241.0;0.0
-1;41000;ASH_COATED_OSMIUM;9989;15;9986;30;;;10005;15;10007;30;;;9997.0;0.0
-1;41000;INTARIAN_PEPPER_ROOT;10235;8;10233;25;;;10247;8;10249;25;;;10241.0;0.0
-1;41100;ASH_COATED_OSMIUM;9989;10;9986;25;;;10005;10;;;;;9997.0;0.0
-1;41100;INTARIAN_PEPPER_ROOT;10235;9;10233;22;;;10247;9;10249;22;;;10241.0;0.0
-1;41200;ASH_COATED_OSMIUM;9989;11;9987;24;;;10005;11;10008;24;;;9997.0;0.0
-1;41200;INTARIAN_PEPPER_ROOT;10236;9;10233;21;;;10247;9;;;;;10241.5;0.0
-1;41300;ASH_COATED_OSMIUM;9987;20;;;;;10006;12;10008;20;;;9996.5;0.0
-1;41300;INTARIAN_PEPPER_ROOT;10236;11;10233;18;;;10247;11;10249;18;;;10241.5;0.0
-1;41400;ASH_COATED_OSMIUM;9986;25;;;;;10005;12;10007;25;;;9995.5;0.0
-1;41400;INTARIAN_PEPPER_ROOT;10233;23;;;;;10250;23;;;;;10241.5;0.0
-1;41500;ASH_COATED_OSMIUM;9994;2;9989;14;9987;25;;;;;;;9994.0;0.0
-1;41500;INTARIAN_PEPPER_ROOT;10236;11;10233;20;;;10250;20;;;;;10243.0;0.0
-1;41600;ASH_COATED_OSMIUM;9989;11;9987;28;;;10008;28;;;;;9998.5;0.0
-1;41600;INTARIAN_PEPPER_ROOT;10233;17;;;;;10247;9;;;;;10240.0;0.0
-1;41700;ASH_COATED_OSMIUM;9990;10;9988;23;;;10006;10;10009;23;;;9998.0;0.0
-1;41700;INTARIAN_PEPPER_ROOT;10234;25;;;;;10247;9;10250;25;;;10240.5;0.0
-1;41800;ASH_COATED_OSMIUM;9991;10;9988;27;;;10007;10;10009;27;;;9999.0;0.0
-1;41800;INTARIAN_PEPPER_ROOT;10234;16;;;;;10247;10;;;;;10240.5;0.0
-1;41900;ASH_COATED_OSMIUM;9988;25;;;;;10007;13;10009;25;;;9997.5;0.0
-1;41900;INTARIAN_PEPPER_ROOT;10236;11;10234;16;;;10248;11;10250;16;;;10242.0;0.0
-1;42000;ASH_COATED_OSMIUM;9991;10;9988;29;;;10007;10;10009;29;;;9999.0;0.0
-1;42000;INTARIAN_PEPPER_ROOT;10236;11;10234;23;;;10248;11;10250;23;;;10242.0;0.0
-1;42100;ASH_COATED_OSMIUM;9990;13;9988;20;;;10006;13;10009;20;;;9998.0;0.0
-1;42100;INTARIAN_PEPPER_ROOT;10234;17;;;;;10248;9;10250;17;;;10241.0;0.0
-1;42200;ASH_COATED_OSMIUM;9991;13;9988;27;;;10007;13;10009;27;;;9999.0;0.0
-1;42200;INTARIAN_PEPPER_ROOT;10237;10;10234;23;;;10250;23;;;;;10243.5;0.0
-1;42300;ASH_COATED_OSMIUM;9988;22;;;;;10009;22;;;;;9998.5;0.0
-1;42300;INTARIAN_PEPPER_ROOT;10245;3;10237;8;10234;25;10250;25;;;;;10247.5;0.0
-1;42400;ASH_COATED_OSMIUM;9989;22;;;;;10007;10;;;;;9998.0;0.0
-1;42400;INTARIAN_PEPPER_ROOT;10237;8;10234;21;;;10251;21;;;;;10244.0;0.0
-1;42500;ASH_COATED_OSMIUM;9991;12;;;;;10007;12;10010;29;;;9999.0;0.0
-1;42500;INTARIAN_PEPPER_ROOT;10237;8;10234;20;;;10251;20;;;;;10244.0;0.0
-1;42600;ASH_COATED_OSMIUM;9991;13;9988;24;;;10007;13;10009;24;;;9999.0;0.0
-1;42600;INTARIAN_PEPPER_ROOT;10237;9;10234;23;;;10248;9;10251;23;;;10242.5;0.0
-1;42700;ASH_COATED_OSMIUM;9988;25;;;;;10009;25;;;;;9998.5;0.0
-1;42700;INTARIAN_PEPPER_ROOT;10235;22;;;;;10248;9;;;;;10241.5;0.0
-1;42800;ASH_COATED_OSMIUM;9991;12;9988;23;;;10001;1;10007;12;10009;23;9996.0;0.0
-1;42800;INTARIAN_PEPPER_ROOT;10237;8;10235;22;;;10248;8;;;;;10242.5;0.0
-1;42900;ASH_COATED_OSMIUM;9991;13;9989;27;;;10007;13;10010;27;;;9999.0;0.0
-1;42900;INTARIAN_PEPPER_ROOT;10237;9;10235;16;;;10251;16;;;;;10244.0;0.0
-1;43000;ASH_COATED_OSMIUM;9988;28;;;;;10007;14;10009;28;;;9997.5;0.0
-1;43000;INTARIAN_PEPPER_ROOT;10237;8;10235;16;;;10249;8;10251;16;;;10243.0;0.0
-1;43100;ASH_COATED_OSMIUM;9989;21;;;;;10007;13;10010;21;;;9998.0;0.0
-1;43100;INTARIAN_PEPPER_ROOT;10237;9;10235;16;;;10249;9;10251;16;;;10243.0;0.0
-1;43200;ASH_COATED_OSMIUM;9991;13;9989;27;;;10007;13;;;;;9999.0;0.0
-1;43200;INTARIAN_PEPPER_ROOT;10235;17;;;;;10249;10;10251;17;;;10242.0;0.0
-1;43300;ASH_COATED_OSMIUM;9992;14;9989;29;;;10008;14;10010;29;;;10000.0;0.0
-1;43300;INTARIAN_PEPPER_ROOT;10238;10;10235;18;;;10249;10;10251;18;;;10243.5;0.0
-1;43400;ASH_COATED_OSMIUM;9992;10;9990;20;;;10011;20;;;;;10001.5;0.0
-1;43400;INTARIAN_PEPPER_ROOT;10238;8;10235;21;;;10249;8;10252;21;;;10243.5;0.0
-1;43500;ASH_COATED_OSMIUM;9993;15;;;;;9999;9;10009;15;10011;30;9996.0;0.0
-1;43500;INTARIAN_PEPPER_ROOT;10238;12;10235;16;;;10249;12;;;;;10243.5;0.0
-1;43600;ASH_COATED_OSMIUM;9992;15;;;;;10008;15;10011;26;;;10000.0;0.0
-1;43600;INTARIAN_PEPPER_ROOT;10235;18;;;;;10249;11;10252;18;;;10242.0;0.0
-1;43700;ASH_COATED_OSMIUM;9992;13;9989;20;;;10008;13;10010;20;;;10000.0;0.0
-1;43700;INTARIAN_PEPPER_ROOT;10247;4;;;;;10249;8;10252;22;;;10248.0;0.0
-1;43800;ASH_COATED_OSMIUM;9992;13;9989;27;;;10010;27;;;;;10001.0;0.0
-1;43800;INTARIAN_PEPPER_ROOT;10238;9;10236;18;;;10252;18;;;;;10245.0;0.0
-1;43900;ASH_COATED_OSMIUM;9990;26;;;;;10008;12;10011;26;;;9999.0;0.0
-1;43900;INTARIAN_PEPPER_ROOT;10238;9;10236;20;;;10250;9;10252;20;;;10244.0;0.0
-1;44000;ASH_COATED_OSMIUM;9992;13;9989;28;;;10010;28;;;;;10001.0;0.0
-1;44000;INTARIAN_PEPPER_ROOT;10238;8;10236;18;;;10250;8;10252;18;;;10244.0;0.0
-1;44100;ASH_COATED_OSMIUM;9992;14;;;;;10008;14;10010;30;;;10000.0;0.0
-1;44100;INTARIAN_PEPPER_ROOT;10238;12;10236;25;;;10250;12;10252;25;;;10244.0;0.0
-1;44200;ASH_COATED_OSMIUM;9992;14;;;;;10008;14;;;;;10000.0;0.0
-1;44200;INTARIAN_PEPPER_ROOT;10236;23;;;;;10252;23;;;;;10244.0;0.0
-1;44300;ASH_COATED_OSMIUM;9992;10;9989;27;;;10008;10;10010;27;;;10000.0;0.0
-1;44300;INTARIAN_PEPPER_ROOT;10239;12;10236;17;;;10250;12;10252;17;;;10244.5;0.0
-1;44400;ASH_COATED_OSMIUM;9992;15;;;;;10008;15;10010;28;;;10000.0;0.0
-1;44400;INTARIAN_PEPPER_ROOT;10239;11;;;;;10250;11;10253;15;;;10244.5;0.0
-1;44500;ASH_COATED_OSMIUM;9992;12;9989;22;;;10008;12;;;;;10000.0;0.0
-1;44500;INTARIAN_PEPPER_ROOT;10239;11;10236;20;;;10250;11;10253;20;;;10244.5;0.0
-1;44600;ASH_COATED_OSMIUM;9992;13;9989;23;;;;;;;;;9992.0;0.0
-1;44600;INTARIAN_PEPPER_ROOT;10239;12;10236;16;;;10250;12;10253;16;;;10244.5;0.0
-1;44700;ASH_COATED_OSMIUM;9992;14;9989;28;;;;;;;;;9992.0;0.0
-1;44700;INTARIAN_PEPPER_ROOT;10239;9;10237;23;;;10253;23;;;;;10246.0;0.0
-1;44800;ASH_COATED_OSMIUM;9992;12;9989;30;;;10008;12;10010;30;;;10000.0;0.0
-1;44800;INTARIAN_PEPPER_ROOT;10239;11;10237;15;;;;;;;;;10239.0;0.0
-1;44900;ASH_COATED_OSMIUM;9991;11;9989;27;;;9997;8;10007;11;10010;27;9994.0;0.0
-1;44900;INTARIAN_PEPPER_ROOT;10239;10;10237;23;;;10251;10;;;;;10245.0;0.0
-1;45000;ASH_COATED_OSMIUM;9992;11;9990;22;;;10008;11;;;;;10000.0;0.0
-1;45000;INTARIAN_PEPPER_ROOT;10239;10;10237;19;;;10251;10;10253;19;;;10245.0;0.0
-1;45100;ASH_COATED_OSMIUM;9991;12;9989;25;;;10007;12;10010;25;;;9999.0;0.0
-1;45100;INTARIAN_PEPPER_ROOT;10239;10;10237;19;;;10251;10;;;;;10245.0;0.0
-1;45200;ASH_COATED_OSMIUM;9992;15;9989;30;;;10008;15;10010;30;;;10000.0;0.0
-1;45200;INTARIAN_PEPPER_ROOT;10240;12;;;;;10251;12;10253;22;;;10245.5;0.0
-1;45300;ASH_COATED_OSMIUM;9991;10;9989;30;;;10010;30;;;;;10000.5;0.0
-1;45300;INTARIAN_PEPPER_ROOT;10240;12;10237;20;;;10251;12;10253;20;;;10245.5;0.0
-1;45400;ASH_COATED_OSMIUM;9991;11;9989;26;;;10007;11;10010;26;;;9999.0;0.0
-1;45400;INTARIAN_PEPPER_ROOT;10240;11;10237;23;;;10251;11;;;;;10245.5;0.0
-1;45500;ASH_COATED_OSMIUM;9992;15;9989;20;;;10008;15;10010;20;;;10000.0;0.0
-1;45500;INTARIAN_PEPPER_ROOT;10240;12;10237;19;;;10251;12;10254;19;;;10245.5;0.0
-1;45600;ASH_COATED_OSMIUM;9992;13;9989;30;;;10008;13;;;;;10000.0;0.0
-1;45600;INTARIAN_PEPPER_ROOT;10237;20;;;;;10251;8;10254;20;;;10244.0;0.0
-1;45700;ASH_COATED_OSMIUM;9992;14;9989;21;;;10008;14;10010;21;;;10000.0;0.0
-1;45700;INTARIAN_PEPPER_ROOT;10238;19;;;;;10251;12;10254;19;;;10244.5;0.0
-1;45800;ASH_COATED_OSMIUM;9992;15;9989;28;;;10008;15;10010;28;;;10000.0;0.0
-1;45800;INTARIAN_PEPPER_ROOT;10240;11;10238;15;;;10254;15;;;;;10247.0;0.0
-1;45900;ASH_COATED_OSMIUM;9992;12;9989;27;;;10008;12;;;;;10000.0;0.0
-1;45900;INTARIAN_PEPPER_ROOT;10240;9;10238;21;;;10252;9;10254;21;;;10246.0;0.0
-1;46000;ASH_COATED_OSMIUM;9989;29;;;;;9997;7;10008;15;10010;29;9993.0;0.0
-1;46000;INTARIAN_PEPPER_ROOT;;;;;;;10252;10;10254;25;;;10252.0;0.0
-1;46100;ASH_COATED_OSMIUM;9992;12;9990;22;;;10008;12;10011;22;;;10000.0;0.0
-1;46100;INTARIAN_PEPPER_ROOT;10238;23;;;;;10252;8;10254;23;;;10245.0;0.0
-1;46200;ASH_COATED_OSMIUM;9992;14;;;;;10008;14;10010;25;;;10000.0;0.0
-1;46200;INTARIAN_PEPPER_ROOT;10241;11;;;;;10254;23;;;;;10247.5;0.0
-1;46300;ASH_COATED_OSMIUM;9992;10;9990;25;;;10008;10;10011;25;;;10000.0;0.0
-1;46300;INTARIAN_PEPPER_ROOT;10241;10;10238;21;;;;;;;;;10241.0;0.0
-1;46400;ASH_COATED_OSMIUM;9992;10;9990;22;;;10011;22;;;;;10001.5;0.0
-1;46400;INTARIAN_PEPPER_ROOT;10241;12;10238;22;;;10252;12;10255;22;;;10246.5;0.0
-1;46500;ASH_COATED_OSMIUM;9992;13;;;;;10008;13;10011;27;;;10000.0;0.0
-1;46500;INTARIAN_PEPPER_ROOT;10241;10;10238;15;;;10252;10;10255;15;;;10246.5;0.0
-1;46600;ASH_COATED_OSMIUM;9992;11;;;;;10008;11;10011;29;;;10000.0;0.0
-1;46600;INTARIAN_PEPPER_ROOT;;;;;;;10255;15;;;;;10255.0;0.0
-1;46700;ASH_COATED_OSMIUM;9989;29;;;;;10008;13;;;;;9998.5;0.0
-1;46700;INTARIAN_PEPPER_ROOT;10241;10;10239;25;;;10252;10;10255;25;;;10246.5;0.0
-1;46800;ASH_COATED_OSMIUM;9992;14;9989;22;;;10010;22;;;;;10001.0;0.0
-1;46800;INTARIAN_PEPPER_ROOT;10239;16;;;;;10252;10;10255;16;;;10245.5;0.0
-1;46900;ASH_COATED_OSMIUM;9991;12;9989;23;;;10007;12;;;;;9999.0;0.0
-1;46900;INTARIAN_PEPPER_ROOT;10241;9;10239;21;;;;;;;;;10241.0;0.0
-1;47000;ASH_COATED_OSMIUM;9991;13;9989;25;;;10007;13;10010;25;;;9999.0;0.0
-1;47000;INTARIAN_PEPPER_ROOT;;;;;;;10253;12;10255;17;;;10253.0;0.0
-1;47100;ASH_COATED_OSMIUM;9991;14;9989;30;;;10007;14;10010;30;;;9999.0;0.0
-1;47100;INTARIAN_PEPPER_ROOT;10241;8;10239;21;;;10253;8;;;;;10247.0;0.0
-1;47200;ASH_COATED_OSMIUM;9997;3;9991;12;9989;27;10007;12;;;;;10002.0;0.0
-1;47200;INTARIAN_PEPPER_ROOT;10242;12;10239;18;;;10253;12;10255;18;;;10247.5;0.0
-1;47300;ASH_COATED_OSMIUM;9991;14;9989;21;;;10007;14;10010;21;;;9999.0;0.0
-1;47300;INTARIAN_PEPPER_ROOT;10242;11;10239;19;;;10253;11;10255;19;;;10247.5;0.0
-1;47400;ASH_COATED_OSMIUM;9989;21;;;;;10007;10;;;;;9998.0;0.0
-1;47400;INTARIAN_PEPPER_ROOT;10242;9;10239;22;;;10256;22;;;;;10249.0;0.0
-1;47500;ASH_COATED_OSMIUM;9992;12;;;;;10010;26;;;;;10001.0;0.0
-1;47500;INTARIAN_PEPPER_ROOT;10242;11;10239;20;;;10256;20;;;;;10249.0;0.0
-1;47600;ASH_COATED_OSMIUM;9992;12;9989;27;;;10008;12;10010;27;;;10000.0;0.0
-1;47600;INTARIAN_PEPPER_ROOT;10239;17;;;;;10253;11;;;;;10246.0;0.0
-1;47700;ASH_COATED_OSMIUM;9992;14;9989;28;;;10008;14;;;;;10000.0;0.0
-1;47700;INTARIAN_PEPPER_ROOT;10242;9;10240;23;;;10253;9;;;;;10247.5;0.0
-1;47800;ASH_COATED_OSMIUM;9990;22;;;;;10011;22;;;;;10000.5;0.0
-1;47800;INTARIAN_PEPPER_ROOT;10242;12;10240;23;;;10253;12;10256;23;;;10247.5;0.0
-1;47900;ASH_COATED_OSMIUM;;;;;;;10010;20;;;;;10010.0;0.0
-1;47900;INTARIAN_PEPPER_ROOT;10242;10;;;;;10254;10;10256;22;;;10248.0;0.0
-1;48000;ASH_COATED_OSMIUM;;;;;;;10008;12;10010;27;;;10008.0;0.0
-1;48000;INTARIAN_PEPPER_ROOT;10242;10;10240;20;;;10256;20;;;;;10249.0;0.0
-1;48100;ASH_COATED_OSMIUM;9992;13;9990;25;;;10011;25;;;;;10001.5;0.0
-1;48100;INTARIAN_PEPPER_ROOT;10242;10;10240;15;;;10254;10;10256;15;;;10248.0;0.0
-1;48200;ASH_COATED_OSMIUM;9992;11;9990;23;;;10001;1;10008;11;10011;23;9996.5;0.0
-1;48200;INTARIAN_PEPPER_ROOT;10243;11;10240;16;;;10256;16;;;;;10249.5;0.0
-1;48300;ASH_COATED_OSMIUM;9993;11;9990;30;;;10009;11;10011;30;;;10001.0;0.0
-1;48300;INTARIAN_PEPPER_ROOT;10243;12;10240;15;;;10254;12;10256;15;;;10248.5;0.0
-1;48400;ASH_COATED_OSMIUM;9993;12;;;;;10009;12;10012;24;;;10001.0;0.0
-1;48400;INTARIAN_PEPPER_ROOT;10243;9;10240;19;;;10254;9;10257;19;;;10248.5;0.0
-1;48500;ASH_COATED_OSMIUM;9993;11;9990;24;;;10009;11;10011;24;;;10001.0;0.0
-1;48500;INTARIAN_PEPPER_ROOT;10243;8;10240;24;;;10254;8;10257;24;;;10248.5;0.0
-1;48600;ASH_COATED_OSMIUM;9993;12;9990;20;;;;;;;;;9993.0;0.0
-1;48600;INTARIAN_PEPPER_ROOT;10243;12;10240;22;;;10254;12;10257;22;;;10248.5;0.0
-1;48700;ASH_COATED_OSMIUM;9990;29;;;;;10009;11;10011;29;;;9999.5;0.0
-1;48700;INTARIAN_PEPPER_ROOT;10243;8;10241;15;;;10254;8;;;;;10248.5;0.0
-1;48800;ASH_COATED_OSMIUM;9993;14;9990;24;;;10009;14;10011;24;;;10001.0;0.0
-1;48800;INTARIAN_PEPPER_ROOT;10243;11;10241;16;;;10254;11;10257;16;;;10248.5;0.0
-1;48900;ASH_COATED_OSMIUM;9993;15;9990;20;;;10009;15;10011;20;;;10001.0;0.0
-1;48900;INTARIAN_PEPPER_ROOT;10243;8;10241;21;;;10255;8;10257;21;;;10249.0;0.0
-1;49000;ASH_COATED_OSMIUM;9990;26;;;;;10009;13;10011;26;;;9999.5;0.0
-1;49000;INTARIAN_PEPPER_ROOT;10243;12;10241;22;;;10255;12;10257;22;;;10249.0;0.0
-1;49100;ASH_COATED_OSMIUM;9992;13;9990;26;;;10001;1;10011;26;;;9996.5;0.0
-1;49100;INTARIAN_PEPPER_ROOT;10243;10;10241;21;;;10257;21;;;;;10250.0;0.0
-1;49200;ASH_COATED_OSMIUM;9992;13;9990;24;;;10008;13;10011;24;;;10000.0;0.0
-1;49200;INTARIAN_PEPPER_ROOT;10244;8;10241;15;;;10255;8;10257;15;;;10249.5;0.0
-1;49300;ASH_COATED_OSMIUM;9992;11;;;;;10010;23;;;;;10001.0;0.0
-1;49300;INTARIAN_PEPPER_ROOT;10241;19;;;;;10255;12;10257;19;;;10248.0;0.0
-1;49400;ASH_COATED_OSMIUM;9992;13;9990;21;;;10011;21;;;;;10001.5;0.0
-1;49400;INTARIAN_PEPPER_ROOT;10241;18;;;;;10255;10;10258;18;;;10248.0;0.0
-1;49500;ASH_COATED_OSMIUM;9992;11;9989;23;;;10008;11;10010;23;;;10000.0;0.0
-1;49500;INTARIAN_PEPPER_ROOT;10244;9;10241;18;;;10255;9;10258;18;;;10249.5;0.0
-1;49600;ASH_COATED_OSMIUM;9991;15;9989;21;;;10007;15;;;;;9999.0;0.0
-1;49600;INTARIAN_PEPPER_ROOT;10244;9;10241;16;;;10255;9;;;;;10249.5;0.0
-1;49700;ASH_COATED_OSMIUM;9991;12;9989;30;;;10007;12;10010;30;;;9999.0;0.0
-1;49700;INTARIAN_PEPPER_ROOT;10244;11;;;;;10255;11;10258;16;;;10249.5;0.0
-1;49800;ASH_COATED_OSMIUM;9991;15;9988;29;;;10007;15;10009;29;;;9999.0;0.0
-1;49800;INTARIAN_PEPPER_ROOT;10242;15;;;;;;;;;;;10242.0;0.0
-1;49900;ASH_COATED_OSMIUM;9991;10;9989;22;;;10007;10;10010;22;;;9999.0;0.0
-1;49900;INTARIAN_PEPPER_ROOT;10244;8;10242;16;;;10258;16;;;;;10251.0;0.0
-1;50000;ASH_COATED_OSMIUM;9991;11;9989;25;;;10007;11;10010;25;;;9999.0;0.0
-1;50000;INTARIAN_PEPPER_ROOT;10244;10;10242;22;;;;;;;;;10244.0;0.0
-1;50100;ASH_COATED_OSMIUM;9989;26;;;;;;;;;;;9989.0;0.0
-1;50100;INTARIAN_PEPPER_ROOT;10244;10;;;;;10256;10;;;;;10250.0;0.0
-1;50200;ASH_COATED_OSMIUM;9991;10;9988;20;;;9996;8;10007;10;10009;20;9993.5;0.0
-1;50200;INTARIAN_PEPPER_ROOT;10245;10;10242;21;;;10256;10;10258;21;;;10250.5;0.0
-1;50300;ASH_COATED_OSMIUM;9991;13;9988;28;;;10007;13;10009;28;;;9999.0;0.0
-1;50300;INTARIAN_PEPPER_ROOT;10245;12;10242;19;;;;;;;;;10245.0;0.0
-1;50400;ASH_COATED_OSMIUM;9991;15;;;;;10007;15;;;;;9999.0;0.0
-1;50400;INTARIAN_PEPPER_ROOT;10245;11;10242;17;;;10259;17;;;;;10252.0;0.0
-1;50500;ASH_COATED_OSMIUM;9991;14;9988;29;;;10007;14;10009;29;;;9999.0;0.0
-1;50500;INTARIAN_PEPPER_ROOT;10245;11;10242;19;;;10259;19;;;;;10252.0;0.0
-1;50600;ASH_COATED_OSMIUM;9991;11;9989;20;;;10007;11;10010;20;;;9999.0;0.0
-1;50600;INTARIAN_PEPPER_ROOT;10242;15;;;;;10256;8;;;;;10249.0;0.0
-1;50700;ASH_COATED_OSMIUM;9992;13;9989;25;;;10008;13;10010;25;;;10000.0;0.0
-1;50700;INTARIAN_PEPPER_ROOT;10245;11;10243;15;;;10256;11;10259;15;;;10250.5;0.0
-1;50800;ASH_COATED_OSMIUM;9992;13;9989;24;;;10010;24;;;;;10001.0;0.0
-1;50800;INTARIAN_PEPPER_ROOT;10245;8;10243;16;;;10256;8;10259;16;;;10250.5;0.0
-1;50900;ASH_COATED_OSMIUM;9991;11;;;;;10007;11;;;;;9999.0;0.0
-1;50900;INTARIAN_PEPPER_ROOT;10245;12;;;;;10257;12;10259;22;;;10251.0;0.0
-1;51000;ASH_COATED_OSMIUM;9991;13;9989;26;;;10007;13;10010;26;;;9999.0;0.0
-1;51000;INTARIAN_PEPPER_ROOT;10248;9;10245;12;;;10259;16;;;;;10253.5;0.0
-1;51100;ASH_COATED_OSMIUM;9991;13;9989;20;;;;;;;;;9991.0;0.0
-1;51100;INTARIAN_PEPPER_ROOT;10243;20;;;;;10247;6;10257;9;10259;20;10245.0;0.0
-1;51200;ASH_COATED_OSMIUM;9991;14;9989;28;;;10007;14;10010;28;;;9999.0;0.0
-1;51200;INTARIAN_PEPPER_ROOT;10243;21;;;;;10257;8;10259;21;;;10250.0;0.0
-1;51300;ASH_COATED_OSMIUM;9991;13;9989;29;;;10007;13;10010;29;;;9999.0;0.0
-1;51300;INTARIAN_PEPPER_ROOT;10246;12;;;;;10257;12;10259;20;;;10251.5;0.0
-1;51400;ASH_COATED_OSMIUM;9992;10;9989;23;;;10008;10;10010;23;;;10000.0;0.0
-1;51400;INTARIAN_PEPPER_ROOT;10246;12;10243;19;;;10257;12;;;;;10251.5;0.0
-1;51500;ASH_COATED_OSMIUM;9992;10;9989;24;;;10008;10;10010;24;;;10000.0;0.0
-1;51500;INTARIAN_PEPPER_ROOT;10246;11;10243;25;;;10257;11;10260;25;;;10251.5;0.0
-1;51600;ASH_COATED_OSMIUM;9992;14;9989;20;;;10008;14;10010;20;;;10000.0;0.0
-1;51600;INTARIAN_PEPPER_ROOT;10246;9;10243;21;;;10257;9;10260;21;;;10251.5;0.0
-1;51700;ASH_COATED_OSMIUM;9992;12;9989;30;;;10008;12;10010;30;;;10000.0;0.0
-1;51700;INTARIAN_PEPPER_ROOT;10244;22;;;;;10257;9;10260;22;;;10250.5;0.0
-1;51800;ASH_COATED_OSMIUM;9990;30;;;;;10011;30;;;;;10000.5;0.0
-1;51800;INTARIAN_PEPPER_ROOT;10244;19;;;;;10257;9;10260;19;;;10250.5;0.0
-1;51900;ASH_COATED_OSMIUM;9992;10;9990;30;;;10008;10;;;;;10000.0;0.0
-1;51900;INTARIAN_PEPPER_ROOT;10246;12;10244;17;;;10254;12;10258;12;10260;17;10250.0;0.0
-1;52000;ASH_COATED_OSMIUM;9993;15;9990;21;;;10009;15;10011;21;;;10001.0;0.0
-1;52000;INTARIAN_PEPPER_ROOT;10246;8;10244;18;;;10258;8;;;;;10252.0;0.0
-1;52100;ASH_COATED_OSMIUM;9992;15;9990;29;;;10008;15;10011;29;;;10000.0;0.0
-1;52100;INTARIAN_PEPPER_ROOT;10246;12;10244;17;;;10258;12;10260;17;;;10252.0;0.0
-1;52200;ASH_COATED_OSMIUM;9992;10;9990;30;;;10008;10;10011;30;;;10000.0;0.0
-1;52200;INTARIAN_PEPPER_ROOT;10247;12;10244;21;;;10258;12;10260;21;;;10252.5;0.0
-1;52300;ASH_COATED_OSMIUM;9989;26;;;;;10008;14;10010;26;;;9998.5;0.0
-1;52300;INTARIAN_PEPPER_ROOT;10247;12;;;;;10258;12;10260;20;;;10252.5;0.0
-1;52400;ASH_COATED_OSMIUM;;;;;;;10011;25;;;;;10011.0;0.0
-1;52400;INTARIAN_PEPPER_ROOT;10247;12;10244;16;;;10258;12;;;;;10252.5;0.0
-1;52500;ASH_COATED_OSMIUM;9993;13;9990;23;;;10009;13;10011;23;;;10001.0;0.0
-1;52500;INTARIAN_PEPPER_ROOT;10247;11;10244;19;;;10258;11;;;;;10252.5;0.0
-1;52600;ASH_COATED_OSMIUM;9992;11;;;;;10008;11;10011;23;;;10000.0;0.0
-1;52600;INTARIAN_PEPPER_ROOT;10247;11;;;;;10258;11;10261;25;;;10252.5;0.0
-1;52700;ASH_COATED_OSMIUM;9992;12;9990;24;;;10008;12;;;;;10000.0;0.0
-1;52700;INTARIAN_PEPPER_ROOT;10247;10;10245;19;;;10258;10;10261;19;;;10252.5;0.0
-1;52800;ASH_COATED_OSMIUM;9992;13;;;;;10008;13;10011;20;;;10000.0;0.0
-1;52800;INTARIAN_PEPPER_ROOT;10247;11;;;;;10258;11;10261;20;;;10252.5;0.0
-1;52900;ASH_COATED_OSMIUM;;;;;;;;;;;;;0.0;0.0
-1;52900;INTARIAN_PEPPER_ROOT;10247;12;;;;;10259;12;10261;24;;;10253.0;0.0
-1;53000;ASH_COATED_OSMIUM;;;;;;;10009;12;;;;;10009.0;0.0
-1;53000;INTARIAN_PEPPER_ROOT;10245;22;;;;;10259;8;10261;22;;;10252.0;0.0
-1;53100;ASH_COATED_OSMIUM;9993;10;9990;30;;;10009;10;;;;;10001.0;0.0
-1;53100;INTARIAN_PEPPER_ROOT;10247;11;10245;21;;;10259;11;;;;;10253.0;0.0
-1;53200;ASH_COATED_OSMIUM;9993;10;9990;23;;;10009;10;;;;;10001.0;0.0
-1;53200;INTARIAN_PEPPER_ROOT;10248;11;10245;25;;;10259;11;10261;25;;;10253.5;0.0
-1;53300;ASH_COATED_OSMIUM;9993;11;9991;26;;;10012;26;;;;;10002.5;0.0
-1;53300;INTARIAN_PEPPER_ROOT;10248;11;10245;23;;;10259;11;10261;23;;;10253.5;0.0
-1;53400;ASH_COATED_OSMIUM;9993;11;9991;22;;;10009;11;10012;22;;;10001.0;0.0
-1;53400;INTARIAN_PEPPER_ROOT;10248;10;;;;;10259;10;10262;22;;;10253.5;0.0
-1;53500;ASH_COATED_OSMIUM;9993;13;;;;;10009;13;10011;25;;;10001.0;0.0
-1;53500;INTARIAN_PEPPER_ROOT;10248;8;;;;;10259;8;10262;19;;;10253.5;0.0
-1;53600;ASH_COATED_OSMIUM;9993;10;9990;20;;;10009;10;10011;20;;;10001.0;0.0
-1;53600;INTARIAN_PEPPER_ROOT;10248;11;;;;;10259;11;10262;20;;;10253.5;0.0
-1;53700;ASH_COATED_OSMIUM;9992;11;9990;26;;;10008;11;10011;26;;;10000.0;0.0
-1;53700;INTARIAN_PEPPER_ROOT;;;;;;;10259;8;10262;21;;;10259.0;0.0
-1;53800;ASH_COATED_OSMIUM;9993;14;9991;26;;;10009;14;10012;26;;;10001.0;0.0
-1;53800;INTARIAN_PEPPER_ROOT;10248;8;10246;22;;;10259;8;;;;;10253.5;0.0
-1;53900;ASH_COATED_OSMIUM;9993;10;9990;24;;;10009;10;10011;24;;;10001.0;0.0
-1;53900;INTARIAN_PEPPER_ROOT;10248;8;10246;17;;;;;;;;;10248.0;0.0
-1;54000;ASH_COATED_OSMIUM;9992;14;9990;20;;;9998;8;10008;14;10011;20;9995.0;0.0
-1;54000;INTARIAN_PEPPER_ROOT;10248;8;10246;24;;;10260;8;10262;24;;;10254.0;0.0
-1;54100;ASH_COATED_OSMIUM;9992;10;9990;21;;;10008;10;10011;21;;;10000.0;0.0
-1;54100;INTARIAN_PEPPER_ROOT;10248;9;10246;15;;;10262;15;;;;;10255.0;0.0
-1;54200;ASH_COATED_OSMIUM;9992;15;9990;24;;;;;;;;;9992.0;0.0
-1;54200;INTARIAN_PEPPER_ROOT;10249;11;10246;24;;;10260;11;10262;24;;;10254.5;0.0
-1;54300;ASH_COATED_OSMIUM;9993;15;;;;;10009;15;10011;20;;;10001.0;0.0
-1;54300;INTARIAN_PEPPER_ROOT;10249;10;;;;;10260;10;10262;15;;;10254.5;0.0
-1;54400;ASH_COATED_OSMIUM;9992;13;9990;24;;;10008;13;10011;24;;;10000.0;0.0
-1;54400;INTARIAN_PEPPER_ROOT;10249;8;10246;22;;;10263;22;;;;;10256.0;0.0
-1;54500;ASH_COATED_OSMIUM;9992;12;9990;20;;;10008;12;10011;20;;;10000.0;0.0
-1;54500;INTARIAN_PEPPER_ROOT;10249;12;10246;18;;;;;;;;;10249.0;0.0
-1;54600;ASH_COATED_OSMIUM;9992;15;;;;;10008;15;10010;29;;;10000.0;0.0
-1;54600;INTARIAN_PEPPER_ROOT;10249;9;10246;21;;;10260;9;;;;;10254.5;0.0
-1;54700;ASH_COATED_OSMIUM;9991;10;9989;25;;;10007;10;10010;25;;;9999.0;0.0
-1;54700;INTARIAN_PEPPER_ROOT;10249;8;10247;24;;;10260;8;10263;24;;;10254.5;0.0
-1;54800;ASH_COATED_OSMIUM;9991;11;9989;25;;;10010;25;;;;;10000.5;0.0
-1;54800;INTARIAN_PEPPER_ROOT;10249;8;10247;22;;;;;;;;;10249.0;0.0
-1;54900;ASH_COATED_OSMIUM;9992;11;9989;30;;;10008;11;10010;30;;;10000.0;0.0
-1;54900;INTARIAN_PEPPER_ROOT;10249;9;10247;17;;;10261;9;10263;17;;;10255.0;0.0
-1;55000;ASH_COATED_OSMIUM;9992;13;9990;21;;;10008;13;10011;21;;;10000.0;0.0
-1;55000;INTARIAN_PEPPER_ROOT;10249;10;10247;22;;;10261;10;10263;22;;;10255.0;0.0
-1;55100;ASH_COATED_OSMIUM;9992;13;9990;21;;;10011;21;;;;;10001.5;0.0
-1;55100;INTARIAN_PEPPER_ROOT;10249;12;10247;15;;;10261;12;10263;15;;;10255.0;0.0
-1;55200;ASH_COATED_OSMIUM;9992;14;9990;27;;;10008;14;10011;27;;;10000.0;0.0
-1;55200;INTARIAN_PEPPER_ROOT;10247;22;;;;;10261;10;10263;22;;;10254.0;0.0
-1;55300;ASH_COATED_OSMIUM;9992;10;;;;;10011;30;;;;;10001.5;0.0
-1;55300;INTARIAN_PEPPER_ROOT;10250;10;10247;15;;;10261;10;10263;15;;;10255.5;0.0
-1;55400;ASH_COATED_OSMIUM;9992;15;9989;27;;;10008;15;10010;27;;;10000.0;0.0
-1;55400;INTARIAN_PEPPER_ROOT;10250;9;10247;20;;;;;;;;;10250.0;0.0
-1;55500;ASH_COATED_OSMIUM;9989;30;;;;;10010;30;;;;;9999.5;0.0
-1;55500;INTARIAN_PEPPER_ROOT;10250;12;;;;;10261;12;10264;23;;;10255.5;0.0
-1;55600;ASH_COATED_OSMIUM;9991;11;9989;20;;;10007;11;10010;20;;;9999.0;0.0
-1;55600;INTARIAN_PEPPER_ROOT;10250;8;10247;19;;;10261;8;10264;19;;;10255.5;0.0
-1;55700;ASH_COATED_OSMIUM;9991;10;9989;24;;;10007;10;10010;24;;;9999.0;0.0
-1;55700;INTARIAN_PEPPER_ROOT;10250;8;10248;18;;;10261;8;10264;18;;;10255.5;0.0
-1;55800;ASH_COATED_OSMIUM;10002;5;9992;14;9989;23;10010;23;;;;;10006.0;0.0
-1;55800;INTARIAN_PEPPER_ROOT;10250;11;10248;24;;;10261;11;;;;;10255.5;0.0
-1;55900;ASH_COATED_OSMIUM;9992;11;9990;22;;;;;;;;;9992.0;0.0
-1;55900;INTARIAN_PEPPER_ROOT;10250;10;10248;16;;;10262;10;10264;16;;;10256.0;0.0
-1;56000;ASH_COATED_OSMIUM;9992;10;9989;21;;;10008;10;10010;21;;;10000.0;0.0
-1;56000;INTARIAN_PEPPER_ROOT;10250;11;;;;;10262;11;10264;19;;;10256.0;0.0
-1;56100;ASH_COATED_OSMIUM;9992;10;9990;24;;;10008;10;10011;24;;;10000.0;0.0
-1;56100;INTARIAN_PEPPER_ROOT;10250;8;10248;15;;;10262;8;10264;15;;;10256.0;0.0
-1;56200;ASH_COATED_OSMIUM;9989;21;;;;;10010;21;;;;;9999.5;0.0
-1;56200;INTARIAN_PEPPER_ROOT;10251;9;10248;23;;;10262;9;10264;23;;;10256.5;0.0
-1;56300;ASH_COATED_OSMIUM;9992;11;9989;21;;;10008;11;10010;21;;;10000.0;0.0
-1;56300;INTARIAN_PEPPER_ROOT;10251;11;10248;16;;;10264;16;;;;;10257.5;0.0
-1;56400;ASH_COATED_OSMIUM;9989;30;;;;;10008;15;10010;30;;;9998.5;0.0
-1;56400;INTARIAN_PEPPER_ROOT;10251;10;10248;15;;;;;;;;;10251.0;0.0
-1;56500;ASH_COATED_OSMIUM;9992;13;9989;22;;;10010;22;;;;;10001.0;0.0
-1;56500;INTARIAN_PEPPER_ROOT;10251;12;10248;21;;;10262;12;10265;21;;;10256.5;0.0
-1;56600;ASH_COATED_OSMIUM;9992;11;9990;21;;;10011;21;;;;;10001.5;0.0
-1;56600;INTARIAN_PEPPER_ROOT;10251;12;10248;22;;;10262;12;10265;22;;;10256.5;0.0
-1;56700;ASH_COATED_OSMIUM;9992;12;9989;30;;;;;;;;;9992.0;0.0
-1;56700;INTARIAN_PEPPER_ROOT;10251;10;;;;;10262;10;10265;16;;;10256.5;0.0
-1;56800;ASH_COATED_OSMIUM;9989;23;;;;;10008;15;10010;23;;;9998.5;0.0
-1;56800;INTARIAN_PEPPER_ROOT;10251;12;10249;16;;;10262;12;10265;16;;;10256.5;0.0
-1;56900;ASH_COATED_OSMIUM;9992;15;;;;;10008;15;10010;25;;;10000.0;0.0
-1;56900;INTARIAN_PEPPER_ROOT;10251;8;10249;17;;;10263;8;;;;;10257.0;0.0
-1;57000;ASH_COATED_OSMIUM;9992;12;9989;26;;;10008;12;10010;26;;;10000.0;0.0
-1;57000;INTARIAN_PEPPER_ROOT;10251;8;10249;20;;;10263;8;10265;20;;;10257.0;0.0
-1;57100;ASH_COATED_OSMIUM;9989;23;;;;;9997;9;10010;23;;;9993.0;0.0
-1;57100;INTARIAN_PEPPER_ROOT;10251;11;10249;25;;;10263;11;;;;;10257.0;0.0
-1;57200;ASH_COATED_OSMIUM;9991;10;;;;;10010;26;;;;;10000.5;0.0
-1;57200;INTARIAN_PEPPER_ROOT;10249;19;;;;;10253;5;10265;19;;;10251.0;0.0
-1;57300;ASH_COATED_OSMIUM;10000;8;9991;15;;;10007;15;10010;26;;;10003.5;0.0
-1;57300;INTARIAN_PEPPER_ROOT;10252;8;10249;21;;;10263;8;10265;21;;;10257.5;0.0
-1;57400;ASH_COATED_OSMIUM;9991;14;9988;24;;;10009;24;;;;;10000.0;0.0
-1;57400;INTARIAN_PEPPER_ROOT;10252;11;10249;18;;;10266;18;;;;;10259.0;0.0
-1;57500;ASH_COATED_OSMIUM;9991;13;;;;;10009;24;;;;;10000.0;0.0
-1;57500;INTARIAN_PEPPER_ROOT;10255;12;10252;12;;;10263;12;10266;18;;;10259.0;0.0
-1;57600;ASH_COATED_OSMIUM;9991;11;9989;20;;;10007;11;10010;20;;;9999.0;0.0
-1;57600;INTARIAN_PEPPER_ROOT;10252;12;10249;24;;;10263;12;10266;24;;;10257.5;0.0
-1;57700;ASH_COATED_OSMIUM;9991;10;9988;26;;;10007;10;10009;26;;;9999.0;0.0
-1;57700;INTARIAN_PEPPER_ROOT;10252;12;10250;23;;;10266;23;;;;;10259.0;0.0
-1;57800;ASH_COATED_OSMIUM;9991;15;9989;23;;;10007;15;10010;23;;;9999.0;0.0
-1;57800;INTARIAN_PEPPER_ROOT;10250;20;;;;;10263;11;10266;20;;;10256.5;0.0
-1;57900;ASH_COATED_OSMIUM;9989;23;;;;;9996;8;10010;23;;;9992.5;0.0
-1;57900;INTARIAN_PEPPER_ROOT;10252;9;10250;21;;;10264;9;10266;21;;;10258.0;0.0
-1;58000;ASH_COATED_OSMIUM;9991;13;9989;29;;;10007;13;10010;29;;;9999.0;0.0
-1;58000;INTARIAN_PEPPER_ROOT;10252;10;;;;;10264;10;10266;16;;;10258.0;0.0
-1;58100;ASH_COATED_OSMIUM;9991;10;9989;30;;;10007;10;10010;30;;;9999.0;0.0
-1;58100;INTARIAN_PEPPER_ROOT;10252;10;10250;18;;;10264;10;10266;18;;;10258.0;0.0
-1;58200;ASH_COATED_OSMIUM;9991;14;9989;23;;;10007;14;;;;;9999.0;0.0
-1;58200;INTARIAN_PEPPER_ROOT;10253;10;10250;15;;;10264;10;10266;15;;;10258.5;0.0
-1;58300;ASH_COATED_OSMIUM;9991;14;;;;;10007;14;10010;24;;;9999.0;0.0
-1;58300;INTARIAN_PEPPER_ROOT;10253;11;10250;22;;;10264;11;10266;22;;;10258.5;0.0
-1;58400;ASH_COATED_OSMIUM;9991;10;9988;26;;;10007;10;10009;26;;;9999.0;0.0
-1;58400;INTARIAN_PEPPER_ROOT;10253;12;10250;20;;;10264;12;10267;20;;;10258.5;0.0
-1;58500;ASH_COATED_OSMIUM;10000;7;9991;13;9989;23;10007;13;10010;23;;;10003.5;0.0
-1;58500;INTARIAN_PEPPER_ROOT;10253;8;10250;24;;;10264;8;10267;24;;;10258.5;0.0
-1;58600;ASH_COATED_OSMIUM;9991;14;9989;22;;;10007;14;10010;22;;;9999.0;0.0
-1;58600;INTARIAN_PEPPER_ROOT;10253;11;10250;23;;;10255;3;10267;23;;;10254.0;0.0
-1;58700;ASH_COATED_OSMIUM;9991;14;9989;28;;;10007;14;;;;;9999.0;0.0
-1;58700;INTARIAN_PEPPER_ROOT;10253;8;10251;20;;;10264;8;10267;20;;;10258.5;0.0
-1;58800;ASH_COATED_OSMIUM;9991;12;9988;21;;;10007;12;10009;21;;;9999.0;0.0
-1;58800;INTARIAN_PEPPER_ROOT;10253;10;10251;16;;;;;;;;;10253.0;0.0
-1;58900;ASH_COATED_OSMIUM;9992;14;9989;28;;;10008;14;10010;28;;;10000.0;0.0
-1;58900;INTARIAN_PEPPER_ROOT;10253;8;10251;20;;;10265;8;;;;;10259.0;0.0
-1;59000;ASH_COATED_OSMIUM;9993;10;9990;20;;;10009;10;10011;20;;;10001.0;0.0
-1;59000;INTARIAN_PEPPER_ROOT;10253;9;10251;19;;;10265;9;10267;19;;;10259.0;0.0
-1;59100;ASH_COATED_OSMIUM;9992;15;;;;;10008;15;10011;30;;;10000.0;0.0
-1;59100;INTARIAN_PEPPER_ROOT;10253;9;10251;22;;;10265;9;10267;22;;;10259.0;0.0
-1;59200;ASH_COATED_OSMIUM;9992;14;9990;28;;;10011;28;;;;;10001.5;0.0
-1;59200;INTARIAN_PEPPER_ROOT;10254;11;;;;;10265;11;10267;24;;;10259.5;0.0
-1;59300;ASH_COATED_OSMIUM;9992;15;;;;;10008;15;;;;;10000.0;0.0
-1;59300;INTARIAN_PEPPER_ROOT;;;;;;;10255;4;10265;9;10267;22;10255.0;0.0
-1;59400;ASH_COATED_OSMIUM;9992;13;9990;21;;;10008;13;10011;21;;;10000.0;0.0
-1;59400;INTARIAN_PEPPER_ROOT;10251;17;;;;;10265;12;10268;17;;;10258.0;0.0
-1;59500;ASH_COATED_OSMIUM;9992;13;9990;30;;;10008;13;;;;;10000.0;0.0
-1;59500;INTARIAN_PEPPER_ROOT;10254;11;;;;;10265;11;10268;15;;;10259.5;0.0
-1;59600;ASH_COATED_OSMIUM;9992;11;9990;24;;;10008;11;10011;24;;;10000.0;0.0
-1;59600;INTARIAN_PEPPER_ROOT;10254;8;10251;16;;;10265;8;10268;16;;;10259.5;0.0
-1;59700;ASH_COATED_OSMIUM;10001;7;9992;14;9990;25;10008;14;10011;25;;;10004.5;0.0
-1;59700;INTARIAN_PEPPER_ROOT;10254;10;;;;;10265;10;;;;;10259.5;0.0
-1;59800;ASH_COATED_OSMIUM;9992;14;9990;26;;;10008;14;10011;26;;;10000.0;0.0
-1;59800;INTARIAN_PEPPER_ROOT;10254;12;10252;18;;;10265;12;10268;18;;;10259.5;0.0
-1;59900;ASH_COATED_OSMIUM;9992;15;9990;23;;;10008;15;10011;23;;;10000.0;0.0
-1;59900;INTARIAN_PEPPER_ROOT;10254;10;10252;18;;;10266;10;10268;18;;;10260.0;0.0
-1;60000;ASH_COATED_OSMIUM;10001;9;;;;;10007;15;10010;28;;;10004.0;0.0
-1;60000;INTARIAN_PEPPER_ROOT;10254;12;10252;24;;;10266;12;10268;24;;;10260.0;0.0
-1;60100;ASH_COATED_OSMIUM;9991;14;9989;27;;;10007;14;;;;;9999.0;0.0
-1;60100;INTARIAN_PEPPER_ROOT;10254;11;10252;21;;;10268;21;;;;;10261.0;0.0
-1;60200;ASH_COATED_OSMIUM;9992;14;9989;21;;;10008;14;;;;;10000.0;0.0
-1;60200;INTARIAN_PEPPER_ROOT;10255;9;10252;21;;;10268;21;;;;;10261.5;0.0
-1;60300;ASH_COATED_OSMIUM;9992;14;9989;28;;;10008;14;10010;28;;;10000.0;0.0
-1;60300;INTARIAN_PEPPER_ROOT;10255;12;10252;25;;;;;;;;;10255.0;0.0
-1;60400;ASH_COATED_OSMIUM;9992;11;;;;;10008;11;10010;22;;;10000.0;0.0
-1;60400;INTARIAN_PEPPER_ROOT;10255;9;10252;24;;;10266;9;10269;24;;;10260.5;0.0
-1;60500;ASH_COATED_OSMIUM;9989;29;;;;;10008;15;10010;29;;;9998.5;0.0
-1;60500;INTARIAN_PEPPER_ROOT;10255;9;10252;21;;;10266;9;10269;21;;;10260.5;0.0
-1;60600;ASH_COATED_OSMIUM;9989;20;;;;;10010;20;;;;;9999.5;0.0
-1;60600;INTARIAN_PEPPER_ROOT;10255;8;10252;18;;;10266;8;10269;18;;;10260.5;0.0
-1;60700;ASH_COATED_OSMIUM;9991;14;9989;25;;;10007;14;10010;25;;;9999.0;0.0
-1;60700;INTARIAN_PEPPER_ROOT;10255;11;10253;24;;;10266;11;10269;24;;;10260.5;0.0
-1;60800;ASH_COATED_OSMIUM;9992;12;9990;28;;;10008;12;;;;;10000.0;0.0
-1;60800;INTARIAN_PEPPER_ROOT;10255;9;10253;25;;;10266;9;;;;;10260.5;0.0
-1;60900;ASH_COATED_OSMIUM;9993;10;9990;25;;;;;;;;;9993.0;0.0
-1;60900;INTARIAN_PEPPER_ROOT;10255;8;10253;21;;;10269;21;;;;;10262.0;0.0
-1;61000;ASH_COATED_OSMIUM;9992;13;9990;27;;;10008;13;;;;;10000.0;0.0
-1;61000;INTARIAN_PEPPER_ROOT;10255;12;10253;16;;;10269;16;;;;;10262.0;0.0
-1;61100;ASH_COATED_OSMIUM;9992;15;9990;23;;;10008;15;10011;23;;;10000.0;0.0
-1;61100;INTARIAN_PEPPER_ROOT;10255;12;;;;;10267;12;10269;25;;;10261.0;0.0
-1;61200;ASH_COATED_OSMIUM;9990;26;;;;;10009;15;10011;26;;;9999.5;0.0
-1;61200;INTARIAN_PEPPER_ROOT;10253;15;;;;;;;;;;;10253.0;0.0
-1;61300;ASH_COATED_OSMIUM;9992;14;9990;28;;;;;;;;;9992.0;0.0
-1;61300;INTARIAN_PEPPER_ROOT;10256;8;10253;23;;;10267;8;10269;23;;;10261.5;0.0
-1;61400;ASH_COATED_OSMIUM;9997;3;9992;14;;;10008;14;10011;29;;;10002.5;0.0
-1;61400;INTARIAN_PEPPER_ROOT;10256;12;;;;;10267;12;10270;23;;;10261.5;0.0
-1;61500;ASH_COATED_OSMIUM;9993;15;9990;27;;;10009;15;;;;;10001.0;0.0
-1;61500;INTARIAN_PEPPER_ROOT;10256;8;10253;17;;;10267;8;10270;17;;;10261.5;0.0
-1;61600;ASH_COATED_OSMIUM;9992;11;9990;22;;;10008;11;10011;22;;;10000.0;0.0
-1;61600;INTARIAN_PEPPER_ROOT;10253;23;;;;;10258;3;10267;10;;;10255.5;0.0
-1;61700;ASH_COATED_OSMIUM;9992;12;9990;27;;;10011;27;;;;;10001.5;0.0
-1;61700;INTARIAN_PEPPER_ROOT;10256;11;10254;25;;;;;;;;;10256.0;0.0
-1;61800;ASH_COATED_OSMIUM;9993;14;9990;21;;;10009;14;10011;21;;;10001.0;0.0
-1;61800;INTARIAN_PEPPER_ROOT;10256;9;10254;22;;;10267;9;10270;22;;;10261.5;0.0
-1;61900;ASH_COATED_OSMIUM;9993;15;;;;;10011;28;;;;;10002.0;0.0
-1;61900;INTARIAN_PEPPER_ROOT;10254;18;;;;;10268;10;10270;18;;;10261.0;0.0
-1;62000;ASH_COATED_OSMIUM;9993;13;;;;;10009;13;10011;23;;;10001.0;0.0
-1;62000;INTARIAN_PEPPER_ROOT;10256;8;10254;22;;;10270;22;;;;;10263.0;0.0
-1;62100;ASH_COATED_OSMIUM;9993;14;9991;30;;;10009;14;10012;30;;;10001.0;0.0
-1;62100;INTARIAN_PEPPER_ROOT;10254;23;;;;;10270;23;;;;;10262.0;0.0
-1;62200;ASH_COATED_OSMIUM;9993;15;9991;24;;;10009;15;10012;24;;;10001.0;0.0
-1;62200;INTARIAN_PEPPER_ROOT;10257;12;10254;21;;;10270;21;;;;;10263.5;0.0
-1;62300;ASH_COATED_OSMIUM;9993;12;9991;20;;;10009;12;10012;20;;;10001.0;0.0
-1;62300;INTARIAN_PEPPER_ROOT;10257;10;;;;;10268;10;;;;;10262.5;0.0
-1;62400;ASH_COATED_OSMIUM;9993;13;9991;20;;;10012;20;;;;;10002.5;0.0
-1;62400;INTARIAN_PEPPER_ROOT;10257;8;10254;20;;;10268;8;10271;20;;;10262.5;0.0
-1;62500;ASH_COATED_OSMIUM;9993;11;9991;25;;;10009;11;;;;;10001.0;0.0
-1;62500;INTARIAN_PEPPER_ROOT;10257;11;;;;;10268;11;;;;;10262.5;0.0
-1;62600;ASH_COATED_OSMIUM;9994;12;;;;;10012;27;;;;;10003.0;0.0
-1;62600;INTARIAN_PEPPER_ROOT;10257;12;;;;;10268;12;10271;18;;;10262.5;0.0
-1;62700;ASH_COATED_OSMIUM;9993;12;;;;;10009;12;;;;;10001.0;0.0
-1;62700;INTARIAN_PEPPER_ROOT;10257;11;10255;25;;;;;;;;;10257.0;0.0
-1;62800;ASH_COATED_OSMIUM;9993;11;9991;21;;;10009;11;10012;21;;;10001.0;0.0
-1;62800;INTARIAN_PEPPER_ROOT;10255;23;;;;;10268;8;10271;23;;;10261.5;0.0
-1;62900;ASH_COATED_OSMIUM;9994;11;9991;29;;;;;;;;;9994.0;0.0
-1;62900;INTARIAN_PEPPER_ROOT;10257;11;10255;24;;;10269;11;;;;;10263.0;0.0
-1;63000;ASH_COATED_OSMIUM;9993;11;9991;23;;;;;;;;;9993.0;0.0
-1;63000;INTARIAN_PEPPER_ROOT;10257;11;10255;22;;;10269;11;10271;22;;;10263.0;0.0
-1;63100;ASH_COATED_OSMIUM;9993;14;9991;25;;;10009;14;10012;25;;;10001.0;0.0
-1;63100;INTARIAN_PEPPER_ROOT;10257;11;10255;20;;;10269;11;10271;20;;;10263.0;0.0
-1;63200;ASH_COATED_OSMIUM;9993;13;9990;20;;;10009;13;10011;20;;;10001.0;0.0
-1;63200;INTARIAN_PEPPER_ROOT;;;;;;;10269;12;;;;;10269.0;0.0
-1;63300;ASH_COATED_OSMIUM;9993;15;9990;29;;;10009;15;10011;29;;;10001.0;0.0
-1;63300;INTARIAN_PEPPER_ROOT;10258;10;10255;21;;;10269;10;;;;;10263.5;0.0
-1;63400;ASH_COATED_OSMIUM;9992;12;9990;20;;;10008;12;10011;20;;;10000.0;0.0
-1;63400;INTARIAN_PEPPER_ROOT;10258;9;10255;25;;;10269;9;;;;;10263.5;0.0
-1;63500;ASH_COATED_OSMIUM;9992;14;9990;29;;;10008;14;10011;29;;;10000.0;0.0
-1;63500;INTARIAN_PEPPER_ROOT;10258;11;10255;15;;;10269;11;10272;15;;;10263.5;0.0
-1;63600;ASH_COATED_OSMIUM;9992;11;9990;22;;;10008;11;10011;22;;;10000.0;0.0
-1;63600;INTARIAN_PEPPER_ROOT;10258;10;10255;22;;;10269;10;10272;22;;;10263.5;0.0
-1;63700;ASH_COATED_OSMIUM;;;;;;;10008;13;;;;;10008.0;0.0
-1;63700;INTARIAN_PEPPER_ROOT;10258;9;10256;20;;;10269;9;10272;20;;;10263.5;0.0
-1;63800;ASH_COATED_OSMIUM;9992;10;9989;25;;;10008;10;10010;25;;;10000.0;0.0
-1;63800;INTARIAN_PEPPER_ROOT;10256;18;;;;;10269;10;;;;;10262.5;0.0
-1;63900;ASH_COATED_OSMIUM;9990;24;;;;;10009;15;;;;;9999.5;0.0
-1;63900;INTARIAN_PEPPER_ROOT;10258;10;10256;17;;;10270;10;10272;17;;;10264.0;0.0
-1;64000;ASH_COATED_OSMIUM;9990;25;;;;;10009;13;10011;25;;;9999.5;0.0
-1;64000;INTARIAN_PEPPER_ROOT;10258;10;10256;23;;;10270;10;10272;23;;;10264.0;0.0
-1;64100;ASH_COATED_OSMIUM;9992;13;9990;26;;;10011;26;;;;;10001.5;0.0
-1;64100;INTARIAN_PEPPER_ROOT;10258;11;10256;19;;;10270;11;10272;19;;;10264.0;0.0
-1;64200;ASH_COATED_OSMIUM;9992;11;;;;;10008;11;10010;25;;;10000.0;0.0
-1;64200;INTARIAN_PEPPER_ROOT;10259;10;10256;17;;;10270;10;10272;17;;;10264.5;0.0
-1;64300;ASH_COATED_OSMIUM;9992;14;9989;29;;;10008;14;10010;29;;;10000.0;0.0
-1;64300;INTARIAN_PEPPER_ROOT;10259;8;10256;25;;;10270;8;10272;25;;;10264.5;0.0
-1;64400;ASH_COATED_OSMIUM;9992;15;9989;22;;;10010;22;;;;;10001.0;0.0
-1;64400;INTARIAN_PEPPER_ROOT;10259;11;;;;;10260;8;10270;11;10273;17;10259.5;0.0
-1;64500;ASH_COATED_OSMIUM;9992;13;9989;26;;;9998;9;10008;13;10010;26;9995.0;0.0
-1;64500;INTARIAN_PEPPER_ROOT;10259;12;10256;17;;;10270;12;10273;17;;;10264.5;0.0
-1;64600;ASH_COATED_OSMIUM;9991;13;9989;23;;;10007;13;;;;;9999.0;0.0
-1;64600;INTARIAN_PEPPER_ROOT;10259;11;10256;23;;;10270;11;10273;23;;;10264.5;0.0
-1;64700;ASH_COATED_OSMIUM;9989;30;;;;;10007;15;10010;30;;;9998.0;0.0
-1;64700;INTARIAN_PEPPER_ROOT;10259;12;10257;24;;;10270;12;;;;;10264.5;0.0
-1;64800;ASH_COATED_OSMIUM;9990;12;9988;22;;;10006;12;10009;22;;;9998.0;0.0
-1;64800;INTARIAN_PEPPER_ROOT;10259;10;;;;;10270;10;10273;21;;;10264.5;0.0
-1;64900;ASH_COATED_OSMIUM;9988;30;;;;;10007;12;;;;;9997.5;0.0
-1;64900;INTARIAN_PEPPER_ROOT;10259;11;10257;18;;;10273;18;;;;;10266.0;0.0
-1;65000;ASH_COATED_OSMIUM;9990;13;9987;22;;;10006;13;10008;22;;;9998.0;0.0
-1;65000;INTARIAN_PEPPER_ROOT;;;;;;;;;;;;;0.0;0.0
-1;65100;ASH_COATED_OSMIUM;9990;13;9988;21;;;;;;;;;9990.0;0.0
-1;65100;INTARIAN_PEPPER_ROOT;10259;11;10257;19;;;10271;11;10273;19;;;10265.0;0.0
-1;65200;ASH_COATED_OSMIUM;9990;13;9987;23;;;;;;;;;9990.0;0.0
-1;65200;INTARIAN_PEPPER_ROOT;10260;11;10257;15;;;10273;15;;;;;10266.5;0.0
-1;65300;ASH_COATED_OSMIUM;9988;29;;;;;10006;14;10009;29;;;9997.0;0.0
-1;65300;INTARIAN_PEPPER_ROOT;10260;11;10257;16;;;10271;11;10273;16;;;10265.5;0.0
-1;65400;ASH_COATED_OSMIUM;9991;15;9988;23;;;10007;15;10009;23;;;9999.0;0.0
-1;65400;INTARIAN_PEPPER_ROOT;10257;22;;;;;10271;11;10274;22;;;10264.0;0.0
-1;65500;ASH_COATED_OSMIUM;9988;21;;;;;10007;14;10009;21;;;9997.5;0.0
-1;65500;INTARIAN_PEPPER_ROOT;10257;20;;;;;10271;10;;;;;10264.0;0.0
-1;65600;ASH_COATED_OSMIUM;9991;15;;;;;10007;15;10009;28;;;9999.0;0.0
-1;65600;INTARIAN_PEPPER_ROOT;10260;11;10257;19;;;10271;11;10274;19;;;10265.5;0.0
-1;65700;ASH_COATED_OSMIUM;9988;22;;;;;10007;14;10009;22;;;9997.5;0.0
-1;65700;INTARIAN_PEPPER_ROOT;10260;12;10258;22;;;10271;12;10274;22;;;10265.5;0.0
-1;65800;ASH_COATED_OSMIUM;9990;10;9988;28;;;10009;28;;;;;9999.5;0.0
-1;65800;INTARIAN_PEPPER_ROOT;10260;8;10258;20;;;10271;8;10274;20;;;10265.5;0.0
-1;65900;ASH_COATED_OSMIUM;9990;12;9988;27;;;10009;27;;;;;9999.5;0.0
-1;65900;INTARIAN_PEPPER_ROOT;10260;8;;;;;10272;8;;;;;10266.0;0.0
-1;66000;ASH_COATED_OSMIUM;9990;14;9987;21;;;10006;14;10008;21;;;9998.0;0.0
-1;66000;INTARIAN_PEPPER_ROOT;10260;9;10258;23;;;10274;23;;;;;10267.0;0.0
-1;66100;ASH_COATED_OSMIUM;9990;15;9988;29;;;10006;15;10009;29;;;9998.0;0.0
-1;66100;INTARIAN_PEPPER_ROOT;10258;21;;;;;10274;21;;;;;10266.0;0.0
-1;66200;ASH_COATED_OSMIUM;9990;10;;;;;10006;10;10009;29;;;9998.0;0.0
-1;66200;INTARIAN_PEPPER_ROOT;10261;9;;;;;10272;9;;;;;10266.5;0.0
-1;66300;ASH_COATED_OSMIUM;9990;13;9987;24;;;10006;13;10008;24;;;9998.0;0.0
-1;66300;INTARIAN_PEPPER_ROOT;10263;10;10261;9;;;10272;9;10274;23;;;10267.5;0.0
-1;66400;ASH_COATED_OSMIUM;9990;10;9987;25;;;10006;10;10008;25;;;9998.0;0.0
-1;66400;INTARIAN_PEPPER_ROOT;;;;;;;10272;12;10275;21;;;10272.0;0.0
-1;66500;ASH_COATED_OSMIUM;9990;14;9987;28;;;10006;14;10008;28;;;9998.0;0.0
-1;66500;INTARIAN_PEPPER_ROOT;10261;9;10258;16;;;10272;9;10275;16;;;10266.5;0.0
-1;66600;ASH_COATED_OSMIUM;9990;10;9987;22;;;10006;10;;;;;9998.0;0.0
-1;66600;INTARIAN_PEPPER_ROOT;;;;;;;10272;11;10275;23;;;10272.0;0.0
-1;66700;ASH_COATED_OSMIUM;9990;11;;;;;10008;23;;;;;9999.0;0.0
-1;66700;INTARIAN_PEPPER_ROOT;10261;9;10259;20;;;10272;9;10275;20;;;10266.5;0.0
-1;66800;ASH_COATED_OSMIUM;9990;14;9987;27;;;9999;1;10006;14;10008;27;9994.5;0.0
-1;66800;INTARIAN_PEPPER_ROOT;10259;16;;;;;10272;11;10275;16;;;10265.5;0.0
-1;66900;ASH_COATED_OSMIUM;9990;14;9987;22;;;10006;14;10008;22;;;9998.0;0.0
-1;66900;INTARIAN_PEPPER_ROOT;;;;;;;10273;12;10275;22;;;10273.0;0.0
-1;67000;ASH_COATED_OSMIUM;9990;11;9988;25;;;10009;25;;;;;9999.5;0.0
-1;67000;INTARIAN_PEPPER_ROOT;10261;8;10259;17;;;10273;8;10275;17;;;10267.0;0.0
-1;67100;ASH_COATED_OSMIUM;9990;11;9988;23;;;9995;10;10006;11;10009;23;9992.5;0.0
-1;67100;INTARIAN_PEPPER_ROOT;10261;11;10259;15;;;10273;11;10275;15;;;10267.0;0.0
-1;67200;ASH_COATED_OSMIUM;9990;13;9988;20;;;10006;13;;;;;9998.0;0.0
-1;67200;INTARIAN_PEPPER_ROOT;10262;10;10259;19;;;10273;10;10275;19;;;10267.5;0.0
-1;67300;ASH_COATED_OSMIUM;9990;14;9988;28;;;10006;14;10009;28;;;9998.0;0.0
-1;67300;INTARIAN_PEPPER_ROOT;10262;12;10259;20;;;10273;12;10276;20;;;10267.5;0.0
-1;67400;ASH_COATED_OSMIUM;9990;10;;;;;10009;20;;;;;9999.5;0.0
-1;67400;INTARIAN_PEPPER_ROOT;10259;16;;;;;10273;11;10276;16;;;10266.0;0.0
-1;67500;ASH_COATED_OSMIUM;9990;10;9987;26;;;10006;10;10008;26;;;9998.0;0.0
-1;67500;INTARIAN_PEPPER_ROOT;10262;8;10259;17;;;10273;8;10276;17;;;10267.5;0.0
-1;67600;ASH_COATED_OSMIUM;9990;14;9987;22;;;10006;14;10008;22;;;9998.0;0.0
-1;67600;INTARIAN_PEPPER_ROOT;10262;12;10259;17;;;10273;12;10276;17;;;10267.5;0.0
-1;67700;ASH_COATED_OSMIUM;9990;15;9988;21;;;10006;15;10009;21;;;9998.0;0.0
