day;timestamp;product;bid_price_1;bid_volume_1;bid_price_2;bid_volume_2;bid_price_3;bid_volume_3;ask_price_1;ask_volume_1;ask_price_2;ask_volume_2;ask_price_3;ask_volume_3;mid_price;profit_and_loss
-2;0;ASH_COATED_OSMIUM;9992;11;9990;30;;;10010;30;;;;;10001.0;0.0
-2;0;HYDROGEL_PACK;9971;14;9969;29;;;9987;14;9990;29;;;9979.0;0.0
-2;0;INTARIAN_PEPPER_ROOT;12993;12;;;;;13010;18;;;;;13001.5;0.0
-2;0;VELVETFRUIT_EXTRACT;5259;49;;;;;5265;41;;;;;5262.0;0.0
-2;0;VEV_4000;1252;13;1249;25;;;1273;13;1276;25;;;1262.5;0.0
-2;0;VEV_4500;754;9;752;18;;;770;9;771;6;772;18;762.0;0.0
-2;0;VEV_5000;263;28;262;22;;;269;11;270;16;;;266.0;0.0
-2;0;VEV_5100;173;33;172;20;;;177;31;178;22;;;175.0;0.0
-2;0;VEV_5200;99;26;;;;;103;21;;;;;101.0;0.0
-2;0;VEV_5300;49;29;48;12;;;51;15;52;12;;;50.0;0.0
-2;0;VEV_5400;15;23;;;;;17;18;;;;;16.0;0.0
-2;0;VEV_5500;6;28;;;;;7;25;;;;;6.5;0.0
-2;0;VEV_6000;0;25;;;;;1;25;;;;;0.5;0.0
-2;0;VEV_6500;0;11;;;;;1;11;;;;;0.5;0.0
-2;100;ASH_COATED_OSMIUM;9992;12;;;;;10008;12;10011;30;;;10000.0;0.0
-2;100;HYDROGEL_PACK;9974;11;9972;30;;;9990;11;9993;30;;;9982.0;0.0
-2;100;INTARIAN_PEPPER_ROOT;12993;9;12990;23;;;13007;9;;;;;13000.0;0.0
-2;100;VELVETFRUIT_EXTRACT;5260;53;5260;24;;;5266;52;;;;;5263.0;0.0
-2;100;VEV_4000;1249;9;1247;24;;;1271;9;1273;24;;;1260.0;0.0
-2;100;VEV_4500;755;10;753;20;;;771;10;773;20;;;763.0;0.0
-2;100;VEV_5000;263;6;262;20;;;269;8;;;;;266.0;0.0
-2;100;VEV_5100;172;32;171;17;;;176;7;177;32;;;174.0;0.0
-2;100;VEV_5200;101;22;;;;;;;;;;;101.0;0.0
-2;100;VEV_5300;50;18;49;18;;;52;28;;;;;51.0;0.0
-2;100;VEV_5400;15;25;;;;;16;30;17;20;;;15.5;0.0
-2;100;VEV_5500;6;23;;;;;7;18;;;;;6.5;0.0
-2;100;VEV_6000;0;20;;;;;1;20;;;;;0.5;0.0
-2;100;VEV_6500;0;15;;;;;1;15;;;;;0.5;0.0
-2;200;ASH_COATED_OSMIUM;9992;12;9990;20;;;10008;12;10011;20;;;10000.0;0.0
-2;200;HYDROGEL_PACK;9974;12;9972;26;;;9990;12;9993;26;;;9982.0;0.0
-2;200;INTARIAN_PEPPER_ROOT;12993;9;12990;24;;;13007;9;13010;24;;;13000.0;0.0
-2;200;VELVETFRUIT_EXTRACT;5260;19;5259;43;;;5264;19;5265;54;5266;33;5262.0;0.0
-2;200;VEV_4000;1250;9;1247;25;;;1271;9;1274;25;;;1260.5;0.0
-2;200;VEV_4500;754;10;753;8;752;14;770;10;772;14;;;762.0;0.0
-2;200;VEV_5000;262;6;261;15;;;268;6;;;;;265.0;0.0
-2;200;VEV_5100;172;12;;;;;177;14;;;;;174.5;0.0
-2;200;VEV_5200;100;12;;;;;104;27;;;;;102.0;0.0
-2;200;VEV_5300;51;18;;;;;;;;;;;51.0;0.0
-2;200;VEV_5400;15;13;15;18;;;17;27;;;;;16.0;0.0
-2;200;VEV_5500;6;17;;;;;7;22;;;;;6.5;0.0
-2;200;VEV_6000;0;20;;;;;1;20;;;;;0.5;0.0
-2;200;VEV_6500;0;17;;;;;1;17;;;;;0.5;0.0
-2;300;ASH_COATED_OSMIUM;9992;10;9990;20;;;10011;20;;;;;10001.5;0.0
-2;300;HYDROGEL_PACK;9975;10;9972;25;;;9991;10;9993;25;;;9983.0;0.0
-2;300;INTARIAN_PEPPER_ROOT;12993;8;12990;15;;;13011;15;;;;;13002.0;0.0
-2;300;VELVETFRUIT_EXTRACT;5259;39;5259;24;;;5265;53;;;;;5262.0;0.0
-2;300;VEV_4000;1251;8;1249;21;;;1272;8;1275;21;;;1261.5;0.0
-2;300;VEV_4500;753;12;751;21;;;769;12;771;21;;;761.0;0.0
-2;300;VEV_5000;262;6;261;22;;;268;6;269;24;;;265.0;0.0
-2;300;VEV_5100;171;24;;;;;176;25;177;27;;;173.5;0.0
-2;300;VEV_5200;100;30;99;20;;;102;9;;;;;101.0;0.0
-2;300;VEV_5300;50;5;;;;;52;21;;;;;51.0;0.0
-2;300;VEV_5400;15;25;;;;;17;19;;;;;16.0;0.0
-2;300;VEV_5500;6;21;;;;;7;30;;;;;6.5;0.0
-2;300;VEV_6000;0;27;;;;;1;27;;;;;0.5;0.0
-2;300;VEV_6500;0;18;;;;;1;18;;;;;0.5;0.0
-2;400;ASH_COATED_OSMIUM;9990;22;;;;;10008;13;10011;22;;;9999.0;0.0
-2;400;HYDROGEL_PACK;9975;15;9972;20;;;9991;15;9993;20;;;9983.0;0.0
-2;400;INTARIAN_PEPPER_ROOT;12993;10;12990;19;;;13007;10;13011;19;;;13000.0;0.0
-2;400;VELVETFRUIT_EXTRACT;5260;23;5259;38;5259;31;5264;23;5265;64;;;5262.0;0.0
-2;400;VEV_4000;1252;12;1249;20;;;1273;12;1275;20;;;1262.5;0.0
-2;400;VEV_4500;753;19;;;;;771;8;774;19;;;762.0;0.0
-2;400;VEV_5000;262;6;261;18;;;268;25;269;19;;;265.0;0.0
-2;400;VEV_5100;172;27;;;;;176;33;177;20;;;174.0;0.0
-2;400;VEV_5200;100;22;;;;;;;;;;;100.0;0.0
-2;400;VEV_5300;;;;;;;52;6;;;;;52.0;0.0
-2;400;VEV_5400;14;19;;;;;16;21;;;;;15.0;0.0
-2;400;VEV_5500;6;23;;;;;7;24;;;;;6.5;0.0
-2;400;VEV_6000;0;22;;;;;1;22;;;;;0.5;0.0
-2;400;VEV_6500;0;12;;;;;1;12;;;;;0.5;0.0
-2;500;ASH_COATED_OSMIUM;9992;14;;;;;10001;2;10008;14;;;9996.5;0.0
-2;500;HYDROGEL_PACK;9976;12;9973;25;;;9992;12;9994;25;;;9984.0;0.0
-2;500;INTARIAN_PEPPER_ROOT;12993;10;;;;;13011;23;;;;;13002.0;0.0
-2;500;VELVETFRUIT_EXTRACT;5259;70;;;;;5264;23;5265;22;;;5261.5;0.0
-2;500;VEV_4000;1253;12;1251;28;;;1274;12;1277;28;;;1263.5;0.0
-2;500;VEV_4500;755;12;753;17;;;771;12;773;17;;;763.0;0.0
-2;500;VEV_5000;262;7;;;;;268;30;269;19;;;265.0;0.0
-2;500;VEV_5100;170;12;;;;;175;7;176;24;;;172.5;0.0
-2;500;VEV_5200;100;12;99;28;;;103;27;;;;;101.5;0.0
-2;500;VEV_5300;49;23;;;;;51;24;;;;;50.0;0.0
-2;500;VEV_5400;14;18;;;;;16;24;;;;;15.0;0.0
-2;500;VEV_5500;6;22;;;;;7;19;;;;;6.5;0.0
-2;500;VEV_6000;0;26;;;;;1;26;;;;;0.5;0.0
-2;500;VEV_6500;0;17;;;;;1;17;;;;;0.5;0.0
-2;600;ASH_COATED_OSMIUM;9992;10;9990;25;;;10011;25;;;;;10001.5;0.0
-2;600;HYDROGEL_PACK;9975;13;9973;20;;;9991;13;9994;20;;;9983.0;0.0
-2;600;INTARIAN_PEPPER_ROOT;12990;15;;;;;13008;10;;;;;12999.0;0.0
-2;600;VELVETFRUIT_EXTRACT;5260;48;5260;16;;;5266;36;;;;;5263.0;0.0
-2;600;VEV_4000;1255;14;1253;21;;;1277;14;1279;21;;;1266.0;0.0
-2;600;VEV_4500;754;8;752;19;;;770;8;771;10;772;19;762.0;0.0
-2;600;VEV_5000;260;11;259;18;;;266;6;267;13;;;263.0;0.0
-2;600;VEV_5100;170;26;;;;;175;11;;;;;172.5;0.0
-2;600;VEV_5200;100;27;;;;;104;30;;;;;102.0;0.0
-2;600;VEV_5300;50;20;;;;;52;16;;;;;51.0;0.0
-2;600;VEV_5400;14;20;;;;;16;18;;;;;15.0;0.0
-2;600;VEV_5500;6;10;;;;;7;26;;;;;6.5;0.0
-2;600;VEV_6000;0;23;;;;;1;23;;;;;0.5;0.0
-2;600;VEV_6500;0;25;;;;;1;25;;;;;0.5;0.0
-2;700;ASH_COATED_OSMIUM;9992;15;9989;30;;;9997;8;10008;15;10010;30;9994.5;0.0
-2;700;HYDROGEL_PACK;9975;12;9972;21;;;9991;12;9993;21;;;9983.0;0.0
-2;700;INTARIAN_PEPPER_ROOT;12994;9;;;;;13008;9;;;;;13001.0;0.0
-2;700;VELVETFRUIT_EXTRACT;5259;45;;;;;5265;48;;;;;5262.0;0.0
-2;700;VEV_4000;1255;8;1253;17;;;1276;8;1279;17;;;1265.5;0.0
-2;700;VEV_4500;753;8;752;23;751;14;769;8;771;14;;;761.0;0.0
-2;700;VEV_5000;260;7;259;18;;;266;9;267;23;;;263.0;0.0
-2;700;VEV_5100;169;20;;;;;174;31;175;23;;;171.5;0.0
-2;700;VEV_5200;101;27;100;29;;;103;31;;;;;102.0;0.0
-2;700;VEV_5300;;;;;;;53;16;;;;;53.0;0.0
-2;700;VEV_5400;15;21;14;25;;;;;;;;;15.0;0.0
-2;700;VEV_5500;6;23;;;;;7;19;;;;;6.5;0.0
-2;700;VEV_6000;0;23;;;;;1;23;;;;;0.5;0.0
-2;700;VEV_6500;0;16;;;;;1;16;;;;;0.5;0.0
-2;800;ASH_COATED_OSMIUM;9990;28;;;;;;;;;;;9990.0;0.0
-2;800;HYDROGEL_PACK;9976;11;9974;30;;;9992;11;9995;30;;;9984.0;0.0
-2;800;INTARIAN_PEPPER_ROOT;12994;8;12991;17;;;13008;8;13011;17;;;13001.0;0.0
-2;800;VELVETFRUIT_EXTRACT;5260;20;5259;31;5259;20;5264;20;5265;35;;;5262.0;0.0
-2;800;VEV_4000;1256;14;1253;23;;;1277;14;1279;23;;;1266.5;0.0
-2;800;VEV_4500;752;12;750;21;;;768;12;770;21;;;760.0;0.0
-2;800;VEV_5000;258;27;;;;;264;10;265;23;;;261.0;0.0
-2;800;VEV_5100;170;12;;;;;175;24;176;16;;;172.5;0.0
-2;800;VEV_5200;101;24;;;;;105;34;;;;;103.0;0.0
-2;800;VEV_5300;;;;;;;52;25;;;;;52.0;0.0
-2;800;VEV_5400;14;30;;;;;16;24;;;;;15.0;0.0
-2;800;VEV_5500;6;16;;;;;7;29;;;;;6.5;0.0
-2;800;VEV_6000;0;20;;;;;1;20;;;;;0.5;0.0
-2;800;VEV_6500;0;18;;;;;1;18;;;;;0.5;0.0
-2;900;ASH_COATED_OSMIUM;9992;15;9989;26;;;10008;15;10010;26;;;10000.0;0.0
-2;900;HYDROGEL_PACK;9977;13;9975;29;;;9993;13;9996;29;;;9985.0;0.0
-2;900;INTARIAN_PEPPER_ROOT;12994;10;12991;25;;;;;;;;;12994.0;0.0
-2;900;VELVETFRUIT_EXTRACT;5261;17;;;;;5266;16;5267;31;5267;47;5263.5;0.0
-2;900;VEV_4000;1255;8;1253;24;;;1277;8;1279;24;;;1266.0;0.0
-2;900;VEV_4500;750;8;748;23;;;766;8;768;23;;;758.0;0.0
-2;900;VEV_5000;257;25;;;;;264;7;265;35;;;260.5;0.0
-2;900;VEV_5100;170;12;;;;;174;33;;;;;172.0;0.0
-2;900;VEV_5200;100;18;;;;;103;24;104;20;;;101.5;0.0
-2;900;VEV_5300;51;26;;;;;53;18;;;;;52.0;0.0
-2;900;VEV_5400;15;29;14;21;;;16;26;;;;;15.5;0.0
-2;900;VEV_5500;6;20;;;;;7;19;;;;;6.5;0.0
-2;900;VEV_6000;0;28;;;;;1;28;;;;;0.5;0.0
-2;900;VEV_6500;0;15;;;;;1;15;;;;;0.5;0.0
-2;1000;ASH_COATED_OSMIUM;9992;10;9989;22;;;10010;22;;;;;10001.0;0.0
-2;1000;HYDROGEL_PACK;9977;14;9975;22;;;9993;14;9996;22;;;9985.0;0.0
-2;1000;INTARIAN_PEPPER_ROOT;12994;8;12991;19;;;;;;;;;12994.0;0.0
-2;1000;VELVETFRUIT_EXTRACT;5261;16;5260;54;;;5266;62;5267;35;;;5263.5;0.0
-2;1000;VEV_4000;1254;9;1252;30;;;1276;9;1278;30;;;1265.0;0.0
-2;1000;VEV_4500;751;6;749;18;;;769;18;;;;;760.0;0.0
-2;1000;VEV_5000;258;9;;;;;264;9;265;12;;;261.0;0.0
-2;1000;VEV_5100;169;33;;;;;174;22;175;20;;;171.5;0.0
-2;1000;VEV_5200;100;13;;;;;103;30;;;;;101.5;0.0
-2;1000;VEV_5300;51;16;50;17;;;53;19;53;19;;;52.0;0.0
-2;1000;VEV_5400;15;20;14;20;;;;;;;;;15.0;0.0
-2;1000;VEV_5500;6;23;;;;;7;22;;;;;6.5;0.0
-2;1000;VEV_6000;0;24;;;;;1;24;;;;;0.5;0.0
-2;1000;VEV_6500;0;13;;;;;1;13;;;;;0.5;0.0
-2;1100;ASH_COATED_OSMIUM;9992;14;9990;28;;;10002;5;10008;14;10011;28;9997.0;0.0
-2;1100;HYDROGEL_PACK;9975;15;9972;30;;;9991;15;9993;30;;;9983.0;0.0
-2;1100;INTARIAN_PEPPER_ROOT;;;;;;;13008;8;13011;22;;;13008.0;0.0
-2;1100;VELVETFRUIT_EXTRACT;5259;68;;;;;5265;54;;;;;5262.0;0.0
-2;1100;VEV_4000;1254;14;1251;25;;;1275;14;1277;25;;;1264.5;0.0
-2;1100;VEV_4500;752;7;751;9;750;24;768;7;770;24;;;760.0;0.0
-2;1100;VEV_5000;259;10;258;15;;;265;9;266;19;;;262.0;0.0
-2;1100;VEV_5100;170;24;;;;;175;25;;;;;172.5;0.0
-2;1100;VEV_5200;100;25;;;;;102;6;103;23;;;101.0;0.0
-2;1100;VEV_5300;51;30;;;;;53;28;;;;;52.0;0.0
-2;1100;VEV_5400;15;19;;;;;17;20;;;;;16.0;0.0
-2;1100;VEV_5500;6;25;;;;;7;16;;;;;6.5;0.0
-2;1100;VEV_6000;0;25;;;;;1;25;;;;;0.5;0.0
-2;1100;VEV_6500;0;17;;;;;1;17;;;;;0.5;0.0
-2;1200;ASH_COATED_OSMIUM;9989;29;;;;;10010;29;;;;;9999.5;0.0
-2;1200;HYDROGEL_PACK;9974;11;9972;25;;;9990;11;9993;25;;;9982.0;0.0
-2;1200;INTARIAN_PEPPER_ROOT;12994;8;12991;23;;;13008;8;13011;23;;;13001.0;0.0
-2;1200;VELVETFRUIT_EXTRACT;5259;59;;;;;5265;16;5266;44;;;5262.0;0.0
-2;1200;VEV_4000;1253;13;1250;29;;;1274;13;1276;29;;;1263.5;0.0
-2;1200;VEV_4500;749;17;;;;;767;8;769;17;;;758.0;0.0
-2;1200;VEV_5000;261;28;260;21;;;267;9;268;14;;;264.0;0.0
-2;1200;VEV_5100;170;11;169;19;;;174;6;175;22;;;172.0;0.0
-2;1200;VEV_5200;100;31;;;;;103;26;104;27;;;101.5;0.0
-2;1200;VEV_5300;51;9;50;27;;;53;18;53;28;;;52.0;0.0
-2;1200;VEV_5400;15;25;15;10;;;17;25;;;;;16.0;0.0
-2;1200;VEV_5500;6;21;;;;;7;23;;;;;6.5;0.0
-2;1200;VEV_6000;0;20;;;;;1;20;;;;;0.5;0.0
-2;1200;VEV_6500;0;15;;;;;1;15;;;;;0.5;0.0
-2;1300;ASH_COATED_OSMIUM;9992;15;;;;;10001;3;10008;15;10010;24;9996.5;0.0
-2;1300;HYDROGEL_PACK;9975;11;9973;26;;;9991;11;9994;26;;;9983.0;0.0
-2;1300;INTARIAN_PEPPER_ROOT;12994;10;;;;;13008;10;13012;23;;;13001.0;0.0
-2;1300;VELVETFRUIT_EXTRACT;5261;19;5260;30;;;5266;66;;;;;5263.5;0.0
-2;1300;VEV_4000;1252;10;1250;25;;;1273;10;1276;25;;;1262.5;0.0
-2;1300;VEV_4500;749;8;747;14;;;765;8;767;14;;;757.0;0.0
-2;1300;VEV_5000;261;9;260;13;;;268;12;;;;;264.5;0.0
-2;1300;VEV_5100;170;7;169;34;;;174;6;175;17;;;172.0;0.0
-2;1300;VEV_5200;102;8;101;20;;;104;29;105;22;;;103.0;0.0
-2;1300;VEV_5300;51;30;;;;;53;19;;;;;52.0;0.0
-2;1300;VEV_5400;15;21;14;20;;;16;25;;;;;15.5;0.0
-2;1300;VEV_5500;6;23;;;;;7;20;;;;;6.5;0.0
-2;1300;VEV_6000;0;26;;;;;1;26;;;;;0.5;0.0
-2;1300;VEV_6500;0;15;;;;;1;15;;;;;0.5;0.0
-2;1400;ASH_COATED_OSMIUM;9991;13;9989;22;;;10007;13;10010;22;;;9999.0;0.0
-2;1400;HYDROGEL_PACK;9973;15;9970;24;;;9989;15;9991;24;;;9981.0;0.0
-2;1400;INTARIAN_PEPPER_ROOT;;;;;;;13012;16;;;;;13012.0;0.0
-2;1400;VELVETFRUIT_EXTRACT;5259;19;5258;41;;;5264;39;;;;;5261.5;0.0
-2;1400;VEV_4000;1251;12;1248;17;;;1272;12;1274;17;;;1261.5;0.0
-2;1400;VEV_4500;750;8;749;6;748;21;767;6;768;21;;;758.5;0.0
-2;1400;VEV_5000;261;9;;;;;267;6;268;20;;;264.0;0.0
-2;1400;VEV_5100;169;33;;;;;173;6;174;19;;;171.0;0.0
-2;1400;VEV_5200;101;8;100;29;;;104;36;;;;;102.5;0.0
-2;1400;VEV_5300;51;19;;;;;53;24;;;;;52.0;0.0
-2;1400;VEV_5400;15;24;14;24;;;16;24;;;;;15.5;0.0
-2;1400;VEV_5500;6;27;;;;;7;27;;;;;6.5;0.0
-2;1400;VEV_6000;0;17;;;;;1;17;;;;;0.5;0.0
-2;1400;VEV_6500;0;16;;;;;1;16;;;;;0.5;0.0
-2;1500;ASH_COATED_OSMIUM;9991;10;9989;22;;;10000;5;10010;22;;;9995.5;0.0
-2;1500;HYDROGEL_PACK;9969;13;9967;26;;;9985;13;9988;26;;;9977.0;0.0
-2;1500;INTARIAN_PEPPER_ROOT;12994;8;12991;19;;;13009;8;;;;;13001.5;0.0
-2;1500;VELVETFRUIT_EXTRACT;5257;33;;;;;5262;24;5263;31;;;5259.5;0.0
-2;1500;VEV_4000;1252;12;1249;15;;;1273;12;1275;15;;;1262.5;0.0
-2;1500;VEV_4500;750;11;748;15;;;768;15;;;;;759.0;0.0
-2;1500;VEV_5000;262;21;261;24;;;269;12;;;;;265.5;0.0
-2;1500;VEV_5100;169;9;168;33;;;174;13;;;;;171.5;0.0
-2;1500;VEV_5200;100;16;;;;;;;;;;;100.0;0.0
-2;1500;VEV_5300;50;25;;;;;52;29;53;18;;;51.0;0.0
-2;1500;VEV_5400;15;30;;;;;16;23;17;25;;;15.5;0.0
-2;1500;VEV_5500;6;22;;;;;7;20;;;;;6.5;0.0
-2;1500;VEV_6000;0;22;;;;;1;22;;;;;0.5;0.0
-2;1500;VEV_6500;0;18;;;;;1;18;;;;;0.5;0.0
-2;1600;ASH_COATED_OSMIUM;9991;12;9989;30;;;10007;12;10010;30;;;9999.0;0.0
-2;1600;HYDROGEL_PACK;9968;10;9966;26;;;9984;10;9987;26;;;9976.0;0.0
-2;1600;INTARIAN_PEPPER_ROOT;12995;9;12991;19;;;13009;9;13012;19;;;13002.0;0.0
-2;1600;VELVETFRUIT_EXTRACT;5258;66;5258;23;;;5263;23;5264;31;5264;25;5260.5;0.0
-2;1600;VEV_4000;1252;10;1250;15;;;1274;10;1276;15;;;1263.0;0.0
-2;1600;VEV_4500;749;12;748;8;747;12;766;6;767;12;;;757.5;0.0
-2;1600;VEV_5000;262;9;261;20;;;268;7;269;13;;;265.0;0.0
-2;1600;VEV_5100;168;9;;;;;172;12;173;20;;;170.0;0.0
-2;1600;VEV_5200;;;;;;;103;27;104;33;;;103.0;0.0
-2;1600;VEV_5300;50;30;49;16;;;52;26;53;19;;;51.0;0.0
-2;1600;VEV_5400;15;22;;;;;;;;;;;15.0;0.0
-2;1600;VEV_5500;6;23;;;;;7;22;;;;;6.5;0.0
-2;1600;VEV_6000;0;23;;;;;1;23;;;;;0.5;0.0
-2;1600;VEV_6500;0;14;;;;;1;14;;;;;0.5;0.0
-2;1700;ASH_COATED_OSMIUM;9991;10;9988;24;;;10007;10;10009;24;;;9999.0;0.0
-2;1700;HYDROGEL_PACK;9968;12;9965;23;;;9984;12;9986;23;;;9976.0;0.0
-2;1700;INTARIAN_PEPPER_ROOT;12995;8;12991;25;;;;;;;;;12995.0;0.0
-2;1700;VELVETFRUIT_EXTRACT;5259;15;5258;34;;;5264;53;;;;;5261.5;0.0
-2;1700;VEV_4000;1253;13;1251;19;;;1274;13;1277;19;;;1263.5;0.0
-2;1700;VEV_4500;750;6;748;18;;;766;6;768;18;;;758.0;0.0
-2;1700;VEV_5000;262;10;261;20;;;268;8;269;20;;;265.0;0.0
-2;1700;VEV_5100;167;29;166;30;;;172;22;;;;;169.5;0.0
-2;1700;VEV_5200;100;25;;;;;;;;;;;100.0;0.0
-2;1700;VEV_5300;51;18;;;;;53;30;;;;;52.0;0.0
-2;1700;VEV_5400;15;25;15;28;;;;;;;;;15.0;0.0
-2;1700;VEV_5500;6;26;;;;;7;28;;;;;6.5;0.0
-2;1700;VEV_6000;0;19;;;;;1;19;;;;;0.5;0.0
-2;1700;VEV_6500;0;14;;;;;1;14;;;;;0.5;0.0
-2;1800;ASH_COATED_OSMIUM;9991;13;9989;25;;;10010;25;;;;;10000.5;0.0
-2;1800;HYDROGEL_PACK;9968;12;9966;30;;;9984;12;9987;30;;;9976.0;0.0
-2;1800;INTARIAN_PEPPER_ROOT;12995;10;12992;20;;;13012;20;;;;;13003.5;0.0
-2;1800;VELVETFRUIT_EXTRACT;5258;22;5257;41;5257;50;5262;22;5263;50;;;5260.0;0.0
-2;1800;VEV_4000;1251;9;1249;26;;;1273;9;1275;26;;;1262.0;0.0
-2;1800;VEV_4500;750;7;748;22;;;766;7;768;22;;;758.0;0.0
-2;1800;VEV_5000;262;21;261;18;;;268;12;269;13;;;265.0;0.0
-2;1800;VEV_5100;168;24;167;20;;;172;7;173;15;;;170.0;0.0
-2;1800;VEV_5200;99;9;;;;;101;26;102;25;;;100.0;0.0
-2;1800;VEV_5300;;;;;;;52;28;53;16;;;52.0;0.0
-2;1800;VEV_5400;15;21;;;;;17;10;;;;;16.0;0.0
-2;1800;VEV_5500;6;27;;;;;7;17;;;;;6.5;0.0
-2;1800;VEV_6000;0;20;;;;;1;20;;;;;0.5;0.0
-2;1800;VEV_6500;0;19;;;;;1;19;;;;;0.5;0.0
-2;1900;ASH_COATED_OSMIUM;9991;14;;;;;10007;14;10010;26;;;9999.0;0.0
-2;1900;HYDROGEL_PACK;9971;12;9968;20;;;9987;12;9989;20;;;9979.0;0.0
-2;1900;INTARIAN_PEPPER_ROOT;13005;7;12995;11;;;13009;11;13012;20;;;13007.0;0.0
-2;1900;VELVETFRUIT_EXTRACT;5259;18;5258;56;;;5264;32;;;;;5261.5;0.0
-2;1900;VEV_4000;1251;14;1249;30;;;1273;14;1275;30;;;1262.0;0.0
-2;1900;VEV_4500;749;12;748;12;;;766;7;767;12;767;7;757.5;0.0
-2;1900;VEV_5000;263;9;262;23;;;269;27;270;29;;;266.0;0.0
-2;1900;VEV_5100;167;7;166;25;;;171;21;;;;;169.0;0.0
-2;1900;VEV_5200;98;30;97;32;;;100;33;101;13;;;99.0;0.0
-2;1900;VEV_5300;49;27;;;;;51;5;52;16;;;50.0;0.0
-2;1900;VEV_5400;15;29;15;20;;;;;;;;;15.0;0.0
-2;1900;VEV_5500;6;27;;;;;7;24;;;;;6.5;0.0
-2;1900;VEV_6000;0;21;;;;;1;21;;;;;0.5;0.0
-2;1900;VEV_6500;0;11;;;;;1;11;;;;;0.5;0.0
-2;2000;ASH_COATED_OSMIUM;9996;5;9991;14;;;10007;14;;;;;10001.5;0.0
-2;2000;HYDROGEL_PACK;9970;11;9967;30;;;9986;11;9988;30;;;9978.0;0.0
-2;2000;INTARIAN_PEPPER_ROOT;12995;12;12992;25;;;13012;25;;;;;13003.5;0.0
-2;2000;VELVETFRUIT_EXTRACT;5257;64;;;;;5262;15;5263;37;;;5259.5;0.0
-2;2000;VEV_4000;1251;9;1248;25;;;1272;9;1274;25;;;1261.5;0.0
-2;2000;VEV_4500;751;9;749;20;;;767;9;769;20;;;759.0;0.0
-2;2000;VEV_5000;262;6;;;;;268;12;269;17;;;265.0;0.0
-2;2000;VEV_5100;;;;;;;173;23;;;;;173.0;0.0
-2;2000;VEV_5200;96;25;;;;;99;7;100;34;;;97.5;0.0
-2;2000;VEV_5300;49;22;48;16;;;51;23;;;;;50.0;0.0
-2;2000;VEV_5400;15;23;;;;;15;25;16;24;;;15.0;0.0
-2;2000;VEV_5500;6;26;;;;;7;26;;;;;6.5;0.0
-2;2000;VEV_6000;0;19;;;;;1;19;;;;;0.5;0.0
-2;2000;VEV_6500;0;20;;;;;1;20;;;;;0.5;0.0
-2;2100;ASH_COATED_OSMIUM;9990;15;9988;27;;;10006;15;10009;27;;;9998.0;0.0
-2;2100;HYDROGEL_PACK;9972;14;9969;26;;;9988;14;9990;26;;;9980.0;0.0
-2;2100;INTARIAN_PEPPER_ROOT;12995;9;12992;22;;;13009;9;13012;22;;;13002.0;0.0
-2;2100;VELVETFRUIT_EXTRACT;5256;38;5256;62;;;;;;;;;5256.0;0.0
-2;2100;VEV_4000;1250;13;1247;28;;;1271;13;1273;28;;;1260.5;0.0
-2;2100;VEV_4500;749;7;747;19;;;765;7;766;11;767;19;757.0;0.0
-2;2100;VEV_5000;262;12;;;;;268;10;269;19;;;265.0;0.0
-2;2100;VEV_5100;167;34;;;;;171;23;172;21;;;169.0;0.0
-2;2100;VEV_5200;;;;;;;;;;;;;0.0;0.0
-2;2100;VEV_5300;48;26;47;12;;;50;27;;;;;49.0;0.0
-2;2100;VEV_5400;15;19;;;;;16;26;17;29;;;15.5;0.0
-2;2100;VEV_5500;6;16;;;;;7;28;;;;;6.5;0.0
-2;2100;VEV_6000;0;26;;;;;1;26;;;;;0.5;0.0
-2;2100;VEV_6500;0;15;;;;;1;15;;;;;0.5;0.0
-2;2200;ASH_COATED_OSMIUM;9990;13;9987;25;;;10006;13;10008;25;;;9998.0;0.0
-2;2200;HYDROGEL_PACK;9972;10;9969;22;;;9988;10;9990;22;;;9980.0;0.0
-2;2200;INTARIAN_PEPPER_ROOT;12995;12;12992;18;;;13009;12;13012;18;;;13002.0;0.0
-2;2200;VELVETFRUIT_EXTRACT;5258;21;5257;43;5257;53;5263;30;5264;43;;;5260.5;0.0
-2;2200;VEV_4000;1249;13;1247;24;;;1271;13;1273;24;;;1260.0;0.0
-2;2200;VEV_4500;748;9;746;20;;;764;9;766;20;;;756.0;0.0
-2;2200;VEV_5000;261;9;260;16;;;268;17;;;;;264.5;0.0
-2;2200;VEV_5100;168;11;167;27;;;172;12;173;12;;;170.0;0.0
-2;2200;VEV_5200;99;7;;;;;102;19;;;;;100.5;0.0
-2;2200;VEV_5300;48;8;;;;;50;21;;;;;49.0;0.0
-2;2200;VEV_5400;15;17;;;;;17;19;;;;;16.0;0.0
-2;2200;VEV_5500;6;30;;;;;7;19;;;;;6.5;0.0
-2;2200;VEV_6000;0;29;;;;;1;29;;;;;0.5;0.0
-2;2200;VEV_6500;0;14;;;;;1;14;;;;;0.5;0.0
-2;2300;ASH_COATED_OSMIUM;9990;10;9987;27;;;10006;10;10008;27;;;9998.0;0.0
-2;2300;HYDROGEL_PACK;9971;13;9968;23;;;9987;13;9989;23;;;9979.0;0.0
-2;2300;INTARIAN_PEPPER_ROOT;12995;8;12992;23;;;13009;8;13013;23;;;13002.0;0.0
-2;2300;VELVETFRUIT_EXTRACT;5257;30;;;;;5263;65;;;;;5260.0;0.0
-2;2300;VEV_4000;1250;15;1248;17;;;1272;15;1274;17;;;1261.0;0.0
-2;2300;VEV_4500;749;9;748;11;747;22;765;9;767;22;;;757.0;0.0
-2;2300;VEV_5000;262;11;261;24;;;268;24;269;22;;;265.0;0.0
-2;2300;VEV_5100;168;6;167;13;;;172;9;173;23;;;170.0;0.0
-2;2300;VEV_5200;98;9;97;21;;;101;19;;;;;99.5;0.0
-2;2300;VEV_5300;49;5;;;;;51;19;;;;;50.0;0.0
-2;2300;VEV_5400;15;22;;;;;17;12;;;;;16.0;0.0
-2;2300;VEV_5500;6;16;;;;;7;29;;;;;6.5;0.0
-2;2300;VEV_6000;0;23;;;;;1;23;;;;;0.5;0.0
-2;2300;VEV_6500;0;13;;;;;1;13;;;;;0.5;0.0
-2;2400;ASH_COATED_OSMIUM;9990;10;9988;21;;;10006;10;10009;21;;;9998.0;0.0
-2;2400;HYDROGEL_PACK;9970;13;9967;30;;;9986;13;9988;30;;;9978.0;0.0
-2;2400;INTARIAN_PEPPER_ROOT;12995;8;;;;;13013;24;;;;;13004.0;0.0
-2;2400;VELVETFRUIT_EXTRACT;5258;19;5257;48;;;5263;44;;;;;5260.5;0.0
-2;2400;VEV_4000;1248;7;1246;24;;;1269;7;1272;24;;;1258.5;0.0
-2;2400;VEV_4500;749;12;747;13;;;765;12;766;6;767;13;757.0;0.0
-2;2400;VEV_5000;261;8;260;13;;;267;9;268;17;;;264.0;0.0
-2;2400;VEV_5100;167;6;166;22;;;171;25;;;;;169.0;0.0
-2;2400;VEV_5200;99;10;98;31;;;102;29;;;;;100.5;0.0
-2;2400;VEV_5300;48;20;;;;;50;24;;;;;49.0;0.0
-2;2400;VEV_5400;15;20;15;26;;;;;;;;;15.0;0.0
-2;2400;VEV_5500;6;19;;;;;7;23;;;;;6.5;0.0
-2;2400;VEV_6000;0;30;;;;;1;30;;;;;0.5;0.0
-2;2400;VEV_6500;0;18;;;;;1;18;;;;;0.5;0.0
-2;2500;ASH_COATED_OSMIUM;9990;12;9987;22;;;10006;12;10008;22;;;9998.0;0.0
-2;2500;HYDROGEL_PACK;9973;10;9970;23;;;9989;10;9991;23;;;9981.0;0.0
-2;2500;INTARIAN_PEPPER_ROOT;12992;18;;;;;13010;10;13013;18;;;13001.0;0.0
-2;2500;VELVETFRUIT_EXTRACT;5257;64;;;;;5263;36;;;;;5260.0;0.0
-2;2500;VEV_4000;1250;9;1247;15;;;1271;9;1274;15;;;1260.5;0.0
-2;2500;VEV_4500;749;10;747;22;;;767;22;;;;;758.0;0.0
-2;2500;VEV_5000;261;8;260;19;;;267;12;268;12;;;264.0;0.0
-2;2500;VEV_5100;;;;;;;172;9;173;33;;;172.0;0.0
-2;2500;VEV_5200;100;12;99;34;;;102;9;103;18;;;101.0;0.0
-2;2500;VEV_5300;48;16;;;;;;;;;;;48.0;0.0
-2;2500;VEV_5400;;;;;;;17;18;;;;;17.0;0.0
-2;2500;VEV_5500;6;15;;;;;7;17;;;;;6.5;0.0
-2;2500;VEV_6000;0;26;;;;;1;26;;;;;0.5;0.0
-2;2500;VEV_6500;0;14;;;;;1;14;;;;;0.5;0.0
-2;2600;ASH_COATED_OSMIUM;9990;10;9988;23;;;;;;;;;9990.0;0.0
-2;2600;HYDROGEL_PACK;9974;11;9971;20;;;9990;11;9992;20;;;9982.0;0.0
-2;2600;INTARIAN_PEPPER_ROOT;12996;10;12992;21;;;13010;10;;;;;13003.0;0.0
-2;2600;VELVETFRUIT_EXTRACT;5259;17;5258;50;5258;53;5264;31;;;;;5261.5;0.0
-2;2600;VEV_4000;1250;12;1248;27;;;1271;12;1274;27;;;1260.5;0.0
-2;2600;VEV_4500;749;12;747;22;;;765;12;767;22;;;757.0;0.0
-2;2600;VEV_5000;260;9;259;24;;;267;22;;;;;263.5;0.0
-2;2600;VEV_5100;167;20;;;;;173;17;;;;;170.0;0.0
-2;2600;VEV_5200;100;27;;;;;;;;;;;100.0;0.0
-2;2600;VEV_5300;49;6;;;;;51;16;;;;;50.0;0.0
-2;2600;VEV_5400;15;24;;;;;17;25;;;;;16.0;0.0
-2;2600;VEV_5500;6;25;;;;;7;29;;;;;6.5;0.0
-2;2600;VEV_6000;0;17;;;;;1;17;;;;;0.5;0.0
-2;2600;VEV_6500;0;20;;;;;1;20;;;;;0.5;0.0
-2;2700;ASH_COATED_OSMIUM;10000;4;9990;10;9988;30;10009;30;;;;;10004.5;0.0
-2;2700;HYDROGEL_PACK;9972;11;9969;27;;;9988;11;9990;27;;;9980.0;0.0
-2;2700;INTARIAN_PEPPER_ROOT;12996;8;12992;23;;;13010;8;13013;23;;;13003.0;0.0
-2;2700;VELVETFRUIT_EXTRACT;5259;33;;;;;5265;51;;;;;5262.0;0.0
-2;2700;VEV_4000;1252;7;1249;18;;;1273;7;1276;18;;;1262.5;0.0
-2;2700;VEV_4500;745;17;;;;;763;6;765;17;;;754.0;0.0
-2;2700;VEV_5000;260;20;;;;;;;;;;;260.0;0.0
-2;2700;VEV_5100;167;29;166;13;;;171;29;172;25;;;169.0;0.0
-2;2700;VEV_5200;100;22;;;;;103;27;104;26;;;101.5;0.0
-2;2700;VEV_5300;49;19;;;;;51;23;;;;;50.0;0.0
-2;2700;VEV_5400;15;26;;;;;17;19;;;;;16.0;0.0
-2;2700;VEV_5500;6;24;;;;;7;21;;;;;6.5;0.0
-2;2700;VEV_6000;0;26;;;;;1;26;;;;;0.5;0.0
-2;2700;VEV_6500;0;16;;;;;1;16;;;;;0.5;0.0
-2;2800;ASH_COATED_OSMIUM;9990;15;9987;29;;;10008;29;;;;;9999.0;0.0
-2;2800;HYDROGEL_PACK;9975;14;9973;23;;;9991;14;9994;23;;;9983.0;0.0
-2;2800;INTARIAN_PEPPER_ROOT;12996;8;12993;17;;;13010;8;13013;17;;;13003.0;0.0
-2;2800;VELVETFRUIT_EXTRACT;5261;54;;;;;5267;71;;;;;5264.0;0.0
-2;2800;VEV_4000;1252;9;1250;22;;;1273;9;1276;22;;;1262.5;0.0
-2;2800;VEV_4500;746;8;744;19;;;762;8;764;19;;;754.0;0.0
-2;2800;VEV_5000;261;6;260;17;;;267;8;268;19;;;264.0;0.0
-2;2800;VEV_5100;166;6;;;;;;;;;;;166.0;0.0
-2;2800;VEV_5200;99;22;;;;;103;30;;;;;101.0;0.0
-2;2800;VEV_5300;49;22;;;;;51;18;;;;;50.0;0.0
-2;2800;VEV_5400;15;21;;;;;16;24;17;25;;;15.5;0.0
-2;2800;VEV_5500;6;19;;;;;7;26;;;;;6.5;0.0
-2;2800;VEV_6000;0;25;;;;;1;25;;;;;0.5;0.0
-2;2800;VEV_6500;0;16;;;;;1;16;;;;;0.5;0.0
-2;2900;ASH_COATED_OSMIUM;9987;23;;;;;10005;13;10008;23;;;9996.0;0.0
-2;2900;HYDROGEL_PACK;9976;14;9974;23;;;9995;23;;;;;9985.5;0.0
-2;2900;INTARIAN_PEPPER_ROOT;12993;15;;;;;13010;8;13013;15;;;13001.5;0.0
-2;2900;VELVETFRUIT_EXTRACT;5263;22;5262;21;;;5268;54;;;;;5265.5;0.0
-2;2900;VEV_4000;1252;9;1250;15;;;1273;9;1276;15;;;1262.5;0.0
-2;2900;VEV_4500;746;10;744;21;;;762;10;764;21;;;754.0;0.0
-2;2900;VEV_5000;260;21;;;;;267;8;268;24;;;263.5;0.0
-2;2900;VEV_5100;167;12;166;21;;;171;33;;;;;169.0;0.0
-2;2900;VEV_5200;100;7;99;12;;;103;24;;;;;101.5;0.0
-2;2900;VEV_5300;49;28;48;18;;;51;19;;;;;50.0;0.0
-2;2900;VEV_5400;15;25;;;;;17;23;;;;;16.0;0.0
-2;2900;VEV_5500;6;21;;;;;7;25;;;;;6.5;0.0
-2;2900;VEV_6000;0;27;;;;;1;27;;;;;0.5;0.0
-2;2900;VEV_6500;0;19;;;;;1;19;;;;;0.5;0.0
-2;3000;ASH_COATED_OSMIUM;9987;23;;;;;10006;11;;;;;9996.5;0.0
-2;3000;HYDROGEL_PACK;9973;11;9971;29;;;9989;11;9992;29;;;9981.0;0.0
-2;3000;INTARIAN_PEPPER_ROOT;12996;12;12993;18;;;13010;12;13013;18;;;13003.0;0.0
-2;3000;VELVETFRUIT_EXTRACT;5263;23;5262;47;5262;34;5267;23;5268;30;;;5265.0;0.0
-2;3000;VEV_4000;1251;10;1248;15;;;1272;10;1275;15;;;1261.5;0.0
-2;3000;VEV_4500;746;7;744;22;;;762;7;764;22;;;754.0;0.0
-2;3000;VEV_5000;261;23;260;32;;;267;11;268;14;;;264.0;0.0
-2;3000;VEV_5100;167;21;;;;;171;31;172;13;;;169.0;0.0
-2;3000;VEV_5200;100;11;99;22;;;102;9;103;21;;;101.0;0.0
-2;3000;VEV_5300;49;8;;;;;51;24;52;20;;;50.0;0.0
-2;3000;VEV_5400;15;14;15;19;;;;;;;;;15.0;0.0
-2;3000;VEV_5500;6;21;;;;;7;19;;;;;6.5;0.0
-2;3000;VEV_6000;0;17;;;;;1;17;;;;;0.5;0.0
-2;3000;VEV_6500;0;20;;;;;1;20;;;;;0.5;0.0
-2;3100;ASH_COATED_OSMIUM;9990;14;9988;29;;;10006;14;10009;29;;;9998.0;0.0
-2;3100;HYDROGEL_PACK;9974;14;9971;23;;;9990;14;9992;23;;;9982.0;0.0
-2;3100;INTARIAN_PEPPER_ROOT;12996;8;12993;22;;;13010;8;13013;22;;;13003.0;0.0
-2;3100;VELVETFRUIT_EXTRACT;5261;32;;;;;5267;73;;;;;5264.0;0.0
-2;3100;VEV_4000;1251;12;1249;17;;;1272;12;1275;17;;;1261.5;0.0
-2;3100;VEV_4500;745;9;743;21;;;761;9;762;23;763;21;753.0;0.0
-2;3100;VEV_5000;260;12;259;23;;;266;22;267;14;;;263.0;0.0
-2;3100;VEV_5100;166;12;165;18;;;;;;;;;166.0;0.0
-2;3100;VEV_5200;99;12;98;12;;;102;24;;;;;100.5;0.0
-2;3100;VEV_5300;49;6;;;;;51;24;;;;;50.0;0.0
-2;3100;VEV_5400;16;26;15;24;;;;;;;;;16.0;0.0
-2;3100;VEV_5500;6;25;;;;;7;20;;;;;6.5;0.0
-2;3100;VEV_6000;0;27;;;;;1;27;;;;;0.5;0.0
-2;3100;VEV_6500;0;17;;;;;1;17;;;;;0.5;0.0
-2;3200;ASH_COATED_OSMIUM;9990;15;9987;24;;;10006;15;10008;24;;;9998.0;0.0
-2;3200;HYDROGEL_PACK;9970;12;9968;21;;;9986;12;9989;21;;;9978.0;0.0
-2;3200;INTARIAN_PEPPER_ROOT;12996;12;12993;17;;;13010;12;13013;17;;;13003.0;0.0
-2;3200;VELVETFRUIT_EXTRACT;5263;25;5262;53;;;5268;30;;;;;5265.5;0.0
-2;3200;VEV_4000;1252;12;1250;18;;;1274;12;1276;18;;;1263.0;0.0
-2;3200;VEV_4500;746;11;744;14;;;762;11;764;14;;;754.0;0.0
-2;3200;VEV_5000;261;30;;;;;268;12;269;15;;;264.5;0.0
-2;3200;VEV_5100;165;10;;;;;169;12;170;24;;;167.0;0.0
-2;3200;VEV_5200;100;22;99;16;;;102;22;;;;;101.0;0.0
-2;3200;VEV_5300;49;10;;;;;51;19;;;;;50.0;0.0
-2;3200;VEV_5400;;;;;;;17;26;;;;;17.0;0.0
-2;3200;VEV_5500;6;22;;;;;7;24;;;;;6.5;0.0
-2;3200;VEV_6000;0;28;;;;;1;28;;;;;0.5;0.0
-2;3200;VEV_6500;0;17;;;;;1;17;;;;;0.5;0.0
-2;3300;ASH_COATED_OSMIUM;9989;12;9987;23;;;10005;12;10008;23;;;9997.0;0.0
-2;3300;HYDROGEL_PACK;9969;13;9967;28;;;9985;13;9988;28;;;9977.0;0.0
-2;3300;INTARIAN_PEPPER_ROOT;12996;9;12993;17;;;13014;17;;;;;13005.0;0.0
-2;3300;VELVETFRUIT_EXTRACT;5262;43;5262;21;;;5267;21;5268;74;;;5264.5;0.0
-2;3300;VEV_4000;1252;14;1250;20;;;1273;14;1276;20;;;1262.5;0.0
-2;3300;VEV_4500;747;12;745;17;;;763;12;764;17;;;755.0;0.0
-2;3300;VEV_5000;262;25;;;;;;;;;;;262.0;0.0
-2;3300;VEV_5100;165;11;;;;;170;29;;;;;167.5;0.0
-2;3300;VEV_5200;98;25;;;;;101;21;102;22;;;99.5;0.0
-2;3300;VEV_5300;49;20;48;25;;;;;;;;;49.0;0.0
-2;3300;VEV_5400;;;;;;;18;29;;;;;18.0;0.0
-2;3300;VEV_5500;6;23;;;;;7;20;;;;;6.5;0.0
-2;3300;VEV_6000;0;16;;;;;1;16;;;;;0.5;0.0
-2;3300;VEV_6500;0;20;;;;;1;20;;;;;0.5;0.0
-2;3400;ASH_COATED_OSMIUM;9989;14;9987;20;;;10005;14;10008;20;;;9997.0;0.0
-2;3400;HYDROGEL_PACK;9969;10;9967;23;;;9985;10;9988;23;;;9977.0;0.0
-2;3400;INTARIAN_PEPPER_ROOT;12996;9;12993;18;;;;;;;;;12996.0;0.0
-2;3400;VELVETFRUIT_EXTRACT;5261;49;;;;;5266;23;5267;55;;;5263.5;0.0
-2;3400;VEV_4000;1253;15;1251;27;;;1274;15;1277;27;;;1263.5;0.0
-2;3400;VEV_4500;745;6;743;15;;;761;6;762;11;763;15;753.0;0.0
-2;3400;VEV_5000;261;8;260;24;;;267;8;;;;;264.0;0.0
-2;3400;VEV_5100;164;23;;;;;169;10;170;22;;;166.5;0.0
-2;3400;VEV_5200;97;26;;;;;99;32;100;25;;;98.0;0.0
-2;3400;VEV_5300;50;23;;;;;52;5;;;;;51.0;0.0
-2;3400;VEV_5400;16;21;;;;;17;22;18;24;;;16.5;0.0
-2;3400;VEV_5500;6;27;;;;;7;23;;;;;6.5;0.0
-2;3400;VEV_6000;0;28;;;;;1;28;;;;;0.5;0.0
-2;3400;VEV_6500;0;15;;;;;1;15;;;;;0.5;0.0
-2;3500;ASH_COATED_OSMIUM;9989;14;9987;30;;;10005;14;;;;;9997.0;0.0
-2;3500;HYDROGEL_PACK;9968;10;9966;29;;;9984;10;9987;29;;;9976.0;0.0
-2;3500;INTARIAN_PEPPER_ROOT;12993;24;;;;;;;;;;;12993.0;0.0
-2;3500;VELVETFRUIT_EXTRACT;5261;21;5260;30;;;5266;54;5267;36;;;5263.5;0.0
-2;3500;VEV_4000;1255;8;1252;16;;;1276;8;1278;16;;;1265.5;0.0
-2;3500;VEV_4500;746;8;744;24;;;762;8;764;24;;;754.0;0.0
-2;3500;VEV_5000;261;24;260;24;;;267;30;;;;;264.0;0.0
-2;3500;VEV_5100;166;10;;;;;170;10;;;;;168.0;0.0
-2;3500;VEV_5200;98;11;97;29;;;100;10;101;24;;;99.0;0.0
-2;3500;VEV_5300;49;15;;;;;51;23;;;;;50.0;0.0
-2;3500;VEV_5400;16;19;;;;;18;20;;;;;17.0;0.0
-2;3500;VEV_5500;6;24;;;;;7;26;;;;;6.5;0.0
-2;3500;VEV_6000;0;16;;;;;1;16;;;;;0.5;0.0
-2;3500;VEV_6500;0;19;;;;;1;19;;;;;0.5;0.0
-2;3600;ASH_COATED_OSMIUM;9990;13;9987;26;;;10006;13;10008;26;;;9998.0;0.0
-2;3600;HYDROGEL_PACK;9969;15;9967;24;;;9985;15;9988;24;;;9977.0;0.0
-2;3600;INTARIAN_PEPPER_ROOT;12997;9;12993;17;;;13011;9;13014;17;;;13004.0;0.0
-2;3600;VELVETFRUIT_EXTRACT;5261;57;;;;;5266;16;5267;65;;;5263.5;0.0
-2;3600;VEV_4000;1255;12;1252;25;;;1276;12;1279;25;;;1265.5;0.0
-2;3600;VEV_4500;744;11;742;17;;;760;11;762;17;;;752.0;0.0
-2;3600;VEV_5000;262;7;;;;;269;14;;;;;265.5;0.0
-2;3600;VEV_5100;165;22;164;13;;;169;6;170;30;;;167.0;0.0
-2;3600;VEV_5200;98;6;97;34;;;101;24;;;;;99.5;0.0
-2;3600;VEV_5300;49;24;;;;;51;19;;;;;50.0;0.0
-2;3600;VEV_5400;16;22;;;;;;;;;;;16.0;0.0
-2;3600;VEV_5500;6;22;;;;;7;19;;;;;6.5;0.0
-2;3600;VEV_6000;0;25;;;;;1;25;;;;;0.5;0.0
-2;3600;VEV_6500;0;12;;;;;1;12;;;;;0.5;0.0
-2;3700;ASH_COATED_OSMIUM;9990;12;9987;29;;;10008;29;;;;;9999.0;0.0
-2;3700;HYDROGEL_PACK;9967;12;9965;30;;;9983;12;9986;30;;;9975.0;0.0
-2;3700;INTARIAN_PEPPER_ROOT;12997;10;;;;;13011;10;;;;;13004.0;0.0
-2;3700;VELVETFRUIT_EXTRACT;5260;18;5259;50;;;5264;18;5265;17;;;5262.0;0.0
-2;3700;VEV_4000;1255;11;1252;20;;;1276;11;1278;20;;;1265.5;0.0
-2;3700;VEV_4500;744;8;742;16;;;760;8;762;16;;;752.0;0.0
-2;3700;VEV_5000;262;8;261;19;;;268;10;269;12;;;265.0;0.0
-2;3700;VEV_5100;164;6;163;23;;;168;7;;;;;166.0;0.0
-2;3700;VEV_5200;98;9;97;29;;;100;9;;;;;99.0;0.0
-2;3700;VEV_5300;49;26;;;;;;;;;;;49.0;0.0
-2;3700;VEV_5400;16;19;;;;;17;7;18;18;;;16.5;0.0
-2;3700;VEV_5500;6;25;;;;;7;20;;;;;6.5;0.0
-2;3700;VEV_6000;0;21;;;;;1;21;;;;;0.5;0.0
-2;3700;VEV_6500;0;15;;;;;1;15;;;;;0.5;0.0
-2;3800;ASH_COATED_OSMIUM;9990;10;9987;30;;;;;;;;;9990.0;0.0
-2;3800;HYDROGEL_PACK;9969;11;9967;26;;;9985;11;9988;26;;;9977.0;0.0
-2;3800;INTARIAN_PEPPER_ROOT;12997;9;12994;21;;;13011;9;13014;21;;;13004.0;0.0
-2;3800;VELVETFRUIT_EXTRACT;5261;17;5260;50;;;5266;17;;;;;5263.5;0.0
-2;3800;VEV_4000;1255;15;1253;24;;;1277;15;1279;24;;;1266.0;0.0
-2;3800;VEV_4500;742;8;740;23;;;758;8;760;23;;;750.0;0.0
-2;3800;VEV_5000;263;18;;;;;270;7;271;12;;;266.5;0.0
-2;3800;VEV_5100;166;20;165;14;;;171;15;;;;;168.5;0.0
-2;3800;VEV_5200;97;32;;;;;101;17;;;;;99.0;0.0
-2;3800;VEV_5300;;;;;;;51;18;;;;;51.0;0.0
-2;3800;VEV_5400;;;;;;;17;22;;;;;17.0;0.0
-2;3800;VEV_5500;6;20;;;;;7;29;;;;;6.5;0.0
-2;3800;VEV_6000;0;20;;;;;1;20;;;;;0.5;0.0
-2;3800;VEV_6500;0;17;;;;;1;17;;;;;0.5;0.0
-2;3900;ASH_COATED_OSMIUM;9987;30;;;;;10006;12;;;;;9996.5;0.0
-2;3900;HYDROGEL_PACK;9969;12;9967;24;;;9985;12;9988;24;;;9977.0;0.0
-2;3900;INTARIAN_PEPPER_ROOT;12997;9;12994;16;;;13011;9;13014;16;;;13004.0;0.0
-2;3900;VELVETFRUIT_EXTRACT;5260;44;;;;;5266;59;;;;;5263.0;0.0
-2;3900;VEV_4000;1256;7;1253;18;;;1277;7;1279;18;;;1266.5;0.0
-2;3900;VEV_4500;743;10;741;16;;;759;10;761;16;;;751.0;0.0
-2;3900;VEV_5000;262;7;261;14;;;269;28;;;;;265.5;0.0
-2;3900;VEV_5100;164;20;;;;;169;31;170;16;;;166.5;0.0
-2;3900;VEV_5200;98;28;97;15;;;100;23;101;19;;;99.0;0.0
-2;3900;VEV_5300;48;24;;;;;50;25;;;;;49.0;0.0
-2;3900;VEV_5400;16;24;;;;;17;22;18;27;;;16.5;0.0
-2;3900;VEV_5500;6;9;;;;;7;24;;;;;6.5;0.0
-2;3900;VEV_6000;0;23;;;;;1;23;;;;;0.5;0.0
-2;3900;VEV_6500;0;18;;;;;1;18;;;;;0.5;0.0
-2;4000;ASH_COATED_OSMIUM;9990;11;9987;24;;;10008;24;;;;;9999.0;0.0
-2;4000;HYDROGEL_PACK;9969;11;9967;23;;;9985;11;9988;23;;;9977.0;0.0
-2;4000;INTARIAN_PEPPER_ROOT;12994;19;;;;;13011;8;13014;19;;;13002.5;0.0
-2;4000;VELVETFRUIT_EXTRACT;5259;24;;;;;5265;53;;;;;5262.0;0.0
-2;4000;VEV_4000;1254;14;1252;26;;;1276;14;1278;26;;;1265.0;0.0
-2;4000;VEV_4500;743;7;;;;;759;7;761;23;;;751.0;0.0
-2;4000;VEV_5000;262;9;261;17;;;269;21;;;;;265.5;0.0
-2;4000;VEV_5100;164;23;;;;;169;25;170;24;;;166.5;0.0
-2;4000;VEV_5200;97;10;96;14;;;99;8;100;12;;;98.0;0.0
-2;4000;VEV_5300;48;11;;;;;51;27;;;;;49.5;0.0
-2;4000;VEV_5400;16;25;;;;;18;20;;;;;17.0;0.0
-2;4000;VEV_5500;6;16;;;;;7;24;;;;;6.5;0.0
-2;4000;VEV_6000;0;23;;;;;1;23;;;;;0.5;0.0
-2;4000;VEV_6500;0;12;;;;;1;12;;;;;0.5;0.0
-2;4100;ASH_COATED_OSMIUM;9990;11;9987;29;;;10000;3;10006;11;10008;29;9995.0;0.0
-2;4100;HYDROGEL_PACK;9967;13;9964;28;;;9983;13;9985;28;;;9975.0;0.0
-2;4100;INTARIAN_PEPPER_ROOT;12997;9;12994;24;;;13011;9;13014;24;;;13004.0;0.0
-2;4100;VELVETFRUIT_EXTRACT;5260;63;;;;;5266;71;;;;;5263.0;0.0
-2;4100;VEV_4000;1254;13;1251;28;;;1275;13;1277;28;;;1264.5;0.0
-2;4100;VEV_4500;743;10;741;17;;;759;10;760;10;761;17;751.0;0.0
-2;4100;VEV_5000;261;9;260;17;;;267;34;268;22;;;264.0;0.0
-2;4100;VEV_5100;;;;;;;169;27;170;14;;;169.0;0.0
-2;4100;VEV_5200;96;20;95;26;;;98;7;99;23;;;97.0;0.0
-2;4100;VEV_5300;49;9;;;;;51;18;;;;;50.0;0.0
-2;4100;VEV_5400;16;5;;;;;;;;;;;16.0;0.0
-2;4100;VEV_5500;6;25;;;;;7;24;;;;;6.5;0.0
-2;4100;VEV_6000;0;29;;;;;1;29;;;;;0.5;0.0
-2;4100;VEV_6500;0;17;;;;;1;17;;;;;0.5;0.0
-2;4200;ASH_COATED_OSMIUM;9990;13;;;;;10009;23;;;;;9999.5;0.0
-2;4200;HYDROGEL_PACK;9971;10;9968;23;;;9987;10;9989;23;;;9979.0;0.0
-2;4200;INTARIAN_PEPPER_ROOT;12997;11;12994;15;;;13011;11;13014;15;;;13004.0;0.0
-2;4200;VELVETFRUIT_EXTRACT;5261;75;;;;;5266;19;5267;16;;;5263.5;0.0
-2;4200;VEV_4000;1252;8;1250;27;;;1274;8;1276;27;;;1263.0;0.0
-2;4200;VEV_4500;744;6;743;11;742;13;760;6;762;13;;;752.0;0.0
-2;4200;VEV_5000;260;7;259;21;;;266;6;;;;;263.0;0.0
-2;4200;VEV_5100;165;11;164;12;;;169;12;170;21;;;167.0;0.0
-2;4200;VEV_5200;96;8;95;28;;;99;28;;;;;97.5;0.0
-2;4200;VEV_5300;49;21;;;;;;;;;;;49.0;0.0
-2;4200;VEV_5400;;;;;;;18;19;;;;;18.0;0.0
-2;4200;VEV_5500;6;21;;;;;7;18;;;;;6.5;0.0
-2;4200;VEV_6000;0;19;;;;;1;19;;;;;0.5;0.0
-2;4200;VEV_6500;0;16;;;;;1;16;;;;;0.5;0.0
-2;4300;ASH_COATED_OSMIUM;9988;21;;;;;10006;14;10009;21;;;9997.0;0.0
-2;4300;HYDROGEL_PACK;9971;15;9969;24;;;9987;15;9989;24;;;9979.0;0.0
-2;4300;INTARIAN_PEPPER_ROOT;12997;8;12994;22;;;13011;8;13015;22;;;13004.0;0.0
-2;4300;VELVETFRUIT_EXTRACT;5262;22;5261;25;;;5266;22;5267;42;5268;46;5264.0;0.0
-2;4300;VEV_4000;1253;7;1250;19;;;1274;7;1277;19;;;1263.5;0.0
-2;4300;VEV_4500;745;11;743;16;;;761;11;763;16;;;753.0;0.0
-2;4300;VEV_5000;260;8;259;12;;;266;10;267;20;;;263.0;0.0
-2;4300;VEV_5100;164;22;;;;;170;14;;;;;167.0;0.0
-2;4300;VEV_5200;;;;;;;98;25;99;24;;;98.0;0.0
-2;4300;VEV_5300;49;26;;;;;51;22;;;;;50.0;0.0
-2;4300;VEV_5400;16;24;;;;;;;;;;;16.0;0.0
-2;4300;VEV_5500;6;23;;;;;7;25;;;;;6.5;0.0
-2;4300;VEV_6000;0;23;;;;;1;23;;;;;0.5;0.0
-2;4300;VEV_6500;0;16;;;;;1;16;;;;;0.5;0.0
-2;4400;ASH_COATED_OSMIUM;9990;12;9988;30;;;10006;12;10009;30;;;9998.0;0.0
-2;4400;HYDROGEL_PACK;9971;15;9969;23;;;9987;15;9990;23;;;9979.0;0.0
-2;4400;INTARIAN_PEPPER_ROOT;13001;6;12997;8;;;13011;8;13015;16;;;13006.0;0.0
-2;4400;VELVETFRUIT_EXTRACT;5262;61;;;;;5268;61;;;;;5265.0;0.0
-2;4400;VEV_4000;1253;10;1250;24;;;1274;10;1277;24;;;1263.5;0.0
-2;4400;VEV_4500;744;9;743;17;;;761;11;763;17;;;752.5;0.0
-2;4400;VEV_5000;261;6;260;13;;;267;36;268;16;;;264.0;0.0
-2;4400;VEV_5100;164;27;;;;;168;10;169;32;;;166.0;0.0
-2;4400;VEV_5200;;;;;;;99;31;;;;;99.0;0.0
-2;4400;VEV_5300;50;20;49;10;;;52;24;;;;;51.0;0.0
-2;4400;VEV_5400;16;29;;;;;16;22;17;16;;;16.0;0.0
-2;4400;VEV_5500;6;18;;;;;7;19;;;;;6.5;0.0
-2;4400;VEV_6000;0;25;;;;;1;25;;;;;0.5;0.0
-2;4400;VEV_6500;0;17;;;;;1;17;;;;;0.5;0.0
-2;4500;ASH_COATED_OSMIUM;9991;13;9988;27;;;10007;13;10009;27;;;9999.0;0.0
-2;4500;HYDROGEL_PACK;9971;14;9968;27;;;9987;14;9989;27;;;9979.0;0.0
-2;4500;INTARIAN_PEPPER_ROOT;12997;10;;;;;13012;10;13015;16;;;13004.5;0.0
-2;4500;VELVETFRUIT_EXTRACT;5261;50;;;;;5267;62;;;;;5264.0;0.0
-2;4500;VEV_4000;1253;7;1250;20;;;1274;7;1277;20;;;1263.5;0.0
-2;4500;VEV_4500;745;9;743;19;;;761;9;763;19;;;753.0;0.0
-2;4500;VEV_5000;262;14;;;;;269;12;270;21;;;265.5;0.0
-2;4500;VEV_5100;164;31;163;27;;;168;12;169;13;;;166.0;0.0
-2;4500;VEV_5200;;;;;;;100;20;;;;;100.0;0.0
-2;4500;VEV_5300;50;15;;;;;52;25;53;14;;;51.0;0.0
-2;4500;VEV_5400;16;18;15;24;;;17;21;;;;;16.5;0.0
-2;4500;VEV_5500;6;28;;;;;7;22;;;;;6.5;0.0
-2;4500;VEV_6000;0;26;;;;;1;26;;;;;0.5;0.0
-2;4500;VEV_6500;0;15;;;;;1;15;;;;;0.5;0.0
-2;4600;ASH_COATED_OSMIUM;9988;24;;;;;10006;10;10009;24;;;9997.0;0.0
-2;4600;HYDROGEL_PACK;9973;13;9970;27;;;9989;13;9991;27;;;9981.0;0.0
-2;4600;INTARIAN_PEPPER_ROOT;12998;8;12994;23;;;13012;8;13015;23;;;13005.0;0.0
-2;4600;VELVETFRUIT_EXTRACT;5262;67;;;;;5268;47;;;;;5265.0;0.0
-2;4600;VEV_4000;1252;15;1250;25;;;1274;15;1276;25;;;1263.0;0.0
-2;4600;VEV_4500;745;9;743;12;;;761;9;763;12;;;753.0;0.0
-2;4600;VEV_5000;260;21;;;;;267;7;268;17;;;263.5;0.0
-2;4600;VEV_5100;165;8;;;;;;;;;;;165.0;0.0
-2;4600;VEV_5200;96;24;;;;;100;13;;;;;98.0;0.0
-2;4600;VEV_5300;50;21;;;;;52;23;;;;;51.0;0.0
-2;4600;VEV_5400;15;24;;;;;17;24;;;;;16.0;0.0
-2;4600;VEV_5500;6;30;;;;;8;20;;;;;7.0;0.0
-2;4600;VEV_6000;0;22;;;;;1;22;;;;;0.5;0.0
-2;4600;VEV_6500;0;13;;;;;1;13;;;;;0.5;0.0
-2;4700;ASH_COATED_OSMIUM;9997;4;9991;12;9988;23;10009;23;;;;;10003.0;0.0
-2;4700;HYDROGEL_PACK;9972;10;9970;29;;;9988;10;9991;29;;;9980.0;0.0
-2;4700;INTARIAN_PEPPER_ROOT;12998;9;12994;19;;;13012;9;;;;;13005.0;0.0
-2;4700;VELVETFRUIT_EXTRACT;5264;15;5263;32;;;5269;54;;;;;5266.5;0.0
-2;4700;VEV_4000;1251;14;1249;19;;;1272;14;1275;19;;;1261.5;0.0
-2;4700;VEV_4500;745;6;744;7;743;17;761;6;763;17;;;753.0;0.0
-2;4700;VEV_5000;261;22;;;;;268;9;269;20;;;264.5;0.0
-2;4700;VEV_5100;167;33;166;19;;;172;29;;;;;169.5;0.0
-2;4700;VEV_5200;96;7;95;14;;;98;12;;;;;97.0;0.0
-2;4700;VEV_5300;50;9;;;;;52;6;;;;;51.0;0.0
-2;4700;VEV_5400;;;;;;;18;21;;;;;18.0;0.0
-2;4700;VEV_5500;6;26;;;;;8;17;;;;;7.0;0.0
-2;4700;VEV_6000;0;28;;;;;1;28;;;;;0.5;0.0
-2;4700;VEV_6500;0;19;;;;;1;19;;;;;0.5;0.0
-2;4800;ASH_COATED_OSMIUM;9990;14;9987;26;;;10006;14;10008;26;;;9998.0;0.0
-2;4800;HYDROGEL_PACK;9969;28;;;;;9988;12;9990;28;;;9978.5;0.0
-2;4800;INTARIAN_PEPPER_ROOT;12998;10;12995;17;;;;;;;;;12998.0;0.0
-2;4800;VELVETFRUIT_EXTRACT;5264;24;5263;52;;;5269;49;;;;;5266.5;0.0
-2;4800;VEV_4000;1251;14;1249;26;;;1273;14;1275;26;;;1262.0;0.0
-2;4800;VEV_4500;744;9;742;19;;;760;9;762;19;;;752.0;0.0
-2;4800;VEV_5000;262;7;261;19;;;268;12;269;14;;;265.0;0.0
-2;4800;VEV_5100;167;31;;;;;171;23;172;23;;;169.0;0.0
-2;4800;VEV_5200;94;30;;;;;97;12;;;;;95.5;0.0
-2;4800;VEV_5300;50;20;;;;;53;11;;;;;51.5;0.0
-2;4800;VEV_5400;16;25;15;24;;;;;;;;;16.0;0.0
-2;4800;VEV_5500;6;19;;;;;7;22;;;;;6.5;0.0
-2;4800;VEV_6000;0;25;;;;;1;25;;;;;0.5;0.0
-2;4800;VEV_6500;0;17;;;;;1;17;;;;;0.5;0.0
-2;4900;ASH_COATED_OSMIUM;9990;11;9988;25;;;10009;25;;;;;9999.5;0.0
-2;4900;HYDROGEL_PACK;9969;15;9966;20;;;9985;15;9987;20;;;9977.0;0.0
-2;4900;INTARIAN_PEPPER_ROOT;12998;12;12995;25;;;13012;12;13015;25;;;13005.0;0.0
-2;4900;VELVETFRUIT_EXTRACT;5264;36;;;;;5269;20;5270;33;;;5266.5;0.0
-2;4900;VEV_4000;1251;14;1249;27;;;1273;14;1275;27;;;1262.0;0.0
-2;4900;VEV_4500;744;8;742;13;;;760;8;762;13;;;752.0;0.0
-2;4900;VEV_5000;263;7;;;;;269;29;270;19;;;266.0;0.0
-2;4900;VEV_5100;165;27;;;;;169;23;170;17;;;167.0;0.0
-2;4900;VEV_5200;95;8;;;;;97;34;98;22;;;96.0;0.0
-2;4900;VEV_5300;50;21;;;;;52;22;;;;;51.0;0.0
-2;4900;VEV_5400;16;21;15;18;;;16;29;17;20;;;16.0;0.0
-2;4900;VEV_5500;6;24;;;;;7;26;;;;;6.5;0.0
-2;4900;VEV_6000;0;19;;;;;1;19;;;;;0.5;0.0
-2;4900;VEV_6500;0;16;;;;;1;16;;;;;0.5;0.0
-2;5000;ASH_COATED_OSMIUM;9987;28;;;;;10006;10;10008;28;;;9996.5;0.0
-2;5000;HYDROGEL_PACK;9972;11;9969;20;;;9988;11;9990;20;;;9980.0;0.0
-2;5000;INTARIAN_PEPPER_ROOT;12995;21;;;;;13012;9;13015;21;;;13003.5;0.0
-2;5000;VELVETFRUIT_EXTRACT;5265;57;;;;;5271;32;;;;;5268.0;0.0
-2;5000;VEV_4000;1253;14;1251;23;;;1275;14;1277;23;;;1264.0;0.0
-2;5000;VEV_4500;745;6;743;15;;;763;15;;;;;754.0;0.0
-2;5000;VEV_5000;263;11;262;12;;;269;6;270;16;;;266.0;0.0
-2;5000;VEV_5100;165;29;164;20;;;170;15;;;;;167.5;0.0
-2;5000;VEV_5200;94;21;;;;;97;10;98;21;;;95.5;0.0
-2;5000;VEV_5300;50;26;;;;;52;26;;;;;51.0;0.0
-2;5000;VEV_5400;15;24;;;;;16;21;17;29;;;15.5;0.0
-2;5000;VEV_5500;6;29;;;;;7;21;;;;;6.5;0.0
-2;5000;VEV_6000;0;24;;;;;1;24;;;;;0.5;0.0
-2;5000;VEV_6500;0;16;;;;;1;16;;;;;0.5;0.0
-2;5100;ASH_COATED_OSMIUM;;;;;;;10006;15;10008;26;;;10006.0;0.0
-2;5100;HYDROGEL_PACK;9970;12;9967;21;;;9986;12;9988;21;;;9978.0;0.0
-2;5100;INTARIAN_PEPPER_ROOT;12998;9;12995;24;;;13012;9;13015;24;;;13005.0;0.0
-2;5100;VELVETFRUIT_EXTRACT;5267;22;5266;43;;;5271;22;5272;49;;;5269.0;0.0
-2;5100;VEV_4000;1254;10;1252;19;;;1275;10;1278;19;;;1264.5;0.0
-2;5100;VEV_4500;745;11;743;14;;;761;11;763;14;;;753.0;0.0
-2;5100;VEV_5000;262;12;;;;;269;17;;;;;265.5;0.0
-2;5100;VEV_5100;;;;;;;170;16;;;;;170.0;0.0
-2;5100;VEV_5200;94;33;;;;;98;23;;;;;96.0;0.0
-2;5100;VEV_5300;50;28;;;;;52;25;;;;;51.0;0.0
-2;5100;VEV_5400;16;24;;;;;17;24;;;;;16.5;0.0
-2;5100;VEV_5500;6;25;;;;;7;24;;;;;6.5;0.0
-2;5100;VEV_6000;0;20;;;;;1;20;;;;;0.5;0.0
-2;5100;VEV_6500;0;11;;;;;1;11;;;;;0.5;0.0
-2;5200;ASH_COATED_OSMIUM;9989;11;;;;;10005;11;10008;23;;;9997.0;0.0
-2;5200;HYDROGEL_PACK;9972;15;9970;27;;;9988;15;9991;27;;;9980.0;0.0
-2;5200;INTARIAN_PEPPER_ROOT;12998;10;12995;16;;;13015;16;;;;;13006.5;0.0
-2;5200;VELVETFRUIT_EXTRACT;5265;38;;;;;5271;71;;;;;5268.0;0.0
-2;5200;VEV_4000;1254;11;1252;19;;;1276;11;1278;19;;;1265.0;0.0
-2;5200;VEV_4500;745;9;743;14;;;761;9;763;14;;;753.0;0.0
-2;5200;VEV_5000;264;12;263;21;;;270;24;271;12;;;267.0;0.0
-2;5200;VEV_5100;166;8;;;;;171;35;;;;;168.5;0.0
-2;5200;VEV_5200;93;32;;;;;96;8;;;;;94.5;0.0
-2;5200;VEV_5300;50;23;;;;;52;19;53;17;;;51.0;0.0
-2;5200;VEV_5400;;;;;;;17;26;;;;;17.0;0.0
-2;5200;VEV_5500;6;18;;;;;7;22;;;;;6.5;0.0
-2;5200;VEV_6000;0;19;;;;;1;19;;;;;0.5;0.0
-2;5200;VEV_6500;0;17;;;;;1;17;;;;;0.5;0.0
-2;5300;ASH_COATED_OSMIUM;9989;10;9987;20;;;10005;10;10008;20;;;9997.0;0.0
-2;5300;HYDROGEL_PACK;9970;11;9967;22;;;9986;11;9988;22;;;9978.0;0.0
-2;5300;INTARIAN_PEPPER_ROOT;12998;12;12995;17;;;13012;12;13016;17;;;13005.0;0.0
-2;5300;VELVETFRUIT_EXTRACT;5264;69;;;;;5269;21;5270;38;;;5266.5;0.0
-2;5300;VEV_4000;1254;14;1252;20;;;1275;14;1278;20;;;1264.5;0.0
-2;5300;VEV_4500;744;10;742;20;;;760;10;762;20;;;752.0;0.0
-2;5300;VEV_5000;265;33;264;19;;;272;12;;;;;268.5;0.0
-2;5300;VEV_5100;165;30;164;26;;;169;11;;;;;167.0;0.0
-2;5300;VEV_5200;93;17;;;;;96;29;;;;;94.5;0.0
-2;5300;VEV_5300;51;25;;;;;53;26;;;;;52.0;0.0
-2;5300;VEV_5400;16;6;15;24;;;17;24;;;;;16.5;0.0
-2;5300;VEV_5500;6;25;;;;;7;20;;;;;6.5;0.0
-2;5300;VEV_6000;0;19;;;;;1;19;;;;;0.5;0.0
-2;5300;VEV_6500;0;18;;;;;1;18;;;;;0.5;0.0
-2;5400;ASH_COATED_OSMIUM;9989;15;9986;28;;;10005;15;;;;;9997.0;0.0
-2;5400;HYDROGEL_PACK;9968;23;;;;;9986;14;9989;23;;;9977.0;0.0
-2;5400;INTARIAN_PEPPER_ROOT;12998;10;12995;18;;;13012;10;13016;18;;;13005.0;0.0
-2;5400;VELVETFRUIT_EXTRACT;5264;15;5263;70;;;5269;40;;;;;5266.5;0.0
-2;5400;VEV_4000;1255;14;1252;29;;;1276;14;1279;29;;;1265.5;0.0
-2;5400;VEV_4500;745;8;743;13;;;761;8;762;13;762;7;753.0;0.0
-2;5400;VEV_5000;265;11;264;24;;;271;9;;;;;268.0;0.0
-2;5400;VEV_5100;164;11;;;;;168;9;;;;;166.0;0.0
-2;5400;VEV_5200;94;9;;;;;;;;;;;94.0;0.0
-2;5400;VEV_5300;51;22;;;;;53;27;;;;;52.0;0.0
-2;5400;VEV_5400;16;19;;;;;17;23;;;;;16.5;0.0
-2;5400;VEV_5500;6;21;;;;;7;23;;;;;6.5;0.0
-2;5400;VEV_6000;0;16;;;;;1;16;;;;;0.5;0.0
-2;5400;VEV_6500;0;11;;;;;1;11;;;;;0.5;0.0
-2;5500;ASH_COATED_OSMIUM;9989;13;;;;;10005;13;;;;;9997.0;0.0
-2;5500;HYDROGEL_PACK;9973;10;9970;25;;;9989;10;9991;25;;;9981.0;0.0
-2;5500;INTARIAN_PEPPER_ROOT;12995;15;;;;;13016;15;;;;;13005.5;0.0
-2;5500;VELVETFRUIT_EXTRACT;5266;17;5265;33;;;5271;33;;;;;5268.5;0.0
-2;5500;VEV_4000;1256;15;1253;17;;;1277;15;1279;17;;;1266.5;0.0
-2;5500;VEV_4500;745;6;743;16;;;761;6;763;16;;;753.0;0.0
-2;5500;VEV_5000;265;15;;;;;272;8;;;;;268.5;0.0
-2;5500;VEV_5100;164;8;163;33;;;168;12;169;19;;;166.0;0.0
-2;5500;VEV_5200;93;12;;;;;97;24;;;;;95.0;0.0
-2;5500;VEV_5300;51;24;50;19;;;53;24;53;22;;;52.0;0.0
-2;5500;VEV_5400;16;20;;;;;17;17;;;;;16.5;0.0
-2;5500;VEV_5500;6;12;;;;;7;22;;;;;6.5;0.0
-2;5500;VEV_6000;0;23;;;;;1;23;;;;;0.5;0.0
-2;5500;VEV_6500;0;12;;;;;1;12;;;;;0.5;0.0
-2;5600;ASH_COATED_OSMIUM;9989;10;;;;;10005;10;10007;23;;;9997.0;0.0
-2;5600;HYDROGEL_PACK;9975;11;9973;22;;;9991;11;9994;22;;;9983.0;0.0
-2;5600;INTARIAN_PEPPER_ROOT;12999;11;12995;25;;;13013;11;13016;25;;;13006.0;0.0
-2;5600;VELVETFRUIT_EXTRACT;5265;48;;;;;5270;16;5271;67;;;5267.5;0.0
-2;5600;VEV_4000;1256;7;1253;17;;;1277;7;1280;17;;;1266.5;0.0
-2;5600;VEV_4500;745;10;743;23;;;761;10;763;23;;;753.0;0.0
-2;5600;VEV_5000;265;7;264;24;;;271;8;;;;;268.0;0.0
-2;5600;VEV_5100;163;8;162;26;;;167;24;;;;;165.0;0.0
-2;5600;VEV_5200;94;33;;;;;97;30;;;;;95.5;0.0
-2;5600;VEV_5300;51;26;;;;;53;22;;;;;52.0;0.0
-2;5600;VEV_5400;15;23;;;;;17;21;;;;;16.0;0.0
-2;5600;VEV_5500;6;24;;;;;8;6;;;;;7.0;0.0
-2;5600;VEV_6000;0;16;;;;;1;16;;;;;0.5;0.0
-2;5600;VEV_6500;0;20;;;;;1;20;;;;;0.5;0.0
-2;5700;ASH_COATED_OSMIUM;9986;22;;;;;10005;12;10007;22;;;9995.5;0.0
-2;5700;HYDROGEL_PACK;9977;13;9975;27;;;9993;13;9996;27;;;9985.0;0.0
-2;5700;INTARIAN_PEPPER_ROOT;12999;12;12995;21;;;13013;12;13016;21;;;13006.0;0.0
-2;5700;VELVETFRUIT_EXTRACT;5267;48;;;;;5273;49;;;;;5270.0;0.0
-2;5700;VEV_4000;1256;7;1254;17;;;1278;7;1280;17;;;1267.0;0.0
-2;5700;VEV_4500;745;9;743;12;;;763;12;;;;;754.0;0.0
-2;5700;VEV_5000;265;10;264;23;;;271;6;272;23;;;268.0;0.0
-2;5700;VEV_5100;164;12;163;23;;;169;23;;;;;166.5;0.0
-2;5700;VEV_5200;94;7;;;;;;;;;;;94.0;0.0
-2;5700;VEV_5300;51;20;;;;;53;24;;;;;52.0;0.0
-2;5700;VEV_5400;;;;;;;17;21;;;;;17.0;0.0
-2;5700;VEV_5500;6;19;;;;;8;26;;;;;7.0;0.0
-2;5700;VEV_6000;0;24;;;;;1;24;;;;;0.5;0.0
-2;5700;VEV_6500;0;17;;;;;1;17;;;;;0.5;0.0
-2;5800;ASH_COATED_OSMIUM;9989;13;9987;25;;;10005;13;10008;25;;;9997.0;0.0
-2;5800;HYDROGEL_PACK;9979;10;9977;22;;;9995;10;9998;22;;;9987.0;0.0
-2;5800;INTARIAN_PEPPER_ROOT;12999;8;12996;22;;;13016;22;;;;;13007.5;0.0
-2;5800;VELVETFRUIT_EXTRACT;5267;42;;;;;5273;52;;;;;5270.0;0.0
-2;5800;VEV_4000;1256;7;1253;29;;;1277;7;1280;29;;;1266.5;0.0
-2;5800;VEV_4500;744;6;742;13;;;760;6;762;13;;;752.0;0.0
-2;5800;VEV_5000;263;22;;;;;270;12;271;23;;;266.5;0.0
-2;5800;VEV_5100;162;18;;;;;167;11;;;;;164.5;0.0
-2;5800;VEV_5200;95;27;94;27;;;97;8;98;22;;;96.0;0.0
-2;5800;VEV_5300;51;25;;;;;53;16;;;;;52.0;0.0
-2;5800;VEV_5400;15;18;;;;;16;20;17;30;;;15.5;0.0
-2;5800;VEV_5500;6;26;;;;;7;23;;;;;6.5;0.0
-2;5800;VEV_6000;0;16;;;;;1;16;;;;;0.5;0.0
-2;5800;VEV_6500;0;15;;;;;1;15;;;;;0.5;0.0
-2;5900;ASH_COATED_OSMIUM;9989;13;9987;20;;;10008;20;;;;;9998.5;0.0
-2;5900;HYDROGEL_PACK;9979;14;9976;30;;;9995;14;9997;30;;;9987.0;0.0
-2;5900;INTARIAN_PEPPER_ROOT;12999;9;12996;23;;;13013;9;13016;23;;;13006.0;0.0
-2;5900;VELVETFRUIT_EXTRACT;5269;21;5268;43;5268;51;5274;33;;;;;5271.5;0.0
-2;5900;VEV_4000;1256;14;1253;20;;;1277;14;1279;20;;;1266.5;0.0
-2;5900;VEV_4500;745;10;743;14;;;761;10;762;12;763;14;753.0;0.0
-2;5900;VEV_5000;264;27;263;23;;;270;8;271;13;;;267.0;0.0
-2;5900;VEV_5100;;;;;;;167;31;168;14;;;167.0;0.0
-2;5900;VEV_5200;94;17;;;;;97;25;;;;;95.5;0.0
-2;5900;VEV_5300;52;5;51;15;;;54;7;;;;;53.0;0.0
-2;5900;VEV_5400;15;25;15;18;;;17;23;;;;;16.0;0.0
-2;5900;VEV_5500;6;25;;;;;7;23;;;;;6.5;0.0
-2;5900;VEV_6000;0;22;;;;;1;22;;;;;0.5;0.0
-2;5900;VEV_6500;0;14;;;;;1;14;;;;;0.5;0.0
-2;6000;ASH_COATED_OSMIUM;9989;14;;;;;10005;14;10008;29;;;9997.0;0.0
-2;6000;HYDROGEL_PACK;9978;14;9976;25;;;9994;14;9997;25;;;9986.0;0.0
-2;6000;INTARIAN_PEPPER_ROOT;12999;11;12996;19;;;13013;11;;;;;13006.0;0.0
-2;6000;VELVETFRUIT_EXTRACT;5269;17;;;;;5275;49;5275;71;;;5272.0;0.0
-2;6000;VEV_4000;1254;9;1252;15;;;1276;9;1278;15;;;1265.0;0.0
-2;6000;VEV_4500;744;9;742;24;;;762;24;;;;;753.0;0.0
-2;6000;VEV_5000;262;32;261;13;;;268;7;;;;;265.0;0.0
-2;6000;VEV_5100;164;6;163;12;;;168;25;169;16;;;166.0;0.0
-2;6000;VEV_5200;95;19;;;;;98;10;99;15;;;96.5;0.0
-2;6000;VEV_5300;52;22;51;15;;;54;20;;;;;53.0;0.0
-2;6000;VEV_5400;15;20;15;24;;;17;26;;;;;16.0;0.0
-2;6000;VEV_5500;6;19;;;;;7;24;;;;;6.5;0.0
-2;6000;VEV_6000;0;20;;;;;1;20;;;;;0.5;0.0
-2;6000;VEV_6500;0;13;;;;;1;13;;;;;0.5;0.0
-2;6100;ASH_COATED_OSMIUM;9987;20;;;;;10005;14;;;;;9996.0;0.0
-2;6100;HYDROGEL_PACK;9975;10;9973;25;;;9991;10;9994;25;;;9983.0;0.0
-2;6100;INTARIAN_PEPPER_ROOT;12999;10;12996;22;;;13016;22;;;;;13007.5;0.0
-2;6100;VELVETFRUIT_EXTRACT;5270;49;;;;;5276;45;5276;22;;;5273.0;0.0
-2;6100;VEV_4000;1254;7;1251;19;;;1275;7;1278;19;;;1264.5;0.0
-2;6100;VEV_4500;;;;;;;760;12;762;22;;;760.0;0.0
-2;6100;VEV_5000;263;6;262;20;;;269;6;;;;;266.0;0.0
-2;6100;VEV_5100;163;19;162;21;;;167;8;;;;;165.0;0.0
-2;6100;VEV_5200;97;12;;;;;100;13;;;;;98.5;0.0
-2;6100;VEV_5300;52;18;;;;;54;20;;;;;53.0;0.0
-2;6100;VEV_5400;15;20;;;;;17;27;;;;;16.0;0.0
-2;6100;VEV_5500;6;17;;;;;7;25;;;;;6.5;0.0
-2;6100;VEV_6000;0;17;;;;;1;17;;;;;0.5;0.0
-2;6100;VEV_6500;0;12;;;;;1;12;;;;;0.5;0.0
-2;6200;ASH_COATED_OSMIUM;9989;11;9987;28;;;10005;11;10008;28;;;9997.0;0.0
-2;6200;HYDROGEL_PACK;9974;10;9972;23;;;9990;10;9993;23;;;9982.0;0.0
-2;6200;INTARIAN_PEPPER_ROOT;12999;9;12996;17;;;13013;9;13016;17;;;13006.0;0.0
-2;6200;VELVETFRUIT_EXTRACT;5269;64;;;;;5274;21;5275;37;;;5271.5;0.0
-2;6200;VEV_4000;1255;12;1252;19;;;1276;12;1278;19;;;1265.5;0.0
-2;6200;VEV_4500;743;11;741;20;;;760;20;;;;;751.5;0.0
-2;6200;VEV_5000;262;7;261;13;;;268;11;;;;;265.0;0.0
-2;6200;VEV_5100;162;29;161;31;;;166;31;;;;;164.0;0.0
-2;6200;VEV_5200;97;19;;;;;101;27;;;;;99.0;0.0
-2;6200;VEV_5300;52;20;51;19;;;54;23;;;;;53.0;0.0
-2;6200;VEV_5400;15;20;;;;;17;22;;;;;16.0;0.0
-2;6200;VEV_5500;6;24;;;;;7;26;;;;;6.5;0.0
-2;6200;VEV_6000;0;22;;;;;1;22;;;;;0.5;0.0
-2;6200;VEV_6500;0;21;;;;;1;21;;;;;0.5;0.0
-2;6300;ASH_COATED_OSMIUM;9989;15;9987;23;;;10005;15;;;;;9997.0;0.0
-2;6300;HYDROGEL_PACK;9975;11;9973;28;;;9991;11;9994;28;;;9983.0;0.0
-2;6300;INTARIAN_PEPPER_ROOT;12999;11;12996;15;;;13013;11;13017;15;;;13006.0;0.0
-2;6300;VELVETFRUIT_EXTRACT;5269;60;;;;;5275;49;;;;;5272.0;0.0
-2;6300;VEV_4000;1256;9;1253;24;;;1277;9;1279;24;;;1266.5;0.0
-2;6300;VEV_4500;742;8;740;18;;;758;8;760;18;;;750.0;0.0
-2;6300;VEV_5000;262;19;;;;;269;7;270;21;;;265.5;0.0
-2;6300;VEV_5100;162;11;161;19;;;166;8;;;;;164.0;0.0
-2;6300;VEV_5200;99;30;;;;;101;9;102;15;;;100.0;0.0
-2;6300;VEV_5300;52;24;;;;;;;;;;;52.0;0.0
-2;6300;VEV_5400;15;27;;;;;16;24;17;27;;;15.5;0.0
-2;6300;VEV_5500;6;22;;;;;7;26;;;;;6.5;0.0
-2;6300;VEV_6000;0;22;;;;;1;22;;;;;0.5;0.0
-2;6300;VEV_6500;0;18;;;;;1;18;;;;;0.5;0.0
-2;6400;ASH_COATED_OSMIUM;9989;10;9987;26;;;10005;10;10008;26;;;9997.0;0.0
-2;6400;HYDROGEL_PACK;9974;10;9972;27;;;9990;10;9993;27;;;9982.0;0.0
-2;6400;INTARIAN_PEPPER_ROOT;12999;10;12996;18;;;13013;10;13017;18;;;13006.0;0.0
-2;6400;VELVETFRUIT_EXTRACT;5268;46;5268;47;;;5274;58;;;;;5271.0;0.0
-2;6400;VEV_4000;1257;14;1254;17;;;1278;14;1280;17;;;1267.5;0.0
-2;6400;VEV_4500;742;8;740;18;;;759;12;760;18;;;750.5;0.0
-2;6400;VEV_5000;;;;;;;267;7;268;13;;;267.0;0.0
-2;6400;VEV_5100;;;;;;;165;25;;;;;165.0;0.0
-2;6400;VEV_5200;99;9;;;;;101;9;102;17;;;100.0;0.0
-2;6400;VEV_5300;51;20;;;;;53;28;;;;;52.0;0.0
-2;6400;VEV_5400;;;;;;;17;27;;;;;17.0;0.0
-2;6400;VEV_5500;6;29;;;;;8;28;;;;;7.0;0.0
-2;6400;VEV_6000;0;28;;;;;1;28;;;;;0.5;0.0
-2;6400;VEV_6500;0;16;;;;;1;16;;;;;0.5;0.0
-2;6500;ASH_COATED_OSMIUM;9986;25;;;;;10005;14;10007;25;;;9995.5;0.0
-2;6500;HYDROGEL_PACK;9975;15;9973;20;;;9991;15;9994;20;;;9983.0;0.0
-2;6500;INTARIAN_PEPPER_ROOT;12999;12;12996;22;;;13014;12;13017;22;;;13006.5;0.0
-2;6500;VELVETFRUIT_EXTRACT;5269;47;;;;;5274;24;5275;64;;;5271.5;0.0
-2;6500;VEV_4000;1256;15;1253;22;;;1277;15;1280;22;;;1266.5;0.0
-2;6500;VEV_4500;740;22;;;;;758;8;;;;;749.0;0.0
-2;6500;VEV_5000;261;8;260;30;;;267;12;;;;;264.0;0.0
-2;6500;VEV_5100;163;28;162;16;;;167;11;168;32;;;165.0;0.0
-2;6500;VEV_5200;99;6;98;20;;;101;6;102;28;;;100.0;0.0
-2;6500;VEV_5300;51;22;;;;;53;19;;;;;52.0;0.0
-2;6500;VEV_5400;;;;;;;17;16;;;;;17.0;0.0
-2;6500;VEV_5500;6;21;;;;;8;16;;;;;7.0;0.0
-2;6500;VEV_6000;0;21;;;;;1;21;;;;;0.5;0.0
-2;6500;VEV_6500;0;18;;;;;1;18;;;;;0.5;0.0
-2;6600;ASH_COATED_OSMIUM;9989;13;;;;;10005;13;10008;26;;;9997.0;0.0
-2;6600;HYDROGEL_PACK;9979;12;9977;24;;;9995;12;9998;24;;;9987.0;0.0
-2;6600;INTARIAN_PEPPER_ROOT;13000;10;;;;;13014;10;;;;;13007.0;0.0
-2;6600;VELVETFRUIT_EXTRACT;5269;24;5269;25;;;5275;30;;;;;5272.0;0.0
-2;6600;VEV_4000;1255;14;1252;29;;;1276;14;1278;29;;;1265.5;0.0
-2;6600;VEV_4500;742;7;741;9;740;21;758;7;760;21;;;750.0;0.0
-2;6600;VEV_5000;260;10;259;24;;;266;11;267;12;;;263.0;0.0
-2;6600;VEV_5100;162;31;161;22;;;166;18;167;23;;;164.0;0.0
-2;6600;VEV_5200;98;18;;;;;102;25;;;;;100.0;0.0
-2;6600;VEV_5300;51;19;;;;;53;19;;;;;52.0;0.0
-2;6600;VEV_5400;15;13;;;;;17;24;;;;;16.0;0.0
-2;6600;VEV_5500;6;24;;;;;8;18;;;;;7.0;0.0
-2;6600;VEV_6000;0;20;;;;;1;20;;;;;0.5;0.0
-2;6600;VEV_6500;0;15;;;;;1;15;;;;;0.5;0.0
-2;6700;ASH_COATED_OSMIUM;9989;10;9987;30;;;10005;10;10008;30;;;9997.0;0.0
-2;6700;HYDROGEL_PACK;9976;13;9973;21;;;9992;13;9994;21;;;9984.0;0.0
-2;6700;INTARIAN_PEPPER_ROOT;13000;10;12996;22;;;13014;10;13017;22;;;13007.0;0.0
-2;6700;VELVETFRUIT_EXTRACT;5270;19;5269;49;;;5275;40;;;;;5272.5;0.0
-2;6700;VEV_4000;1255;8;1252;24;;;1276;8;1279;24;;;1265.5;0.0
-2;6700;VEV_4500;741;11;740;11;739;20;757;11;759;20;;;749.0;0.0
-2;6700;VEV_5000;261;9;260;20;;;267;6;;;;;264.0;0.0
-2;6700;VEV_5100;161;23;;;;;166;27;;;;;163.5;0.0
-2;6700;VEV_5200;99;23;;;;;102;31;103;27;;;100.5;0.0
-2;6700;VEV_5300;51;25;;;;;53;8;;;;;52.0;0.0
-2;6700;VEV_5400;15;15;;;;;17;21;;;;;16.0;0.0
-2;6700;VEV_5500;6;18;;;;;8;24;;;;;7.0;0.0
-2;6700;VEV_6000;0;19;;;;;1;19;;;;;0.5;0.0
-2;6700;VEV_6500;0;17;;;;;1;17;;;;;0.5;0.0
-2;6800;ASH_COATED_OSMIUM;9989;15;9987;30;;;10005;15;10008;30;;;9997.0;0.0
-2;6800;HYDROGEL_PACK;9977;15;9975;28;;;9993;15;9996;28;;;9985.0;0.0
-2;6800;INTARIAN_PEPPER_ROOT;13000;12;12997;25;;;;;;;;;13000.0;0.0
-2;6800;VELVETFRUIT_EXTRACT;5270;47;;;;;5276;61;;;;;5273.0;0.0
-2;6800;VEV_4000;1255;11;1253;27;;;1276;11;1279;27;;;1265.5;0.0
-2;6800;VEV_4500;740;9;738;21;;;756;9;758;21;;;748.0;0.0
-2;6800;VEV_5000;260;6;259;18;;;266;27;267;12;;;263.0;0.0
-2;6800;VEV_5100;162;8;;;;;167;16;;;;;164.5;0.0
-2;6800;VEV_5200;98;23;;;;;101;8;102;21;;;99.5;0.0
-2;6800;VEV_5300;52;25;;;;;54;23;55;11;;;53.0;0.0
-2;6800;VEV_5400;;;;;;;17;22;;;;;17.0;0.0
-2;6800;VEV_5500;6;19;;;;;8;22;;;;;7.0;0.0
-2;6800;VEV_6000;0;23;;;;;1;23;;;;;0.5;0.0
-2;6800;VEV_6500;0;13;;;;;1;13;;;;;0.5;0.0
-2;6900;ASH_COATED_OSMIUM;9990;14;9987;20;;;10006;14;10008;20;;;9998.0;0.0
-2;6900;HYDROGEL_PACK;9978;13;9975;22;;;9994;13;9996;22;;;9986.0;0.0
-2;6900;INTARIAN_PEPPER_ROOT;13000;9;12997;15;;;13014;9;13017;15;;;13007.0;0.0
-2;6900;VELVETFRUIT_EXTRACT;5272;16;5271;49;5271;44;5277;64;;;;;5274.5;0.0
-2;6900;VEV_4000;1253;9;1251;29;;;1275;9;1277;29;;;1264.0;0.0
-2;6900;VEV_4500;741;7;739;19;;;757;7;759;19;;;749.0;0.0
-2;6900;VEV_5000;261;8;260;14;;;267;9;;;;;264.0;0.0
-2;6900;VEV_5100;161;6;160;31;;;165;22;166;27;;;163.0;0.0
-2;6900;VEV_5200;99;8;98;34;;;102;13;;;;;100.5;0.0
-2;6900;VEV_5300;52;8;;;;;54;7;;;;;53.0;0.0
-2;6900;VEV_5400;15;25;;;;;17;17;;;;;16.0;0.0
-2;6900;VEV_5500;6;24;;;;;8;10;;;;;7.0;0.0
-2;6900;VEV_6000;0;25;;;;;1;25;;;;;0.5;0.0
-2;6900;VEV_6500;0;17;;;;;1;17;;;;;0.5;0.0
-2;7000;ASH_COATED_OSMIUM;9995;3;9990;14;9987;27;10006;14;10008;27;;;10000.5;0.0
-2;7000;HYDROGEL_PACK;9975;11;9973;25;;;9991;11;9993;25;;;9983.0;0.0
-2;7000;INTARIAN_PEPPER_ROOT;13000;11;12997;15;;;13014;11;;;;;13007.0;0.0
-2;7000;VELVETFRUIT_EXTRACT;5271;50;5271;22;5270;49;5277;49;5277;54;;;5274.0;0.0
-2;7000;VEV_4000;1254;15;1251;24;;;1275;15;1278;24;;;1264.5;0.0
-2;7000;VEV_4500;741;8;739;12;;;757;8;759;12;;;749.0;0.0
-2;7000;VEV_5000;262;27;261;19;;;268;10;;;;;265.0;0.0
-2;7000;VEV_5100;161;28;160;15;;;165;27;166;12;;;163.0;0.0
-2;7000;VEV_5200;99;8;;;;;101;7;102;35;;;100.0;0.0
-2;7000;VEV_5300;52;23;;;;;54;20;;;;;53.0;0.0
-2;7000;VEV_5400;15;24;;;;;;;;;;;15.0;0.0
-2;7000;VEV_5500;6;12;;;;;8;21;;;;;7.0;0.0
-2;7000;VEV_6000;0;23;;;;;1;23;;;;;0.5;0.0
-2;7000;VEV_6500;0;11;;;;;1;11;;;;;0.5;0.0
-2;7100;ASH_COATED_OSMIUM;9990;14;9988;20;;;10000;5;10009;20;;;9995.0;0.0
-2;7100;HYDROGEL_PACK;9974;14;9972;22;;;9990;14;9993;22;;;9982.0;0.0
-2;7100;INTARIAN_PEPPER_ROOT;13000;10;12997;22;;;13014;10;13017;22;;;13007.0;0.0
-2;7100;VELVETFRUIT_EXTRACT;5272;17;5271;47;;;5277;70;;;;;5274.5;0.0
-2;7100;VEV_4000;1254;8;1252;24;;;1276;8;1278;24;;;1265.0;0.0
-2;7100;VEV_4500;740;12;738;19;;;756;12;758;19;;;748.0;0.0
-2;7100;VEV_5000;261;27;;;;;267;6;268;20;;;264.0;0.0
-2;7100;VEV_5100;160;17;;;;;165;25;;;;;162.5;0.0
-2;7100;VEV_5200;;;;;;;103;24;;;;;103.0;0.0
-2;7100;VEV_5300;53;8;52;20;;;55;23;;;;;54.0;0.0
-2;7100;VEV_5400;15;20;;;;;16;19;17;26;;;15.5;0.0
-2;7100;VEV_5500;6;22;;;;;8;28;;;;;7.0;0.0
-2;7100;VEV_6000;0;18;;;;;1;18;;;;;0.5;0.0
-2;7100;VEV_6500;0;13;;;;;1;13;;;;;0.5;0.0
-2;7200;ASH_COATED_OSMIUM;9991;12;9988;30;;;9996;4;10007;12;10009;30;9993.5;0.0
-2;7200;HYDROGEL_PACK;9975;12;9973;23;;;9991;12;9994;23;;;9983.0;0.0
-2;7200;INTARIAN_PEPPER_ROOT;13000;8;12997;25;;;;;;;;;13000.0;0.0
-2;7200;VELVETFRUIT_EXTRACT;5270;74;;;;;5276;64;;;;;5273.0;0.0
-2;7200;VEV_4000;1255;12;1252;28;;;1276;12;1279;28;;;1265.5;0.0
-2;7200;VEV_4500;739;12;737;19;;;755;12;757;19;;;747.0;0.0
-2;7200;VEV_5000;261;27;260;20;;;267;9;268;16;;;264.0;0.0
-2;7200;VEV_5100;;;;;;;165;6;;;;;165.0;0.0
-2;7200;VEV_5200;100;22;;;;;104;17;;;;;102.0;0.0
-2;7200;VEV_5300;53;23;;;;;55;16;56;25;;;54.0;0.0
-2;7200;VEV_5400;15;21;15;29;;;17;27;;;;;16.0;0.0
-2;7200;VEV_5500;6;22;;;;;8;20;;;;;7.0;0.0
-2;7200;VEV_6000;0;21;;;;;1;21;;;;;0.5;0.0
-2;7200;VEV_6500;0;17;;;;;1;17;;;;;0.5;0.0
-2;7300;ASH_COATED_OSMIUM;9990;12;9988;27;;;10006;12;10009;27;;;9998.0;0.0
-2;7300;HYDROGEL_PACK;9975;13;9973;25;;;9991;13;9994;25;;;9983.0;0.0
-2;7300;INTARIAN_PEPPER_ROOT;13000;11;12997;18;;;13014;11;13018;18;;;13007.0;0.0
-2;7300;VELVETFRUIT_EXTRACT;5271;63;;;;;5277;54;;;;;5274.0;0.0
-2;7300;VEV_4000;1255;9;1252;25;;;1276;9;1279;25;;;1265.5;0.0
-2;7300;VEV_4500;738;10;737;11;736;17;754;10;755;17;755;6;746.0;0.0
-2;7300;VEV_5000;260;9;259;15;;;266;7;267;21;;;263.0;0.0
-2;7300;VEV_5100;160;12;159;31;;;164;7;;;;;162.0;0.0
-2;7300;VEV_5200;100;27;;;;;104;26;;;;;102.0;0.0
-2;7300;VEV_5300;53;27;;;;;55;28;;;;;54.0;0.0
-2;7300;VEV_5400;15;28;;;;;16;8;17;20;;;15.5;0.0
-2;7300;VEV_5500;6;23;;;;;8;25;;;;;7.0;0.0
-2;7300;VEV_6000;0;20;;;;;1;20;;;;;0.5;0.0
-2;7300;VEV_6500;0;13;;;;;1;13;;;;;0.5;0.0
-2;7400;ASH_COATED_OSMIUM;9988;22;;;;;10009;22;;;;;9998.5;0.0
-2;7400;HYDROGEL_PACK;9974;15;9971;22;;;9990;15;9992;22;;;9982.0;0.0
-2;7400;INTARIAN_PEPPER_ROOT;13000;12;12997;18;;;13014;12;13018;18;;;13007.0;0.0
-2;7400;VELVETFRUIT_EXTRACT;5270;24;5269;47;;;5275;58;;;;;5272.5;0.0
-2;7400;VEV_4000;1254;12;1251;25;;;1275;12;1278;25;;;1264.5;0.0
-2;7400;VEV_4500;736;13;;;;;756;13;;;;;746.0;0.0
-2;7400;VEV_5000;260;8;;;;;267;13;;;;;263.5;0.0
-2;7400;VEV_5100;161;25;160;21;;;165;12;;;;;163.0;0.0
-2;7400;VEV_5200;100;30;;;;;103;33;104;26;;;101.5;0.0
-2;7400;VEV_5300;54;25;;;;;56;30;57;25;;;55.0;0.0
-2;7400;VEV_5400;15;20;;;;;16;22;;;;;15.5;0.0
-2;7400;VEV_5500;7;24;;;;;8;24;;;;;7.5;0.0
-2;7400;VEV_6000;0;25;;;;;1;25;;;;;0.5;0.0
-2;7400;VEV_6500;0;15;;;;;1;15;;;;;0.5;0.0
-2;7500;ASH_COATED_OSMIUM;9991;12;9988;21;;;10009;21;;;;;10000.0;0.0
-2;7500;HYDROGEL_PACK;9974;13;9972;23;;;9990;13;9993;23;;;9982.0;0.0
-2;7500;INTARIAN_PEPPER_ROOT;13000;11;;;;;13015;11;13018;23;;;13007.5;0.0
-2;7500;VELVETFRUIT_EXTRACT;5270;66;;;;;5276;43;;;;;5273.0;0.0
-2;7500;VEV_4000;1252;13;1250;29;;;1274;13;1276;29;;;1263.0;0.0
-2;7500;VEV_4500;740;6;738;17;;;756;6;758;17;;;748.0;0.0
-2;7500;VEV_5000;261;32;260;20;;;267;12;268;21;;;264.0;0.0
-2;7500;VEV_5100;161;25;160;12;;;166;13;;;;;163.5;0.0
-2;7500;VEV_5200;101;26;;;;;104;30;105;13;;;102.5;0.0
-2;7500;VEV_5300;54;23;53;29;;;56;24;;;;;55.0;0.0
-2;7500;VEV_5400;;;;;;;17;27;;;;;17.0;0.0
-2;7500;VEV_5500;7;25;;;;;8;22;;;;;7.5;0.0
-2;7500;VEV_6000;0;22;;;;;1;22;;;;;0.5;0.0
-2;7500;VEV_6500;0;12;;;;;1;12;;;;;0.5;0.0
-2;7600;ASH_COATED_OSMIUM;9991;14;;;;;10007;14;;;;;9999.0;0.0
-2;7600;HYDROGEL_PACK;9974;10;9971;30;;;9990;10;9992;30;;;9982.0;0.0
-2;7600;INTARIAN_PEPPER_ROOT;13001;9;12997;22;;;13015;9;13018;22;;;13008.0;0.0
-2;7600;VELVETFRUIT_EXTRACT;5271;71;;;;;5277;70;;;;;5274.0;0.0
-2;7600;VEV_4000;1254;7;1251;21;;;1275;7;1277;21;;;1264.5;0.0
-2;7600;VEV_4500;738;6;;;;;754;6;756;23;;;746.0;0.0
-2;7600;VEV_5000;260;9;259;12;;;266;12;;;;;263.0;0.0
-2;7600;VEV_5100;161;21;;;;;167;19;;;;;164.0;0.0
-2;7600;VEV_5200;102;27;101;30;;;104;6;;;;;103.0;0.0
-2;7600;VEV_5300;55;20;;;;;57;23;;;;;56.0;0.0
-2;7600;VEV_5400;;;;;;;16;23;;;;;16.0;0.0
-2;7600;VEV_5500;7;16;;;;;8;18;;;;;7.5;0.0
-2;7600;VEV_6000;0;24;;;;;1;24;;;;;0.5;0.0
-2;7600;VEV_6500;0;14;;;;;1;14;;;;;0.5;0.0
-2;7700;ASH_COATED_OSMIUM;9990;12;;;;;10006;12;10009;21;;;9998.0;0.0
-2;7700;HYDROGEL_PACK;9974;12;9971;25;;;9990;12;9992;25;;;9982.0;0.0
-2;7700;INTARIAN_PEPPER_ROOT;13001;11;12997;22;;;13015;11;;;;;13008.0;0.0
-2;7700;VELVETFRUIT_EXTRACT;5271;21;5270;49;;;5275;21;5276;48;;;5273.0;0.0
-2;7700;VEV_4000;1253;11;1251;16;;;1274;11;1277;16;;;1263.5;0.0
-2;7700;VEV_4500;736;21;;;;;754;7;756;21;;;745.0;0.0
-2;7700;VEV_5000;260;26;259;26;;;266;7;267;14;;;263.0;0.0
-2;7700;VEV_5100;161;27;160;19;;;166;28;;;;;163.5;0.0
-2;7700;VEV_5200;99;36;;;;;102;12;;;;;100.5;0.0
-2;7700;VEV_5300;55;19;;;;;57;22;;;;;56.0;0.0
-2;7700;VEV_5400;14;22;;;;;16;29;;;;;15.0;0.0
-2;7700;VEV_5500;7;27;;;;;8;24;;;;;7.5;0.0
-2;7700;VEV_6000;0;24;;;;;1;24;;;;;0.5;0.0
-2;7700;VEV_6500;0;13;;;;;1;13;;;;;0.5;0.0
-2;7800;ASH_COATED_OSMIUM;9990;14;;;;;10006;14;10009;21;;;9998.0;0.0
-2;7800;HYDROGEL_PACK;9975;10;9972;25;;;9991;10;9993;25;;;9983.0;0.0
-2;7800;INTARIAN_PEPPER_ROOT;13001;8;12998;22;;;13015;8;13018;22;;;13008.0;0.0
-2;7800;VELVETFRUIT_EXTRACT;5271;49;5271;22;;;5277;25;;;;;5274.0;0.0
-2;7800;VEV_4000;1254;12;1251;29;;;1275;12;1277;29;;;1264.5;0.0
-2;7800;VEV_4500;737;7;735;15;;;753;7;755;15;;;745.0;0.0
-2;7800;VEV_5000;261;12;260;16;;;268;21;;;;;264.5;0.0
-2;7800;VEV_5100;161;29;160;24;;;165;8;166;12;;;163.0;0.0
-2;7800;VEV_5200;99;7;;;;;102;21;;;;;100.5;0.0
-2;7800;VEV_5300;55;18;54;11;;;57;24;;;;;56.0;0.0
-2;7800;VEV_5400;14;20;;;;;16;19;;;;;15.0;0.0
-2;7800;VEV_5500;6;29;;;;;8;21;;;;;7.0;0.0
-2;7800;VEV_6000;0;22;;;;;1;22;;;;;0.5;0.0
-2;7800;VEV_6500;0;18;;;;;1;18;;;;;0.5;0.0
-2;7900;ASH_COATED_OSMIUM;9990;10;9988;30;;;10009;30;;;;;9999.5;0.0
-2;7900;HYDROGEL_PACK;9974;13;9971;21;;;9990;13;9992;21;;;9982.0;0.0
-2;7900;INTARIAN_PEPPER_ROOT;13001;11;12998;22;;;13018;22;;;;;13009.5;0.0
-2;7900;VELVETFRUIT_EXTRACT;5272;18;5271;51;;;5276;18;5277;49;5278;38;5274.0;0.0
-2;7900;VEV_4000;1256;8;1253;28;;;1277;8;1280;28;;;1266.5;0.0
-2;7900;VEV_4500;737;12;735;20;;;753;12;754;12;755;20;745.0;0.0
-2;7900;VEV_5000;261;9;260;21;;;268;24;;;;;264.5;0.0
-2;7900;VEV_5100;161;22;;;;;165;33;166;22;;;163.0;0.0
-2;7900;VEV_5200;99;22;98;23;;;101;31;102;27;;;100.0;0.0
-2;7900;VEV_5300;;;;;;;58;27;;;;;58.0;0.0
-2;7900;VEV_5400;;;;;;;15;16;;;;;15.0;0.0
-2;7900;VEV_5500;6;24;;;;;7;20;;;;;6.5;0.0
-2;7900;VEV_6000;0;24;;;;;1;24;;;;;0.5;0.0
-2;7900;VEV_6500;0;15;;;;;1;15;;;;;0.5;0.0
-2;8000;ASH_COATED_OSMIUM;9990;13;;;;;10006;13;10009;29;;;9998.0;0.0
-2;8000;HYDROGEL_PACK;9971;11;9969;25;;;9987;11;9990;25;;;9979.0;0.0
-2;8000;INTARIAN_PEPPER_ROOT;13001;11;12998;18;;;13015;11;13018;18;;;13008.0;0.0
-2;8000;VELVETFRUIT_EXTRACT;5270;54;5270;20;;;5276;49;;;;;5273.0;0.0
-2;8000;VEV_4000;1257;15;1254;20;;;1278;15;1280;20;;;1267.5;0.0
-2;8000;VEV_4500;736;7;734;16;;;752;7;754;16;;;744.0;0.0
-2;8000;VEV_5000;261;12;260;16;;;267;9;;;;;264.0;0.0
-2;8000;VEV_5100;163;10;162;12;;;168;20;;;;;165.5;0.0
-2;8000;VEV_5200;99;9;98;30;;;101;30;102;27;;;100.0;0.0
-2;8000;VEV_5300;57;10;;;;;;;;;;;57.0;0.0
-2;8000;VEV_5400;14;20;;;;;;;;;;;14.0;0.0
-2;8000;VEV_5500;6;26;;;;;8;19;;;;;7.0;0.0
-2;8000;VEV_6000;0;29;;;;;1;29;;;;;0.5;0.0
-2;8000;VEV_6500;0;16;;;;;1;16;;;;;0.5;0.0
-2;8100;ASH_COATED_OSMIUM;9990;12;9987;29;;;10006;12;10008;29;;;9998.0;0.0
-2;8100;HYDROGEL_PACK;9973;10;9970;28;;;9989;10;9991;28;;;9981.0;0.0
-2;8100;INTARIAN_PEPPER_ROOT;13001;8;12998;18;;;13015;8;;;;;13008.0;0.0
-2;8100;VELVETFRUIT_EXTRACT;5268;19;;;;;5274;43;;;;;5271.0;0.0
-2;8100;VEV_4000;1256;12;1254;19;;;1277;12;1280;19;;;1266.5;0.0
-2;8100;VEV_4500;736;7;734;22;;;752;7;754;22;;;744.0;0.0
-2;8100;VEV_5000;260;23;259;22;;;266;8;267;32;;;263.0;0.0
-2;8100;VEV_5100;162;22;161;21;;;166;29;167;12;;;164.0;0.0
-2;8100;VEV_5200;98;23;;;;;102;32;;;;;100.0;0.0
-2;8100;VEV_5300;58;28;;;;;60;24;;;;;59.0;0.0
-2;8100;VEV_5400;14;29;;;;;15;22;;;;;14.5;0.0
-2;8100;VEV_5500;6;16;;;;;8;7;;;;;7.0;0.0
-2;8100;VEV_6000;0;21;;;;;1;21;;;;;0.5;0.0
-2;8100;VEV_6500;0;17;;;;;1;17;;;;;0.5;0.0
-2;8200;ASH_COATED_OSMIUM;9990;12;9988;21;;;10006;12;;;;;9998.0;0.0
-2;8200;HYDROGEL_PACK;9975;14;9972;23;;;9991;14;9993;23;;;9983.0;0.0
-2;8200;INTARIAN_PEPPER_ROOT;12998;24;;;;;13015;9;13018;24;;;13006.5;0.0
-2;8200;VELVETFRUIT_EXTRACT;5269;18;5268;59;;;5274;60;;;;;5271.5;0.0
-2;8200;VEV_4000;1256;14;1254;30;;;1277;14;1280;30;;;1266.5;0.0
-2;8200;VEV_4500;737;9;735;12;;;753;9;754;12;;;745.0;0.0
-2;8200;VEV_5000;261;9;260;22;;;268;20;;;;;264.5;0.0
-2;8200;VEV_5100;161;21;160;21;;;165;31;166;26;;;163.0;0.0
-2;8200;VEV_5200;99;8;;;;;101;8;;;;;100.0;0.0
-2;8200;VEV_5300;58;23;;;;;60;20;;;;;59.0;0.0
-2;8200;VEV_5400;14;18;;;;;16;22;;;;;15.0;0.0
-2;8200;VEV_5500;7;19;;;;;8;23;;;;;7.5;0.0
-2;8200;VEV_6000;0;24;;;;;1;24;;;;;0.5;0.0
-2;8200;VEV_6500;0;13;;;;;1;13;;;;;0.5;0.0
-2;8300;ASH_COATED_OSMIUM;9990;13;9987;24;;;10006;13;10008;24;;;9998.0;0.0
-2;8300;HYDROGEL_PACK;9974;10;9971;29;;;9990;10;9992;29;;;9982.0;0.0
-2;8300;INTARIAN_PEPPER_ROOT;12998;20;;;;;13015;10;;;;;13006.5;0.0
-2;8300;VELVETFRUIT_EXTRACT;5267;31;;;;;5272;24;5273;43;;;5269.5;0.0
-2;8300;VEV_4000;1254;8;1252;27;;;1275;8;1278;27;;;1264.5;0.0
-2;8300;VEV_4500;738;11;736;16;;;754;11;756;16;;;746.0;0.0
-2;8300;VEV_5000;259;6;258;18;;;265;12;;;;;262.0;0.0
-2;8300;VEV_5100;161;11;160;25;;;165;12;166;15;;;163.0;0.0
-2;8300;VEV_5200;98;17;;;;;102;32;;;;;100.0;0.0
-2;8300;VEV_5300;58;7;;;;;60;21;;;;;59.0;0.0
-2;8300;VEV_5400;14;18;;;;;;;;;;;14.0;0.0
-2;8300;VEV_5500;7;2;;;;;8;24;;;;;7.5;0.0
-2;8300;VEV_6000;0;24;;;;;1;24;;;;;0.5;0.0
-2;8300;VEV_6500;0;13;;;;;1;13;;;;;0.5;0.0
-2;8400;ASH_COATED_OSMIUM;9990;14;9987;24;;;10006;14;10008;24;;;9998.0;0.0
-2;8400;HYDROGEL_PACK;9974;14;9972;21;;;9990;14;9993;21;;;9982.0;0.0
-2;8400;INTARIAN_PEPPER_ROOT;13001;9;;;;;13015;9;;;;;13008.0;0.0
-2;8400;VELVETFRUIT_EXTRACT;5266;67;;;;;5272;55;;;;;5269.0;0.0
-2;8400;VEV_4000;1254;10;1251;22;;;1275;10;1277;22;;;1264.5;0.0
-2;8400;VEV_4500;737;9;736;12;735;23;753;9;755;23;;;745.0;0.0
-2;8400;VEV_5000;258;22;;;;;265;12;266;15;;;261.5;0.0
-2;8400;VEV_5100;161;7;160;12;;;166;28;;;;;163.5;0.0
-2;8400;VEV_5200;99;24;98;27;;;;;;;;;99.0;0.0
-2;8400;VEV_5300;57;19;;;;;60;21;;;;;58.5;0.0
-2;8400;VEV_5400;14;25;;;;;15;26;16;28;;;14.5;0.0
-2;8400;VEV_5500;7;22;;;;;8;19;;;;;7.5;0.0
-2;8400;VEV_6000;0;27;;;;;1;27;;;;;0.5;0.0
-2;8400;VEV_6500;0;14;;;;;1;14;;;;;0.5;0.0
-2;8500;ASH_COATED_OSMIUM;9989;11;9987;24;;;10008;24;;;;;9998.5;0.0
-2;8500;HYDROGEL_PACK;9973;14;9971;30;;;9989;14;9992;30;;;9981.0;0.0
-2;8500;INTARIAN_PEPPER_ROOT;13001;10;12998;16;;;13016;10;13019;16;;;13008.5;0.0
-2;8500;VELVETFRUIT_EXTRACT;5265;42;5265;19;;;5270;19;5271;51;;;5267.5;0.0
-2;8500;VEV_4000;1254;13;1251;20;;;1275;13;1278;20;;;1264.5;0.0
-2;8500;VEV_4500;736;14;;;;;754;7;756;14;;;745.0;0.0
-2;8500;VEV_5000;259;30;258;13;;;266;19;;;;;262.5;0.0
-2;8500;VEV_5100;162;21;;;;;166;12;;;;;164.0;0.0
-2;8500;VEV_5200;99;10;;;;;102;22;;;;;100.5;0.0
-2;8500;VEV_5300;;;;;;;59;21;;;;;59.0;0.0
-2;8500;VEV_5400;14;24;;;;;16;26;;;;;15.0;0.0
-2;8500;VEV_5500;7;25;;;;;8;22;;;;;7.5;0.0
-2;8500;VEV_6000;0;27;;;;;1;27;;;;;0.5;0.0
-2;8500;VEV_6500;0;15;;;;;1;15;;;;;0.5;0.0
-2;8600;ASH_COATED_OSMIUM;9989;15;9987;22;;;10005;15;10008;22;;;9997.0;0.0
-2;8600;HYDROGEL_PACK;9971;11;9968;28;;;9987;11;9989;28;;;9979.0;0.0
-2;8600;INTARIAN_PEPPER_ROOT;13002;9;;;;;13016;9;13019;15;;;13009.0;0.0
-2;8600;VELVETFRUIT_EXTRACT;5266;42;;;;;5271;25;5272;33;;;5268.5;0.0
-2;8600;VEV_4000;1257;13;1254;15;;;1278;13;1281;15;;;1267.5;0.0
-2;8600;VEV_4500;737;12;735;17;;;753;12;755;17;;;745.0;0.0
-2;8600;VEV_5000;261;9;260;20;;;267;6;;;;;264.0;0.0
-2;8600;VEV_5100;162;9;161;21;;;166;11;;;;;164.0;0.0
-2;8600;VEV_5200;100;2;99;23;;;102;20;103;34;;;101.0;0.0
-2;8600;VEV_5300;57;7;;;;;59;22;60;26;;;58.0;0.0
-2;8600;VEV_5400;;;;;;;;;;;;;0.0;0.0
-2;8600;VEV_5500;7;26;;;;;8;24;;;;;7.5;0.0
-2;8600;VEV_6000;0;29;;;;;1;29;;;;;0.5;0.0
-2;8600;VEV_6500;0;11;;;;;1;11;;;;;0.5;0.0
-2;8700;ASH_COATED_OSMIUM;9989;14;9986;28;;;10005;14;10007;28;;;9997.0;0.0
-2;8700;HYDROGEL_PACK;9972;15;9970;30;;;9988;15;9990;30;;;9980.0;0.0
-2;8700;INTARIAN_PEPPER_ROOT;13002;12;12998;22;;;13016;12;13019;22;;;13009.0;0.0
-2;8700;VELVETFRUIT_EXTRACT;5267;16;;;;;5272;17;5273;60;;;5269.5;0.0
-2;8700;VEV_4000;1257;14;1254;23;;;1278;14;1281;23;;;1267.5;0.0
-2;8700;VEV_4500;736;7;734;24;;;752;7;753;6;754;24;744.0;0.0
-2;8700;VEV_5000;260;12;259;24;;;266;8;267;22;;;263.0;0.0
-2;8700;VEV_5100;162;11;161;29;;;167;14;;;;;164.5;0.0
-2;8700;VEV_5200;100;6;99;23;;;102;7;103;23;;;101.0;0.0
-2;8700;VEV_5300;56;21;;;;;58;6;;;;;57.0;0.0
-2;8700;VEV_5400;;;;;;;17;19;;;;;17.0;0.0
-2;8700;VEV_5500;7;24;;;;;8;26;;;;;7.5;0.0
-2;8700;VEV_6000;0;18;;;;;1;18;;;;;0.5;0.0
-2;8700;VEV_6500;0;14;;;;;1;14;;;;;0.5;0.0
-2;8800;ASH_COATED_OSMIUM;9989;10;9986;27;;;10005;10;10007;27;;;9997.0;0.0
-2;8800;HYDROGEL_PACK;9970;11;9968;20;;;9986;11;9989;20;;;9978.0;0.0
-2;8800;INTARIAN_PEPPER_ROOT;13002;9;12999;25;;;13016;9;13019;25;;;13009.0;0.0
-2;8800;VELVETFRUIT_EXTRACT;5266;61;5266;16;;;5271;16;5272;68;;;5268.5;0.0
-2;8800;VEV_4000;1255;11;1252;30;;;1276;11;1278;30;;;1265.5;0.0
-2;8800;VEV_4500;734;24;;;;;752;9;754;24;;;743.0;0.0
-2;8800;VEV_5000;261;29;260;18;;;267;10;268;26;;;264.0;0.0
-2;8800;VEV_5100;163;9;;;;;167;12;168;20;;;165.0;0.0
-2;8800;VEV_5200;99;23;;;;;103;32;;;;;101.0;0.0
-2;8800;VEV_5300;56;26;;;;;58;25;;;;;57.0;0.0
-2;8800;VEV_5400;15;23;;;;;17;18;;;;;16.0;0.0
-2;8800;VEV_5500;7;19;;;;;8;15;;;;;7.5;0.0
-2;8800;VEV_6000;0;16;;;;;1;16;;;;;0.5;0.0
-2;8800;VEV_6500;0;21;;;;;1;21;;;;;0.5;0.0
-2;8900;ASH_COATED_OSMIUM;9988;15;9986;21;;;10004;15;;;;;9996.0;0.0
-2;8900;HYDROGEL_PACK;9971;10;9968;22;;;9987;10;9989;22;;;9979.0;0.0
-2;8900;INTARIAN_PEPPER_ROOT;13002;11;12999;20;;;13016;11;13019;20;;;13009.0;0.0
-2;8900;VELVETFRUIT_EXTRACT;5267;18;5266;35;;;5272;47;;;;;5269.5;0.0
-2;8900;VEV_4000;1255;10;1252;30;;;1276;10;1279;30;;;1265.5;0.0
-2;8900;VEV_4500;736;11;;;;;754;16;;;;;745.0;0.0
-2;8900;VEV_5000;260;10;259;16;;;267;14;;;;;263.5;0.0
-2;8900;VEV_5100;163;26;162;15;;;168;20;;;;;165.5;0.0
-2;8900;VEV_5200;101;12;100;20;;;104;30;;;;;102.5;0.0
-2;8900;VEV_5300;56;25;;;;;58;25;;;;;57.0;0.0
-2;8900;VEV_5400;15;21;14;23;;;15;20;16;18;;;15.0;0.0
-2;8900;VEV_5500;7;18;;;;;8;21;;;;;7.5;0.0
-2;8900;VEV_6000;0;23;;;;;1;23;;;;;0.5;0.0
-2;8900;VEV_6500;0;18;;;;;1;18;;;;;0.5;0.0
-2;9000;ASH_COATED_OSMIUM;9989;11;9987;27;;;10005;11;10008;27;;;9997.0;0.0
-2;9000;HYDROGEL_PACK;9969;12;9966;29;;;9985;12;9987;29;;;9977.0;0.0
-2;9000;INTARIAN_PEPPER_ROOT;13002;10;;;;;13016;10;13019;24;;;13009.0;0.0
-2;9000;VELVETFRUIT_EXTRACT;5267;59;;;;;5273;71;;;;;5270.0;0.0
-2;9000;VEV_4000;1256;7;1253;30;;;1277;7;1280;30;;;1266.5;0.0
-2;9000;VEV_4500;733;23;;;;;;;;;;;733.0;0.0
-2;9000;VEV_5000;260;8;259;15;;;266;6;267;14;;;263.0;0.0
-2;9000;VEV_5100;;;;;;;166;29;167;23;;;166.0;0.0
-2;9000;VEV_5200;99;23;;;;;103;24;;;;;101.0;0.0
-2;9000;VEV_5300;56;27;55;17;;;58;9;;;;;57.0;0.0
-2;9000;VEV_5400;15;29;14;22;;;;;;;;;15.0;0.0
-2;9000;VEV_5500;7;21;;;;;8;25;;;;;7.5;0.0
-2;9000;VEV_6000;0;22;;;;;1;22;;;;;0.5;0.0
-2;9000;VEV_6500;0;16;;;;;1;16;;;;;0.5;0.0
-2;9100;ASH_COATED_OSMIUM;9989;12;9986;23;;;10007;23;;;;;9998.0;0.0
-2;9100;HYDROGEL_PACK;9969;15;9966;28;;;9985;15;9987;28;;;9977.0;0.0
-2;9100;INTARIAN_PEPPER_ROOT;13002;8;;;;;13016;8;;;;;13009.0;0.0
-2;9100;VELVETFRUIT_EXTRACT;5268;19;5267;51;;;5272;19;5273;49;;;5270.0;0.0
-2;9100;VEV_4000;1256;11;1253;22;;;1277;11;1280;22;;;1266.5;0.0
-2;9100;VEV_4500;735;12;733;18;;;751;12;752;18;;;743.0;0.0
-2;9100;VEV_5000;260;25;259;30;;;266;12;267;19;;;263.0;0.0
-2;9100;VEV_5100;161;10;160;23;;;166;14;;;;;163.5;0.0
-2;9100;VEV_5200;100;10;;;;;103;12;;;;;101.5;0.0
-2;9100;VEV_5300;56;27;;;;;58;29;;;;;57.0;0.0
-2;9100;VEV_5400;15;13;;;;;17;17;;;;;16.0;0.0
-2;9100;VEV_5500;7;25;;;;;8;24;;;;;7.5;0.0
-2;9100;VEV_6000;0;27;;;;;1;27;;;;;0.5;0.0
-2;9100;VEV_6500;0;14;;;;;1;14;;;;;0.5;0.0
-2;9200;ASH_COATED_OSMIUM;9989;11;;;;;10005;11;10007;27;;;9997.0;0.0
-2;9200;HYDROGEL_PACK;9971;14;9969;23;;;9987;14;9990;23;;;9979.0;0.0
-2;9200;INTARIAN_PEPPER_ROOT;12999;24;;;;;13016;12;13019;24;;;13007.5;0.0
-2;9200;VELVETFRUIT_EXTRACT;5267;24;;;;;5273;65;;;;;5270.0;0.0
-2;9200;VEV_4000;1255;13;1253;19;;;1277;13;1279;19;;;1266.0;0.0
-2;9200;VEV_4500;733;17;;;;;753;17;;;;;743.0;0.0
-2;9200;VEV_5000;261;12;;;;;267;11;268;16;;;264.0;0.0
-2;9200;VEV_5100;161;22;;;;;166;9;167;17;;;163.5;0.0
-2;9200;VEV_5200;100;22;99;14;;;103;12;;;;;101.5;0.0
-2;9200;VEV_5300;56;8;;;;;;;;;;;56.0;0.0
-2;9200;VEV_5400;;;;;;;16;25;17;12;;;16.0;0.0
-2;9200;VEV_5500;7;20;;;;;8;15;;;;;7.5;0.0
-2;9200;VEV_6000;0;23;;;;;1;23;;;;;0.5;0.0
-2;9200;VEV_6500;0;12;;;;;1;12;;;;;0.5;0.0
-2;9300;ASH_COATED_OSMIUM;9986;26;;;;;9998;1;10007;26;;;9992.0;0.0
-2;9300;HYDROGEL_PACK;9970;15;9967;20;;;9986;15;9988;20;;;9978.0;0.0
-2;9300;INTARIAN_PEPPER_ROOT;13002;10;12999;24;;;13016;10;13020;24;;;13009.0;0.0
-2;9300;VELVETFRUIT_EXTRACT;5266;19;5265;53;;;5271;63;;;;;5268.5;0.0
-2;9300;VEV_4000;1256;12;1254;21;;;1278;12;1280;21;;;1267.0;0.0
-2;9300;VEV_4500;735;11;733;14;;;751;11;753;14;;;743.0;0.0
-2;9300;VEV_5000;259;11;258;21;;;265;10;266;13;;;262.0;0.0
-2;9300;VEV_5100;162;30;161;20;;;166;33;;;;;164.0;0.0
-2;9300;VEV_5200;99;8;98;19;;;101;26;102;27;;;100.0;0.0
-2;9300;VEV_5300;56;15;;;;;;;;;;;56.0;0.0
-2;9300;VEV_5400;15;29;;;;;16;25;17;21;;;15.5;0.0
-2;9300;VEV_5500;7;22;;;;;8;22;;;;;7.5;0.0
-2;9300;VEV_6000;0;24;;;;;1;24;;;;;0.5;0.0
-2;9300;VEV_6500;0;15;;;;;1;15;;;;;0.5;0.0
-2;9400;ASH_COATED_OSMIUM;9989;10;9987;27;;;10008;27;;;;;9998.5;0.0
-2;9400;HYDROGEL_PACK;9971;12;9969;25;;;9987;12;9990;25;;;9979.0;0.0
-2;9400;INTARIAN_PEPPER_ROOT;13002;8;12999;15;;;13016;8;13020;15;;;13009.0;0.0
-2;9400;VELVETFRUIT_EXTRACT;5266;59;5266;15;;;5272;33;;;;;5269.0;0.0
-2;9400;VEV_4000;1258;11;1255;15;;;1279;11;;;;;1268.5;0.0
-2;9400;VEV_4500;735;10;;;;;751;10;752;16;;;743.0;0.0
-2;9400;VEV_5000;259;22;258;19;;;266;24;;;;;262.5;0.0
-2;9400;VEV_5100;161;9;160;21;;;166;21;;;;;163.5;0.0
-2;9400;VEV_5200;98;20;;;;;102;22;;;;;100.0;0.0
-2;9400;VEV_5300;55;12;;;;;58;6;;;;;56.5;0.0
-2;9400;VEV_5400;15;15;;;;;16;19;17;27;;;15.5;0.0
-2;9400;VEV_5500;7;19;;;;;8;25;;;;;7.5;0.0
-2;9400;VEV_6000;0;23;;;;;1;23;;;;;0.5;0.0
-2;9400;VEV_6500;0;15;;;;;1;15;;;;;0.5;0.0
-2;9500;ASH_COATED_OSMIUM;9987;23;;;;;10005;10;10008;23;;;9996.0;0.0
-2;9500;HYDROGEL_PACK;9970;15;9968;24;;;9986;15;9989;24;;;9978.0;0.0
-2;9500;INTARIAN_PEPPER_ROOT;13002;11;12999;18;;;13017;11;13020;18;;;13009.5;0.0
-2;9500;VELVETFRUIT_EXTRACT;5267;32;;;;;5272;21;5273;50;;;5269.5;0.0
-2;9500;VEV_4000;1257;15;1255;18;;;1279;15;1281;18;;;1268.0;0.0
-2;9500;VEV_4500;735;8;733;20;;;751;8;753;20;;;743.0;0.0
-2;9500;VEV_5000;259;7;258;17;;;265;8;;;;;262.0;0.0
-2;9500;VEV_5100;161;11;160;23;;;165;22;166;24;;;163.0;0.0
-2;9500;VEV_5200;;;;;;;101;18;;;;;101.0;0.0
-2;9500;VEV_5300;56;28;;;;;58;19;;;;;57.0;0.0
-2;9500;VEV_5400;15;5;;;;;16;24;;;;;15.5;0.0
-2;9500;VEV_5500;7;18;;;;;8;15;;;;;7.5;0.0
-2;9500;VEV_6000;0;17;;;;;1;17;;;;;0.5;0.0
-2;9500;VEV_6500;0;16;;;;;1;16;;;;;0.5;0.0
-2;9600;ASH_COATED_OSMIUM;9987;30;;;;;10005;13;10008;30;;;9996.0;0.0
-2;9600;HYDROGEL_PACK;9971;13;9969;21;;;9987;13;9990;21;;;9979.0;0.0
-2;9600;INTARIAN_PEPPER_ROOT;12999;16;;;;;13020;16;;;;;13009.5;0.0
-2;9600;VELVETFRUIT_EXTRACT;5268;66;;;;;5273;25;5274;39;;;5270.5;0.0
-2;9600;VEV_4000;1257;13;1254;18;;;1278;13;1281;18;;;1267.5;0.0
-2;9600;VEV_4500;736;9;734;23;;;752;9;753;6;754;23;744.0;0.0
-2;9600;VEV_5000;260;11;259;14;;;266;29;;;;;263.0;0.0
-2;9600;VEV_5100;162;28;;;;;166;32;167;22;;;164.0;0.0
-2;9600;VEV_5200;97;22;;;;;101;17;;;;;99.0;0.0
-2;9600;VEV_5300;56;23;;;;;58;5;59;11;;;57.0;0.0
-2;9600;VEV_5400;15;10;14;23;;;15;23;16;22;;;15.0;0.0
-2;9600;VEV_5500;7;24;;;;;8;22;;;;;7.5;0.0
-2;9600;VEV_6000;0;23;;;;;1;23;;;;;0.5;0.0
-2;9600;VEV_6500;0;11;;;;;1;11;;;;;0.5;0.0
-2;9700;ASH_COATED_OSMIUM;9987;26;;;;;10000;3;10006;12;10008;26;9993.5;0.0
-2;9700;HYDROGEL_PACK;9973;14;9970;27;;;9989;14;9991;27;;;9981.0;0.0
-2;9700;INTARIAN_PEPPER_ROOT;12999;22;;;;;13017;11;13020;22;;;13008.0;0.0
-2;9700;VELVETFRUIT_EXTRACT;5265;16;5264;53;;;5269;16;5270;59;;;5267.0;0.0
-2;9700;VEV_4000;1257;11;1254;29;;;1278;11;1280;29;;;1267.5;0.0
-2;9700;VEV_4500;735;6;734;8;733;23;751;6;752;23;;;743.0;0.0
-2;9700;VEV_5000;260;11;259;12;;;266;8;267;13;;;263.0;0.0
-2;9700;VEV_5100;164;8;163;23;;;169;19;;;;;166.5;0.0
-2;9700;VEV_5200;98;24;97;20;;;100;30;101;31;;;99.0;0.0
-2;9700;VEV_5300;;;;;;;58;8;;;;;58.0;0.0
-2;9700;VEV_5400;15;20;14;25;;;16;19;;;;;15.5;0.0
-2;9700;VEV_5500;7;25;;;;;8;29;;;;;7.5;0.0
-2;9700;VEV_6000;0;23;;;;;1;23;;;;;0.5;0.0
-2;9700;VEV_6500;0;14;;;;;1;14;;;;;0.5;0.0
-2;9800;ASH_COATED_OSMIUM;9987;26;;;;;10008;26;;;;;9997.5;0.0
-2;9800;HYDROGEL_PACK;9973;12;9970;21;;;9989;12;9991;21;;;9981.0;0.0
-2;9800;INTARIAN_PEPPER_ROOT;13003;12;13000;20;;;13017;12;13020;20;;;13010.0;0.0
-2;9800;VELVETFRUIT_EXTRACT;5264;15;5263;35;;;5268;15;5269;48;5270;49;5266.0;0.0
-2;9800;VEV_4000;1256;14;1253;29;;;1277;14;1280;29;;;1266.5;0.0
-2;9800;VEV_4500;735;11;733;19;;;751;11;753;19;;;743.0;0.0
-2;9800;VEV_5000;259;9;;;;;265;7;266;30;;;262.0;0.0
-2;9800;VEV_5100;164;20;163;33;;;168;11;169;14;;;166.0;0.0
-2;9800;VEV_5200;97;31;;;;;100;34;101;29;;;98.5;0.0
-2;9800;VEV_5300;57;19;;;;;59;22;;;;;58.0;0.0
-2;9800;VEV_5400;;;;;;;16;23;;;;;16.0;0.0
-2;9800;VEV_5500;7;23;;;;;8;21;;;;;7.5;0.0
-2;9800;VEV_6000;0;19;;;;;1;19;;;;;0.5;0.0
-2;9800;VEV_6500;0;13;;;;;1;13;;;;;0.5;0.0
-2;9900;ASH_COATED_OSMIUM;9990;10;9988;23;;;10006;10;;;;;9998.0;0.0
-2;9900;HYDROGEL_PACK;9974;10;9971;30;;;9990;10;9992;30;;;9982.0;0.0
-2;9900;INTARIAN_PEPPER_ROOT;13003;10;;;;;13020;20;;;;;13011.5;0.0
-2;9900;VELVETFRUIT_EXTRACT;5262;67;;;;;5267;17;5268;43;;;5264.5;0.0
-2;9900;VEV_4000;1256;8;1253;26;;;1277;8;1280;26;;;1266.5;0.0
-2;9900;VEV_4500;735;12;733;15;;;751;12;753;15;;;743.0;0.0
-2;9900;VEV_5000;258;6;257;15;;;264;11;;;;;261.0;0.0
-2;9900;VEV_5100;162;14;;;;;167;28;;;;;164.5;0.0
-2;9900;VEV_5200;;;;;;;100;11;101;31;;;100.0;0.0
-2;9900;VEV_5300;56;24;55;17;;;58;22;;;;;57.0;0.0
-2;9900;VEV_5400;15;20;;;;;17;25;;;;;16.0;0.0
-2;9900;VEV_5500;7;25;;;;;8;24;;;;;7.5;0.0
-2;9900;VEV_6000;0;26;;;;;1;26;;;;;0.5;0.0
-2;9900;VEV_6500;0;15;;;;;1;15;;;;;0.5;0.0
-2;10000;ASH_COATED_OSMIUM;9990;11;9987;29;;;10006;11;10008;29;;;9998.0;0.0
-2;10000;HYDROGEL_PACK;9973;13;9971;22;;;9989;13;9992;22;;;9981.0;0.0
-2;10000;INTARIAN_PEPPER_ROOT;13003;10;;;;;13017;10;13020;21;;;13010.0;0.0
-2;10000;VELVETFRUIT_EXTRACT;5262;15;5261;24;;;5267;64;;;;;5264.5;0.0
-2;10000;VEV_4000;1258;8;1255;18;;;1279;8;1281;18;;;1268.5;0.0
-2;10000;VEV_4500;735;6;733;19;;;751;6;753;19;;;743.0;0.0
-2;10000;VEV_5000;258;33;;;;;264;9;265;12;;;261.0;0.0
-2;10000;VEV_5100;162;9;;;;;166;8;;;;;164.0;0.0
-2;10000;VEV_5200;97;17;;;;;;;;;;;97.0;0.0
-2;10000;VEV_5300;;;;;;;58;18;;;;;58.0;0.0
-2;10000;VEV_5400;14;30;;;;;16;24;;;;;15.0;0.0
-2;10000;VEV_5500;7;19;;;;;8;17;;;;;7.5;0.0
-2;10000;VEV_6000;0;24;;;;;1;24;;;;;0.5;0.0
-2;10000;VEV_6500;0;14;;;;;1;14;;;;;0.5;0.0
-2;10100;ASH_COATED_OSMIUM;;;;;;;10006;14;10009;20;;;10006.0;0.0
-2;10100;HYDROGEL_PACK;9972;12;9970;28;;;9988;12;9991;28;;;9980.0;0.0
-2;10100;INTARIAN_PEPPER_ROOT;13000;18;;;;;13017;9;13020;18;;;13008.5;0.0
-2;10100;VELVETFRUIT_EXTRACT;5264;60;5264;16;;;5270;62;;;;;5267.0;0.0
-2;10100;VEV_4000;1259;7;1256;24;;;1280;7;1282;24;;;1269.5;0.0
-2;10100;VEV_4500;736;8;735;22;;;752;8;754;20;;;744.0;0.0
-2;10100;VEV_5000;257;12;256;17;;;263;10;;;;;260.0;0.0
-2;10100;VEV_5100;162;29;;;;;167;22;168;23;;;164.5;0.0
-2;10100;VEV_5200;98;21;97;22;;;101;24;;;;;99.5;0.0
-2;10100;VEV_5300;;;;;;;58;21;;;;;58.0;0.0
-2;10100;VEV_5400;14;23;;;;;15;21;16;18;;;14.5;0.0
-2;10100;VEV_5500;7;28;;;;;8;13;;;;;7.5;0.0
-2;10100;VEV_6000;0;19;;;;;1;19;;;;;0.5;0.0
-2;10100;VEV_6500;0;17;;;;;1;17;;;;;0.5;0.0
-2;10200;ASH_COATED_OSMIUM;9990;11;9988;24;;;10006;11;10009;24;;;9998.0;0.0
-2;10200;HYDROGEL_PACK;9972;11;9970;20;;;9988;11;9991;20;;;9980.0;0.0
-2;10200;INTARIAN_PEPPER_ROOT;13003;10;13000;20;;;13017;10;13020;20;;;13010.0;0.0
-2;10200;VELVETFRUIT_EXTRACT;5264;22;5263;59;;;5268;22;5269;52;;;5266.0;0.0
-2;10200;VEV_4000;1258;14;1255;20;;;1279;14;1282;20;;;1268.5;0.0
-2;10200;VEV_4500;738;8;737;6;736;20;754;8;755;20;;;746.0;0.0
-2;10200;VEV_5000;258;7;257;20;;;264;6;265;13;;;261.0;0.0
-2;10200;VEV_5100;163;26;162;18;;;167;25;168;15;;;165.0;0.0
-2;10200;VEV_5200;98;8;97;27;;;100;31;;;;;99.0;0.0
-2;10200;VEV_5300;56;15;55;21;;;58;25;;;;;57.0;0.0
-2;10200;VEV_5400;;;;;;;16;27;;;;;16.0;0.0
-2;10200;VEV_5500;7;23;;;;;8;26;;;;;7.5;0.0
-2;10200;VEV_6000;0;21;;;;;1;21;;;;;0.5;0.0
-2;10200;VEV_6500;0;15;;;;;1;15;;;;;0.5;0.0
-2;10300;ASH_COATED_OSMIUM;9991;12;;;;;10007;12;10009;30;;;9999.0;0.0
-2;10300;HYDROGEL_PACK;9970;12;9968;27;;;9986;12;9989;27;;;9978.0;0.0
-2;10300;INTARIAN_PEPPER_ROOT;13003;8;13000;21;;;13017;8;13021;21;;;13010.0;0.0
-2;10300;VELVETFRUIT_EXTRACT;5264;71;5264;22;;;5270;39;;;;;5267.0;0.0
-2;10300;VEV_4000;1258;10;1255;18;;;1279;10;1282;18;;;1268.5;0.0
-2;10300;VEV_4500;739;10;737;24;;;755;10;756;24;756;8;747.0;0.0
-2;10300;VEV_5000;258;17;;;;;266;15;;;;;262.0;0.0
-2;10300;VEV_5100;163;25;;;;;167;6;;;;;165.0;0.0
-2;10300;VEV_5200;99;9;;;;;101;27;102;19;;;100.0;0.0
-2;10300;VEV_5300;56;17;;;;;58;7;;;;;57.0;0.0
-2;10300;VEV_5400;14;16;;;;;16;16;;;;;15.0;0.0
-2;10300;VEV_5500;7;9;;;;;8;19;;;;;7.5;0.0
-2;10300;VEV_6000;0;22;;;;;1;22;;;;;0.5;0.0
-2;10300;VEV_6500;0;13;;;;;1;13;;;;;0.5;0.0
-2;10400;ASH_COATED_OSMIUM;9991;14;9988;20;;;10009;20;;;;;10000.0;0.0
-2;10400;HYDROGEL_PACK;9974;15;9972;25;;;9990;15;9992;25;;;9982.0;0.0
-2;10400;INTARIAN_PEPPER_ROOT;13003;11;13000;25;;;13017;11;13021;25;;;13010.0;0.0
-2;10400;VELVETFRUIT_EXTRACT;5264;60;;;;;5269;20;5270;32;;;5266.5;0.0
-2;10400;VEV_4000;1258;8;1255;16;;;1279;8;1281;16;;;1268.5;0.0
-2;10400;VEV_4500;739;12;738;23;737;17;755;12;756;17;;;747.0;0.0
-2;10400;VEV_5000;258;8;257;13;;;264;23;265;19;;;261.0;0.0
-2;10400;VEV_5100;163;8;162;17;;;167;31;;;;;165.0;0.0
-2;10400;VEV_5200;99;26;;;;;103;24;;;;;101.0;0.0
-2;10400;VEV_5300;56;23;;;;;;;;;;;56.0;0.0
-2;10400;VEV_5400;14;28;13;27;;;15;20;;;;;14.5;0.0
-2;10400;VEV_5500;7;18;;;;;8;19;;;;;7.5;0.0
-2;10400;VEV_6000;0;22;;;;;1;22;;;;;0.5;0.0
-2;10400;VEV_6500;0;13;;;;;1;13;;;;;0.5;0.0
-2;10500;ASH_COATED_OSMIUM;9990;14;9988;27;;;10006;14;;;;;9998.0;0.0
-2;10500;HYDROGEL_PACK;9975;13;9973;27;;;9991;13;9994;27;;;9983.0;0.0
-2;10500;INTARIAN_PEPPER_ROOT;13003;12;;;;;13018;12;13021;25;;;13010.5;0.0
-2;10500;VELVETFRUIT_EXTRACT;5265;42;5265;15;;;5271;33;;;;;5268.0;0.0
-2;10500;VEV_4000;1256;7;1254;24;;;1277;7;1280;24;;;1266.5;0.0
-2;10500;VEV_4500;738;7;737;6;736;18;754;7;755;8;756;18;746.0;0.0
-2;10500;VEV_5000;258;22;257;17;;;264;6;265;21;;;261.0;0.0
-2;10500;VEV_5100;162;21;;;;;;;;;;;162.0;0.0
-2;10500;VEV_5200;100;29;99;21;;;102;11;103;16;;;101.0;0.0
-2;10500;VEV_5300;55;5;;;;;57;19;;;;;56.0;0.0
-2;10500;VEV_5400;14;22;;;;;15;25;;;;;14.5;0.0
-2;10500;VEV_5500;7;22;;;;;8;20;;;;;7.5;0.0
-2;10500;VEV_6000;0;22;;;;;1;22;;;;;0.5;0.0
-2;10500;VEV_6500;0;14;;;;;1;14;;;;;0.5;0.0
-2;10600;ASH_COATED_OSMIUM;9990;15;9987;22;;;10008;22;;;;;9999.0;0.0
-2;10600;HYDROGEL_PACK;9979;15;9977;21;;;9995;15;9998;21;;;9987.0;0.0
-2;10600;INTARIAN_PEPPER_ROOT;13004;12;13000;25;;;13018;12;13021;25;;;13011.0;0.0
-2;10600;VELVETFRUIT_EXTRACT;5264;43;;;;;5270;53;;;;;5267.0;0.0
-2;10600;VEV_4000;1257;14;1254;16;;;1278;14;1281;16;;;1267.5;0.0
-2;10600;VEV_4500;738;10;736;12;;;754;10;756;12;;;746.0;0.0
-2;10600;VEV_5000;258;10;257;23;;;264;6;265;24;;;261.0;0.0
-2;10600;VEV_5100;163;10;;;;;;;;;;;163.0;0.0
-2;10600;VEV_5200;99;27;;;;;102;25;103;29;;;100.5;0.0
-2;10600;VEV_5300;55;25;;;;;57;19;58;25;;;56.0;0.0
-2;10600;VEV_5400;13;27;;;;;14;19;15;22;;;13.5;0.0
-2;10600;VEV_5500;7;23;;;;;8;17;;;;;7.5;0.0
-2;10600;VEV_6000;0;21;;;;;1;21;;;;;0.5;0.0
-2;10600;VEV_6500;0;15;;;;;1;15;;;;;0.5;0.0
-2;10700;ASH_COATED_OSMIUM;9990;13;9988;25;;;10006;13;10009;25;;;9998.0;0.0
-2;10700;HYDROGEL_PACK;9977;13;9975;23;;;9993;13;9996;23;;;9985.0;0.0
-2;10700;INTARIAN_PEPPER_ROOT;13004;11;13000;21;;;13018;11;13021;21;;;13011.0;0.0
-2;10700;VELVETFRUIT_EXTRACT;5265;16;5264;49;;;5269;16;5270;63;5271;43;5267.0;0.0
-2;10700;VEV_4000;1258;7;1255;26;;;1279;7;1281;26;;;1268.5;0.0
-2;10700;VEV_4500;737;6;;;;;753;6;755;12;;;745.0;0.0
-2;10700;VEV_5000;258;8;257;16;;;264;26;;;;;261.0;0.0
-2;10700;VEV_5100;;;;;;;168;10;169;14;;;168.0;0.0
-2;10700;VEV_5200;101;33;100;22;;;104;27;;;;;102.5;0.0
-2;10700;VEV_5300;55;20;54;16;;;57;23;;;;;56.0;0.0
-2;10700;VEV_5400;13;24;;;;;15;20;;;;;14.0;0.0
-2;10700;VEV_5500;7;29;;;;;8;30;;;;;7.5;0.0
-2;10700;VEV_6000;0;24;;;;;1;24;;;;;0.5;0.0
-2;10700;VEV_6500;0;11;;;;;1;11;;;;;0.5;0.0
-2;10800;ASH_COATED_OSMIUM;9990;11;9987;20;;;10006;11;10008;20;;;9998.0;0.0
-2;10800;HYDROGEL_PACK;9974;10;9972;27;;;9990;10;9993;27;;;9982.0;0.0
-2;10800;INTARIAN_PEPPER_ROOT;13004;12;13001;15;;;13018;12;13021;15;;;13011.0;0.0
-2;10800;VELVETFRUIT_EXTRACT;5266;65;5266;23;;;5271;23;5272;66;;;5268.5;0.0
-2;10800;VEV_4000;1257;12;1255;21;;;1278;12;1281;21;;;1267.5;0.0
-2;10800;VEV_4500;737;10;;;;;755;18;;;;;746.0;0.0
-2;10800;VEV_5000;258;9;257;28;;;264;27;265;15;;;261.0;0.0
-2;10800;VEV_5100;163;21;162;16;;;;;;;;;163.0;0.0
-2;10800;VEV_5200;100;12;99;33;;;102;12;103;27;;;101.0;0.0
-2;10800;VEV_5300;55;18;54;27;;;57;25;;;;;56.0;0.0
-2;10800;VEV_5400;13;26;13;5;;;15;26;;;;;14.0;0.0
-2;10800;VEV_5500;7;30;;;;;8;10;;;;;7.5;0.0
-2;10800;VEV_6000;0;17;;;;;1;17;;;;;0.5;0.0
-2;10800;VEV_6500;0;18;;;;;1;18;;;;;0.5;0.0
-2;10900;ASH_COATED_OSMIUM;9990;15;9987;28;;;10006;15;10008;28;;;9998.0;0.0
-2;10900;HYDROGEL_PACK;9975;10;9973;26;;;9991;10;9994;26;;;9983.0;0.0
-2;10900;INTARIAN_PEPPER_ROOT;13004;9;13001;19;;;13018;9;;;;;13011.0;0.0
-2;10900;VELVETFRUIT_EXTRACT;5268;36;;;;;5274;63;5275;31;;;5271.0;0.0
-2;10900;VEV_4000;1257;9;1255;24;;;1279;9;1281;24;;;1268.0;0.0
-2;10900;VEV_4500;738;11;737;23;736;23;754;11;755;10;756;23;746.0;0.0
-2;10900;VEV_5000;257;27;;;;;264;9;265;20;;;260.5;0.0
-2;10900;VEV_5100;164;26;163;31;;;168;9;169;12;;;166.0;0.0
-2;10900;VEV_5200;100;27;99;29;;;102;9;;;;;101.0;0.0
-2;10900;VEV_5300;54;7;;;;;56;20;;;;;55.0;0.0
-2;10900;VEV_5400;;;;;;;14;6;15;21;;;14.0;0.0
-2;10900;VEV_5500;7;23;;;;;8;18;;;;;7.5;0.0
-2;10900;VEV_6000;0;22;;;;;1;22;;;;;0.5;0.0
-2;10900;VEV_6500;0;16;;;;;1;16;;;;;0.5;0.0
-2;11000;ASH_COATED_OSMIUM;9990;12;;;;;10006;12;10009;20;;;9998.0;0.0
-2;11000;HYDROGEL_PACK;9976;10;9974;25;;;9992;10;9995;25;;;9984.0;0.0
-2;11000;INTARIAN_PEPPER_ROOT;13004;9;13001;19;;;13021;19;;;;;13012.5;0.0
-2;11000;VELVETFRUIT_EXTRACT;5270;18;5269;59;;;5275;34;;;;;5272.5;0.0
-2;11000;VEV_4000;1259;10;1256;19;;;1280;10;1283;19;;;1269.5;0.0
-2;11000;VEV_4500;739;12;737;14;;;755;12;757;14;;;747.0;0.0
-2;11000;VEV_5000;258;8;257;17;;;264;7;265;14;;;261.0;0.0
-2;11000;VEV_5100;;;;;;;167;12;168;19;;;167.0;0.0
-2;11000;VEV_5200;;;;;;;;;;;;;0.0;0.0
-2;11000;VEV_5300;54;25;;;;;56;25;;;;;55.0;0.0
-2;11000;VEV_5400;13;20;;;;;15;16;;;;;14.0;0.0
-2;11000;VEV_5500;7;20;;;;;8;19;;;;;7.5;0.0
-2;11000;VEV_6000;0;20;;;;;1;20;;;;;0.5;0.0
-2;11000;VEV_6500;0;18;;;;;1;18;;;;;0.5;0.0
-2;11100;ASH_COATED_OSMIUM;9990;12;9988;20;;;10006;12;10009;20;;;9998.0;0.0
-2;11100;HYDROGEL_PACK;9976;10;9974;24;;;9992;10;9995;24;;;9984.0;0.0
-2;11100;INTARIAN_PEPPER_ROOT;13004;11;13001;15;;;13021;15;;;;;13012.5;0.0
-2;11100;VELVETFRUIT_EXTRACT;5270;36;;;;;5275;23;5276;56;;;5272.5;0.0
-2;11100;VEV_4000;1258;10;1256;19;;;1280;10;1282;19;;;1269.0;0.0
-2;11100;VEV_4500;738;8;736;14;;;754;8;756;14;;;746.0;0.0
-2;11100;VEV_5000;259;6;258;22;;;265;6;266;15;;;262.0;0.0
-2;11100;VEV_5100;162;11;161;16;;;166;33;;;;;164.0;0.0
-2;11100;VEV_5200;100;6;99;24;;;102;26;103;23;;;101.0;0.0
-2;11100;VEV_5300;54;28;;;;;57;19;;;;;55.5;0.0
-2;11100;VEV_5400;13;16;;;;;15;29;;;;;14.0;0.0
-2;11100;VEV_5500;7;24;;;;;8;19;;;;;7.5;0.0
-2;11100;VEV_6000;0;20;;;;;1;20;;;;;0.5;0.0
-2;11100;VEV_6500;0;13;;;;;1;13;;;;;0.5;0.0
-2;11200;ASH_COATED_OSMIUM;9990;13;9988;27;;;10006;13;10009;27;;;9998.0;0.0
-2;11200;HYDROGEL_PACK;9977;13;9974;25;;;9993;13;9995;25;;;9985.0;0.0
-2;11200;INTARIAN_PEPPER_ROOT;13001;16;;;;;13021;16;;;;;13011.0;0.0
-2;11200;VELVETFRUIT_EXTRACT;5270;16;5269;25;;;5274;16;5275;32;;;5272.0;0.0
-2;11200;VEV_4000;1259;10;1257;18;;;1281;10;1283;18;;;1270.0;0.0
-2;11200;VEV_4500;739;6;737;18;;;755;6;757;18;;;747.0;0.0
-2;11200;VEV_5000;261;10;260;21;;;267;26;;;;;264.0;0.0
-2;11200;VEV_5100;162;10;161;17;;;166;27;;;;;164.0;0.0
-2;11200;VEV_5200;99;31;;;;;102;8;103;25;;;100.5;0.0
-2;11200;VEV_5300;55;17;;;;;57;9;;;;;56.0;0.0
-2;11200;VEV_5400;;;;;;;15;24;;;;;15.0;0.0
-2;11200;VEV_5500;7;19;;;;;8;15;;;;;7.5;0.0
-2;11200;VEV_6000;0;28;;;;;1;28;;;;;0.5;0.0
-2;11200;VEV_6500;0;12;;;;;1;12;;;;;0.5;0.0
-2;11300;ASH_COATED_OSMIUM;9989;12;9987;30;;;10005;12;;;;;9997.0;0.0
-2;11300;HYDROGEL_PACK;9975;10;9972;20;;;9991;10;9993;20;;;9983.0;0.0
-2;11300;INTARIAN_PEPPER_ROOT;13004;12;13001;20;;;13018;12;13022;20;;;13011.0;0.0
-2;11300;VELVETFRUIT_EXTRACT;5269;65;;;;;5275;49;;;;;5272.0;0.0
-2;11300;VEV_4000;1259;11;1257;30;;;1280;11;1283;30;;;1269.5;0.0
-2;11300;VEV_4500;737;10;735;21;;;753;10;754;8;755;21;745.0;0.0
-2;11300;VEV_5000;262;9;261;16;;;268;23;269;17;;;265.0;0.0
-2;11300;VEV_5100;162;24;;;;;166;25;167;14;;;164.0;0.0
-2;11300;VEV_5200;102;29;101;18;;;104;24;105;27;;;103.0;0.0
-2;11300;VEV_5300;54;25;;;;;56;24;;;;;55.0;0.0
-2;11300;VEV_5400;13;23;;;;;15;29;;;;;14.0;0.0
-2;11300;VEV_5500;7;27;;;;;8;20;;;;;7.5;0.0
-2;11300;VEV_6000;0;26;;;;;1;26;;;;;0.5;0.0
-2;11300;VEV_6500;0;14;;;;;1;14;;;;;0.5;0.0
-2;11400;ASH_COATED_OSMIUM;9990;15;9987;21;;;10006;15;10008;21;;;9998.0;0.0
-2;11400;HYDROGEL_PACK;9974;13;9971;21;;;9990;13;9992;21;;;9982.0;0.0
-2;11400;INTARIAN_PEPPER_ROOT;13001;20;;;;;13018;10;13022;20;;;13009.5;0.0
-2;11400;VELVETFRUIT_EXTRACT;5269;15;5268;62;;;5274;15;;;;;5271.5;0.0
-2;11400;VEV_4000;1260;13;1257;16;;;1281;13;1284;16;;;1270.5;0.0
-2;11400;VEV_4500;738;6;736;14;;;754;6;756;14;;;746.0;0.0
-2;11400;VEV_5000;262;8;;;;;268;12;269;28;;;265.0;0.0
-2;11400;VEV_5100;;;;;;;165;7;166;30;;;165.0;0.0
-2;11400;VEV_5200;102;12;101;18;;;;;;;;;102.0;0.0
-2;11400;VEV_5300;55;26;;;;;57;9;;;;;56.0;0.0
-2;11400;VEV_5400;13;16;;;;;15;29;;;;;14.0;0.0
-2;11400;VEV_5500;7;25;;;;;8;21;;;;;7.5;0.0
-2;11400;VEV_6000;0;27;;;;;1;27;;;;;0.5;0.0
-2;11400;VEV_6500;0;13;;;;;1;13;;;;;0.5;0.0
-2;11500;ASH_COATED_OSMIUM;;;;;;;10006;12;10009;25;;;10006.0;0.0
-2;11500;HYDROGEL_PACK;9977;10;9974;27;;;9993;10;9995;27;;;9985.0;0.0
-2;11500;INTARIAN_PEPPER_ROOT;13004;11;13001;25;;;13019;11;13022;25;;;13011.5;0.0
-2;11500;VELVETFRUIT_EXTRACT;5266;43;;;;;5272;51;5273;47;;;5269.0;0.0
-2;11500;VEV_4000;1261;15;1258;15;;;1282;15;1284;15;;;1271.5;0.0
-2;11500;VEV_4500;739;10;737;17;;;755;10;757;17;;;747.0;0.0
-2;11500;VEV_5000;262;9;261;16;;;268;10;269;19;;;265.0;0.0
-2;11500;VEV_5100;161;9;;;;;166;17;;;;;163.5;0.0
-2;11500;VEV_5200;101;23;;;;;105;15;;;;;103.0;0.0
-2;11500;VEV_5300;54;23;53;14;;;56;28;;;;;55.0;0.0
-2;11500;VEV_5400;13;16;;;;;15;18;;;;;14.0;0.0
-2;11500;VEV_5500;7;18;;;;;8;24;;;;;7.5;0.0
-2;11500;VEV_6000;0;25;;;;;1;25;;;;;0.5;0.0
-2;11500;VEV_6500;0;12;;;;;1;12;;;;;0.5;0.0
-2;11600;ASH_COATED_OSMIUM;9990;10;9988;26;;;10006;10;;;;;9998.0;0.0
-2;11600;HYDROGEL_PACK;9976;12;9974;21;;;9992;12;9995;21;;;9984.0;0.0
-2;11600;INTARIAN_PEPPER_ROOT;13005;10;13001;24;;;13019;10;13022;24;;;13012.0;0.0
-2;11600;VELVETFRUIT_EXTRACT;5267;49;5267;43;;;5272;20;5273;20;;;5269.5;0.0
-2;11600;VEV_4000;1262;13;1259;29;;;1283;13;1286;29;;;1272.5;0.0
-2;11600;VEV_4500;739;12;737;16;;;755;12;757;16;;;747.0;0.0
-2;11600;VEV_5000;262;7;;;;;268;10;;;;;265.0;0.0
-2;11600;VEV_5100;161;16;;;;;166;18;167;18;;;163.5;0.0
-2;11600;VEV_5200;99;13;;;;;102;10;;;;;100.5;0.0
-2;11600;VEV_5300;55;25;;;;;57;18;;;;;56.0;0.0
-2;11600;VEV_5400;13;23;;;;;14;26;15;25;;;13.5;0.0
-2;11600;VEV_5500;7;21;;;;;8;25;;;;;7.5;0.0
-2;11600;VEV_6000;0;28;;;;;1;28;;;;;0.5;0.0
-2;11600;VEV_6500;0;14;;;;;1;14;;;;;0.5;0.0
-2;11700;ASH_COATED_OSMIUM;9991;13;9988;30;;;10009;30;;;;;10000.0;0.0
-2;11700;HYDROGEL_PACK;9976;15;9973;21;;;9992;15;9994;21;;;9984.0;0.0
-2;11700;INTARIAN_PEPPER_ROOT;13005;8;13001;21;;;13022;21;;;;;13013.5;0.0
-2;11700;VELVETFRUIT_EXTRACT;5268;65;;;;;5274;68;5275;40;;;5271.0;0.0
-2;11700;VEV_4000;1261;15;1259;18;;;1283;15;1285;18;;;1272.0;0.0
-2;11700;VEV_4500;737;12;;;;;755;12;757;12;;;746.0;0.0
-2;11700;VEV_5000;262;8;261;21;;;268;6;;;;;265.0;0.0
-2;11700;VEV_5100;;;;;;;165;11;166;20;;;165.0;0.0
-2;11700;VEV_5200;100;26;99;28;;;102;9;103;16;;;101.0;0.0
-2;11700;VEV_5300;53;14;;;;;56;20;;;;;54.5;0.0
-2;11700;VEV_5400;13;24;;;;;14;23;15;27;;;13.5;0.0
-2;11700;VEV_5500;7;24;;;;;8;20;;;;;7.5;0.0
-2;11700;VEV_6000;0;17;;;;;1;17;;;;;0.5;0.0
-2;11700;VEV_6500;0;14;;;;;1;14;;;;;0.5;0.0
-2;11800;ASH_COATED_OSMIUM;9990;12;;;;;10006;12;10009;21;;;9998.0;0.0
-2;11800;HYDROGEL_PACK;9974;15;9972;30;;;9990;15;9993;30;;;9982.0;0.0
-2;11800;INTARIAN_PEPPER_ROOT;13005;10;13002;19;;;13019;10;13022;19;;;13012.0;0.0
-2;11800;VELVETFRUIT_EXTRACT;5268;55;;;;;5273;20;5274;41;;;5270.5;0.0
-2;11800;VEV_4000;1260;15;1257;20;;;1281;15;1284;20;;;1270.5;0.0
-2;11800;VEV_4500;738;11;736;20;;;754;11;756;20;;;746.0;0.0
-2;11800;VEV_5000;263;6;;;;;269;34;270;32;;;266.0;0.0
-2;11800;VEV_5100;161;12;;;;;165;11;;;;;163.0;0.0
-2;11800;VEV_5200;98;11;;;;;100;10;101;22;;;99.0;0.0
-2;11800;VEV_5300;53;19;;;;;55;17;;;;;54.0;0.0
-2;11800;VEV_5400;13;25;;;;;15;21;;;;;14.0;0.0
-2;11800;VEV_5500;7;21;;;;;8;19;;;;;7.5;0.0
-2;11800;VEV_6000;0;27;;;;;1;27;;;;;0.5;0.0
-2;11800;VEV_6500;0;17;;;;;1;17;;;;;0.5;0.0
-2;11900;ASH_COATED_OSMIUM;9991;14;;;;;10010;21;;;;;10000.5;0.0
-2;11900;HYDROGEL_PACK;9974;15;9972;23;;;9990;15;9992;23;;;9982.0;0.0
-2;11900;INTARIAN_PEPPER_ROOT;13005;12;13002;23;;;13019;12;13022;23;;;13012.0;0.0
-2;11900;VELVETFRUIT_EXTRACT;5269;48;;;;;5274;20;5275;68;;;5271.5;0.0
-2;11900;VEV_4000;1260;15;1257;30;;;1281;15;1283;30;;;1270.5;0.0
-2;11900;VEV_4500;739;6;737;14;;;755;6;756;14;;;747.0;0.0
-2;11900;VEV_5000;262;12;261;22;;;268;8;269;21;;;265.0;0.0
-2;11900;VEV_5100;;;;;;;164;25;165;12;;;164.0;0.0
-2;11900;VEV_5200;98;32;97;25;;;100;21;;;;;99.0;0.0
-2;11900;VEV_5300;52;24;;;;;54;19;;;;;53.0;0.0
-2;11900;VEV_5400;13;24;;;;;15;19;;;;;14.0;0.0
-2;11900;VEV_5500;7;26;;;;;8;22;;;;;7.5;0.0
-2;11900;VEV_6000;0;27;;;;;1;27;;;;;0.5;0.0
-2;11900;VEV_6500;0;15;;;;;1;15;;;;;0.5;0.0
-2;12000;ASH_COATED_OSMIUM;;;;;;;10007;14;10010;28;;;10007.0;0.0
-2;12000;HYDROGEL_PACK;9971;13;9969;27;;;9987;13;9990;27;;;9979.0;0.0
-2;12000;INTARIAN_PEPPER_ROOT;13005;8;13002;18;;;13008;5;13022;18;;;13006.5;0.0
-2;12000;VELVETFRUIT_EXTRACT;5269;21;5268;50;;;5274;50;;;;;5271.5;0.0
-2;12000;VEV_4000;1259;10;1257;19;;;1281;10;1283;19;;;1270.0;0.0
-2;12000;VEV_4500;739;12;737;21;;;755;12;756;21;;;747.0;0.0
-2;12000;VEV_5000;263;28;262;18;;;269;11;270;17;;;266.0;0.0
-2;12000;VEV_5100;161;31;160;20;;;165;7;166;22;;;163.0;0.0
-2;12000;VEV_5200;96;18;;;;;99;27;;;;;97.5;0.0
-2;12000;VEV_5300;52;29;51;13;;;;;;;;;52.0;0.0
-2;12000;VEV_5400;13;23;;;;;15;28;;;;;14.0;0.0
-2;12000;VEV_5500;6;26;;;;;8;16;;;;;7.0;0.0
-2;12000;VEV_6000;0;28;;;;;1;28;;;;;0.5;0.0
-2;12000;VEV_6500;0;12;;;;;1;12;;;;;0.5;0.0
-2;12100;ASH_COATED_OSMIUM;9991;12;9989;29;;;10007;12;10010;29;;;9999.0;0.0
-2;12100;HYDROGEL_PACK;9972;13;9970;26;;;9988;13;9991;26;;;9980.0;0.0
-2;12100;INTARIAN_PEPPER_ROOT;13005;8;13002;25;;;13019;8;13022;25;;;13012.0;0.0
-2;12100;VELVETFRUIT_EXTRACT;5269;24;5268;47;;;5274;36;5275;45;;;5271.5;0.0
-2;12100;VEV_4000;1261;7;1258;27;;;1282;7;1285;27;;;1271.5;0.0
-2;12100;VEV_4500;738;6;736;12;;;754;6;756;12;;;746.0;0.0
-2;12100;VEV_5000;261;7;260;22;;;267;21;268;36;;;264.0;0.0
-2;12100;VEV_5100;161;17;;;;;166;21;;;;;163.5;0.0
-2;12100;VEV_5200;98;10;;;;;100;27;101;27;;;99.0;0.0
-2;12100;VEV_5300;52;27;;;;;54;23;;;;;53.0;0.0
-2;12100;VEV_5400;13;28;13;22;;;15;19;;;;;14.0;0.0
-2;12100;VEV_5500;6;29;;;;;8;22;;;;;7.0;0.0
-2;12100;VEV_6000;0;19;;;;;1;19;;;;;0.5;0.0
-2;12100;VEV_6500;0;15;;;;;1;15;;;;;0.5;0.0
-2;12200;ASH_COATED_OSMIUM;9992;10;9989;30;;;10010;30;;;;;10001.0;0.0
-2;12200;HYDROGEL_PACK;9973;13;9971;20;;;9989;13;9992;20;;;9981.0;0.0
-2;12200;INTARIAN_PEPPER_ROOT;13005;12;13002;23;;;13019;12;;;;;13012.0;0.0
-2;12200;VELVETFRUIT_EXTRACT;5269;22;5269;20;;;5275;36;;;;;5272.0;0.0
-2;12200;VEV_4000;1260;13;1258;24;;;1281;13;1284;24;;;1270.5;0.0
-2;12200;VEV_4500;738;7;737;12;736;16;754;7;755;16;;;746.0;0.0
-2;12200;VEV_5000;260;12;259;28;;;266;7;267;22;;;263.0;0.0
-2;12200;VEV_5100;163;6;162;24;;;;;;;;;163.0;0.0
-2;12200;VEV_5200;98;28;97;21;;;100;21;101;20;;;99.0;0.0
-2;12200;VEV_5300;52;26;;;;;54;27;;;;;53.0;0.0
-2;12200;VEV_5400;14;24;13;23;;;;;;;;;14.0;0.0
-2;12200;VEV_5500;7;25;;;;;8;25;;;;;7.5;0.0
-2;12200;VEV_6000;0;15;;;;;1;15;;;;;0.5;0.0
-2;12200;VEV_6500;0;16;;;;;1;16;;;;;0.5;0.0
-2;12300;ASH_COATED_OSMIUM;9989;24;;;;;10008;15;10010;24;;;9998.5;0.0
-2;12300;HYDROGEL_PACK;9970;27;;;;;9988;13;9991;27;;;9979.0;0.0
-2;12300;INTARIAN_PEPPER_ROOT;13005;12;;;;;13019;12;;;;;13012.0;0.0
-2;12300;VELVETFRUIT_EXTRACT;5267;52;;;;;5273;53;;;;;5270.0;0.0
-2;12300;VEV_4000;1260;9;1258;25;;;1282;9;1284;25;;;1271.0;0.0
-2;12300;VEV_4500;738;7;737;22;736;21;754;7;755;12;756;21;746.0;0.0
-2;12300;VEV_5000;262;6;261;12;;;268;27;269;24;;;265.0;0.0
-2;12300;VEV_5100;162;29;;;;;167;11;;;;;164.5;0.0
-2;12300;VEV_5200;98;24;97;19;;;101;19;;;;;99.5;0.0
-2;12300;VEV_5300;52;23;;;;;54;27;;;;;53.0;0.0
-2;12300;VEV_5400;13;19;;;;;15;13;;;;;14.0;0.0
-2;12300;VEV_5500;7;21;;;;;8;30;;;;;7.5;0.0
-2;12300;VEV_6000;0;26;;;;;1;26;;;;;0.5;0.0
-2;12300;VEV_6500;0;12;;;;;1;12;;;;;0.5;0.0
-2;12400;ASH_COATED_OSMIUM;9992;12;9989;21;;;10010;21;;;;;10001.0;0.0
-2;12400;HYDROGEL_PACK;9971;15;9968;29;;;9987;15;9989;29;;;9979.0;0.0
-2;12400;INTARIAN_PEPPER_ROOT;13005;10;13002;25;;;13019;10;13023;25;;;13012.0;0.0
-2;12400;VELVETFRUIT_EXTRACT;5266;37;;;;;5271;21;5272;67;;;5268.5;0.0
-2;12400;VEV_4000;1262;9;1259;22;;;1283;9;1285;22;;;1272.5;0.0
-2;12400;VEV_4500;738;12;736;13;;;756;13;;;;;747.0;0.0
-2;12400;VEV_5000;262;36;261;20;;;268;9;269;32;;;265.0;0.0
-2;12400;VEV_5100;164;10;163;16;;;169;29;;;;;166.5;0.0
-2;12400;VEV_5200;99;24;98;24;;;101;22;102;12;;;100.0;0.0
-2;12400;VEV_5300;52;21;51;17;;;54;21;;;;;53.0;0.0
-2;12400;VEV_5400;13;26;;;;;14;28;15;23;;;13.5;0.0
-2;12400;VEV_5500;7;21;;;;;8;28;;;;;7.5;0.0
-2;12400;VEV_6000;0;20;;;;;1;20;;;;;0.5;0.0
-2;12400;VEV_6500;0;17;;;;;1;17;;;;;0.5;0.0
-2;12500;ASH_COATED_OSMIUM;9989;24;;;;;10010;24;;;;;9999.5;0.0
-2;12500;HYDROGEL_PACK;9970;10;9967;29;;;9986;10;9988;29;;;9978.0;0.0
-2;12500;INTARIAN_PEPPER_ROOT;13002;23;;;;;13020;9;13023;23;;;13011.0;0.0
-2;12500;VELVETFRUIT_EXTRACT;5266;30;;;;;5272;54;5273;41;;;5269.0;0.0
-2;12500;VEV_4000;1262;12;1259;27;;;1283;12;1286;27;;;1272.5;0.0
-2;12500;VEV_4500;738;9;736;12;;;754;9;756;12;;;746.0;0.0
-2;12500;VEV_5000;261;7;260;12;;;267;11;268;30;;;264.0;0.0
-2;12500;VEV_5100;164;10;;;;;168;11;;;;;166.0;0.0
-2;12500;VEV_5200;98;33;;;;;100;10;101;20;;;99.0;0.0
-2;12500;VEV_5300;51;18;50;20;;;53;22;;;;;52.0;0.0
-2;12500;VEV_5400;14;6;;;;;15;15;;;;;14.5;0.0
-2;12500;VEV_5500;7;25;;;;;8;25;;;;;7.5;0.0
-2;12500;VEV_6000;0;20;;;;;1;20;;;;;0.5;0.0
-2;12500;VEV_6500;0;12;;;;;1;12;;;;;0.5;0.0
-2;12600;ASH_COATED_OSMIUM;;;;;;;;;;;;;0.0;0.0
-2;12600;HYDROGEL_PACK;9973;14;9970;25;;;9989;14;9991;25;;;9981.0;0.0
-2;12600;INTARIAN_PEPPER_ROOT;13006;12;13002;23;;;13020;12;13023;23;;;13013.0;0.0
-2;12600;VELVETFRUIT_EXTRACT;5266;43;5266;62;;;5272;58;;;;;5269.0;0.0
-2;12600;VEV_4000;1261;15;1259;26;;;1283;15;1285;26;;;1272.0;0.0
-2;12600;VEV_4500;738;11;736;12;;;754;11;756;12;;;746.0;0.0
-2;12600;VEV_5000;261;8;260;16;;;267;8;;;;;264.0;0.0
-2;12600;VEV_5100;163;8;162;28;;;167;9;;;;;165.0;0.0
-2;12600;VEV_5200;96;29;;;;;99;7;100;21;;;97.5;0.0
-2;12600;VEV_5300;51;18;50;13;;;54;12;;;;;52.5;0.0
-2;12600;VEV_5400;13;19;;;;;15;21;;;;;14.0;0.0
-2;12600;VEV_5500;7;18;;;;;8;21;;;;;7.5;0.0
