timestamp;buyer;seller;symbol;currency;price;quantity
0;BOT_MAKER;BOT_TAKER;VELVETFRUIT_EXTRACT;XIRECS;5259.0;8
100;BOT_TAKER;BOT_MAKER;VELVETFRUIT_EXTRACT;XIRECS;5266.0;8
100;BOT_TAKER;BOT_MAKER;VEV_4000;XIRECS;1271.0;3
100;BOT_MAKER;BOT_TAKER;VEV_5400;XIRECS;15.0;4
100;SUBMISSION;BOT;INTARIAN_PEPPER_ROOT;XIRECS;13007.0;9
200;BOT_TAKER;BOT_MAKER;HYDROGEL_PACK;XIRECS;9990.0;5
200;BOT_MAKER;BOT_TAKER;VELVETFRUIT_EXTRACT;XIRECS;5260.0;7
200;SUBMISSION;BOT;INTARIAN_PEPPER_ROOT;XIRECS;13007.0;9
300;BOT_MAKER;BOT_TAKER;HYDROGEL_PACK;XIRECS;9975.0;4
300;BOT_MAKER;BOT_TAKER;VELVETFRUIT_EXTRACT;XIRECS;5259.0;8
300;BOT_MAKER;BOT_TAKER;VEV_4000;XIRECS;1251.0;2
300;SUBMISSION;BOT;INTARIAN_PEPPER_ROOT;XIRECS;13011.0;15
400;BOT_MAKER;BOT_TAKER;HYDROGEL_PACK;XIRECS;9975.0;2
400;BOT_MAKER;BOT_TAKER;VELVETFRUIT_EXTRACT;XIRECS;5260.0;8
400;BOT_TAKER;BOT_MAKER;VEV_6000;XIRECS;1.0;4
400;SUBMISSION;BOT;INTARIAN_PEPPER_ROOT;XIRECS;13007.0;10
400;BOT_TAKER;SUBMISSION;VELVETFRUIT_EXTRACT;XIRECS;5263.0;5
500;BOT_MAKER;BOT_TAKER;ASH_COATED_OSMIUM;XIRECS;9992.0;9
600;BOT_MAKER;BOT_TAKER;HYDROGEL_PACK;XIRECS;9975.0;5
600;SUBMISSION;BOT;INTARIAN_PEPPER_ROOT;XIRECS;13008.0;10
700;BOT_TAKER;BOT_MAKER;HYDROGEL_PACK;XIRECS;9991.0;5
700;SUBMISSION;BOT;ASH_COATED_OSMIUM;XIRECS;9997.0;8
700;SUBMISSION;BOT;INTARIAN_PEPPER_ROOT;XIRECS;13008.0;9
800;BOT_TAKER;BOT_MAKER;VELVETFRUIT_EXTRACT;XIRECS;5264.0;5
800;SUBMISSION;BOT;INTARIAN_PEPPER_ROOT;XIRECS;13008.0;8
900;BOT_MAKER;BOT_TAKER;HYDROGEL_PACK;XIRECS;9977.0;6
900;BOT_TAKER;BOT_MAKER;VELVETFRUIT_EXTRACT;XIRECS;5266.0;7
900;BOT_MAKER;BOT_TAKER;VEV_4000;XIRECS;1255.0;1
1000;BOT_MAKER;BOT_TAKER;VELVETFRUIT_EXTRACT;XIRECS;5261.0;10
1100;BOT_TAKER;BOT_MAKER;HYDROGEL_PACK;XIRECS;9991.0;3
1100;SUBMISSION;BOT;INTARIAN_PEPPER_ROOT;XIRECS;13008.0;8
1200;SUBMISSION;BOT;INTARIAN_PEPPER_ROOT;XIRECS;13008.0;2
1400;BOT_MAKER;BOT_TAKER;VEV_5300;XIRECS;51.0;4
1500;BOT_TAKER;BOT_MAKER;VELVETFRUIT_EXTRACT;XIRECS;5262.0;6
1500;BOT_MAKER;BOT_TAKER;VEV_6500;XIRECS;0.0;5
1700;BOT_MAKER;BOT_TAKER;VELVETFRUIT_EXTRACT;XIRECS;5259.0;3
1700;SUBMISSION;BOT_TAKER;HYDROGEL_PACK;XIRECS;9969.0;2
1900;BOT_TAKER;BOT_MAKER;HYDROGEL_PACK;XIRECS;9987.0;5
1900;BOT_MAKER;BOT_TAKER;VELVETFRUIT_EXTRACT;XIRECS;5259.0;4
2000;BOT_TAKER;BOT_MAKER;VEV_5400;XIRECS;15.0;2
2000;BOT_MAKER;BOT_TAKER;VEV_6000;XIRECS;0.0;3
2100;BOT_TAKER;BOT_MAKER;ASH_COATED_OSMIUM;XIRECS;10006.0;4
2100;BOT_MAKER;BOT_TAKER;HYDROGEL_PACK;XIRECS;9972.0;3
2200;BOT_MAKER;BOT_TAKER;HYDROGEL_PACK;XIRECS;9972.0;6
2300;BOT_MAKER;BOT_TAKER;HYDROGEL_PACK;XIRECS;9971.0;3
2700;BOT_MAKER;BOT_TAKER;HYDROGEL_PACK;XIRECS;9972.0;2
2700;BOT_TAKER;BOT_MAKER;VELVETFRUIT_EXTRACT;XIRECS;5265.0;5
2700;BOT_MAKER;BOT_TAKER;VEV_4000;XIRECS;1252.0;2
2700;BOT;SUBMISSION;ASH_COATED_OSMIUM;XIRECS;10000.0;4
2800;BOT_TAKER;BOT_MAKER;ASH_COATED_OSMIUM;XIRECS;10008.0;7
2800;SUBMISSION;BOT_TAKER;VELVETFRUIT_EXTRACT;XIRECS;5262.0;5
2900;BOT_TAKER;BOT_MAKER;HYDROGEL_PACK;XIRECS;9995.0;3
3100;BOT_MAKER;BOT_TAKER;VEV_5400;XIRECS;16.0;3
3300;BOT_TAKER;BOT_MAKER;HYDROGEL_PACK;XIRECS;9985.0;6
3300;BOT_TAKER;BOT_MAKER;VEV_5400;XIRECS;18.0;3
3300;BOT_TAKER;SUBMISSION;VEV_4000;XIRECS;1272.0;2
3400;BOT_TAKER;BOT_MAKER;ASH_COATED_OSMIUM;XIRECS;10005.0;6
3400;BOT_TAKER;BOT_MAKER;VELVETFRUIT_EXTRACT;XIRECS;5266.0;7
3400;SUBMISSION;BOT_TAKER;VELVETFRUIT_EXTRACT;XIRECS;5262.0;5
3400;BOT_MAKER;BOT_TAKER;VELVETFRUIT_EXTRACT;XIRECS;5261.0;3
3500;BOT_MAKER;BOT_TAKER;VELVETFRUIT_EXTRACT;XIRECS;5261.0;8
3500;BOT_MAKER;BOT_TAKER;VEV_5300;XIRECS;49.0;2
3500;BOT_TAKER;BOT_MAKER;VEV_6500;XIRECS;1.0;2
3600;BOT_MAKER;BOT_TAKER;HYDROGEL_PACK;XIRECS;9969.0;3
3700;BOT_MAKER;BOT_TAKER;HYDROGEL_PACK;XIRECS;9967.0;4
3900;BOT_MAKER;BOT_TAKER;VEV_6500;XIRECS;0.0;5
4000;BOT_MAKER;BOT_TAKER;HYDROGEL_PACK;XIRECS;9969.0;4
4000;BOT_MAKER;BOT_TAKER;VELVETFRUIT_EXTRACT;XIRECS;5259.0;8
4000;BOT_TAKER;BOT_MAKER;VEV_4000;XIRECS;1276.0;3
4000;BOT_TAKER;BOT_MAKER;VEV_5400;XIRECS;18.0;2
4100;BOT_MAKER;BOT_TAKER;VEV_5300;XIRECS;49.0;2
4100;BOT_MAKER;BOT_TAKER;VEV_6000;XIRECS;0.0;2
4100;BOT_TAKER;BOT_MAKER;ASH_COATED_OSMIUM;XIRECS;10000.0;3
4100;BOT_TAKER;SUBMISSION;ASH_COATED_OSMIUM;XIRECS;10005.0;1
4200;BOT_MAKER;BOT_TAKER;VELVETFRUIT_EXTRACT;XIRECS;5261.0;8
4300;BOT_MAKER;BOT_TAKER;HYDROGEL_PACK;XIRECS;9971.0;2
4300;BOT_TAKER;BOT_MAKER;VELVETFRUIT_EXTRACT;XIRECS;5266.0;7
4300;BOT_TAKER;BOT_MAKER;VEV_6000;XIRECS;1.0;4
4400;BOT_MAKER;BOT_TAKER;HYDROGEL_PACK;XIRECS;9971.0;3
4400;BOT_MAKER;BOT_TAKER;VEV_6500;XIRECS;0.0;5
4500;BOT_MAKER;BOT_TAKER;VELVETFRUIT_EXTRACT;XIRECS;5261.0;8
4700;BOT_MAKER;BOT_TAKER;VELVETFRUIT_EXTRACT;XIRECS;5264.0;6
4700;BOT_MAKER;BOT_TAKER;VEV_6000;XIRECS;0.0;4
4800;BOT_MAKER;BOT_TAKER;HYDROGEL_PACK;XIRECS;9969.0;3
4800;BOT_TAKER;SUBMISSION;VEV_4000;XIRECS;1272.0;1
4900;BOT_MAKER;BOT_TAKER;VEV_5500;XIRECS;6.0;4
5100;BOT_TAKER;BOT_MAKER;HYDROGEL_PACK;XIRECS;9986.0;2
5100;SUBMISSION;BOT_TAKER;HYDROGEL_PACK;XIRECS;9971.0;5
5200;BOT_TAKER;BOT_MAKER;VELVETFRUIT_EXTRACT;XIRECS;5271.0;5
5400;BOT_MAKER;BOT_TAKER;VEV_4000;XIRECS;1255.0;3
5500;BOT_MAKER;BOT_TAKER;VEV_5500;XIRECS;6.0;5
5500;BOT_TAKER;SUBMISSION;ASH_COATED_OSMIUM;XIRECS;10004.0;6
5700;BOT_MAKER;BOT_TAKER;VEV_5500;XIRECS;6.0;5
5800;BOT_TAKER;BOT_MAKER;VELVETFRUIT_EXTRACT;XIRECS;5273.0;4
5800;BOT_TAKER;SUBMISSION;ASH_COATED_OSMIUM;XIRECS;10004.0;4
5900;BOT_TAKER;SUBMISSION;VELVETFRUIT_EXTRACT;XIRECS;5273.0;5
5900;BOT_TAKER;BOT_MAKER;VELVETFRUIT_EXTRACT;XIRECS;5274.0;1
6000;BOT_TAKER;BOT_MAKER;VEV_6000;XIRECS;1.0;5
6200;BOT_MAKER;BOT_TAKER;HYDROGEL_PACK;XIRECS;9974.0;4
6200;BOT_MAKER;BOT_TAKER;VEV_5500;XIRECS;6.0;2
6300;BOT_TAKER;SUBMISSION;VELVETFRUIT_EXTRACT;XIRECS;5274.0;5
6300;BOT_TAKER;BOT_MAKER;VELVETFRUIT_EXTRACT;XIRECS;5275.0;2
6400;BOT_MAKER;BOT_TAKER;HYDROGEL_PACK;XIRECS;9974.0;6
6400;BOT_TAKER;BOT_MAKER;VELVETFRUIT_EXTRACT;XIRECS;5274.0;11
6400;BOT_TAKER;BOT_MAKER;VEV_4000;XIRECS;1278.0;2
6400;BOT_TAKER;BOT_MAKER;VEV_5500;XIRECS;8.0;5
6400;BOT_MAKER;BOT_TAKER;VEV_6500;XIRECS;0.0;2
6500;BOT_MAKER;BOT_TAKER;VEV_4000;XIRECS;1256.0;3
6500;BOT_TAKER;BOT_MAKER;VEV_5400;XIRECS;17.0;3
6600;BOT_TAKER;BOT_MAKER;VEV_6000;XIRECS;1.0;2
6600;BOT_TAKER;BOT_MAKER;VEV_6500;XIRECS;1.0;5
6600;SUBMISSION;BOT_TAKER;VEV_4000;XIRECS;1256.0;1
6700;BOT_MAKER;BOT_TAKER;HYDROGEL_PACK;XIRECS;9976.0;6
6700;BOT_MAKER;BOT_TAKER;VELVETFRUIT_EXTRACT;XIRECS;5270.0;7
6800;BOT_TAKER;BOT_MAKER;VELVETFRUIT_EXTRACT;XIRECS;5276.0;6
6900;BOT_MAKER;BOT_TAKER;INTARIAN_PEPPER_ROOT;XIRECS;13000.0;7
7000;BOT_TAKER;BOT_MAKER;HYDROGEL_PACK;XIRECS;9991.0;6
7000;BOT_TAKER;BOT_MAKER;VELVETFRUIT_EXTRACT;XIRECS;5277.0;10
7100;BOT_MAKER;BOT_TAKER;VELVETFRUIT_EXTRACT;XIRECS;5272.0;5
7100;BOT_TAKER;BOT_MAKER;VEV_5500;XIRECS;8.0;4
7100;BOT_TAKER;BOT_MAKER;VEV_6500;XIRECS;1.0;4
7200;BOT_MAKER;BOT_TAKER;VEV_4000;XIRECS;1255.0;2
7200;SUBMISSION;BOT;ASH_COATED_OSMIUM;XIRECS;9996.0;4
7300;BOT_MAKER;BOT_TAKER;ASH_COATED_OSMIUM;XIRECS;9990.0;5
7300;BOT_MAKER;BOT_TAKER;VELVETFRUIT_EXTRACT;XIRECS;5271.0;3
7300;BOT_TAKER;BOT_MAKER;VEV_5500;XIRECS;8.0;5
7400;BOT_TAKER;BOT_MAKER;VEV_5400;XIRECS;16.0;2
7400;BOT_MAKER;BOT_TAKER;VEV_6000;XIRECS;0.0;2
7500;BOT_MAKER;BOT_TAKER;HYDROGEL_PACK;XIRECS;9974.0;6
7500;BOT_TAKER;BOT_MAKER;VEV_5200;XIRECS;104.0;4
7800;BOT_TAKER;BOT_MAKER;HYDROGEL_PACK;XIRECS;9991.0;4
7800;BOT_TAKER;BOT_MAKER;VEV_6000;XIRECS;1.0;5
7900;BOT_TAKER;BOT_MAKER;VELVETFRUIT_EXTRACT;XIRECS;5276.0;5
8000;BOT_MAKER;BOT_TAKER;VELVETFRUIT_EXTRACT;XIRECS;5270.0;5
8000;BOT_MAKER;BOT_TAKER;VELVETFRUIT_EXTRACT;XIRECS;5270.0;6
8000;BOT_TAKER;SUBMISSION;ASH_COATED_OSMIUM;XIRECS;10005.0;3
8000;BOT_TAKER;SUBMISSION;VELVETFRUIT_EXTRACT;XIRECS;5275.0;5
8000;BOT_TAKER;BOT_MAKER;VELVETFRUIT_EXTRACT;XIRECS;5276.0;4
8100;SUBMISSION;BOT_TAKER;HYDROGEL_PACK;XIRECS;9974.0;2
8100;SUBMISSION;BOT_TAKER;VELVETFRUIT_EXTRACT;XIRECS;5269.0;5
8100;BOT_MAKER;BOT_TAKER;VELVETFRUIT_EXTRACT;XIRECS;5268.0;1
8300;BOT_TAKER;BOT_MAKER;VELVETFRUIT_EXTRACT;XIRECS;5272.0;6
8300;BOT_TAKER;BOT_MAKER;VEV_4000;XIRECS;1275.0;3
8400;BOT_TAKER;BOT_MAKER;HYDROGEL_PACK;XIRECS;9990.0;5
8400;BOT_MAKER;BOT_TAKER;VEV_5400;XIRECS;14.0;4
8400;BOT_TAKER;BOT_MAKER;VEV_6000;XIRECS;1.0;3
8500;BOT_TAKER;BOT_MAKER;VELVETFRUIT_EXTRACT;XIRECS;5270.0;7
8500;BOT_TAKER;BOT_MAKER;VELVETFRUIT_EXTRACT;XIRECS;5270.0;5
8500;BOT_MAKER;BOT_TAKER;VEV_4000;XIRECS;1254.0;2
8700;BOT_TAKER;BOT_MAKER;VELVETFRUIT_EXTRACT;XIRECS;5272.0;4
8700;BOT_MAKER;BOT_TAKER;VEV_6000;XIRECS;0.0;2
8800;BOT_TAKER;BOT_MAKER;VELVETFRUIT_EXTRACT;XIRECS;5271.0;5
8900;BOT_MAKER;BOT_TAKER;VELVETFRUIT_EXTRACT;XIRECS;5267.0;8
9000;BOT_MAKER;BOT_TAKER;HYDROGEL_PACK;XIRECS;9969.0;6
9100;BOT_TAKER;BOT_MAKER;HYDROGEL_PACK;XIRECS;9985.0;4
9200;BOT_MAKER;BOT_TAKER;VELVETFRUIT_EXTRACT;XIRECS;5267.0;7
9400;BOT_TAKER;SUBMISSION;ASH_COATED_OSMIUM;XIRECS;10007.0;3
9500;BOT_TAKER;BOT_MAKER;HYDROGEL_PACK;XIRECS;9986.0;2
9500;BOT_MAKER;BOT_TAKER;VELVETFRUIT_EXTRACT;XIRECS;5267.0;7
9600;BOT_MAKER;BOT_TAKER;ASH_COATED_OSMIUM;XIRECS;9987.0;4
9600;BOT_TAKER;BOT_MAKER;VELVETFRUIT_EXTRACT;XIRECS;5273.0;6
9600;BOT_TAKER;BOT_MAKER;VELVETFRUIT_EXTRACT;XIRECS;5273.0;3
9600;SUBMISSION;BOT_TAKER;HYDROGEL_PACK;XIRECS;9972.0;2
9800;BOT_TAKER;BOT_MAKER;VEV_5300;XIRECS;59.0;2
9800;SUBMISSION;BOT_TAKER;VELVETFRUIT_EXTRACT;XIRECS;5265.0;3
10000;BOT_MAKER;BOT_TAKER;VELVETFRUIT_EXTRACT;XIRECS;5262.0;6
10100;BOT_MAKER;BOT_TAKER;VELVETFRUIT_EXTRACT;XIRECS;5264.0;5
10100;BOT_TAKER;BOT_MAKER;VEV_4000;XIRECS;1280.0;2
10200;BOT_MAKER;BOT_TAKER;VELVETFRUIT_EXTRACT;XIRECS;5264.0;6
10300;BOT_TAKER;BOT_MAKER;VELVETFRUIT_EXTRACT;XIRECS;5270.0;8
10300;BOT_TAKER;BOT_MAKER;VEV_5400;XIRECS;16.0;5
10300;SUBMISSION;BOT_TAKER;VELVETFRUIT_EXTRACT;XIRECS;5265.0;3
10400;BOT_TAKER;BOT_MAKER;HYDROGEL_PACK;XIRECS;9990.0;3
10400;BOT_MAKER;BOT_TAKER;VELVETFRUIT_EXTRACT;XIRECS;5264.0;5
10600;BOT_TAKER;SUBMISSION;VELVETFRUIT_EXTRACT;XIRECS;5269.0;5
10600;BOT_TAKER;BOT_MAKER;VELVETFRUIT_EXTRACT;XIRECS;5270.0;3
10700;BOT_MAKER;BOT_TAKER;VEV_6000;XIRECS;0.0;4
10700;SUBMISSION;BOT_TAKER;VELVETFRUIT_EXTRACT;XIRECS;5266.0;5
10700;BOT_MAKER;BOT_TAKER;VELVETFRUIT_EXTRACT;XIRECS;5265.0;1
10800;BOT_TAKER;BOT_MAKER;HYDROGEL_PACK;XIRECS;9990.0;2
10800;BOT_TAKER;BOT_MAKER;VELVETFRUIT_EXTRACT;XIRECS;5271.0;7
10900;BOT_TAKER;BOT_MAKER;HYDROGEL_PACK;XIRECS;9991.0;3
11000;BOT_TAKER;BOT_MAKER;VEV_5500;XIRECS;8.0;2
11000;BOT_TAKER;BOT_MAKER;VEV_6000;XIRECS;1.0;2
11000;BOT_MAKER;BOT_TAKER;VEV_6500;XIRECS;0.0;5
11100;BOT_MAKER;BOT_TAKER;HYDROGEL_PACK;XIRECS;9976.0;3
11100;BOT_MAKER;BOT_TAKER;VELVETFRUIT_EXTRACT;XIRECS;5270.0;3
11100;BOT_MAKER;BOT_TAKER;VEV_4000;XIRECS;1258.0;2
11200;BOT_TAKER;BOT_MAKER;VEV_4000;XIRECS;1281.0;1
11300;BOT_MAKER;BOT_TAKER;VEV_5300;XIRECS;54.0;3
11500;BOT_TAKER;BOT_MAKER;VELVETFRUIT_EXTRACT;XIRECS;5272.0;4
11500;BOT_MAKER;BOT_TAKER;VEV_4000;XIRECS;1261.0;2
11600;BOT_MAKER;BOT_TAKER;HYDROGEL_PACK;XIRECS;9976.0;2
11700;BOT_MAKER;BOT_TAKER;HYDROGEL_PACK;XIRECS;9976.0;4
11700;BOT_MAKER;BOT_TAKER;VEV_5500;XIRECS;7.0;2
11900;BOT_TAKER;BOT_MAKER;VELVETFRUIT_EXTRACT;XIRECS;5274.0;7
12100;BOT_TAKER;BOT_MAKER;VELVETFRUIT_EXTRACT;XIRECS;5274.0;3
12100;BOT_MAKER;BOT_TAKER;VEV_6500;XIRECS;0.0;2
12200;BOT_MAKER;BOT_TAKER;HYDROGEL_PACK;XIRECS;9973.0;3
12200;BOT_MAKER;BOT_TAKER;VEV_6000;XIRECS;0.0;2
12200;BOT_TAKER;SUBMISSION;VELVETFRUIT_EXTRACT;XIRECS;5274.0;5
12300;BOT_MAKER;BOT_TAKER;INTARIAN_PEPPER_ROOT;XIRECS;13005.0;6
12300;BOT_MAKER;BOT_TAKER;VEV_6500;XIRECS;0.0;5
12300;BOT_TAKER;SUBMISSION;VELVETFRUIT_EXTRACT;XIRECS;5272.0;5
12500;BOT_MAKER;BOT_TAKER;VELVETFRUIT_EXTRACT;XIRECS;5266.0;7
12500;BOT_TAKER;BOT_MAKER;VEV_5300;XIRECS;53.0;3
12600;BOT_MAKER;BOT_TAKER;HYDROGEL_PACK;XIRECS;9973.0;5
12600;BOT_MAKER;BOT_TAKER;VEV_4000;XIRECS;1261.0;2
12600;BOT_TAKER;BOT_MAKER;VEV_6500;XIRECS;1.0;4
12600;SUBMISSION;BOT_TAKER;ASH_COATED_OSMIUM;XIRECS;9991.0;4
12700;BOT_MAKER;BOT_TAKER;HYDROGEL_PACK;XIRECS;9973.0;6
12700;BOT_TAKER;BOT_MAKER;VELVETFRUIT_EXTRACT;XIRECS;5272.0;4
12700;BOT_TAKER;BOT_MAKER;VEV_4000;XIRECS;1284.0;3
12700;BOT_TAKER;BOT_MAKER;VEV_6500;XIRECS;1.0;3
12700;BOT_TAKER;SUBMISSION;ASH_COATED_OSMIUM;XIRECS;10004.0;6
12700;BOT_TAKER;SUBMISSION;HYDROGEL_PACK;XIRECS;9988.0;5
12700;BOT_TAKER;BOT_MAKER;HYDROGEL_PACK;XIRECS;9989.0;1
12900;SUBMISSION;BOT_TAKER;HYDROGEL_PACK;XIRECS;9971.0;5
13000;BOT_MAKER;BOT_TAKER;VEV_6500;XIRECS;0.0;2
13100;BOT_TAKER;BOT_MAKER;HYDROGEL_PACK;XIRECS;9983.0;6
13100;BOT_TAKER;BOT_MAKER;VELVETFRUIT_EXTRACT;XIRECS;5273.0;8
13200;BOT_MAKER;BOT_TAKER;VELVETFRUIT_EXTRACT;XIRECS;5267.0;8
13300;BOT_MAKER;BOT_TAKER;HYDROGEL_PACK;XIRECS;9969.0;2
13300;BOT_TAKER;BOT_MAKER;VELVETFRUIT_EXTRACT;XIRECS;5271.0;8
13300;BOT_TAKER;SUBMISSION;HYDROGEL_PACK;XIRECS;9984.0;2
13400;BOT_MAKER;BOT_TAKER;VELVETFRUIT_EXTRACT;XIRECS;5268.0;5
13400;BOT_TAKER;SUBMISSION;VEV_4000;XIRECS;1283.0;3
13600;BOT_TAKER;BOT_MAKER;VEV_4000;XIRECS;1284.0;2
13600;BOT_TAKER;SUBMISSION;HYDROGEL_PACK;XIRECS;9989.0;2
13700;BOT_MAKER;BOT_TAKER;VELVETFRUIT_EXTRACT;XIRECS;5265.0;6
13700;BOT_MAKER;BOT_TAKER;VEV_5200;XIRECS;92.0;2
13800;BOT_TAKER;BOT_MAKER;VELVETFRUIT_EXTRACT;XIRECS;5271.0;3
13800;BOT_TAKER;BOT_MAKER;VEV_6500;XIRECS;1.0;2
13900;BOT_TAKER;BOT_MAKER;HYDROGEL_PACK;XIRECS;9993.0;6
13900;BOT_MAKER;BOT_TAKER;VELVETFRUIT_EXTRACT;XIRECS;5265.0;13
14000;BOT_MAKER;BOT_TAKER;ASH_COATED_OSMIUM;XIRECS;9991.0;2
14200;BOT_MAKER;BOT_TAKER;VELVETFRUIT_EXTRACT;XIRECS;5266.0;5
14300;BOT_TAKER;SUBMISSION;VELVETFRUIT_EXTRACT;XIRECS;5269.0;5
14300;BOT_TAKER;BOT_MAKER;VELVETFRUIT_EXTRACT;XIRECS;5270.0;2
14400;BOT_TAKER;BOT_MAKER;HYDROGEL_PACK;XIRECS;9987.0;6
14500;BOT_TAKER;BOT_MAKER;VELVETFRUIT_EXTRACT;XIRECS;5271.0;6
14700;BOT_MAKER;BOT_TAKER;VEV_6500;XIRECS;0.0;2
14800;BOT_MAKER;BOT_TAKER;VEV_5300;XIRECS;50.0;4
14900;BOT_MAKER;BOT_TAKER;HYDROGEL_PACK;XIRECS;9973.0;6
14900;BOT_TAKER;BOT_MAKER;INTARIAN_PEPPER_ROOT;XIRECS;13011.0;6
14900;BOT_TAKER;BOT_MAKER;VELVETFRUIT_EXTRACT;XIRECS;5269.0;5
14900;BOT_MAKER;BOT_TAKER;VEV_5500;XIRECS;7.0;2
15100;BOT_MAKER;BOT_TAKER;VELVETFRUIT_EXTRACT;XIRECS;5263.0;3
15200;BOT_TAKER;BOT_MAKER;VELVETFRUIT_EXTRACT;XIRECS;5268.0;4
15200;BOT_MAKER;BOT_TAKER;VEV_6500;XIRECS;0.0;4
15300;BOT_TAKER;BOT_MAKER;VEV_6500;XIRECS;1.0;4
15400;BOT_TAKER;BOT_MAKER;HYDROGEL_PACK;XIRECS;9983.0;6
15400;SUBMISSION;BOT_TAKER;VEV_4000;XIRECS;1265.0;3
15500;BOT_TAKER;BOT_MAKER;VEV_4000;XIRECS;1284.0;3
15500;BOT_TAKER;BOT_MAKER;VEV_5400;XIRECS;13.0;3
15600;BOT_TAKER;BOT_MAKER;VELVETFRUIT_EXTRACT;XIRECS;5268.0;4
15700;BOT_MAKER;BOT_TAKER;VELVETFRUIT_EXTRACT;XIRECS;5261.0;3
15700;BOT_TAKER;SUBMISSION;HYDROGEL_PACK;XIRECS;9979.0;5
15700;BOT_TAKER;BOT_MAKER;HYDROGEL_PACK;XIRECS;9980.0;1
15900;BOT_TAKER;BOT_MAKER;VEV_6500;XIRECS;1.0;4
16000;BOT_TAKER;BOT_MAKER;HYDROGEL_PACK;XIRECS;9980.0;6
16100;BOT_TAKER;BOT_MAKER;VEV_5500;XIRECS;8.0;4
16100;BOT_TAKER;SUBMISSION;VELVETFRUIT_EXTRACT;XIRECS;5266.0;4
16400;BOT_MAKER;BOT_TAKER;HYDROGEL_PACK;XIRECS;9960.0;3
16500;BOT_TAKER;BOT_MAKER;HYDROGEL_PACK;XIRECS;9978.0;3
16600;BOT_TAKER;BOT_MAKER;HYDROGEL_PACK;XIRECS;9977.0;2
16600;SUBMISSION;BOT_TAKER;VELVETFRUIT_EXTRACT;XIRECS;5261.0;3
16700;BOT_TAKER;BOT_MAKER;HYDROGEL_PACK;XIRECS;9977.0;2
16700;BOT_MAKER;BOT_TAKER;VELVETFRUIT_EXTRACT;XIRECS;5259.0;5
16700;BOT_TAKER;BOT_MAKER;VEV_4000;XIRECS;1283.0;1
16700;BOT_TAKER;BOT_MAKER;VEV_5500;XIRECS;8.0;3
16900;BOT_TAKER;BOT_MAKER;HYDROGEL_PACK;XIRECS;9977.0;4
16900;BOT_TAKER;BOT_MAKER;VELVETFRUIT_EXTRACT;XIRECS;5262.0;8
16900;BOT_MAKER;BOT_TAKER;VEV_4000;XIRECS;1262.0;1
16900;SUBMISSION;BOT_TAKER;HYDROGEL_PACK;XIRECS;9962.0;5
16900;BOT_MAKER;BOT_TAKER;HYDROGEL_PACK;XIRECS;9961.0;1
17000;BOT_MAKER;BOT_TAKER;VEV_4000;XIRECS;1263.0;2
17000;BOT_TAKER;BOT_MAKER;VEV_5400;XIRECS;15.0;2
17100;BOT_MAKER;BOT_TAKER;HYDROGEL_PACK;XIRECS;9961.0;5
17300;BOT_MAKER;BOT_TAKER;HYDROGEL_PACK;XIRECS;9961.0;5
17300;BOT_TAKER;BOT_MAKER;VELVETFRUIT_EXTRACT;XIRECS;5259.0;4
17400;BOT_MAKER;BOT_TAKER;VELVETFRUIT_EXTRACT;XIRECS;5254.0;6
17500;BOT_MAKER;BOT_TAKER;VELVETFRUIT_EXTRACT;XIRECS;5255.0;3
17600;BOT_TAKER;BOT_MAKER;HYDROGEL_PACK;XIRECS;9983.0;4
17600;BOT_TAKER;SUBMISSION;ASH_COATED_OSMIUM;XIRECS;10008.0;5
17700;BOT_TAKER;BOT_MAKER;HYDROGEL_PACK;XIRECS;9982.0;5
17800;BOT_TAKER;BOT_MAKER;HYDROGEL_PACK;XIRECS;9983.0;4
17800;BOT_MAKER;BOT_TAKER;VELVETFRUIT_EXTRACT;XIRECS;5256.0;3
17800;BOT_MAKER;BOT_TAKER;VEV_6000;XIRECS;0.0;5
17900;BOT_TAKER;BOT_MAKER;VELVETFRUIT_EXTRACT;XIRECS;5261.0;4
18100;BOT_TAKER;BOT_MAKER;VEV_4000;XIRECS;1283.0;1
18200;BOT_TAKER;BOT_MAKER;VELVETFRUIT_EXTRACT;XIRECS;5261.0;8
18200;BOT_TAKER;BOT_MAKER;VEV_5500;XIRECS;9.0;2
18200;BOT_TAKER;BOT_MAKER;VEV_6500;XIRECS;1.0;5
18300;BOT_TAKER;BOT_MAKER;HYDROGEL_PACK;XIRECS;9985.0;5
18300;BOT_MAKER;BOT_TAKER;VELVETFRUIT_EXTRACT;XIRECS;5256.0;4
18500;BOT_TAKER;BOT_MAKER;VEV_4000;XIRECS;1280.0;1
18500;BOT_TAKER;BOT_MAKER;VEV_4000;XIRECS;1280.0;2
18500;SUBMISSION;BOT_TAKER;HYDROGEL_PACK;XIRECS;9967.0;5
18500;BOT_MAKER;BOT_TAKER;HYDROGEL_PACK;XIRECS;9966.0;1
18600;BOT_MAKER;BOT_TAKER;VELVETFRUIT_EXTRACT;XIRECS;5254.0;8
18800;BOT_TAKER;BOT_MAKER;VELVETFRUIT_EXTRACT;XIRECS;5260.0;7
18900;BOT_MAKER;BOT_TAKER;HYDROGEL_PACK;XIRECS;9964.0;5
18900;BOT_TAKER;BOT_MAKER;VELVETFRUIT_EXTRACT;XIRECS;5258.0;4
19000;BOT_TAKER;BOT_MAKER;VELVETFRUIT_EXTRACT;XIRECS;5258.0;7
19100;BOT_MAKER;BOT_TAKER;VELVETFRUIT_EXTRACT;XIRECS;5252.0;6
19100;BOT_MAKER;BOT_TAKER;VEV_4000;XIRECS;1260.0;1
19100;BOT_MAKER;BOT_TAKER;VEV_6000;XIRECS;0.0;2
19200;BOT_TAKER;BOT_MAKER;HYDROGEL_PACK;XIRECS;9974.0;4
19200;BOT_TAKER;BOT_MAKER;HYDROGEL_PACK;XIRECS;9974.0;2
19200;BOT_MAKER;BOT_TAKER;VELVETFRUIT_EXTRACT;XIRECS;5252.0;7
19300;BOT_MAKER;BOT_TAKER;HYDROGEL_PACK;XIRECS;9957.0;2
19300;SUBMISSION;BOT_TAKER;HYDROGEL_PACK;XIRECS;9958.0;5
19300;BOT_MAKER;BOT_TAKER;HYDROGEL_PACK;XIRECS;9957.0;1
19400;BOT_MAKER;BOT_TAKER;ASH_COATED_OSMIUM;XIRECS;9996.0;1
19400;BOT_MAKER;BOT_TAKER;ASH_COATED_OSMIUM;XIRECS;9988.0;5
19400;SUBMISSION;BOT_TAKER;VELVETFRUIT_EXTRACT;XIRECS;5253.0;5
19400;BOT_MAKER;BOT_TAKER;VELVETFRUIT_EXTRACT;XIRECS;5252.0;2
19500;BOT_TAKER;BOT_MAKER;VELVETFRUIT_EXTRACT;XIRECS;5255.0;8
19500;BOT_TAKER;SUBMISSION;VELVETFRUIT_EXTRACT;XIRECS;5254.0;5
19600;BOT_MAKER;BOT_TAKER;HYDROGEL_PACK;XIRECS;9957.0;4
19600;BOT_TAKER;BOT_MAKER;VELVETFRUIT_EXTRACT;XIRECS;5256.0;3
19600;BOT_TAKER;SUBMISSION;ASH_COATED_OSMIUM;XIRECS;10006.0;9
19600;BOT_TAKER;SUBMISSION;VELVETFRUIT_EXTRACT;XIRECS;5255.0;5
19600;SUBMISSION;BOT_TAKER;VEV_4000;XIRECS;1261.0;3
19700;BOT_MAKER;BOT_TAKER;HYDROGEL_PACK;XIRECS;9956.0;3
19700;BOT_MAKER;BOT_TAKER;VELVETFRUIT_EXTRACT;XIRECS;5252.0;7
19800;BOT_MAKER;BOT_TAKER;VELVETFRUIT_EXTRACT;XIRECS;5251.0;6
19800;BOT_MAKER;BOT_TAKER;VEV_5400;XIRECS;14.0;2
19800;BOT;SUBMISSION;ASH_COATED_OSMIUM;XIRECS;10000.0;8
19900;BOT_TAKER;BOT_MAKER;HYDROGEL_PACK;XIRECS;9970.0;6
19900;BOT_TAKER;BOT_MAKER;VELVETFRUIT_EXTRACT;XIRECS;5259.0;4
20000;BOT_MAKER;BOT_TAKER;VEV_5500;XIRECS;8.0;5
20100;BOT_TAKER;BOT_MAKER;HYDROGEL_PACK;XIRECS;9966.0;5
20100;BOT_MAKER;BOT_TAKER;VELVETFRUIT_EXTRACT;XIRECS;5251.0;7
20100;BOT_MAKER;BOT_TAKER;VEV_5500;XIRECS;8.0;2
20100;BOT_TAKER;BOT_MAKER;VEV_6500;XIRECS;1.0;5
20200;BOT_TAKER;BOT_MAKER;VEV_6500;XIRECS;1.0;4
20300;BOT_TAKER;BOT_MAKER;HYDROGEL_PACK;XIRECS;9964.0;5
20300;BOT_MAKER;BOT_TAKER;VELVETFRUIT_EXTRACT;XIRECS;5248.0;5
20300;BOT_TAKER;BOT_MAKER;VEV_5500;XIRECS;9.0;4
20300;BOT_MAKER;BOT_TAKER;VEV_6500;XIRECS;0.0;4
20400;SUBMISSION;BOT_TAKER;VELVETFRUIT_EXTRACT;XIRECS;5250.0;3
20500;BOT_TAKER;BOT_MAKER;VEV_5500;XIRECS;9.0;3
20500;BOT_TAKER;SUBMISSION;VELVETFRUIT_EXTRACT;XIRECS;5251.0;5
20500;BOT_TAKER;BOT_MAKER;VELVETFRUIT_EXTRACT;XIRECS;5252.0;3
20600;BOT_MAKER;BOT_TAKER;VELVETFRUIT_EXTRACT;XIRECS;5245.0;5
20600;BOT_MAKER;BOT_TAKER;VEV_4000;XIRECS;1257.0;3
20700;BOT_MAKER;BOT_TAKER;HYDROGEL_PACK;XIRECS;9947.0;2
20700;BOT_TAKER;BOT_MAKER;VEV_4000;XIRECS;1278.0;2
20700;BOT;SUBMISSION;ASH_COATED_OSMIUM;XIRECS;10000.0;4
20800;BOT_MAKER;BOT_TAKER;HYDROGEL_PACK;XIRECS;9949.0;2
20800;BOT_TAKER;BOT_MAKER;VELVETFRUIT_EXTRACT;XIRECS;5251.0;10
20900;BOT_MAKER;BOT_TAKER;ASH_COATED_OSMIUM;XIRECS;9990.0;7
20900;BOT_TAKER;BOT_MAKER;HYDROGEL_PACK;XIRECS;9967.0;5
20900;BOT_TAKER;BOT_MAKER;VEV_5500;XIRECS;9.0;5
20900;SUBMISSION;BOT_TAKER;HYDROGEL_PACK;XIRECS;9952.0;3
20900;BOT_TAKER;SUBMISSION;VELVETFRUIT_EXTRACT;XIRECS;5250.0;5
20900;BOT_TAKER;BOT_MAKER;VELVETFRUIT_EXTRACT;XIRECS;5251.0;1
21000;BOT_MAKER;BOT_TAKER;VELVETFRUIT_EXTRACT;XIRECS;5247.0;8
21100;BOT_TAKER;BOT_MAKER;VEV_5400;XIRECS;16.0;2
21200;BOT_MAKER;BOT_TAKER;VELVETFRUIT_EXTRACT;XIRECS;5247.0;8
21200;BOT_MAKER;BOT_TAKER;VEV_5500;XIRECS;8.0;5
21200;SUBMISSION;BOT_TAKER;VELVETFRUIT_EXTRACT;XIRECS;5248.0;5
21200;BOT_MAKER;BOT_TAKER;VELVETFRUIT_EXTRACT;XIRECS;5247.0;2
21300;BOT_TAKER;BOT_MAKER;HYDROGEL_PACK;XIRECS;9966.0;2
21300;BOT_MAKER;BOT_TAKER;VELVETFRUIT_EXTRACT;XIRECS;5248.0;6
21400;BOT_TAKER;BOT_MAKER;ASH_COATED_OSMIUM;XIRECS;10006.0;5
21400;BOT_MAKER;BOT_TAKER;VEV_5500;XIRECS;8.0;3
21400;BOT_TAKER;BOT_MAKER;VEV_6000;XIRECS;1.0;3
21500;BOT_MAKER;BOT_TAKER;HYDROGEL_PACK;XIRECS;9954.0;3
21500;BOT_TAKER;BOT_MAKER;VEV_6000;XIRECS;1.0;4
21600;BOT_TAKER;BOT_MAKER;VELVETFRUIT_EXTRACT;XIRECS;5254.0;5
21700;BOT_MAKER;BOT_TAKER;HYDROGEL_PACK;XIRECS;9953.0;6
21700;BOT_TAKER;BOT_MAKER;VEV_5500;XIRECS;9.0;3
21700;BOT_TAKER;SUBMISSION;ASH_COATED_OSMIUM;XIRECS;10006.0;4
21800;BOT_TAKER;BOT_MAKER;VEV_4000;XIRECS;1272.0;3
21800;BOT_MAKER;BOT_TAKER;VEV_5500;XIRECS;7.0;4
21800;SUBMISSION;BOT_TAKER;VEV_4000;XIRECS;1252.0;1
21900;BOT_TAKER;BOT_MAKER;VELVETFRUIT_EXTRACT;XIRECS;5255.0;7
22100;BOT_TAKER;BOT_MAKER;VEV_5500;XIRECS;9.0;3
22100;BOT_TAKER;BOT_MAKER;VEV_6000;XIRECS;1.0;4
22200;BOT_MAKER;BOT_TAKER;HYDROGEL_PACK;XIRECS;9946.0;2
22200;BOT_TAKER;SUBMISSION;ASH_COATED_OSMIUM;XIRECS;10006.0;3
22300;BOT_MAKER;BOT_TAKER;VELVETFRUIT_EXTRACT;XIRECS;5252.0;6
22400;BOT_TAKER;BOT_MAKER;VEV_5400;XIRECS;15.0;5
22500;BOT_TAKER;BOT_MAKER;HYDROGEL_PACK;XIRECS;9966.0;2
22500;BOT_MAKER;BOT_TAKER;VEV_5300;XIRECS;55.0;4
22600;BOT_MAKER;BOT_TAKER;VELVETFRUIT_EXTRACT;XIRECS;5251.0;8
22700;BOT_TAKER;BOT_MAKER;HYDROGEL_PACK;XIRECS;9969.0;6
22700;BOT_TAKER;BOT_MAKER;HYDROGEL_PACK;XIRECS;9969.0;5
22700;BOT_MAKER;BOT_TAKER;VEV_5500;XIRECS;7.0;2
22700;BOT_MAKER;BOT_TAKER;VEV_6500;XIRECS;0.0;2
22900;BOT_MAKER;BOT_TAKER;HYDROGEL_PACK;XIRECS;9951.0;6
23000;BOT_MAKER;BOT_TAKER;VEV_5500;XIRECS;7.0;5
23100;BOT_MAKER;BOT_TAKER;HYDROGEL_PACK;XIRECS;9953.0;2
23100;BOT_MAKER;BOT_TAKER;VEV_5300;XIRECS;55.0;2
23200;BOT_MAKER;BOT_TAKER;VEV_6000;XIRECS;0.0;5
23200;SUBMISSION;BOT_TAKER;ASH_COATED_OSMIUM;XIRECS;9993.0;5
23400;BOT_MAKER;BOT_TAKER;VELVETFRUIT_EXTRACT;XIRECS;5251.0;5
23400;BOT_TAKER;SUBMISSION;VELVETFRUIT_EXTRACT;XIRECS;5256.0;3
23500;BOT_MAKER;BOT_TAKER;HYDROGEL_PACK;XIRECS;9956.0;3
23500;BOT_TAKER;BOT_MAKER;VELVETFRUIT_EXTRACT;XIRECS;5257.0;3
23500;BOT_TAKER;BOT_MAKER;VELVETFRUIT_EXTRACT;XIRECS;5257.0;3
23500;BOT_MAKER;BOT_TAKER;VEV_5500;XIRECS;7.0;3
23500;SUBMISSION;BOT_TAKER;HYDROGEL_PACK;XIRECS;9957.0;5
23600;SUBMISSION;BOT_TAKER;VELVETFRUIT_EXTRACT;XIRECS;5255.0;5
23600;BOT_MAKER;BOT_TAKER;VELVETFRUIT_EXTRACT;XIRECS;5254.0;1
23800;BOT_MAKER;BOT_TAKER;HYDROGEL_PACK;XIRECS;9956.0;3
23800;BOT_MAKER;BOT_TAKER;HYDROGEL_PACK;XIRECS;9956.0;5
23800;BOT_TAKER;SUBMISSION;VEV_4000;XIRECS;1266.0;2
23900;BOT_MAKER;BOT_TAKER;HYDROGEL_PACK;XIRECS;9954.0;2
23900;BOT_MAKER;BOT_TAKER;VELVETFRUIT_EXTRACT;XIRECS;5254.0;10
24000;BOT_MAKER;BOT_TAKER;VELVETFRUIT_EXTRACT;XIRECS;5255.0;6
24000;SUBMISSION;BOT_TAKER;VEV_4000;XIRECS;1247.0;2
24100;BOT_TAKER;BOT_MAKER;VEV_5500;XIRECS;8.0;3
24100;BOT_TAKER;BOT_MAKER;VEV_5500;XIRECS;8.0;2
24200;BOT_MAKER;BOT_TAKER;VELVETFRUIT_EXTRACT;XIRECS;5253.0;8
24200;BOT_MAKER;BOT_TAKER;VEV_6500;XIRECS;0.0;3
24200;SUBMISSION;BOT_TAKER;HYDROGEL_PACK;XIRECS;9957.0;5
24300;BOT_MAKER;BOT_TAKER;HYDROGEL_PACK;XIRECS;9951.0;3
24300;BOT_MAKER;BOT_TAKER;VELVETFRUIT_EXTRACT;XIRECS;5253.0;4
24400;BOT_TAKER;BOT_MAKER;HYDROGEL_PACK;XIRECS;9969.0;6
24400;BOT_TAKER;BOT_MAKER;INTARIAN_PEPPER_ROOT;XIRECS;13035.0;7
24400;BOT_MAKER;BOT_TAKER;VEV_4000;XIRECS;1246.0;2
24600;BOT_MAKER;BOT_TAKER;VELVETFRUIT_EXTRACT;XIRECS;5252.0;7
24600;BOT_MAKER;BOT_TAKER;VEV_5500;XIRECS;7.0;5
24800;BOT_MAKER;BOT_TAKER;HYDROGEL_PACK;XIRECS;9958.0;4
24900;BOT_TAKER;BOT_MAKER;HYDROGEL_PACK;XIRECS;9974.0;3
24900;BOT_MAKER;BOT_TAKER;VELVETFRUIT_EXTRACT;XIRECS;5251.0;4
25000;BOT_MAKER;BOT_TAKER;VELVETFRUIT_EXTRACT;XIRECS;5250.0;7
25000;BOT_TAKER;BOT_MAKER;VEV_4000;XIRECS;1266.0;3
25100;BOT_TAKER;BOT_MAKER;HYDROGEL_PACK;XIRECS;9980.0;4
25100;BOT_MAKER;BOT_TAKER;VELVETFRUIT_EXTRACT;XIRECS;5250.0;3
25200;BOT_TAKER;BOT_MAKER;VELVETFRUIT_EXTRACT;XIRECS;5255.0;7
25300;BOT_MAKER;BOT_TAKER;VEV_4000;XIRECS;1244.0;3
25300;BOT_TAKER;SUBMISSION;HYDROGEL_PACK;XIRECS;9982.0;5
25500;BOT_MAKER;BOT_TAKER;HYDROGEL_PACK;XIRECS;9971.0;3
25500;BOT_TAKER;SUBMISSION;HYDROGEL_PACK;XIRECS;9986.0;5
25600;BOT_MAKER;BOT_TAKER;VEV_6000;XIRECS;0.0;2
25600;BOT_TAKER;BOT_MAKER;VEV_6500;XIRECS;1.0;4
25700;BOT_TAKER;SUBMISSION;HYDROGEL_PACK;XIRECS;9983.0;3
25800;BOT_TAKER;BOT_MAKER;VELVETFRUIT_EXTRACT;XIRECS;5252.0;5
25800;BOT_MAKER;BOT_TAKER;VEV_6000;XIRECS;0.0;4
25900;BOT_MAKER;BOT_TAKER;ASH_COATED_OSMIUM;XIRECS;9992.0;9
25900;BOT_TAKER;BOT_MAKER;HYDROGEL_PACK;XIRECS;9978.0;3
25900;BOT_TAKER;BOT_MAKER;VELVETFRUIT_EXTRACT;XIRECS;5251.0;13
25900;BOT_MAKER;BOT_TAKER;VEV_4000;XIRECS;1248.0;1
26100;BOT_MAKER;BOT_TAKER;HYDROGEL_PACK;XIRECS;9959.0;4
26100;BOT_TAKER;BOT_MAKER;VELVETFRUIT_EXTRACT;XIRECS;5251.0;6
26100;BOT_MAKER;BOT_TAKER;VELVETFRUIT_EXTRACT;XIRECS;5246.0;4
26100;BOT_MAKER;BOT_TAKER;VEV_4000;XIRECS;1247.0;3
26100;BOT_TAKER;BOT_MAKER;VEV_5400;XIRECS;15.0;5
26100;BOT_TAKER;BOT_MAKER;VEV_6000;XIRECS;1.0;2
26200;BOT_MAKER;BOT_TAKER;VEV_5400;XIRECS;13.0;2
26500;BOT_MAKER;BOT_TAKER;HYDROGEL_PACK;XIRECS;9952.0;6
26500;BOT_MAKER;BOT_TAKER;VELVETFRUIT_EXTRACT;XIRECS;5245.0;8
26500;BOT_MAKER;BOT_TAKER;VEV_4000;XIRECS;1248.0;1
26500;BOT_TAKER;BOT_MAKER;VEV_5300;XIRECS;55.0;2
26500;SUBMISSION;BOT;ASH_COATED_OSMIUM;XIRECS;9997.0;7
26600;BOT_MAKER;BOT_TAKER;HYDROGEL_PACK;XIRECS;9946.0;3
26600;BOT_TAKER;BOT_MAKER;VEV_5300;XIRECS;55.0;4
26800;BOT_TAKER;SUBMISSION;ASH_COATED_OSMIUM;XIRECS;10007.0;4
26900;BOT_TAKER;BOT_MAKER;VELVETFRUIT_EXTRACT;XIRECS;5252.0;6
26900;BOT_TAKER;BOT_MAKER;VEV_4000;XIRECS;1270.0;3
27000;BOT_MAKER;BOT_TAKER;HYDROGEL_PACK;XIRECS;9952.0;2
27100;BOT_TAKER;BOT_MAKER;VELVETFRUIT_EXTRACT;XIRECS;5251.0;14
27100;SUBMISSION;BOT_TAKER;ASH_COATED_OSMIUM;XIRECS;9991.0;4
27200;BOT_TAKER;BOT_MAKER;VEV_5400;XIRECS;14.0;2
27300;BOT_TAKER;BOT_MAKER;HYDROGEL_PACK;XIRECS;9976.0;6
27300;SUBMISSION;BOT_TAKER;VELVETFRUIT_EXTRACT;XIRECS;5247.0;5
27300;BOT_MAKER;BOT_TAKER;VELVETFRUIT_EXTRACT;XIRECS;5246.0;1
27400;BOT_TAKER;BOT_MAKER;ASH_COATED_OSMIUM;XIRECS;10008.0;8
27400;BOT_TAKER;BOT_MAKER;VELVETFRUIT_EXTRACT;XIRECS;5250.0;3
27400;BOT_MAKER;BOT_TAKER;VEV_6000;XIRECS;0.0;5
27400;SUBMISSION;BOT_TAKER;HYDROGEL_PACK;XIRECS;9962.0;5
27400;SUBMISSION;BOT_TAKER;VELVETFRUIT_EXTRACT;XIRECS;5246.0;5
27400;BOT_MAKER;BOT_TAKER;VELVETFRUIT_EXTRACT;XIRECS;5245.0;3
27600;BOT_MAKER;BOT_TAKER;INTARIAN_PEPPER_ROOT;XIRECS;13021.0;6
27600;BOT_MAKER;BOT_TAKER;VELVETFRUIT_EXTRACT;XIRECS;5244.0;8
27800;BOT_TAKER;BOT_MAKER;VELVETFRUIT_EXTRACT;XIRECS;5248.0;10
27800;BOT_MAKER;BOT_TAKER;VEV_6500;XIRECS;0.0;2
27900;BOT_TAKER;BOT_MAKER;VELVETFRUIT_EXTRACT;XIRECS;5249.0;3
27900;BOT_TAKER;BOT_MAKER;VEV_4000;XIRECS;1273.0;3
28000;BOT_TAKER;BOT_MAKER;HYDROGEL_PACK;XIRECS;9988.0;4
28000;BOT_TAKER;SUBMISSION;VELVETFRUIT_EXTRACT;XIRECS;5248.0;5
28000;BOT_TAKER;BOT_MAKER;VELVETFRUIT_EXTRACT;XIRECS;5249.0;3
28100;BOT_MAKER;BOT_TAKER;ASH_COATED_OSMIUM;XIRECS;9992.0;5
28100;BOT_TAKER;BOT_MAKER;VELVETFRUIT_EXTRACT;XIRECS;5247.0;4
28200;BOT_TAKER;BOT_MAKER;HYDROGEL_PACK;XIRECS;9985.0;2
28200;SUBMISSION;BOT_TAKER;HYDROGEL_PACK;XIRECS;9970.0;2
28200;SUBMISSION;BOT_TAKER;VEV_4000;XIRECS;1251.0;2
28300;BOT_MAKER;BOT_TAKER;HYDROGEL_PACK;XIRECS;9970.0;6
28400;BOT_MAKER;BOT_TAKER;ASH_COATED_OSMIUM;XIRECS;9992.0;5
28400;BOT_MAKER;BOT_TAKER;VEV_6000;XIRECS;0.0;4
28500;BOT_TAKER;BOT_MAKER;VEV_5500;XIRECS;8.0;4
28500;BOT_MAKER;BOT_TAKER;VEV_6000;XIRECS;0.0;4
28600;BOT_TAKER;SUBMISSION;ASH_COATED_OSMIUM;XIRECS;10006.0;4
28700;BOT_TAKER;BOT_MAKER;HYDROGEL_PACK;XIRECS;9980.0;4
28800;BOT_TAKER;BOT_MAKER;ASH_COATED_OSMIUM;XIRECS;10008.0;10
28900;BOT_MAKER;BOT_TAKER;VELVETFRUIT_EXTRACT;XIRECS;5237.0;6
28900;BOT_TAKER;BOT_MAKER;VEV_5400;XIRECS;13.0;5
29000;BOT_TAKER;BOT_MAKER;VELVETFRUIT_EXTRACT;XIRECS;5242.0;5
29000;SUBMISSION;BOT_TAKER;VELVETFRUIT_EXTRACT;XIRECS;5238.0;5
29000;BOT_MAKER;BOT_TAKER;VELVETFRUIT_EXTRACT;XIRECS;5237.0;3
29100;BOT_MAKER;BOT_TAKER;HYDROGEL_PACK;XIRECS;9962.0;5
29300;BOT_TAKER;BOT_MAKER;VEV_5400;XIRECS;14.0;2
29400;BOT_TAKER;BOT_MAKER;INTARIAN_PEPPER_ROOT;XIRECS;13040.0;4
29500;BOT_TAKER;BOT_MAKER;VEV_6000;XIRECS;1.0;5
29600;BOT_MAKER;BOT_TAKER;VEV_6000;XIRECS;0.0;4
29700;BOT_TAKER;BOT_MAKER;VELVETFRUIT_EXTRACT;XIRECS;5241.0;4
29700;BOT_MAKER;BOT_TAKER;VEV_6500;XIRECS;0.0;4
29700;SUBMISSION;BOT_TAKER;HYDROGEL_PACK;XIRECS;9965.0;5
29800;BOT_MAKER;BOT_TAKER;HYDROGEL_PACK;XIRECS;9961.0;4
29800;BOT_MAKER;BOT_TAKER;VEV_6500;XIRECS;0.0;5
29800;SUBMISSION;BOT_TAKER;ASH_COATED_OSMIUM;XIRECS;9993.0;5
30100;BOT_MAKER;BOT_TAKER;VEV_6500;XIRECS;0.0;2
30200;BOT_TAKER;BOT_MAKER;HYDROGEL_PACK;XIRECS;9976.0;6
30200;BOT_TAKER;BOT_MAKER;VELVETFRUIT_EXTRACT;XIRECS;5242.0;11
30400;BOT_MAKER;BOT_TAKER;VELVETFRUIT_EXTRACT;XIRECS;5237.0;8
30400;BOT_TAKER;BOT_MAKER;VELVETFRUIT_EXTRACT;XIRECS;5243.0;4
30600;BOT_TAKER;BOT_MAKER;HYDROGEL_PACK;XIRECS;9972.0;5
30600;BOT_MAKER;BOT_TAKER;VEV_5400;XIRECS;11.0;2
30700;BOT_MAKER;BOT_TAKER;HYDROGEL_PACK;XIRECS;9955.0;3
30700;BOT_MAKER;BOT_TAKER;VELVETFRUIT_EXTRACT;XIRECS;5239.0;5
30700;BOT_MAKER;BOT_TAKER;VEV_4000;XIRECS;1251.0;2
30800;BOT_MAKER;BOT_TAKER;VELVETFRUIT_EXTRACT;XIRECS;5238.0;7
30900;BOT_TAKER;BOT_MAKER;INTARIAN_PEPPER_ROOT;XIRECS;13038.0;8
30900;BOT_TAKER;BOT_MAKER;VELVETFRUIT_EXTRACT;XIRECS;5243.0;4
31000;BOT_TAKER;BOT_MAKER;HYDROGEL_PACK;XIRECS;9967.0;6
31000;BOT_MAKER;BOT_TAKER;VELVETFRUIT_EXTRACT;XIRECS;5236.0;7
31100;BOT_TAKER;BOT_MAKER;VEV_4000;XIRECS;1270.0;1
31300;BOT_MAKER;BOT_TAKER;VELVETFRUIT_EXTRACT;XIRECS;5239.0;7
31300;BOT_MAKER;BOT_TAKER;VEV_5300;XIRECS;55.0;4
31300;BOT_MAKER;BOT_TAKER;VEV_6000;XIRECS;0.0;4
31300;SUBMISSION;BOT_TAKER;VELVETFRUIT_EXTRACT;XIRECS;5240.0;5
31300;BOT_MAKER;BOT_TAKER;VELVETFRUIT_EXTRACT;XIRECS;5239.0;2
31400;BOT_MAKER;BOT_TAKER;HYDROGEL_PACK;XIRECS;9955.0;4
31400;BOT_TAKER;BOT_MAKER;VELVETFRUIT_EXTRACT;XIRECS;5244.0;6
31400;BOT_TAKER;BOT_MAKER;VEV_6500;XIRECS;1.0;2
31500;BOT_TAKER;BOT_MAKER;HYDROGEL_PACK;XIRECS;9973.0;2
31500;BOT_MAKER;BOT_TAKER;VEV_6500;XIRECS;0.0;4
31600;BOT_TAKER;BOT_MAKER;VELVETFRUIT_EXTRACT;XIRECS;5244.0;6
31600;BOT_TAKER;BOT_MAKER;VEV_4000;XIRECS;1270.0;3
31600;SUBMISSION;BOT_TAKER;HYDROGEL_PACK;XIRECS;9961.0;5
31700;BOT_TAKER;BOT_MAKER;VELVETFRUIT_EXTRACT;XIRECS;5245.0;3
31800;BOT_MAKER;BOT_TAKER;VEV_5300;XIRECS;56.0;5
31800;BOT_MAKER;BOT_TAKER;VEV_6000;XIRECS;0.0;2
31800;SUBMISSION;BOT_TAKER;HYDROGEL_PACK;XIRECS;9961.0;5
31800;BOT_MAKER;BOT_TAKER;HYDROGEL_PACK;XIRECS;9960.0;1
31900;BOT_TAKER;BOT_MAKER;VEV_4000;XIRECS;1268.0;2
31900;BOT_MAKER;BOT_TAKER;VEV_4000;XIRECS;1247.0;3
31900;BOT_MAKER;BOT_TAKER;VEV_5400;XIRECS;13.0;5
31900;BOT_MAKER;BOT_TAKER;VEV_6000;XIRECS;0.0;5
31900;SUBMISSION;BOT;ASH_COATED_OSMIUM;XIRECS;9993.0;7
32100;BOT_MAKER;BOT_TAKER;INTARIAN_PEPPER_ROOT;XIRECS;13025.0;6
32300;BOT_TAKER;BOT_MAKER;VELVETFRUIT_EXTRACT;XIRECS;5243.0;7
32300;BOT_MAKER;BOT_TAKER;VEV_5500;XIRECS;7.0;2
32400;BOT_TAKER;BOT_MAKER;VEV_5300;XIRECS;59.0;5
32500;BOT_MAKER;BOT_TAKER;VELVETFRUIT_EXTRACT;XIRECS;5236.0;8
32500;BOT_MAKER;BOT_TAKER;VEV_6500;XIRECS;0.0;3
32500;BOT_TAKER;SUBMISSION;ASH_COATED_OSMIUM;XIRECS;10004.0;2
32600;BOT_MAKER;BOT_TAKER;VELVETFRUIT_EXTRACT;XIRECS;5236.0;6
32600;BOT_TAKER;BOT_MAKER;VELVETFRUIT_EXTRACT;XIRECS;5241.0;5
32700;BOT_TAKER;BOT_MAKER;VELVETFRUIT_EXTRACT;XIRECS;5239.0;5
32800;BOT_MAKER;BOT_TAKER;VELVETFRUIT_EXTRACT;XIRECS;5234.0;7
33100;BOT_TAKER;BOT_MAKER;VEV_6000;XIRECS;1.0;3
33200;BOT_TAKER;BOT_MAKER;VEV_4000;XIRECS;1273.0;2
33200;BOT_TAKER;SUBMISSION;VELVETFRUIT_EXTRACT;XIRECS;5237.0;5
33200;BOT_TAKER;BOT_MAKER;VELVETFRUIT_EXTRACT;XIRECS;5238.0;2
33300;BOT_MAKER;BOT_TAKER;HYDROGEL_PACK;XIRECS;9950.0;2
33300;BOT_MAKER;BOT_TAKER;VELVETFRUIT_EXTRACT;XIRECS;5232.0;13
33300;BOT_TAKER;SUBMISSION;ASH_COATED_OSMIUM;XIRECS;10004.0;10
33400;BOT_TAKER;BOT_MAKER;ASH_COATED_OSMIUM;XIRECS;10005.0;2
33400;BOT_TAKER;BOT_MAKER;VELVETFRUIT_EXTRACT;XIRECS;5237.0;4
33400;BOT_TAKER;SUBMISSION;VELVETFRUIT_EXTRACT;XIRECS;5236.0;5
33400;BOT_TAKER;BOT_MAKER;VELVETFRUIT_EXTRACT;XIRECS;5237.0;2
33500;BOT_TAKER;BOT_MAKER;INTARIAN_PEPPER_ROOT;XIRECS;13041.0;4
33500;BOT_MAKER;BOT_TAKER;VELVETFRUIT_EXTRACT;XIRECS;5232.0;7
33700;BOT_TAKER;BOT_MAKER;HYDROGEL_PACK;XIRECS;9969.0;6
33700;BOT_TAKER;BOT_MAKER;VELVETFRUIT_EXTRACT;XIRECS;5236.0;8
33700;BOT_MAKER;BOT_TAKER;VEV_5400;XIRECS;13.0;5
33800;BOT_MAKER;BOT_TAKER;HYDROGEL_PACK;XIRECS;9954.0;6
33800;BOT_TAKER;BOT_MAKER;VELVETFRUIT_EXTRACT;XIRECS;5235.0;6
33800;BOT_TAKER;BOT_MAKER;VEV_6000;XIRECS;1.0;3
33800;BOT_MAKER;BOT_TAKER;VEV_6500;XIRECS;0.0;3
33900;BOT_TAKER;BOT_MAKER;VELVETFRUIT_EXTRACT;XIRECS;5237.0;5
33900;BOT_TAKER;BOT_MAKER;VEV_4000;XIRECS;1274.0;2
34000;BOT_TAKER;SUBMISSION;HYDROGEL_PACK;XIRECS;9967.0;3
34100;BOT_MAKER;BOT_TAKER;HYDROGEL_PACK;XIRECS;9951.0;4
34100;BOT_MAKER;BOT_TAKER;VELVETFRUIT_EXTRACT;XIRECS;5232.0;5
34100;BOT_MAKER;BOT_TAKER;VEV_5400;XIRECS;13.0;5
34100;BOT;SUBMISSION;ASH_COATED_OSMIUM;XIRECS;9999.0;4
34100;BOT_TAKER;SUBMISSION;VELVETFRUIT_EXTRACT;XIRECS;5237.0;5
34100;BOT_TAKER;BOT_MAKER;VELVETFRUIT_EXTRACT;XIRECS;5238.0;3
34200;BOT_MAKER;BOT_TAKER;HYDROGEL_PACK;XIRECS;9947.0;2
34200;BOT_TAKER;BOT_MAKER;VELVETFRUIT_EXTRACT;XIRECS;5237.0;7
34300;BOT_MAKER;BOT_TAKER;HYDROGEL_PACK;XIRECS;9947.0;2
34300;BOT_MAKER;BOT_TAKER;VEV_6500;XIRECS;0.0;2
34300;SUBMISSION;BOT_TAKER;HYDROGEL_PACK;XIRECS;9948.0;5
34400;BOT_TAKER;BOT_MAKER;HYDROGEL_PACK;XIRECS;9962.0;4
34400;BOT_TAKER;BOT_MAKER;VELVETFRUIT_EXTRACT;XIRECS;5236.0;7
34400;BOT_MAKER;BOT_TAKER;VEV_6000;XIRECS;0.0;3
34500;BOT_TAKER;BOT_MAKER;ASH_COATED_OSMIUM;XIRECS;10005.0;4
34500;BOT_MAKER;BOT_TAKER;HYDROGEL_PACK;XIRECS;9947.0;6
34600;BOT_MAKER;BOT_TAKER;VELVETFRUIT_EXTRACT;XIRECS;5232.0;6
34700;BOT_TAKER;BOT_MAKER;HYDROGEL_PACK;XIRECS;9967.0;2
34700;BOT_MAKER;BOT_TAKER;VEV_5400;XIRECS;13.0;3
34800;BOT_TAKER;BOT_MAKER;VELVETFRUIT_EXTRACT;XIRECS;5239.0;4
34800;BOT_MAKER;BOT_TAKER;VEV_4000;XIRECS;1251.0;1
34800;SUBMISSION;BOT_TAKER;ASH_COATED_OSMIUM;XIRECS;9989.0;3
34900;BOT_TAKER;BOT_MAKER;HYDROGEL_PACK;XIRECS;9971.0;4
34900;BOT_TAKER;SUBMISSION;VELVETFRUIT_EXTRACT;XIRECS;5236.0;5
34900;BOT_TAKER;BOT_MAKER;VELVETFRUIT_EXTRACT;XIRECS;5237.0;2
35000;BOT_MAKER;BOT_TAKER;VELVETFRUIT_EXTRACT;XIRECS;5233.0;4
35000;BOT_TAKER;SUBMISSION;VELVETFRUIT_EXTRACT;XIRECS;5238.0;5
35100;BOT_MAKER;BOT_TAKER;VEV_4000;XIRECS;1251.0;2
35200;BOT_MAKER;BOT_TAKER;HYDROGEL_PACK;XIRECS;9952.0;2
35300;BOT_MAKER;BOT_TAKER;HYDROGEL_PACK;XIRECS;9951.0;5
35300;BOT_MAKER;BOT_TAKER;VELVETFRUIT_EXTRACT;XIRECS;5237.0;4
35400;BOT_MAKER;BOT_TAKER;VEV_5400;XIRECS;13.0;5
35500;BOT_MAKER;BOT_TAKER;INTARIAN_PEPPER_ROOT;XIRECS;13028.0;6
35500;BOT_MAKER;BOT_TAKER;VELVETFRUIT_EXTRACT;XIRECS;5235.0;8
35600;BOT_MAKER;BOT_TAKER;HYDROGEL_PACK;XIRECS;9955.0;6
35700;BOT_TAKER;BOT_MAKER;VEV_4000;XIRECS;1275.0;2
35800;BOT_MAKER;BOT_TAKER;VELVETFRUIT_EXTRACT;XIRECS;5237.0;7
35800;BOT_TAKER;SUBMISSION;HYDROGEL_PACK;XIRECS;9967.0;5
35800;BOT_TAKER;BOT_MAKER;HYDROGEL_PACK;XIRECS;9968.0;1
35900;BOT_MAKER;BOT_TAKER;VELVETFRUIT_EXTRACT;XIRECS;5237.0;8
35900;SUBMISSION;BOT_TAKER;VELVETFRUIT_EXTRACT;XIRECS;5238.0;4
36000;BOT_TAKER;BOT_MAKER;VELVETFRUIT_EXTRACT;XIRECS;5243.0;3
36000;BOT_MAKER;BOT_TAKER;VEV_4000;XIRECS;1251.0;2
36200;BOT_MAKER;BOT_TAKER;VEV_5500;XIRECS;6.0;3
36300;BOT_MAKER;BOT_TAKER;HYDROGEL_PACK;XIRECS;9949.0;3
36400;BOT_MAKER;BOT_TAKER;VEV_4000;XIRECS;1251.0;1
36500;BOT_MAKER;BOT_TAKER;VEV_5300;XIRECS;54.0;4
36500;BOT_TAKER;SUBMISSION;ASH_COATED_OSMIUM;XIRECS;10001.0;8
36600;BOT_TAKER;BOT_MAKER;VELVETFRUIT_EXTRACT;XIRECS;5243.0;6
36600;BOT_TAKER;BOT_MAKER;VELVETFRUIT_EXTRACT;XIRECS;5243.0;7
36600;BOT_TAKER;SUBMISSION;HYDROGEL_PACK;XIRECS;9961.0;3
36700;BOT_MAKER;BOT_TAKER;VELVETFRUIT_EXTRACT;XIRECS;5238.0;4
36800;BOT_TAKER;BOT_MAKER;HYDROGEL_PACK;XIRECS;9962.0;3
36900;BOT_TAKER;BOT_MAKER;HYDROGEL_PACK;XIRECS;9963.0;2
36900;BOT_TAKER;BOT_MAKER;VEV_6000;XIRECS;1.0;4
37000;BOT_TAKER;BOT_MAKER;VEV_4000;XIRECS;1270.0;2
37100;BOT_MAKER;BOT_TAKER;VEV_6000;XIRECS;0.0;4
37100;BOT_MAKER;BOT_TAKER;VEV_6500;XIRECS;0.0;4
37100;BOT_TAKER;SUBMISSION;VEV_4000;XIRECS;1269.0;3
37200;BOT_TAKER;BOT_MAKER;HYDROGEL_PACK;XIRECS;9963.0;5
37300;BOT_TAKER;BOT_MAKER;HYDROGEL_PACK;XIRECS;9965.0;6
37300;SUBMISSION;BOT_TAKER;HYDROGEL_PACK;XIRECS;9947.0;5
37400;BOT_TAKER;BOT_MAKER;HYDROGEL_PACK;XIRECS;9965.0;6
37400;BOT_TAKER;BOT_MAKER;VEV_4000;XIRECS;1271.0;2
37500;BOT_MAKER;BOT_TAKER;HYDROGEL_PACK;XIRECS;9946.0;6
37500;BOT_TAKER;BOT_MAKER;VELVETFRUIT_EXTRACT;XIRECS;5242.0;6
37500;SUBMISSION;BOT_TAKER;VELVETFRUIT_EXTRACT;XIRECS;5238.0;5
37500;BOT_MAKER;BOT_TAKER;VELVETFRUIT_EXTRACT;XIRECS;5237.0;3
37600;BOT_TAKER;BOT_MAKER;VEV_6000;XIRECS;1.0;5
37700;BOT_TAKER;BOT_MAKER;VEV_5500;XIRECS;8.0;3
37800;BOT_MAKER;BOT_TAKER;VELVETFRUIT_EXTRACT;XIRECS;5237.0;6
37800;BOT_TAKER;BOT_MAKER;VEV_5400;XIRECS;16.0;4
37900;BOT_MAKER;BOT_TAKER;HYDROGEL_PACK;XIRECS;9946.0;5
37900;BOT_MAKER;BOT_TAKER;VELVETFRUIT_EXTRACT;XIRECS;5236.0;6
38000;BOT_MAKER;BOT_TAKER;HYDROGEL_PACK;XIRECS;9945.0;6
38000;BOT_MAKER;BOT_TAKER;VELVETFRUIT_EXTRACT;XIRECS;5235.0;5
38000;BOT_MAKER;BOT_TAKER;VEV_6500;XIRECS;0.0;4
38200;BOT_MAKER;BOT_TAKER;HYDROGEL_PACK;XIRECS;9949.0;2
38200;BOT_MAKER;BOT_TAKER;VELVETFRUIT_EXTRACT;XIRECS;5237.0;8
38300;BOT_MAKER;BOT_TAKER;VELVETFRUIT_EXTRACT;XIRECS;5239.0;8
38300;BOT_MAKER;BOT_TAKER;VEV_5400;XIRECS;14.0;2
38600;BOT_TAKER;BOT_MAKER;VELVETFRUIT_EXTRACT;XIRECS;5246.0;3
38700;BOT_MAKER;BOT_TAKER;VELVETFRUIT_EXTRACT;XIRECS;5239.0;8
38700;BOT_TAKER;BOT_MAKER;VEV_5300;XIRECS;58.0;2
38700;BOT_TAKER;SUBMISSION;VEV_4000;XIRECS;1269.0;2
38800;BOT_TAKER;BOT_MAKER;VEV_5400;XIRECS;15.0;4
38900;BOT_MAKER;BOT_TAKER;VEV_4000;XIRECS;1250.0;1
38900;BOT_TAKER;SUBMISSION;HYDROGEL_PACK;XIRECS;9964.0;2
39000;BOT_TAKER;BOT_MAKER;VELVETFRUIT_EXTRACT;XIRECS;5243.0;4
39000;BOT_MAKER;BOT_TAKER;VEV_5300;XIRECS;57.0;2
39000;BOT_TAKER;BOT_MAKER;VEV_5400;XIRECS;16.0;4
39100;BOT_MAKER;BOT_TAKER;INTARIAN_PEPPER_ROOT;XIRECS;13029.0;5
39300;BOT_TAKER;BOT_MAKER;VELVETFRUIT_EXTRACT;XIRECS;5244.0;4
39500;BOT_MAKER;BOT_TAKER;VELVETFRUIT_EXTRACT;XIRECS;5241.0;8
39500;SUBMISSION;BOT_TAKER;VELVETFRUIT_EXTRACT;XIRECS;5242.0;5
39500;BOT_MAKER;BOT_TAKER;VELVETFRUIT_EXTRACT;XIRECS;5241.0;2
39600;BOT_TAKER;BOT_MAKER;VEV_4000;XIRECS;1267.0;1
39600;BOT_TAKER;BOT_MAKER;VEV_5500;XIRECS;8.0;4
39700;BOT_TAKER;BOT_MAKER;VELVETFRUIT_EXTRACT;XIRECS;5247.0;5
39700;BOT_MAKER;BOT_TAKER;VELVETFRUIT_EXTRACT;XIRECS;5241.0;7
39700;BOT_MAKER;BOT_TAKER;VEV_4000;XIRECS;1248.0;3
39800;BOT_TAKER;BOT_MAKER;VELVETFRUIT_EXTRACT;XIRECS;5247.0;5
39800;BOT_MAKER;BOT_TAKER;VELVETFRUIT_EXTRACT;XIRECS;5241.0;3
39900;BOT_TAKER;BOT_MAKER;VELVETFRUIT_EXTRACT;XIRECS;5247.0;10
40000;BOT_MAKER;BOT_TAKER;ASH_COATED_OSMIUM;XIRECS;9985.0;9
40000;BOT_MAKER;BOT_TAKER;VELVETFRUIT_EXTRACT;XIRECS;5242.0;8
40000;BOT_MAKER;BOT_TAKER;VELVETFRUIT_EXTRACT;XIRECS;5242.0;3
40000;BOT_TAKER;BOT_MAKER;VEV_5400;XIRECS;15.0;2
40000;BOT_TAKER;SUBMISSION;VEV_4000;XIRECS;1266.0;2
40100;BOT_MAKER;BOT_TAKER;HYDROGEL_PACK;XIRECS;9949.0;6
40100;BOT_MAKER;BOT_TAKER;VELVETFRUIT_EXTRACT;XIRECS;5243.0;4
40200;BOT_MAKER;BOT_TAKER;VELVETFRUIT_EXTRACT;XIRECS;5243.0;14
40300;BOT_MAKER;BOT_TAKER;VELVETFRUIT_EXTRACT;XIRECS;5242.0;4
40400;BOT_TAKER;BOT_MAKER;VEV_4000;XIRECS;1267.0;3
40400;BOT_TAKER;SUBMISSION;VELVETFRUIT_EXTRACT;XIRECS;5245.0;4
40500;BOT_MAKER;BOT_TAKER;VELVETFRUIT_EXTRACT;XIRECS;5243.0;6
40500;BOT_TAKER;SUBMISSION;ASH_COATED_OSMIUM;XIRECS;10000.0;4
40700;BOT_TAKER;BOT_MAKER;ASH_COATED_OSMIUM;XIRECS;10004.0;6
40700;BOT_MAKER;BOT_TAKER;VELVETFRUIT_EXTRACT;XIRECS;5242.0;4
40700;BOT_MAKER;BOT_TAKER;VEV_5400;XIRECS;13.0;4
40800;BOT_TAKER;BOT_MAKER;VELVETFRUIT_EXTRACT;XIRECS;5246.0;6
40800;BOT_MAKER;BOT_TAKER;VEV_6500;XIRECS;0.0;4
40900;BOT_MAKER;BOT_TAKER;VELVETFRUIT_EXTRACT;XIRECS;5242.0;4
40900;BOT_TAKER;BOT_MAKER;VEV_5500;XIRECS;8.0;2
41100;BOT_MAKER;BOT_TAKER;HYDROGEL_PACK;XIRECS;9945.0;3
41200;BOT_TAKER;BOT_MAKER;VEV_4000;XIRECS;1266.0;2
41200;BOT_TAKER;BOT_MAKER;VEV_6500;XIRECS;1.0;5
41300;BOT_MAKER;BOT_TAKER;HYDROGEL_PACK;XIRECS;9945.0;3
41300;BOT_MAKER;BOT_TAKER;VELVETFRUIT_EXTRACT;XIRECS;5240.0;3
41300;BOT_TAKER;BOT_MAKER;VEV_4000;XIRECS;1266.0;2
41400;BOT_MAKER;BOT_TAKER;VELVETFRUIT_EXTRACT;XIRECS;5239.0;8
41400;BOT_TAKER;BOT_MAKER;VEV_5400;XIRECS;13.0;2
41400;BOT_TAKER;BOT_MAKER;VEV_6500;XIRECS;1.0;4
41500;BOT_TAKER;BOT_MAKER;HYDROGEL_PACK;XIRECS;9965.0;4
41500;BOT_TAKER;BOT_MAKER;VELVETFRUIT_EXTRACT;XIRECS;5245.0;8
41500;BOT_TAKER;BOT_MAKER;VEV_4000;XIRECS;1269.0;1
41500;BOT;SUBMISSION;ASH_COATED_OSMIUM;XIRECS;9995.0;4
41600;BOT_MAKER;BOT_TAKER;HYDROGEL_PACK;XIRECS;9951.0;4
41600;BOT_TAKER;BOT_MAKER;VELVETFRUIT_EXTRACT;XIRECS;5244.0;4
41600;BOT_MAKER;BOT_TAKER;VEV_4000;XIRECS;1249.0;1
41700;BOT_TAKER;BOT_MAKER;VELVETFRUIT_EXTRACT;XIRECS;5246.0;6
41900;BOT_MAKER;BOT_TAKER;VELVETFRUIT_EXTRACT;XIRECS;5240.0;8
42000;BOT_MAKER;BOT_TAKER;HYDROGEL_PACK;XIRECS;9946.0;6
42000;BOT_TAKER;BOT_MAKER;VEV_4000;XIRECS;1267.0;3
42000;SUBMISSION;BOT_TAKER;ASH_COATED_OSMIUM;XIRECS;9988.0;4
42100;SUBMISSION;BOT_TAKER;ASH_COATED_OSMIUM;XIRECS;9987.0;5
42100;BOT_TAKER;SUBMISSION;VELVETFRUIT_EXTRACT;XIRECS;5244.0;5
42100;BOT_TAKER;BOT_MAKER;VELVETFRUIT_EXTRACT;XIRECS;5245.0;2
42200;BOT_MAKER;BOT_TAKER;VEV_5500;XIRECS;8.0;3
42300;BOT_MAKER;BOT_TAKER;VELVETFRUIT_EXTRACT;XIRECS;5240.0;7
42300;BOT_MAKER;BOT_TAKER;VEV_4000;XIRECS;1244.0;3
42400;BOT_MAKER;BOT_TAKER;VELVETFRUIT_EXTRACT;XIRECS;5243.0;9
42400;BOT_TAKER;BOT_MAKER;VEV_5500;XIRECS;9.0;5
42400;BOT_TAKER;SUBMISSION;HYDROGEL_PACK;XIRECS;9962.0;5
42500;BOT_TAKER;BOT_MAKER;VELVETFRUIT_EXTRACT;XIRECS;5247.0;7
42500;BOT_TAKER;BOT_MAKER;VEV_5400;XIRECS;13.0;5
42600;BOT_MAKER;BOT_TAKER;VELVETFRUIT_EXTRACT;XIRECS;5242.0;4
42600;BOT_TAKER;SUBMISSION;HYDROGEL_PACK;XIRECS;9958.0;4
42600;BOT_TAKER;SUBMISSION;VELVETFRUIT_EXTRACT;XIRECS;5246.0;5
42600;BOT_TAKER;BOT_MAKER;VELVETFRUIT_EXTRACT;XIRECS;5247.0;3
42700;BOT_MAKER;BOT_TAKER;VELVETFRUIT_EXTRACT;XIRECS;5242.0;7
42700;BOT_MAKER;BOT_TAKER;VEV_4000;XIRECS;1242.0;1
42700;BOT;SUBMISSION;ASH_COATED_OSMIUM;XIRECS;9996.0;8
42800;SUBMISSION;BOT;ASH_COATED_OSMIUM;XIRECS;9991.0;10
42900;BOT_MAKER;BOT_TAKER;INTARIAN_PEPPER_ROOT;XIRECS;13036.0;7
42900;BOT_MAKER;BOT_TAKER;VELVETFRUIT_EXTRACT;XIRECS;5243.0;7
43000;BOT_MAKER;BOT_TAKER;VEV_5400;XIRECS;12.0;5
43000;BOT_TAKER;BOT_MAKER;VEV_6500;XIRECS;1.0;4
43100;BOT_MAKER;BOT_TAKER;ASH_COATED_OSMIUM;XIRECS;9984.0;7
43200;BOT_TAKER;BOT_MAKER;VELVETFRUIT_EXTRACT;XIRECS;5248.0;7
43200;SUBMISSION;BOT_TAKER;VEV_4000;XIRECS;1242.0;1
43300;BOT_MAKER;BOT_TAKER;VEV_5500;XIRECS;8.0;3
43400;BOT_TAKER;BOT_MAKER;VELVETFRUIT_EXTRACT;XIRECS;5245.0;3
43500;BOT_MAKER;BOT_TAKER;VELVETFRUIT_EXTRACT;XIRECS;5242.0;4
43600;BOT_TAKER;BOT_MAKER;VELVETFRUIT_EXTRACT;XIRECS;5247.0;8
43700;SUBMISSION;BOT_TAKER;HYDROGEL_PACK;XIRECS;9951.0;5
43700;BOT_MAKER;BOT_TAKER;HYDROGEL_PACK;XIRECS;9950.0;1
43700;BOT_TAKER;SUBMISSION;VEV_4000;XIRECS;1259.0;1
43900;BOT_TAKER;BOT_MAKER;VELVETFRUIT_EXTRACT;XIRECS;5245.0;5
43900;BOT_TAKER;BOT_MAKER;VEV_4000;XIRECS;1260.0;2
44000;BOT_MAKER;BOT_TAKER;HYDROGEL_PACK;XIRECS;9953.0;5
44200;BOT_TAKER;BOT_MAKER;HYDROGEL_PACK;XIRECS;9965.0;6
44200;BOT_TAKER;BOT_MAKER;VEV_6000;XIRECS;1.0;5
44200;BOT_MAKER;BOT_TAKER;VEV_6500;XIRECS;0.0;2
44300;BOT_MAKER;BOT_TAKER;HYDROGEL_PACK;XIRECS;9946.0;4
44300;BOT_MAKER;BOT_TAKER;VELVETFRUIT_EXTRACT;XIRECS;5238.0;7
44300;BOT_TAKER;BOT_MAKER;VEV_4000;XIRECS;1260.0;1
44400;BOT_TAKER;BOT_MAKER;VELVETFRUIT_EXTRACT;XIRECS;5241.0;6
44400;BOT_TAKER;BOT_MAKER;VEV_4000;XIRECS;1260.0;3
44500;BOT_TAKER;BOT_MAKER;VEV_4000;XIRECS;1259.0;2
44500;BOT_TAKER;SUBMISSION;HYDROGEL_PACK;XIRECS;9957.0;5
44500;BOT_TAKER;BOT_MAKER;HYDROGEL_PACK;XIRECS;9958.0;1
44600;BOT_TAKER;BOT_MAKER;VELVETFRUIT_EXTRACT;XIRECS;5240.0;7
44600;BOT_TAKER;SUBMISSION;HYDROGEL_PACK;XIRECS;9960.0;2
44700;BOT_TAKER;BOT_MAKER;VEV_5500;XIRECS;9.0;2
44800;BOT_MAKER;BOT_TAKER;HYDROGEL_PACK;XIRECS;9945.0;5
44800;BOT_TAKER;BOT_MAKER;VELVETFRUIT_EXTRACT;XIRECS;5240.0;8
44800;BOT_TAKER;BOT_MAKER;VEV_6500;XIRECS;1.0;3
44900;BOT_MAKER;BOT_TAKER;VELVETFRUIT_EXTRACT;XIRECS;5234.0;6
44900;SUBMISSION;BOT;ASH_COATED_OSMIUM;XIRECS;9992.0;7
45200;BOT_MAKER;BOT_TAKER;VELVETFRUIT_EXTRACT;XIRECS;5231.0;3
45200;BOT_MAKER;BOT_TAKER;VEV_5500;XIRECS;8.0;3
45300;BOT_TAKER;BOT_MAKER;HYDROGEL_PACK;XIRECS;9963.0;3
45300;BOT_TAKER;BOT_MAKER;VELVETFRUIT_EXTRACT;XIRECS;5237.0;6
45300;BOT_MAKER;BOT_TAKER;VEV_4000;XIRECS;1240.0;1
45400;BOT_MAKER;BOT_TAKER;VEV_4000;XIRECS;1240.0;1
45500;SUBMISSION;BOT_TAKER;VELVETFRUIT_EXTRACT;XIRECS;5234.0;5
45600;BOT_MAKER;BOT_TAKER;VELVETFRUIT_EXTRACT;XIRECS;5231.0;8
45600;BOT_TAKER;BOT_MAKER;VEV_4000;XIRECS;1261.0;3
45600;BOT_TAKER;SUBMISSION;VELVETFRUIT_EXTRACT;XIRECS;5236.0;4
45700;BOT_MAKER;BOT_TAKER;VELVETFRUIT_EXTRACT;XIRECS;5233.0;5
45700;BOT_TAKER;BOT_MAKER;VEV_4000;XIRECS;1261.0;1
45800;BOT_MAKER;BOT_TAKER;HYDROGEL_PACK;XIRECS;9947.0;4
45800;BOT_TAKER;BOT_MAKER;VELVETFRUIT_EXTRACT;XIRECS;5238.0;7
45800;BOT_MAKER;BOT_TAKER;VEV_4000;XIRECS;1238.0;2
45900;BOT_TAKER;BOT_MAKER;HYDROGEL_PACK;XIRECS;9966.0;6
45900;BOT_TAKER;SUBMISSION;ASH_COATED_OSMIUM;XIRECS;10002.0;3
45900;BOT_TAKER;SUBMISSION;VELVETFRUIT_EXTRACT;XIRECS;5236.0;5
45900;BOT_TAKER;BOT_MAKER;VELVETFRUIT_EXTRACT;XIRECS;5237.0;1
45900;BOT_TAKER;SUBMISSION;VEV_4000;XIRECS;1260.0;2
46000;BOT_TAKER;BOT_MAKER;VEV_4000;XIRECS;1262.0;3
46100;BOT_TAKER;BOT_MAKER;HYDROGEL_PACK;XIRECS;9966.0;5
46100;BOT_MAKER;BOT_TAKER;VELVETFRUIT_EXTRACT;XIRECS;5234.0;6
46200;BOT_MAKER;BOT_TAKER;HYDROGEL_PACK;XIRECS;9950.0;5
46200;BOT_TAKER;SUBMISSION;VELVETFRUIT_EXTRACT;XIRECS;5239.0;4
46300;BOT_TAKER;BOT_MAKER;VEV_4000;XIRECS;1261.0;1
46300;BOT_TAKER;SUBMISSION;VELVETFRUIT_EXTRACT;XIRECS;5239.0;4
46400;BOT_TAKER;BOT_MAKER;VEV_6000;XIRECS;1.0;2
46400;BOT;SUBMISSION;ASH_COATED_OSMIUM;XIRECS;9997.0;9
46400;SUBMISSION;BOT_TAKER;VELVETFRUIT_EXTRACT;XIRECS;5235.0;5
46600;BOT_TAKER;BOT_MAKER;ASH_COATED_OSMIUM;XIRECS;10003.0;9
46600;BOT_TAKER;BOT_MAKER;VELVETFRUIT_EXTRACT;XIRECS;5240.0;3
46600;SUBMISSION;BOT_TAKER;VELVETFRUIT_EXTRACT;XIRECS;5235.0;5
46700;BOT_MAKER;BOT_TAKER;HYDROGEL_PACK;XIRECS;9951.0;3
46700;BOT_TAKER;BOT_MAKER;VELVETFRUIT_EXTRACT;XIRECS;5239.0;4
46700;BOT_MAKER;BOT_TAKER;VEV_5500;XIRECS;7.0;5
46700;BOT_TAKER;BOT_MAKER;VEV_6500;XIRECS;1.0;4
46800;BOT_TAKER;BOT_MAKER;HYDROGEL_PACK;XIRECS;9968.0;6
46900;BOT_TAKER;BOT_MAKER;VELVETFRUIT_EXTRACT;XIRECS;5237.0;10
47100;BOT_MAKER;BOT_TAKER;HYDROGEL_PACK;XIRECS;9955.0;2
47100;BOT_TAKER;BOT_MAKER;VEV_6000;XIRECS;1.0;2
47200;BOT_TAKER;BOT_MAKER;VEV_6500;XIRECS;1.0;3
47300;BOT_TAKER;SUBMISSION;VELVETFRUIT_EXTRACT;XIRECS;5234.0;5
47300;BOT_TAKER;BOT_MAKER;VELVETFRUIT_EXTRACT;XIRECS;5235.0;2
47400;BOT_TAKER;BOT_MAKER;VELVETFRUIT_EXTRACT;XIRECS;5233.0;10
47400;BOT_TAKER;BOT_MAKER;VEV_4000;XIRECS;1262.0;1
47400;BOT_TAKER;BOT_MAKER;VEV_5500;XIRECS;9.0;4
47400;SUBMISSION;BOT_TAKER;VELVETFRUIT_EXTRACT;XIRECS;5229.0;5
47400;BOT_MAKER;BOT_TAKER;VELVETFRUIT_EXTRACT;XIRECS;5228.0;2
47500;BOT_MAKER;BOT_TAKER;HYDROGEL_PACK;XIRECS;9957.0;6
47700;BOT_TAKER;BOT_MAKER;HYDROGEL_PACK;XIRECS;9973.0;3
47900;BOT_MAKER;BOT_TAKER;VELVETFRUIT_EXTRACT;XIRECS;5226.0;7
47900;BOT_MAKER;BOT_TAKER;VEV_4000;XIRECS;1241.0;1
48000;BOT_TAKER;BOT_MAKER;VELVETFRUIT_EXTRACT;XIRECS;5229.0;7
48000;BOT_MAKER;BOT_TAKER;VEV_5500;XIRECS;7.0;5
48000;BOT_MAKER;BOT_TAKER;VEV_6000;XIRECS;0.0;5
48000;BOT_TAKER;SUBMISSION;VEV_4000;XIRECS;1259.0;2
48100;BOT_MAKER;BOT_TAKER;HYDROGEL_PACK;XIRECS;9953.0;3
48100;BOT_MAKER;BOT_TAKER;VELVETFRUIT_EXTRACT;XIRECS;5224.0;5
48100;BOT_TAKER;BOT_MAKER;VEV_5400;XIRECS;14.0;2
48100;BOT_MAKER;BOT_TAKER;VEV_5400;XIRECS;12.0;5
48200;BOT_TAKER;BOT_MAKER;VEV_5300;XIRECS;60.0;4
48200;BOT_MAKER;BOT_TAKER;VEV_6500;XIRECS;0.0;4
48200;BOT_TAKER;SUBMISSION;HYDROGEL_PACK;XIRECS;9971.0;5
48300;BOT_MAKER;BOT_TAKER;VEV_6500;XIRECS;0.0;3
48300;SUBMISSION;BOT_TAKER;HYDROGEL_PACK;XIRECS;9962.0;5
48300;BOT_MAKER;BOT_TAKER;HYDROGEL_PACK;XIRECS;9961.0;1
48500;BOT_MAKER;BOT_TAKER;VEV_6500;XIRECS;0.0;5
48600;BOT_MAKER;BOT_TAKER;VELVETFRUIT_EXTRACT;XIRECS;5224.0;8
48700;BOT_MAKER;BOT_TAKER;HYDROGEL_PACK;XIRECS;9964.0;4
48700;BOT_MAKER;BOT_TAKER;VELVETFRUIT_EXTRACT;XIRECS;5222.0;5
48700;BOT_TAKER;BOT_MAKER;VEV_4000;XIRECS;1264.0;1
48700;BOT_TAKER;BOT_MAKER;VEV_5400;XIRECS;13.0;5
48800;BOT_TAKER;BOT_MAKER;HYDROGEL_PACK;XIRECS;9977.0;6
48800;BOT_TAKER;BOT_MAKER;VEV_6500;XIRECS;1.0;5
48800;SUBMISSION;BOT_TAKER;HYDROGEL_PACK;XIRECS;9962.0;2
48900;BOT_MAKER;BOT_TAKER;HYDROGEL_PACK;XIRECS;9960.0;4
49000;BOT_MAKER;BOT_TAKER;VEV_4000;XIRECS;1240.0;1
49000;BOT_TAKER;SUBMISSION;VELVETFRUIT_EXTRACT;XIRECS;5226.0;4
49100;BOT_TAKER;BOT_MAKER;VELVETFRUIT_EXTRACT;XIRECS;5228.0;6
49100;SUBMISSION;BOT;ASH_COATED_OSMIUM;XIRECS;9992.0;7
49200;BOT_MAKER;BOT_TAKER;HYDROGEL_PACK;XIRECS;9962.0;6
49200;BOT_TAKER;BOT_MAKER;HYDROGEL_PACK;XIRECS;9978.0;4
49200;BOT_TAKER;BOT_MAKER;VEV_5400;XIRECS;14.0;3
49300;BOT_MAKER;BOT_TAKER;VELVETFRUIT_EXTRACT;XIRECS;5222.0;6
49300;BOT_MAKER;BOT_TAKER;VEV_6000;XIRECS;0.0;5
49500;BOT_MAKER;BOT_TAKER;VELVETFRUIT_EXTRACT;XIRECS;5221.0;8
49600;BOT_TAKER;BOT_MAKER;HYDROGEL_PACK;XIRECS;9982.0;6
49600;BOT_MAKER;BOT_TAKER;VELVETFRUIT_EXTRACT;XIRECS;5222.0;4
49600;BOT_TAKER;BOT_MAKER;VEV_4000;XIRECS;1255.0;1
49600;SUBMISSION;BOT_TAKER;HYDROGEL_PACK;XIRECS;9967.0;5
49800;BOT_MAKER;BOT_TAKER;VELVETFRUIT_EXTRACT;XIRECS;5221.0;5
49900;BOT_MAKER;BOT_TAKER;VELVETFRUIT_EXTRACT;XIRECS;5223.0;7
49900;SUBMISSION;BOT_TAKER;VELVETFRUIT_EXTRACT;XIRECS;5224.0;5
49900;BOT_MAKER;BOT_TAKER;VELVETFRUIT_EXTRACT;XIRECS;5223.0;3
50000;BOT_TAKER;BOT_MAKER;VELVETFRUIT_EXTRACT;XIRECS;5228.0;4
50100;BOT_MAKER;BOT_TAKER;VELVETFRUIT_EXTRACT;XIRECS;5223.0;6
50100;BOT_MAKER;BOT_TAKER;VEV_4000;XIRECS;1228.0;2
50200;BOT_TAKER;SUBMISSION;VEV_4000;XIRECS;1248.0;2
50500;BOT_MAKER;BOT_TAKER;HYDROGEL_PACK;XIRECS;9967.0;6
50500;BOT_MAKER;BOT_TAKER;VEV_5400;XIRECS;13.0;3
50600;BOT_TAKER;BOT_MAKER;HYDROGEL_PACK;XIRECS;9988.0;6
50600;BOT_MAKER;BOT_TAKER;VEV_5400;XIRECS;13.0;5
50600;BOT_MAKER;BOT_TAKER;VEV_6500;XIRECS;0.0;4
50700;BOT_TAKER;BOT_MAKER;VELVETFRUIT_EXTRACT;XIRECS;5225.0;3
50700;BOT_MAKER;BOT_TAKER;VELVETFRUIT_EXTRACT;XIRECS;5220.0;4
50700;SUBMISSION;BOT;ASH_COATED_OSMIUM;XIRECS;9992.0;7
50800;BOT_MAKER;BOT_TAKER;VELVETFRUIT_EXTRACT;XIRECS;5220.0;4
50800;BOT_MAKER;BOT_TAKER;VEV_4000;XIRECS;1223.0;1
50900;BOT_TAKER;BOT_MAKER;VELVETFRUIT_EXTRACT;XIRECS;5226.0;7
50900;BOT_TAKER;BOT_MAKER;VEV_5400;XIRECS;14.0;5
50900;BOT_TAKER;SUBMISSION;VELVETFRUIT_EXTRACT;XIRECS;5225.0;5
50900;BOT_TAKER;BOT_MAKER;VELVETFRUIT_EXTRACT;XIRECS;5226.0;6
51000;BOT_MAKER;BOT_TAKER;VELVETFRUIT_EXTRACT;XIRECS;5219.0;5
51000;BOT_TAKER;BOT_MAKER;VEV_4000;XIRECS;1246.0;1
51100;BOT_MAKER;BOT_TAKER;ASH_COATED_OSMIUM;XIRECS;9987.0;4
51100;BOT_TAKER;BOT_MAKER;VELVETFRUIT_EXTRACT;XIRECS;5225.0;5
51100;BOT_TAKER;BOT_MAKER;VEV_4000;XIRECS;1244.0;3
51100;SUBMISSION;BOT_TAKER;VELVETFRUIT_EXTRACT;XIRECS;5220.0;3
51200;BOT_TAKER;SUBMISSION;HYDROGEL_PACK;XIRECS;9992.0;2
51400;BOT_TAKER;BOT_MAKER;HYDROGEL_PACK;XIRECS;9993.0;2
51400;SUBMISSION;BOT_TAKER;VELVETFRUIT_EXTRACT;XIRECS;5222.0;4
51500;BOT_MAKER;BOT_TAKER;VELVETFRUIT_EXTRACT;XIRECS;5220.0;5
51500;SUBMISSION;BOT_TAKER;VELVETFRUIT_EXTRACT;XIRECS;5221.0;5
51500;BOT_MAKER;BOT_TAKER;VELVETFRUIT_EXTRACT;XIRECS;5220.0;1
51600;BOT_MAKER;BOT_TAKER;VELVETFRUIT_EXTRACT;XIRECS;5220.0;10
51700;SUBMISSION;BOT_TAKER;VELVETFRUIT_EXTRACT;XIRECS;5219.0;5
51800;BOT_MAKER;BOT_TAKER;ASH_COATED_OSMIUM;XIRECS;9986.0;3
51800;BOT_MAKER;BOT_TAKER;VELVETFRUIT_EXTRACT;XIRECS;5218.0;5
51900;BOT_TAKER;BOT_MAKER;VELVETFRUIT_EXTRACT;XIRECS;5222.0;6
51900;SUBMISSION;BOT_TAKER;VELVETFRUIT_EXTRACT;XIRECS;5218.0;5
52000;BOT_TAKER;BOT_MAKER;VELVETFRUIT_EXTRACT;XIRECS;5222.0;8
52100;BOT_MAKER;BOT_TAKER;HYDROGEL_PACK;XIRECS;9965.0;3
52100;BOT_MAKER;BOT_TAKER;VELVETFRUIT_EXTRACT;XIRECS;5216.0;3
52100;BOT_MAKER;BOT_TAKER;VEV_4000;XIRECS;1226.0;2
52100;BOT_MAKER;BOT_TAKER;VEV_6000;XIRECS;0.0;5
52200;BOT_TAKER;BOT_MAKER;VELVETFRUIT_EXTRACT;XIRECS;5220.0;8
52200;BOT_TAKER;BOT_MAKER;VEV_4000;XIRECS;1248.0;3
52200;BOT_MAKER;BOT_TAKER;VEV_6500;XIRECS;0.0;3
52200;SUBMISSION;BOT_TAKER;VELVETFRUIT_EXTRACT;XIRECS;5216.0;4
52300;BOT_TAKER;BOT_MAKER;HYDROGEL_PACK;XIRECS;9983.0;5
52300;BOT_MAKER;BOT_TAKER;VELVETFRUIT_EXTRACT;XIRECS;5215.0;8
52400;BOT_TAKER;BOT_MAKER;HYDROGEL_PACK;XIRECS;9982.0;6
52500;BOT_MAKER;BOT_TAKER;HYDROGEL_PACK;XIRECS;9966.0;4
52600;BOT_TAKER;BOT_MAKER;HYDROGEL_PACK;XIRECS;9981.0;6
52600;BOT_MAKER;BOT_TAKER;VELVETFRUIT_EXTRACT;XIRECS;5213.0;6
52700;BOT_MAKER;BOT_TAKER;VEV_4000;XIRECS;1226.0;1
52800;BOT_MAKER;BOT_TAKER;VELVETFRUIT_EXTRACT;XIRECS;5214.0;8
52900;BOT_MAKER;BOT_TAKER;HYDROGEL_PACK;XIRECS;9975.0;6
53000;BOT_MAKER;BOT_TAKER;VELVETFRUIT_EXTRACT;XIRECS;5211.0;4
53100;BOT_MAKER;BOT_TAKER;HYDROGEL_PACK;XIRECS;9977.0;3
53100;BOT_TAKER;BOT_MAKER;VEV_6000;XIRECS;1.0;3
53100;BOT_TAKER;SUBMISSION;VEV_4000;XIRECS;1245.0;1
53200;BOT_MAKER;BOT_TAKER;VEV_5400;XIRECS;12.0;4
53200;BOT_TAKER;SUBMISSION;VELVETFRUIT_EXTRACT;XIRECS;5215.0;5
53200;BOT_TAKER;BOT_MAKER;VELVETFRUIT_EXTRACT;XIRECS;5216.0;2
53300;BOT_MAKER;BOT_TAKER;INTARIAN_PEPPER_ROOT;XIRECS;13046.0;7
53400;BOT_TAKER;BOT_MAKER;HYDROGEL_PACK;XIRECS;9999.0;6
53400;BOT_TAKER;BOT_MAKER;VELVETFRUIT_EXTRACT;XIRECS;5218.0;6
53600;BOT_TAKER;BOT_MAKER;HYDROGEL_PACK;XIRECS;10001.0;4
53600;BOT_TAKER;BOT_MAKER;VELVETFRUIT_EXTRACT;XIRECS;5216.0;5
53600;BOT_MAKER;BOT_TAKER;VEV_6000;XIRECS;0.0;4
53700;BOT_MAKER;BOT_TAKER;HYDROGEL_PACK;XIRECS;9985.0;6
53700;BOT_TAKER;BOT_MAKER;VELVETFRUIT_EXTRACT;XIRECS;5216.0;5
53800;BOT_MAKER;BOT_TAKER;HYDROGEL_PACK;XIRECS;9987.0;6
53900;BOT_MAKER;BOT_TAKER;HYDROGEL_PACK;XIRECS;9984.0;5
54000;BOT_TAKER;BOT_MAKER;VEV_5500;XIRECS;8.0;5
54100;BOT_MAKER;BOT_TAKER;HYDROGEL_PACK;XIRECS;9987.0;3
54100;BOT_MAKER;BOT_TAKER;VEV_6000;XIRECS;0.0;3
54100;BOT_MAKER;BOT_TAKER;VEV_6500;XIRECS;0.0;4
54200;BOT_TAKER;BOT_MAKER;HYDROGEL_PACK;XIRECS;10003.0;4
54300;BOT_MAKER;BOT_TAKER;HYDROGEL_PACK;XIRECS;9986.0;4
54300;BOT_MAKER;BOT_TAKER;VEV_5400;XIRECS;12.0;2
54400;BOT_TAKER;SUBMISSION;HYDROGEL_PACK;XIRECS;10001.0;3
54500;BOT_TAKER;BOT_MAKER;HYDROGEL_PACK;XIRECS;10000.0;2
54500;BOT_MAKER;BOT_TAKER;VELVETFRUIT_EXTRACT;XIRECS;5211.0;6
54600;BOT_MAKER;BOT_TAKER;ASH_COATED_OSMIUM;XIRECS;9985.0;5
54700;BOT_MAKER;BOT_TAKER;HYDROGEL_PACK;XIRECS;9982.0;2
54800;BOT_TAKER;BOT_MAKER;VEV_5400;XIRECS;14.0;3
54900;BOT_MAKER;BOT_TAKER;VELVETFRUIT_EXTRACT;XIRECS;5213.0;6
54900;BOT_TAKER;BOT_MAKER;VELVETFRUIT_EXTRACT;XIRECS;5218.0;8
55000;BOT_TAKER;BOT_MAKER;VELVETFRUIT_EXTRACT;XIRECS;5218.0;5
55000;BOT_TAKER;BOT_MAKER;VEV_6000;XIRECS;1.0;4
55000;BOT_TAKER;BOT_MAKER;VEV_6500;XIRECS;1.0;3
55000;BOT_TAKER;SUBMISSION;VELVETFRUIT_EXTRACT;XIRECS;5217.0;3
55100;BOT_MAKER;BOT_TAKER;ASH_COATED_OSMIUM;XIRECS;9987.0;3
55100;BOT_MAKER;BOT_TAKER;VELVETFRUIT_EXTRACT;XIRECS;5213.0;3
55100;BOT_MAKER;BOT_TAKER;VEV_6500;XIRECS;0.0;2
55100;BOT_TAKER;SUBMISSION;VEV_4000;XIRECS;1244.0;1
55300;BOT_TAKER;BOT_MAKER;HYDROGEL_PACK;XIRECS;9994.0;5
55300;BOT;SUBMISSION;ASH_COATED_OSMIUM;XIRECS;9998.0;9
55500;BOT_TAKER;SUBMISSION;VELVETFRUIT_EXTRACT;XIRECS;5217.0;5
55500;BOT_TAKER;BOT_MAKER;VELVETFRUIT_EXTRACT;XIRECS;5218.0;2
55600;BOT_MAKER;BOT_TAKER;VELVETFRUIT_EXTRACT;XIRECS;5213.0;3
55600;SUBMISSION;BOT_TAKER;VEV_4000;XIRECS;1225.0;2
55700;BOT_TAKER;BOT_MAKER;VELVETFRUIT_EXTRACT;XIRECS;5218.0;6
55800;BOT_TAKER;BOT_MAKER;VELVETFRUIT_EXTRACT;XIRECS;5220.0;3
55800;BOT_TAKER;BOT_MAKER;VEV_4000;XIRECS;1245.0;2
55900;BOT_MAKER;BOT_TAKER;VELVETFRUIT_EXTRACT;XIRECS;5214.0;4
55900;BOT_MAKER;BOT_TAKER;VEV_6000;XIRECS;0.0;2
56200;BOT_MAKER;BOT_TAKER;VELVETFRUIT_EXTRACT;XIRECS;5215.0;6
56200;BOT_TAKER;BOT_MAKER;VEV_4000;XIRECS;1248.0;1
56200;BOT_MAKER;BOT_TAKER;VEV_6500;XIRECS;0.0;2
56300;BOT_MAKER;BOT_TAKER;VELVETFRUIT_EXTRACT;XIRECS;5216.0;4
56300;BOT_MAKER;BOT_TAKER;VEV_4000;XIRECS;1227.0;2
56400;BOT_MAKER;BOT_TAKER;VELVETFRUIT_EXTRACT;XIRECS;5216.0;8
56500;BOT_TAKER;BOT_MAKER;HYDROGEL_PACK;XIRECS;10001.0;4
56500;SUBMISSION;BOT_TAKER;VELVETFRUIT_EXTRACT;XIRECS;5217.0;3
56600;BOT_TAKER;BOT_MAKER;VELVETFRUIT_EXTRACT;XIRECS;5220.0;6
56600;BOT_TAKER;BOT_MAKER;VEV_6500;XIRECS;1.0;4
56700;BOT_MAKER;BOT_TAKER;VEV_5400;XIRECS;11.0;2
56700;BOT_TAKER;SUBMISSION;ASH_COATED_OSMIUM;XIRECS;10007.0;6
56800;BOT_TAKER;BOT_MAKER;VELVETFRUIT_EXTRACT;XIRECS;5220.0;8
56800;SUBMISSION;BOT_TAKER;ASH_COATED_OSMIUM;XIRECS;9988.0;9
56800;SUBMISSION;BOT_TAKER;HYDROGEL_PACK;XIRECS;9986.0;2
57000;BOT_MAKER;BOT_TAKER;VELVETFRUIT_EXTRACT;XIRECS;5213.0;6
57000;BOT_TAKER;BOT_MAKER;VEV_6000;XIRECS;1.0;3
57100;BOT_TAKER;BOT_MAKER;VEV_4000;XIRECS;1244.0;2
57100;BOT_TAKER;BOT_MAKER;VEV_6000;XIRECS;1.0;3
57300;BOT_MAKER;BOT_TAKER;VELVETFRUIT_EXTRACT;XIRECS;5211.0;5
57300;BOT_TAKER;BOT_MAKER;VEV_4000;XIRECS;1245.0;1
57400;BOT_TAKER;BOT_MAKER;VELVETFRUIT_EXTRACT;XIRECS;5216.0;7
57400;BOT_MAKER;BOT_TAKER;VEV_4000;XIRECS;1223.0;3
57400;BOT_TAKER;BOT_MAKER;VEV_6000;XIRECS;1.0;5
57500;BOT_MAKER;BOT_TAKER;VELVETFRUIT_EXTRACT;XIRECS;5212.0;5
57600;BOT_MAKER;BOT_TAKER;HYDROGEL_PACK;XIRECS;9983.0;2
57600;BOT_TAKER;SUBMISSION;HYDROGEL_PACK;XIRECS;9998.0;4
57700;BOT_TAKER;BOT_MAKER;VEV_4000;XIRECS;1245.0;1
57800;BOT_MAKER;BOT_TAKER;HYDROGEL_PACK;XIRECS;9982.0;2
57800;BOT_TAKER;BOT_MAKER;VELVETFRUIT_EXTRACT;XIRECS;5220.0;8
57800;BOT_TAKER;BOT_MAKER;VEV_6500;XIRECS;1.0;5
57900;BOT_TAKER;BOT_MAKER;HYDROGEL_PACK;XIRECS;9996.0;5
57900;BOT_MAKER;BOT_TAKER;VELVETFRUIT_EXTRACT;XIRECS;5215.0;7
58100;BOT_MAKER;BOT_TAKER;VEV_5400;XIRECS;11.0;3
58100;BOT_MAKER;BOT_TAKER;VEV_6000;XIRECS;0.0;5
58200;BOT_TAKER;BOT_MAKER;HYDROGEL_PACK;XIRECS;10000.0;2
58200;BOT_MAKER;BOT_TAKER;VELVETFRUIT_EXTRACT;XIRECS;5215.0;8
58300;BOT_TAKER;BOT_MAKER;HYDROGEL_PACK;XIRECS;9995.0;3
58400;BOT_TAKER;BOT_MAKER;ASH_COATED_OSMIUM;XIRECS;10005.0;5
58400;SUBMISSION;BOT_TAKER;HYDROGEL_PACK;XIRECS;9976.0;5
58500;BOT_TAKER;BOT_MAKER;VELVETFRUIT_EXTRACT;XIRECS;5218.0;8
58500;BOT_TAKER;BOT_MAKER;VEV_6500;XIRECS;1.0;4
58600;BOT_MAKER;BOT_TAKER;HYDROGEL_PACK;XIRECS;9977.0;3
58600;BOT_MAKER;BOT_TAKER;HYDROGEL_PACK;XIRECS;9977.0;4
58600;BOT_MAKER;BOT_TAKER;VEV_5400;XIRECS;11.0;2
58600;BOT_TAKER;BOT_MAKER;VEV_6000;XIRECS;1.0;5
58600;BOT_MAKER;BOT_TAKER;VEV_6000;XIRECS;0.0;4
58800;BOT_MAKER;BOT_TAKER;HYDROGEL_PACK;XIRECS;9981.0;5
58800;BOT_TAKER;SUBMISSION;VELVETFRUIT_EXTRACT;XIRECS;5218.0;5
58800;BOT_TAKER;BOT_MAKER;VELVETFRUIT_EXTRACT;XIRECS;5219.0;3
59100;BOT_TAKER;BOT_MAKER;VELVETFRUIT_EXTRACT;XIRECS;5221.0;7
59100;BOT_MAKER;BOT_TAKER;VEV_5300;XIRECS;59.0;3
59100;BOT_MAKER;BOT_TAKER;INTARIAN_PEPPER_ROOT;XIRECS;13049.0;4
59200;BOT_MAKER;BOT_TAKER;VELVETFRUIT_EXTRACT;XIRECS;5214.0;3
59200;SUBMISSION;BOT_TAKER;VELVETFRUIT_EXTRACT;XIRECS;5215.0;3
59300;BOT_MAKER;BOT_TAKER;VELVETFRUIT_EXTRACT;XIRECS;5213.0;4
59500;BOT_MAKER;BOT_TAKER;HYDROGEL_PACK;XIRECS;9979.0;2
59500;BOT_TAKER;BOT_MAKER;VEV_5300;XIRECS;62.0;4
59600;BOT_MAKER;BOT_TAKER;HYDROGEL_PACK;XIRECS;9980.0;6
59600;BOT_TAKER;BOT_MAKER;VELVETFRUIT_EXTRACT;XIRECS;5215.0;8
59600;BOT_TAKER;SUBMISSION;ASH_COATED_OSMIUM;XIRECS;10008.0;5
59800;BOT_TAKER;BOT_MAKER;VEV_4000;XIRECS;1241.0;3
59900;BOT_TAKER;SUBMISSION;VELVETFRUIT_EXTRACT;XIRECS;5210.0;4
60000;BOT_TAKER;BOT_MAKER;HYDROGEL_PACK;XIRECS;9992.0;5
60000;BOT_MAKER;BOT_TAKER;VELVETFRUIT_EXTRACT;XIRECS;5205.0;3
60000;SUBMISSION;BOT_TAKER;HYDROGEL_PACK;XIRECS;9977.0;5
60100;BOT_TAKER;BOT_MAKER;VEV_5500;XIRECS;8.0;2
60200;BOT_MAKER;BOT_TAKER;VELVETFRUIT_EXTRACT;XIRECS;5205.0;4
60300;BOT_TAKER;BOT_MAKER;VEV_6000;XIRECS;1.0;5
60700;BOT_TAKER;SUBMISSION;HYDROGEL_PACK;XIRECS;9987.0;5
60800;BOT_MAKER;BOT_TAKER;HYDROGEL_PACK;XIRECS;9971.0;3
60900;BOT_MAKER;BOT_TAKER;HYDROGEL_PACK;XIRECS;9971.0;2
61000;BOT_MAKER;BOT_TAKER;VELVETFRUIT_EXTRACT;XIRECS;5210.0;5
61200;BOT_MAKER;BOT_TAKER;VELVETFRUIT_EXTRACT;XIRECS;5208.0;4
61200;BOT_TAKER;BOT_MAKER;VEV_5200;XIRECS;95.0;2
61200;BOT_TAKER;BOT_MAKER;VEV_5400;XIRECS;11.0;4
61200;BOT_MAKER;BOT_TAKER;VEV_5500;XIRECS;7.0;5
61300;SUBMISSION;BOT_TAKER;HYDROGEL_PACK;XIRECS;9975.0;2
61300;BOT_TAKER;BOT_MAKER;INTARIAN_PEPPER_ROOT;XIRECS;13068.0;3
61600;BOT_TAKER;BOT_MAKER;VEV_6500;XIRECS;1.0;2
61600;SUBMISSION;BOT;ASH_COATED_OSMIUM;XIRECS;9998.0;8
61700;SUBMISSION;BOT_TAKER;VELVETFRUIT_EXTRACT;XIRECS;5212.0;5
61700;BOT_MAKER;BOT_TAKER;VELVETFRUIT_EXTRACT;XIRECS;5211.0;2
61800;BOT_MAKER;BOT_TAKER;VEV_6000;XIRECS;0.0;2
61900;BOT_MAKER;BOT_TAKER;VELVETFRUIT_EXTRACT;XIRECS;5210.0;8
62000;BOT_MAKER;BOT_TAKER;HYDROGEL_PACK;XIRECS;9981.0;6
62000;BOT_TAKER;BOT_MAKER;VELVETFRUIT_EXTRACT;XIRECS;5214.0;7
62000;BOT_MAKER;BOT_TAKER;VEV_5400;XIRECS;10.0;3
62000;BOT_MAKER;BOT_TAKER;VEV_6500;XIRECS;0.0;4
62000;SUBMISSION;BOT_TAKER;VELVETFRUIT_EXTRACT;XIRECS;5210.0;5
62000;BOT_MAKER;BOT_TAKER;VELVETFRUIT_EXTRACT;XIRECS;5209.0;2
62100;BOT_TAKER;SUBMISSION;ASH_COATED_OSMIUM;XIRECS;10007.0;2
62200;BOT_TAKER;BOT_MAKER;HYDROGEL_PACK;XIRECS;9997.0;2
62200;BOT_TAKER;BOT_MAKER;VEV_6000;XIRECS;1.0;5
62200;BOT_TAKER;SUBMISSION;ASH_COATED_OSMIUM;XIRECS;10007.0;4
62300;BOT_MAKER;BOT_TAKER;HYDROGEL_PACK;XIRECS;9982.0;3
62300;BOT_MAKER;BOT_TAKER;VEV_5500;XIRECS;7.0;3
62300;BOT_TAKER;SUBMISSION;VEV_4000;XIRECS;1236.0;3
62400;BOT_MAKER;BOT_TAKER;HYDROGEL_PACK;XIRECS;9983.0;3
62400;BOT_MAKER;BOT_TAKER;VELVETFRUIT_EXTRACT;XIRECS;5208.0;4
62500;BOT_MAKER;BOT_TAKER;HYDROGEL_PACK;XIRECS;9984.0;5
62500;BOT_TAKER;BOT_MAKER;VELVETFRUIT_EXTRACT;XIRECS;5212.0;8
62500;BOT_TAKER;BOT_MAKER;VEV_6500;XIRECS;1.0;5
62600;BOT_TAKER;BOT_MAKER;HYDROGEL_PACK;XIRECS;10001.0;3
62600;BOT_MAKER;BOT_TAKER;VELVETFRUIT_EXTRACT;XIRECS;5209.0;5
62600;BOT_MAKER;BOT_TAKER;VEV_6500;XIRECS;0.0;2
62700;BOT_TAKER;BOT_MAKER;VELVETFRUIT_EXTRACT;XIRECS;5213.0;8
62800;BOT_MAKER;BOT_TAKER;VELVETFRUIT_EXTRACT;XIRECS;5206.0;6
62900;BOT_TAKER;BOT_MAKER;VELVETFRUIT_EXTRACT;XIRECS;5213.0;8
63000;BOT_MAKER;BOT_TAKER;VELVETFRUIT_EXTRACT;XIRECS;5207.0;5
63000;BOT_MAKER;BOT_TAKER;VEV_6500;XIRECS;0.0;3
63100;BOT_MAKER;BOT_TAKER;HYDROGEL_PACK;XIRECS;9986.0;3
63100;BOT_TAKER;BOT_MAKER;INTARIAN_PEPPER_ROOT;XIRECS;13073.0;5
63100;BOT_MAKER;BOT_TAKER;VELVETFRUIT_EXTRACT;XIRECS;5209.0;5
63300;BOT_MAKER;BOT_TAKER;VEV_6000;XIRECS;0.0;2
63300;BOT_TAKER;BOT_MAKER;VEV_6000;XIRECS;1.0;4
63500;BOT_MAKER;BOT_TAKER;HYDROGEL_PACK;XIRECS;9985.0;5
63600;BOT_TAKER;BOT_MAKER;VELVETFRUIT_EXTRACT;XIRECS;5215.0;8
63700;BOT_MAKER;BOT_TAKER;HYDROGEL_PACK;XIRECS;9984.0;4
63700;BOT_MAKER;BOT_TAKER;INTARIAN_PEPPER_ROOT;XIRECS;13057.0;3
63700;BOT_MAKER;BOT_TAKER;VEV_6000;XIRECS;0.0;4
63800;BOT_MAKER;BOT_TAKER;HYDROGEL_PACK;XIRECS;9984.0;6
63800;BOT_TAKER;BOT_MAKER;VELVETFRUIT_EXTRACT;XIRECS;5216.0;7
63900;BOT_TAKER;BOT_MAKER;VELVETFRUIT_EXTRACT;XIRECS;5214.0;8
64000;BOT;SUBMISSION;ASH_COATED_OSMIUM;XIRECS;10000.0;6
64100;BOT_MAKER;BOT_TAKER;VEV_5500;XIRECS;7.0;2
64200;BOT_MAKER;BOT_TAKER;HYDROGEL_PACK;XIRECS;9981.0;3
64200;BOT_MAKER;BOT_TAKER;VELVETFRUIT_EXTRACT;XIRECS;5209.0;10
64200;BOT_MAKER;BOT_TAKER;VEV_4000;XIRECS;1216.0;2
64300;BOT_MAKER;BOT_TAKER;HYDROGEL_PACK;XIRECS;9977.0;6
64300;BOT_MAKER;BOT_TAKER;VELVETFRUIT_EXTRACT;XIRECS;5209.0;8
64400;BOT_TAKER;BOT_MAKER;HYDROGEL_PACK;XIRECS;9994.0;3
64400;BOT_TAKER;BOT_MAKER;VELVETFRUIT_EXTRACT;XIRECS;5212.0;3
64400;BOT_TAKER;BOT_MAKER;VEV_5300;XIRECS;61.0;5
64600;BOT_MAKER;BOT_TAKER;VELVETFRUIT_EXTRACT;XIRECS;5210.0;10
64600;BOT_TAKER;BOT_MAKER;VEV_5500;XIRECS;8.0;2
64600;BOT_MAKER;BOT_TAKER;VEV_6500;XIRECS;0.0;3
64600;SUBMISSION;BOT_TAKER;ASH_COATED_OSMIUM;XIRECS;9989.0;3
64600;BOT_TAKER;SUBMISSION;VELVETFRUIT_EXTRACT;XIRECS;5213.0;5
64600;BOT_TAKER;BOT_MAKER;VELVETFRUIT_EXTRACT;XIRECS;5214.0;2
64900;BOT_TAKER;BOT_MAKER;VEV_5500;XIRECS;8.0;2
65000;BOT_MAKER;BOT_TAKER;VEV_5400;XIRECS;9.0;3
65200;BOT_MAKER;BOT_TAKER;VELVETFRUIT_EXTRACT;XIRECS;5212.0;6
65300;BOT_MAKER;BOT_TAKER;VELVETFRUIT_EXTRACT;XIRECS;5211.0;6
65400;BOT_TAKER;BOT_MAKER;VELVETFRUIT_EXTRACT;XIRECS;5217.0;7
65400;BOT_MAKER;BOT_TAKER;VEV_4000;XIRECS;1220.0;3
65400;BOT_TAKER;SUBMISSION;VEV_4000;XIRECS;1240.0;2
65500;BOT_TAKER;BOT_MAKER;VEV_4000;XIRECS;1242.0;1
65600;BOT_TAKER;BOT_MAKER;VELVETFRUIT_EXTRACT;XIRECS;5217.0;4
65700;BOT_MAKER;BOT_TAKER;VELVETFRUIT_EXTRACT;XIRECS;5211.0;5
65700;BOT_TAKER;BOT_MAKER;VEV_6500;XIRECS;1.0;2
65800;BOT_MAKER;BOT_TAKER;HYDROGEL_PACK;XIRECS;9975.0;4
65900;BOT_MAKER;BOT_TAKER;HYDROGEL_PACK;XIRECS;9975.0;3
65900;SUBMISSION;BOT_TAKER;VELVETFRUIT_EXTRACT;XIRECS;5214.0;5
65900;BOT_MAKER;BOT_TAKER;VELVETFRUIT_EXTRACT;XIRECS;5213.0;4
66000;BOT_MAKER;BOT_TAKER;VEV_5400;XIRECS;9.0;2
66000;BOT_TAKER;SUBMISSION;VELVETFRUIT_EXTRACT;XIRECS;5219.0;5
66000;BOT_TAKER;BOT_MAKER;VELVETFRUIT_EXTRACT;XIRECS;5220.0;4
66100;BOT_TAKER;BOT_MAKER;VELVETFRUIT_EXTRACT;XIRECS;5219.0;6
66200;BOT_TAKER;BOT_MAKER;VELVETFRUIT_EXTRACT;XIRECS;5220.0;7
66200;BOT_MAKER;BOT_TAKER;VEV_4000;XIRECS;1219.0;1
66300;BOT_TAKER;BOT_MAKER;VELVETFRUIT_EXTRACT;XIRECS;5221.0;7
66300;BOT_MAKER;BOT_TAKER;VEV_5400;XIRECS;9.0;5
66300;BOT_MAKER;BOT_TAKER;VEV_6500;XIRECS;0.0;2
66300;SUBMISSION;BOT_TAKER;HYDROGEL_PACK;XIRECS;9973.0;3
66300;BOT_TAKER;SUBMISSION;VELVETFRUIT_EXTRACT;XIRECS;5220.0;5
66400;BOT_TAKER;BOT_MAKER;HYDROGEL_PACK;XIRECS;9987.0;3
66400;BOT_MAKER;BOT_TAKER;VELVETFRUIT_EXTRACT;XIRECS;5216.0;8
66800;BOT_MAKER;BOT_TAKER;HYDROGEL_PACK;XIRECS;9969.0;6
66800;BOT_TAKER;BOT_MAKER;VEV_4000;XIRECS;1238.0;1
66900;BOT_MAKER;BOT_TAKER;VEV_4000;XIRECS;1218.0;3
67000;BOT_TAKER;BOT_MAKER;VELVETFRUIT_EXTRACT;XIRECS;5220.0;7
67100;BOT_TAKER;BOT_MAKER;VEV_6000;XIRECS;1.0;4
67200;BOT_TAKER;BOT_MAKER;HYDROGEL_PACK;XIRECS;9979.0;6
67200;BOT_MAKER;BOT_TAKER;VEV_6000;XIRECS;0.0;3
67300;BOT_MAKER;BOT_TAKER;VELVETFRUIT_EXTRACT;XIRECS;5215.0;3
67300;BOT_MAKER;BOT_TAKER;VELVETFRUIT_EXTRACT;XIRECS;5215.0;3
67300;BOT_MAKER;BOT_TAKER;VEV_5300;XIRECS;56.0;4
67300;BOT_MAKER;BOT_TAKER;VEV_5500;XIRECS;6.0;3
67300;SUBMISSION;BOT_TAKER;ASH_COATED_OSMIUM;XIRECS;9992.0;4
67400;BOT_TAKER;BOT_MAKER;VELVETFRUIT_EXTRACT;XIRECS;5220.0;10
67500;BOT_MAKER;BOT_TAKER;HYDROGEL_PACK;XIRECS;9966.0;2
67500;BOT_TAKER;BOT_MAKER;VELVETFRUIT_EXTRACT;XIRECS;5220.0;4
67600;BOT_TAKER;BOT_MAKER;HYDROGEL_PACK;XIRECS;9982.0;6
67600;BOT_TAKER;BOT_MAKER;VELVETFRUIT_EXTRACT;XIRECS;5220.0;7
67700;BOT_MAKER;BOT_TAKER;VELVETFRUIT_EXTRACT;XIRECS;5215.0;7
67800;BOT_TAKER;BOT_MAKER;VELVETFRUIT_EXTRACT;XIRECS;5222.0;5
67800;BOT_TAKER;BOT_MAKER;VEV_6000;XIRECS;1.0;4
67800;BOT_MAKER;BOT_TAKER;INTARIAN_PEPPER_ROOT;XIRECS;13061.0;4
67900;BOT_TAKER;BOT_MAKER;HYDROGEL_PACK;XIRECS;9987.0;2
67900;BOT_MAKER;BOT_TAKER;VEV_6000;XIRECS;0.0;4
68000;BOT_MAKER;BOT_TAKER;VEV_6000;XIRECS;0.0;5
68200;BOT_TAKER;BOT_MAKER;ASH_COATED_OSMIUM;XIRECS;10007.0;5
68200;BOT_MAKER;BOT_TAKER;HYDROGEL_PACK;XIRECS;9967.0;3
68300;BOT_MAKER;BOT_TAKER;VEV_4000;XIRECS;1213.0;2
68300;BOT_TAKER;BOT_MAKER;VEV_5500;XIRECS;8.0;5
68400;BOT_MAKER;BOT_TAKER;VELVETFRUIT_EXTRACT;XIRECS;5219.0;5
68400;BOT_MAKER;BOT_TAKER;VEV_6500;XIRECS;0.0;4
68500;BOT_TAKER;BOT_MAKER;VELVETFRUIT_EXTRACT;XIRECS;5224.0;6
68500;BOT_TAKER;BOT_MAKER;VELVETFRUIT_EXTRACT;XIRECS;5224.0;6
68600;BOT_MAKER;BOT_TAKER;HYDROGEL_PACK;XIRECS;9973.0;5
68600;BOT_TAKER;BOT_MAKER;VEV_4000;XIRECS;1232.0;2
68700;BOT_TAKER;BOT_MAKER;HYDROGEL_PACK;XIRECS;9990.0;3
68700;BOT_MAKER;BOT_TAKER;VELVETFRUIT_EXTRACT;XIRECS;5221.0;8
68800;BOT_TAKER;BOT_MAKER;VELVETFRUIT_EXTRACT;XIRECS;5228.0;7
68800;BOT_MAKER;BOT_TAKER;VEV_6500;XIRECS;0.0;4
69000;BOT_TAKER;BOT_MAKER;HYDROGEL_PACK;XIRECS;9990.0;4
69000;BOT_TAKER;BOT_MAKER;VEV_5500;XIRECS;8.0;4
69000;BOT_TAKER;BOT_MAKER;VEV_6000;XIRECS;1.0;5
69000;BOT_TAKER;SUBMISSION;ASH_COATED_OSMIUM;XIRECS;10006.0;7
69100;BOT_TAKER;BOT_MAKER;VEV_5500;XIRECS;8.0;3
69100;BOT_MAKER;BOT_TAKER;VEV_6500;XIRECS;0.0;5
69100;BOT_TAKER;SUBMISSION;VELVETFRUIT_EXTRACT;XIRECS;5229.0;5
69200;BOT_MAKER;BOT_TAKER;HYDROGEL_PACK;XIRECS;9973.0;4
69200;BOT_MAKER;BOT_TAKER;INTARIAN_PEPPER_ROOT;XIRECS;13062.0;6
69200;BOT_TAKER;BOT_MAKER;VELVETFRUIT_EXTRACT;XIRECS;5231.0;8
69200;BOT_MAKER;BOT_TAKER;VEV_5400;XIRECS;8.0;3
69300;BOT_MAKER;BOT_TAKER;HYDROGEL_PACK;XIRECS;9976.0;4
69500;BOT_MAKER;BOT_TAKER;VELVETFRUIT_EXTRACT;XIRECS;5224.0;7
69600;BOT_TAKER;BOT_MAKER;HYDROGEL_PACK;XIRECS;9993.0;6
69600;BOT_MAKER;BOT_TAKER;VELVETFRUIT_EXTRACT;XIRECS;5225.0;8
69600;BOT_MAKER;BOT_TAKER;VEV_5500;XIRECS;6.0;4
69600;BOT_TAKER;BOT_MAKER;VEV_6000;XIRECS;1.0;2
69600;SUBMISSION;BOT_TAKER;VELVETFRUIT_EXTRACT;XIRECS;5226.0;5
69600;BOT_MAKER;BOT_TAKER;VELVETFRUIT_EXTRACT;XIRECS;5225.0;3
69700;BOT_TAKER;BOT_MAKER;VELVETFRUIT_EXTRACT;XIRECS;5232.0;6
69900;BOT_MAKER;BOT_TAKER;VELVETFRUIT_EXTRACT;XIRECS;5229.0;4
70000;BOT_TAKER;BOT_MAKER;VELVETFRUIT_EXTRACT;XIRECS;5235.0;8
70000;BOT_TAKER;SUBMISSION;ASH_COATED_OSMIUM;XIRECS;10006.0;5
70200;BOT_TAKER;BOT_MAKER;ASH_COATED_OSMIUM;XIRECS;10006.0;10
70300;BOT_MAKER;BOT_TAKER;VELVETFRUIT_EXTRACT;XIRECS;5232.0;7
70300;BOT_TAKER;BOT_MAKER;VEV_5300;XIRECS;56.0;4
70400;BOT_MAKER;BOT_TAKER;HYDROGEL_PACK;XIRECS;9971.0;5
70400;BOT_MAKER;BOT_TAKER;VELVETFRUIT_EXTRACT;XIRECS;5231.0;8
70400;BOT_TAKER;BOT_MAKER;VEV_6000;XIRECS;1.0;2
70400;SUBMISSION;BOT_TAKER;VEV_4000;XIRECS;1211.0;2
70500;BOT_TAKER;BOT_MAKER;VEV_6500;XIRECS;1.0;4
70600;BOT_TAKER;BOT_MAKER;ASH_COATED_OSMIUM;XIRECS;9996.0;5
70600;BOT_MAKER;BOT_TAKER;INTARIAN_PEPPER_ROOT;XIRECS;13064.0;4
70600;SUBMISSION;BOT;ASH_COATED_OSMIUM;XIRECS;9996.0;1
70800;BOT_MAKER;BOT_TAKER;HYDROGEL_PACK;XIRECS;9971.0;2
70800;BOT_MAKER;BOT_TAKER;VELVETFRUIT_EXTRACT;XIRECS;5231.0;6
70900;BOT_MAKER;BOT_TAKER;VELVETFRUIT_EXTRACT;XIRECS;5231.0;5
70900;BOT_TAKER;BOT_MAKER;VEV_4000;XIRECS;1232.0;3
70900;BOT_MAKER;BOT_TAKER;VEV_5500;XIRECS;6.0;2
71000;BOT_MAKER;BOT_TAKER;VELVETFRUIT_EXTRACT;XIRECS;5232.0;3
71000;BOT_TAKER;BOT_MAKER;VEV_5400;XIRECS;8.0;3
71100;BOT_TAKER;BOT_MAKER;HYDROGEL_PACK;XIRECS;9989.0;6
71100;BOT_TAKER;BOT_MAKER;VELVETFRUIT_EXTRACT;XIRECS;5237.0;4
71100;BOT_MAKER;BOT_TAKER;VEV_5400;XIRECS;8.0;3
71100;BOT;SUBMISSION;ASH_COATED_OSMIUM;XIRECS;10000.0;4
71200;BOT_MAKER;BOT_TAKER;VEV_5300;XIRECS;55.0;4
71200;BOT_TAKER;BOT_MAKER;VEV_5400;XIRECS;9.0;3
71300;BOT_TAKER;BOT_MAKER;VEV_4000;XIRECS;1230.0;3
71500;BOT_TAKER;BOT_MAKER;HYDROGEL_PACK;XIRECS;9991.0;5
71500;BOT_TAKER;BOT_MAKER;VELVETFRUIT_EXTRACT;XIRECS;5238.0;8
71500;BOT_TAKER;BOT_MAKER;VEV_6500;XIRECS;1.0;5
71600;BOT_MAKER;BOT_TAKER;VELVETFRUIT_EXTRACT;XIRECS;5233.0;7
71600;BOT_TAKER;SUBMISSION;VEV_4000;XIRECS;1229.0;1
71700;BOT_TAKER;BOT_MAKER;INTARIAN_PEPPER_ROOT;XIRECS;13079.0;6
71700;BOT_TAKER;BOT_MAKER;VEV_6500;XIRECS;1.0;2
71800;BOT_MAKER;BOT_TAKER;HYDROGEL_PACK;XIRECS;9972.0;5
71800;BOT_MAKER;BOT_TAKER;VELVETFRUIT_EXTRACT;XIRECS;5233.0;8
71800;BOT_MAKER;BOT_TAKER;VEV_4000;XIRECS;1208.0;3
71800;BOT_MAKER;BOT_TAKER;VEV_5400;XIRECS;7.0;4
71800;SUBMISSION;BOT_TAKER;ASH_COATED_OSMIUM;XIRECS;9989.0;3
71900;BOT_MAKER;BOT_TAKER;HYDROGEL_PACK;XIRECS;9972.0;4
71900;BOT_TAKER;BOT_MAKER;VEV_5500;XIRECS;8.0;5
72000;BOT_TAKER;BOT_MAKER;HYDROGEL_PACK;XIRECS;9989.0;4
72000;BOT_TAKER;BOT_MAKER;VEV_4000;XIRECS;1229.0;2
72000;BOT_TAKER;BOT_MAKER;VEV_5400;XIRECS;8.0;4
72000;BOT_TAKER;BOT_MAKER;VEV_6000;XIRECS;1.0;3
72000;SUBMISSION;BOT;ASH_COATED_OSMIUM;XIRECS;9997.0;9
72200;BOT_TAKER;BOT_MAKER;VELVETFRUIT_EXTRACT;XIRECS;5237.0;6
72300;BOT_MAKER;BOT_TAKER;VEV_5500;XIRECS;7.0;2
72400;BOT_TAKER;BOT_MAKER;VELVETFRUIT_EXTRACT;XIRECS;5235.0;7
72400;BOT_TAKER;BOT_MAKER;VELVETFRUIT_EXTRACT;XIRECS;5235.0;4
72600;BOT_MAKER;BOT_TAKER;VELVETFRUIT_EXTRACT;XIRECS;5226.0;7
72700;BOT_TAKER;SUBMISSION;VELVETFRUIT_EXTRACT;XIRECS;5231.0;5
72700;BOT_TAKER;BOT_MAKER;VELVETFRUIT_EXTRACT;XIRECS;5232.0;2
72800;BOT_MAKER;BOT_TAKER;HYDROGEL_PACK;XIRECS;9976.0;2
72900;BOT_TAKER;BOT_MAKER;VELVETFRUIT_EXTRACT;XIRECS;5231.0;5
73000;SUBMISSION;BOT;ASH_COATED_OSMIUM;XIRECS;9994.0;8
73100;BOT_MAKER;BOT_TAKER;VELVETFRUIT_EXTRACT;XIRECS;5225.0;8
73200;BOT_TAKER;BOT_MAKER;VEV_4000;XIRECS;1231.0;2
73200;BOT_MAKER;BOT_TAKER;VEV_6500;XIRECS;0.0;4
73300;BOT_TAKER;BOT_MAKER;VEV_5500;XIRECS;8.0;2
73400;BOT_MAKER;BOT_TAKER;HYDROGEL_PACK;XIRECS;9983.0;4
73400;BOT_MAKER;BOT_TAKER;VELVETFRUIT_EXTRACT;XIRECS;5226.0;3
73500;BOT_TAKER;BOT_MAKER;VELVETFRUIT_EXTRACT;XIRECS;5232.0;6
73500;BOT_TAKER;BOT_MAKER;VEV_5500;XIRECS;8.0;2
73600;BOT_TAKER;BOT_MAKER;HYDROGEL_PACK;XIRECS;9993.0;2
73600;BOT_MAKER;BOT_TAKER;VELVETFRUIT_EXTRACT;XIRECS;5228.0;7
73800;BOT_MAKER;BOT_TAKER;HYDROGEL_PACK;XIRECS;9976.0;2
73900;BOT_MAKER;BOT_TAKER;VELVETFRUIT_EXTRACT;XIRECS;5232.0;4
74000;BOT_MAKER;BOT_TAKER;VELVETFRUIT_EXTRACT;XIRECS;5233.0;8
74000;BOT_TAKER;BOT_MAKER;VEV_5400;XIRECS;11.0;2
74100;BOT_TAKER;BOT_MAKER;VEV_5300;XIRECS;57.0;3
74200;BOT_TAKER;BOT_MAKER;HYDROGEL_PACK;XIRECS;10001.0;6
74200;BOT_TAKER;BOT_MAKER;VEV_4000;XIRECS;1236.0;1
74200;BOT_TAKER;BOT_MAKER;VEV_6000;XIRECS;1.0;3
74200;SUBMISSION;BOT_TAKER;VELVETFRUIT_EXTRACT;XIRECS;5232.0;5
74200;BOT_MAKER;BOT_TAKER;VELVETFRUIT_EXTRACT;XIRECS;5231.0;8
74300;BOT_MAKER;BOT_TAKER;ASH_COATED_OSMIUM;XIRECS;9989.0;5
74300;BOT_TAKER;BOT_MAKER;VELVETFRUIT_EXTRACT;XIRECS;5235.0;4
74300;BOT_TAKER;SUBMISSION;ASH_COATED_OSMIUM;XIRECS;10004.0;5
74400;BOT_MAKER;BOT_TAKER;VELVETFRUIT_EXTRACT;XIRECS;5230.0;8
74500;BOT_MAKER;BOT_TAKER;VEV_5400;XIRECS;9.0;4
74500;SUBMISSION;BOT_TAKER;VEV_4000;XIRECS;1218.0;3
74600;BOT_TAKER;BOT_MAKER;HYDROGEL_PACK;XIRECS;10007.0;4
74600;BOT_MAKER;BOT_TAKER;VELVETFRUIT_EXTRACT;XIRECS;5232.0;6
74600;BOT_MAKER;BOT_TAKER;VEV_5500;XIRECS;7.0;4
74600;BOT_TAKER;SUBMISSION;VELVETFRUIT_EXTRACT;XIRECS;5236.0;5
74600;BOT_TAKER;BOT_MAKER;VELVETFRUIT_EXTRACT;XIRECS;5237.0;3
74700;BOT_TAKER;BOT_MAKER;HYDROGEL_PACK;XIRECS;10007.0;4
74700;BOT_MAKER;BOT_TAKER;VELVETFRUIT_EXTRACT;XIRECS;5230.0;3
74700;BOT_MAKER;BOT_TAKER;VEV_4000;XIRECS;1217.0;3
74700;BOT_MAKER;BOT_TAKER;VEV_6500;XIRECS;0.0;4
74700;BOT_TAKER;SUBMISSION;VELVETFRUIT_EXTRACT;XIRECS;5234.0;5
74800;BOT_MAKER;BOT_TAKER;VELVETFRUIT_EXTRACT;XIRECS;5230.0;15
75100;BOT_MAKER;BOT_TAKER;HYDROGEL_PACK;XIRECS;9983.0;5
75100;BOT_TAKER;BOT_MAKER;VEV_5300;XIRECS;56.0;5
75200;BOT_MAKER;BOT_TAKER;HYDROGEL_PACK;XIRECS;9985.0;4
75200;BOT_MAKER;BOT_TAKER;VELVETFRUIT_EXTRACT;XIRECS;5227.0;8
75200;BOT_MAKER;BOT_TAKER;VEV_4000;XIRECS;1218.0;2
75400;BOT_MAKER;BOT_TAKER;VEV_4000;XIRECS;1220.0;2
75500;BOT_MAKER;BOT_TAKER;HYDROGEL_PACK;XIRECS;9984.0;2
75600;BOT_MAKER;BOT_TAKER;HYDROGEL_PACK;XIRECS;9984.0;5
75700;BOT_TAKER;BOT_MAKER;HYDROGEL_PACK;XIRECS;10001.0;5
75700;BOT_MAKER;BOT_TAKER;INTARIAN_PEPPER_ROOT;XIRECS;13069.0;6
75700;BOT_TAKER;BOT_MAKER;VELVETFRUIT_EXTRACT;XIRECS;5233.0;8
75800;BOT_TAKER;BOT_MAKER;VEV_5500;XIRECS;7.0;4
75900;BOT_MAKER;BOT_TAKER;VEV_6000;XIRECS;0.0;2
76000;BOT_TAKER;BOT_MAKER;VEV_4000;XIRECS;1239.0;1
76100;BOT_TAKER;BOT_MAKER;VEV_5500;XIRECS;7.0;4
76100;BOT_TAKER;BOT_MAKER;VEV_5500;XIRECS;7.0;3
76100;SUBMISSION;BOT_TAKER;HYDROGEL_PACK;XIRECS;9984.0;5
76100;BOT_MAKER;BOT_TAKER;HYDROGEL_PACK;XIRECS;9983.0;1
76200;BOT_MAKER;BOT_TAKER;HYDROGEL_PACK;XIRECS;9983.0;3
76300;BOT_TAKER;BOT_MAKER;VELVETFRUIT_EXTRACT;XIRECS;5231.0;10
76300;BOT_MAKER;BOT_TAKER;VEV_6000;XIRECS;0.0;3
76400;BOT_TAKER;BOT_MAKER;VELVETFRUIT_EXTRACT;XIRECS;5231.0;5
76600;BOT_TAKER;BOT_MAKER;VELVETFRUIT_EXTRACT;XIRECS;5233.0;5
76600;BOT_TAKER;SUBMISSION;VELVETFRUIT_EXTRACT;XIRECS;5232.0;5
76600;BOT_TAKER;BOT_MAKER;VELVETFRUIT_EXTRACT;XIRECS;5233.0;3
76700;BOT_TAKER;BOT_MAKER;HYDROGEL_PACK;XIRECS;10009.0;2
76700;BOT_MAKER;BOT_TAKER;VELVETFRUIT_EXTRACT;XIRECS;5225.0;8
76700;BOT_TAKER;BOT_MAKER;VEV_4000;XIRECS;1237.0;2
76800;BOT_MAKER;BOT_TAKER;VELVETFRUIT_EXTRACT;XIRECS;5224.0;7
76800;BOT_MAKER;BOT_TAKER;VEV_4000;XIRECS;1216.0;1
76800;BOT_TAKER;BOT_MAKER;VEV_5500;XIRECS;7.0;2
76900;BOT_MAKER;BOT_TAKER;VELVETFRUIT_EXTRACT;XIRECS;5222.0;6
77000;BOT_TAKER;SUBMISSION;ASH_COATED_OSMIUM;XIRECS;10007.0;10
77100;BOT_MAKER;BOT_TAKER;HYDROGEL_PACK;XIRECS;9990.0;6
77200;BOT_TAKER;SUBMISSION;VELVETFRUIT_EXTRACT;XIRECS;5228.0;4
77400;BOT_TAKER;BOT_MAKER;VELVETFRUIT_EXTRACT;XIRECS;5228.0;7
77400;BOT_MAKER;BOT_TAKER;VEV_6500;XIRECS;0.0;2
77600;SUBMISSION;BOT_TAKER;ASH_COATED_OSMIUM;XIRECS;9990.0;2
77600;BOT_TAKER;SUBMISSION;VEV_4000;XIRECS;1231.0;1
77700;BOT_MAKER;BOT_TAKER;VEV_4000;XIRECS;1212.0;1
77800;BOT_TAKER;BOT_MAKER;HYDROGEL_PACK;XIRECS;10000.0;4
78000;BOT_TAKER;BOT_MAKER;HYDROGEL_PACK;XIRECS;9998.0;4
78100;BOT_TAKER;BOT_MAKER;HYDROGEL_PACK;XIRECS;9996.0;2
78100;BOT_TAKER;BOT_MAKER;VEV_4000;XIRECS;1232.0;3
78200;BOT_TAKER;BOT_MAKER;VELVETFRUIT_EXTRACT;XIRECS;5230.0;5
78200;BOT_MAKER;BOT_TAKER;VEV_6000;XIRECS;0.0;5
78400;BOT_TAKER;BOT_MAKER;VELVETFRUIT_EXTRACT;XIRECS;5229.0;3
78400;BOT_TAKER;BOT_MAKER;VEV_4000;XIRECS;1233.0;2
78600;BOT_MAKER;BOT_TAKER;VELVETFRUIT_EXTRACT;XIRECS;5225.0;8
78600;SUBMISSION;BOT_TAKER;HYDROGEL_PACK;XIRECS;9976.0;3
78800;BOT_TAKER;BOT_MAKER;HYDROGEL_PACK;XIRECS;9986.0;5
78800;BOT_TAKER;BOT_MAKER;VELVETFRUIT_EXTRACT;XIRECS;5230.0;8
78800;BOT_TAKER;BOT_MAKER;VEV_5500;XIRECS;7.0;4
78900;BOT_TAKER;BOT_MAKER;VEV_5500;XIRECS;7.0;3
78900;BOT_TAKER;SUBMISSION;ASH_COATED_OSMIUM;XIRECS;10000.0;3
79000;BOT_MAKER;BOT_TAKER;HYDROGEL_PACK;XIRECS;9976.0;3
79000;BOT_TAKER;BOT_MAKER;VELVETFRUIT_EXTRACT;XIRECS;5227.0;9
79200;BOT_TAKER;BOT_MAKER;VELVETFRUIT_EXTRACT;XIRECS;5225.0;4
79300;BOT_TAKER;BOT_MAKER;HYDROGEL_PACK;XIRECS;9991.0;3
79300;BOT_MAKER;BOT_TAKER;VEV_5300;XIRECS;55.0;5
79300;BOT;SUBMISSION;ASH_COATED_OSMIUM;XIRECS;9995.0;8
79500;BOT_TAKER;BOT_MAKER;HYDROGEL_PACK;XIRECS;9987.0;2
79500;BOT_MAKER;BOT_TAKER;VELVETFRUIT_EXTRACT;XIRECS;5220.0;6
79600;BOT_MAKER;BOT_TAKER;ASH_COATED_OSMIUM;XIRECS;9985.0;3
79600;BOT_MAKER;BOT_TAKER;HYDROGEL_PACK;XIRECS;9972.0;5
79800;BOT_MAKER;BOT_TAKER;HYDROGEL_PACK;XIRECS;9973.0;3
79900;BOT_TAKER;BOT_MAKER;VEV_4000;XIRECS;1231.0;2
80000;BOT_TAKER;BOT_MAKER;VEV_6000;XIRECS;1.0;2
80000;BOT_MAKER;BOT_TAKER;VEV_6500;XIRECS;0.0;5
80100;BOT_MAKER;BOT_TAKER;INTARIAN_PEPPER_ROOT;XIRECS;13077.0;5
80100;BOT_MAKER;BOT_TAKER;VELVETFRUIT_EXTRACT;XIRECS;5221.0;8
80100;BOT_TAKER;BOT_MAKER;VEV_5400;XIRECS;11.0;4
80200;BOT_MAKER;BOT_TAKER;HYDROGEL_PACK;XIRECS;9968.0;4
80200;BOT_TAKER;BOT_MAKER;VELVETFRUIT_EXTRACT;XIRECS;5228.0;6
80200;BOT_TAKER;BOT_MAKER;VEV_4000;XIRECS;1232.0;1
80300;BOT_TAKER;BOT_MAKER;VEV_6000;XIRECS;1.0;2
80400;BOT_MAKER;BOT_TAKER;VEV_5500;XIRECS;6.0;2
80600;BOT_MAKER;BOT_TAKER;HYDROGEL_PACK;XIRECS;9973.0;6
80700;BOT_TAKER;BOT_MAKER;HYDROGEL_PACK;XIRECS;9992.0;2
80700;BOT_TAKER;BOT_MAKER;VELVETFRUIT_EXTRACT;XIRECS;5230.0;3
80800;BOT_TAKER;BOT_MAKER;VELVETFRUIT_EXTRACT;XIRECS;5231.0;5
80800;BOT_MAKER;BOT_TAKER;VELVETFRUIT_EXTRACT;XIRECS;5225.0;6
80900;SUBMISSION;BOT_TAKER;ASH_COATED_OSMIUM;XIRECS;9986.0;9
81000;BOT_TAKER;BOT_MAKER;VELVETFRUIT_EXTRACT;XIRECS;5233.0;5
81200;BOT_TAKER;BOT_MAKER;VELVETFRUIT_EXTRACT;XIRECS;5234.0;4
81200;BOT_TAKER;BOT_MAKER;VEV_4000;XIRECS;1228.0;2
81300;BOT_MAKER;BOT_TAKER;HYDROGEL_PACK;XIRECS;9974.0;3
81300;BOT_TAKER;BOT_MAKER;HYDROGEL_PACK;XIRECS;9990.0;2
81300;BOT_MAKER;BOT_TAKER;VELVETFRUIT_EXTRACT;XIRECS;5229.0;5
81400;BOT_MAKER;BOT_TAKER;VEV_5500;XIRECS;6.0;2
81500;BOT_MAKER;BOT_TAKER;VEV_5400;XIRECS;11.0;3
81600;BOT_TAKER;BOT_MAKER;ASH_COATED_OSMIUM;XIRECS;10003.0;6
81600;BOT_MAKER;BOT_TAKER;HYDROGEL_PACK;XIRECS;9966.0;5
81600;BOT_MAKER;BOT_TAKER;VEV_6500;XIRECS;0.0;4
81900;BOT_MAKER;BOT_TAKER;ASH_COATED_OSMIUM;XIRECS;9989.0;3
82000;BOT_TAKER;BOT_MAKER;VELVETFRUIT_EXTRACT;XIRECS;5237.0;5
82000;BOT_MAKER;BOT_TAKER;VEV_5400;XIRECS;10.0;3
82000;BOT_MAKER;BOT_TAKER;VEV_5500;XIRECS;6.0;3
82100;BOT_TAKER;BOT_MAKER;VELVETFRUIT_EXTRACT;XIRECS;5238.0;8
82200;BOT_MAKER;BOT_TAKER;HYDROGEL_PACK;XIRECS;9963.0;3
82300;BOT_MAKER;BOT_TAKER;VELVETFRUIT_EXTRACT;XIRECS;5230.0;5
82300;BOT_TAKER;SUBMISSION;HYDROGEL_PACK;XIRECS;9980.0;5
82500;BOT_TAKER;BOT_MAKER;HYDROGEL_PACK;XIRECS;9977.0;6
82500;BOT_TAKER;BOT_MAKER;VELVETFRUIT_EXTRACT;XIRECS;5236.0;4
82700;BOT_TAKER;BOT_MAKER;VEV_5300;XIRECS;56.0;5
82800;BOT_TAKER;BOT_MAKER;HYDROGEL_PACK;XIRECS;9985.0;3
82900;BOT_TAKER;BOT_MAKER;VEV_5300;XIRECS;56.0;5
83000;BOT_MAKER;BOT_TAKER;VELVETFRUIT_EXTRACT;XIRECS;5229.0;3
83100;BOT_TAKER;BOT_MAKER;VELVETFRUIT_EXTRACT;XIRECS;5236.0;5
83100;BOT_TAKER;BOT_MAKER;VEV_4000;XIRECS;1228.0;3
83100;BOT_MAKER;BOT_TAKER;VEV_6500;XIRECS;0.0;3
83100;SUBMISSION;BOT_TAKER;VELVETFRUIT_EXTRACT;XIRECS;5232.0;5
83100;BOT_MAKER;BOT_TAKER;VELVETFRUIT_EXTRACT;XIRECS;5231.0;3
83200;BOT_TAKER;BOT_MAKER;VEV_6000;XIRECS;1.0;5
83200;SUBMISSION;BOT_TAKER;VEV_4000;XIRECS;1210.0;3
83300;BOT_TAKER;BOT_MAKER;HYDROGEL_PACK;XIRECS;9987.0;3
83300;BOT_MAKER;BOT_TAKER;VEV_4000;XIRECS;1208.0;3
83400;BOT_TAKER;BOT_MAKER;VEV_6500;XIRECS;1.0;3
83600;BOT_MAKER;BOT_TAKER;HYDROGEL_PACK;XIRECS;9971.0;6
83700;BOT_MAKER;BOT_TAKER;HYDROGEL_PACK;XIRECS;9971.0;3
83700;SUBMISSION;BOT_TAKER;VELVETFRUIT_EXTRACT;XIRECS;5229.0;4
83700;BOT_TAKER;SUBMISSION;VEV_4000;XIRECS;1228.0;1
83800;BOT_MAKER;BOT_TAKER;HYDROGEL_PACK;XIRECS;9973.0;2
83800;BOT_MAKER;BOT_TAKER;VEV_6500;XIRECS;0.0;2
83900;BOT_TAKER;BOT_MAKER;VEV_5500;XIRECS;7.0;4
84000;BOT_MAKER;BOT_TAKER;VEV_5500;XIRECS;6.0;5
84000;BOT_MAKER;BOT_TAKER;VEV_6500;XIRECS;0.0;5
84000;SUBMISSION;BOT_TAKER;VEV_4000;XIRECS;1211.0;2
84200;BOT_MAKER;BOT_TAKER;VEV_5300;XIRECS;57.0;4
84200;BOT_TAKER;BOT_MAKER;VEV_6500;XIRECS;1.0;4
84300;BOT_TAKER;BOT_MAKER;ASH_COATED_OSMIUM;XIRECS;10006.0;3
84300;BOT_MAKER;BOT_TAKER;VELVETFRUIT_EXTRACT;XIRECS;5229.0;4
84300;BOT_MAKER;BOT_TAKER;VEV_4000;XIRECS;1209.0;2
84300;BOT_MAKER;BOT_TAKER;VEV_4000;XIRECS;1209.0;2
84400;BOT_MAKER;BOT_TAKER;VEV_5300;XIRECS;56.0;4
84500;BOT_MAKER;BOT_TAKER;VEV_4000;XIRECS;1211.0;3
84500;SUBMISSION;BOT_TAKER;ASH_COATED_OSMIUM;XIRECS;9991.0;8
84600;BOT_TAKER;BOT_MAKER;VEV_5400;XIRECS;11.0;4
84800;BOT_TAKER;BOT_MAKER;HYDROGEL_PACK;XIRECS;9986.0;5
84800;BOT_TAKER;BOT_MAKER;VEV_4000;XIRECS;1232.0;3
84800;BOT_TAKER;BOT_MAKER;VEV_5400;XIRECS;10.0;5
84900;BOT_MAKER;BOT_TAKER;VELVETFRUIT_EXTRACT;XIRECS;5232.0;4
84900;BOT_MAKER;BOT_TAKER;VEV_4000;XIRECS;1212.0;3
85000;BOT_MAKER;BOT_TAKER;VEV_5500;XIRECS;6.0;3
85000;BOT_TAKER;SUBMISSION;HYDROGEL_PACK;XIRECS;9990.0;4
85100;BOT_MAKER;BOT_TAKER;HYDROGEL_PACK;XIRECS;9976.0;5
85100;BOT_MAKER;BOT_TAKER;VELVETFRUIT_EXTRACT;XIRECS;5231.0;5
85100;BOT_MAKER;BOT_TAKER;VEV_4000;XIRECS;1212.0;2
85200;BOT_MAKER;BOT_TAKER;HYDROGEL_PACK;XIRECS;9975.0;4
85200;BOT_MAKER;BOT_TAKER;VELVETFRUIT_EXTRACT;XIRECS;5231.0;5
85400;BOT_MAKER;BOT_TAKER;HYDROGEL_PACK;XIRECS;9976.0;3
85400;BOT_TAKER;BOT_MAKER;VELVETFRUIT_EXTRACT;XIRECS;5237.0;8
85500;BOT_MAKER;BOT_TAKER;HYDROGEL_PACK;XIRECS;9976.0;2
85500;BOT_TAKER;SUBMISSION;VELVETFRUIT_EXTRACT;XIRECS;5237.0;5
85500;BOT_TAKER;BOT_MAKER;VELVETFRUIT_EXTRACT;XIRECS;5238.0;1
85600;BOT_TAKER;BOT_MAKER;VELVETFRUIT_EXTRACT;XIRECS;5239.0;4
85800;BOT_TAKER;BOT_MAKER;VELVETFRUIT_EXTRACT;XIRECS;5239.0;8
85800;BOT_TAKER;BOT_MAKER;VELVETFRUIT_EXTRACT;XIRECS;5239.0;7
85800;BOT_TAKER;SUBMISSION;HYDROGEL_PACK;XIRECS;9992.0;5
85800;BOT_TAKER;SUBMISSION;VELVETFRUIT_EXTRACT;XIRECS;5238.0;5
85800;BOT_TAKER;BOT_MAKER;VELVETFRUIT_EXTRACT;XIRECS;5239.0;1
85900;BOT_MAKER;BOT_TAKER;VEV_5500;XIRECS;6.0;3
85900;BOT_TAKER;BOT_MAKER;VEV_6500;XIRECS;1.0;5
86000;BOT_MAKER;BOT_TAKER;INTARIAN_PEPPER_ROOT;XIRECS;13079.0;6
86000;BOT_TAKER;BOT_MAKER;INTARIAN_PEPPER_ROOT;XIRECS;13093.0;7
86000;BOT_TAKER;BOT_MAKER;VEV_5500;XIRECS;7.0;4
86100;BOT_TAKER;BOT_MAKER;VELVETFRUIT_EXTRACT;XIRECS;5241.0;4
86100;BOT_MAKER;BOT_TAKER;VELVETFRUIT_EXTRACT;XIRECS;5236.0;7
86200;BOT_TAKER;BOT_MAKER;HYDROGEL_PACK;XIRECS;9993.0;5
86300;BOT_TAKER;BOT_MAKER;VELVETFRUIT_EXTRACT;XIRECS;5240.0;6
86300;BOT_TAKER;BOT_MAKER;VELVETFRUIT_EXTRACT;XIRECS;5240.0;4
86300;BOT_TAKER;BOT_MAKER;VEV_5300;XIRECS;60.0;2
86400;BOT_MAKER;BOT_TAKER;VELVETFRUIT_EXTRACT;XIRECS;5234.0;4
86400;BOT_MAKER;BOT_TAKER;VELVETFRUIT_EXTRACT;XIRECS;5234.0;8
86400;BOT_MAKER;BOT_TAKER;VEV_4000;XIRECS;1212.0;2
86500;BOT_TAKER;BOT_MAKER;VEV_6000;XIRECS;1.0;3
86500;BOT_MAKER;BOT_TAKER;VEV_6500;XIRECS;0.0;4
86600;BOT_MAKER;BOT_TAKER;VELVETFRUIT_EXTRACT;XIRECS;5235.0;5
86600;SUBMISSION;BOT_TAKER;HYDROGEL_PACK;XIRECS;9980.0;4
86700;BOT_TAKER;BOT_MAKER;HYDROGEL_PACK;XIRECS;9998.0;6
86700;BOT_MAKER;BOT_TAKER;HYDROGEL_PACK;XIRECS;9980.0;5
86700;BOT_MAKER;BOT_TAKER;VELVETFRUIT_EXTRACT;XIRECS;5236.0;4
86700;BOT_MAKER;BOT_TAKER;VEV_5300;XIRECS;57.0;3
86700;SUBMISSION;BOT_TAKER;HYDROGEL_PACK;XIRECS;9981.0;3
86700;BOT_TAKER;SUBMISSION;VELVETFRUIT_EXTRACT;XIRECS;5241.0;5
86700;BOT_TAKER;BOT_MAKER;VELVETFRUIT_EXTRACT;XIRECS;5242.0;1
86800;BOT_TAKER;BOT_MAKER;VEV_4000;XIRECS;1235.0;2
86900;BOT_TAKER;BOT_MAKER;VEV_4000;XIRECS;1235.0;1
87000;BOT_TAKER;BOT_MAKER;VELVETFRUIT_EXTRACT;XIRECS;5244.0;7
87100;BOT_TAKER;BOT_MAKER;VELVETFRUIT_EXTRACT;XIRECS;5245.0;6
87100;BOT_MAKER;BOT_TAKER;VEV_4000;XIRECS;1214.0;2
87100;BOT_TAKER;BOT_MAKER;VEV_4000;XIRECS;1235.0;1
87100;SUBMISSION;BOT_TAKER;HYDROGEL_PACK;XIRECS;9981.0;5
87100;BOT_MAKER;BOT_TAKER;HYDROGEL_PACK;XIRECS;9980.0;1
87200;BOT_MAKER;BOT_TAKER;VELVETFRUIT_EXTRACT;XIRECS;5240.0;5
87300;BOT_MAKER;BOT_TAKER;VEV_6500;XIRECS;0.0;2
87500;BOT_TAKER;BOT_MAKER;HYDROGEL_PACK;XIRECS;9995.0;2
87500;BOT_MAKER;BOT_TAKER;VELVETFRUIT_EXTRACT;XIRECS;5241.0;8
87600;BOT_TAKER;BOT_MAKER;VEV_5500;XIRECS;7.0;5
87700;BOT_MAKER;BOT_TAKER;VELVETFRUIT_EXTRACT;XIRECS;5239.0;3
87700;BOT_TAKER;SUBMISSION;ASH_COATED_OSMIUM;XIRECS;10003.0;7
87800;BOT_MAKER;BOT_TAKER;VELVETFRUIT_EXTRACT;XIRECS;5240.0;7
87900;BOT_TAKER;BOT_MAKER;HYDROGEL_PACK;XIRECS;10000.0;5
87900;BOT_MAKER;BOT_TAKER;VEV_4000;XIRECS;1214.0;2
87900;BOT_TAKER;BOT_MAKER;VEV_4000;XIRECS;1235.0;3
87900;BOT_TAKER;BOT_MAKER;VEV_6000;XIRECS;1.0;2
87900;BOT_TAKER;BOT_MAKER;VEV_6000;XIRECS;1.0;4
88000;BOT_MAKER;BOT_TAKER;VEV_6000;XIRECS;0.0;4
88300;BOT_TAKER;BOT_MAKER;VELVETFRUIT_EXTRACT;XIRECS;5243.0;6
88400;BOT_MAKER;BOT_TAKER;VELVETFRUIT_EXTRACT;XIRECS;5236.0;3
88500;BOT_MAKER;BOT_TAKER;VELVETFRUIT_EXTRACT;XIRECS;5236.0;7
88600;BOT_MAKER;BOT_TAKER;VEV_6500;XIRECS;0.0;2
88600;BOT_TAKER;SUBMISSION;ASH_COATED_OSMIUM;XIRECS;10006.0;6
88600;BOT_TAKER;BOT_MAKER;VELVETFRUIT_EXTRACT;XIRECS;5242.0;8
88800;BOT_TAKER;BOT_MAKER;HYDROGEL_PACK;XIRECS;9994.0;2
88800;BOT_TAKER;BOT_MAKER;VELVETFRUIT_EXTRACT;XIRECS;5244.0;3
88800;BOT_MAKER;BOT_TAKER;VEV_5300;XIRECS;56.0;2
88800;SUBMISSION;BOT_TAKER;HYDROGEL_PACK;XIRECS;9977.0;3
88900;BOT_TAKER;SUBMISSION;HYDROGEL_PACK;XIRECS;9992.0;3
89100;BOT_MAKER;BOT_TAKER;HYDROGEL_PACK;XIRECS;9976.0;5
89300;BOT_MAKER;BOT_TAKER;HYDROGEL_PACK;XIRECS;9981.0;4
89300;BOT_TAKER;BOT_MAKER;VELVETFRUIT_EXTRACT;XIRECS;5246.0;4
89300;BOT_TAKER;BOT_MAKER;VEV_4000;XIRECS;1233.0;3
89300;BOT_TAKER;BOT_MAKER;VELVETFRUIT_EXTRACT;XIRECS;5246.0;9
89400;BOT_MAKER;BOT_TAKER;VELVETFRUIT_EXTRACT;XIRECS;5238.0;8
89400;SUBMISSION;BOT_TAKER;ASH_COATED_OSMIUM;XIRECS;9990.0;3
89400;SUBMISSION;BOT_TAKER;VEV_4000;XIRECS;1215.0;2
89500;BOT_MAKER;BOT_TAKER;HYDROGEL_PACK;XIRECS;9980.0;4
89500;BOT_MAKER;BOT_TAKER;VEV_4000;XIRECS;1214.0;1
89500;BOT_MAKER;BOT_TAKER;VEV_6000;XIRECS;0.0;2
89500;SUBMISSION;BOT_TAKER;ASH_COATED_OSMIUM;XIRECS;9989.0;4
89600;SUBMISSION;BOT_TAKER;HYDROGEL_PACK;XIRECS;9978.0;2
89900;BOT_MAKER;BOT_TAKER;VELVETFRUIT_EXTRACT;XIRECS;5234.0;3
90000;BOT_TAKER;BOT_MAKER;HYDROGEL_PACK;XIRECS;9993.0;5
90000;BOT_TAKER;BOT_MAKER;VELVETFRUIT_EXTRACT;XIRECS;5241.0;5
90000;BOT_TAKER;BOT_MAKER;VEV_5500;XIRECS;7.0;2
90000;SUBMISSION;BOT;ASH_COATED_OSMIUM;XIRECS;9993.0;7
90100;BOT_MAKER;BOT_TAKER;ASH_COATED_OSMIUM;XIRECS;9988.0;2
90200;BOT_TAKER;BOT_MAKER;VELVETFRUIT_EXTRACT;XIRECS;5240.0;5
90200;BOT_TAKER;BOT_MAKER;VEV_5400;XIRECS;10.0;3
90300;BOT_MAKER;BOT_TAKER;VEV_4000;XIRECS;1213.0;3
90400;BOT_TAKER;BOT_MAKER;HYDROGEL_PACK;XIRECS;9994.0;4
90400;BOT_TAKER;BOT_MAKER;VELVETFRUIT_EXTRACT;XIRECS;5242.0;3
90400;SUBMISSION;BOT_TAKER;HYDROGEL_PACK;XIRECS;9979.0;3
90500;BOT_TAKER;BOT_MAKER;VELVETFRUIT_EXTRACT;XIRECS;5243.0;5
90600;BOT_TAKER;BOT_MAKER;VELVETFRUIT_EXTRACT;XIRECS;5241.0;7
90600;BOT_TAKER;BOT_MAKER;VEV_5500;XIRECS;7.0;2
90700;BOT_MAKER;BOT_TAKER;VELVETFRUIT_EXTRACT;XIRECS;5236.0;6
90700;BOT_TAKER;BOT_MAKER;VEV_4000;XIRECS;1234.0;1
90800;BOT_TAKER;BOT_MAKER;VELVETFRUIT_EXTRACT;XIRECS;5244.0;3
90800;BOT_MAKER;BOT_TAKER;VELVETFRUIT_EXTRACT;XIRECS;5239.0;3
90900;BOT_MAKER;BOT_TAKER;HYDROGEL_PACK;XIRECS;9976.0;3
91000;BOT_MAKER;BOT_TAKER;HYDROGEL_PACK;XIRECS;9981.0;5
91000;BOT_MAKER;BOT_TAKER;VELVETFRUIT_EXTRACT;XIRECS;5237.0;4
91100;BOT_TAKER;BOT_MAKER;HYDROGEL_PACK;XIRECS;9994.0;4
91200;BOT_MAKER;BOT_TAKER;VELVETFRUIT_EXTRACT;XIRECS;5237.0;6
91200;BOT_TAKER;SUBMISSION;ASH_COATED_OSMIUM;XIRECS;10006.0;6
91300;BOT_MAKER;BOT_TAKER;VEV_4000;XIRECS;1213.0;1
91300;BOT_TAKER;BOT_MAKER;VEV_6500;XIRECS;1.0;4
91400;BOT_TAKER;BOT_MAKER;HYDROGEL_PACK;XIRECS;9992.0;5
91400;BOT_MAKER;BOT_TAKER;VELVETFRUIT_EXTRACT;XIRECS;5236.0;5
91500;BOT_TAKER;BOT_MAKER;HYDROGEL_PACK;XIRECS;9993.0;2
91500;BOT_MAKER;BOT_TAKER;VELVETFRUIT_EXTRACT;XIRECS;5237.0;6
91500;BOT_MAKER;BOT_TAKER;VEV_4000;XIRECS;1212.0;3
91600;BOT_MAKER;BOT_TAKER;HYDROGEL_PACK;XIRECS;9980.0;2
91600;BOT_TAKER;BOT_MAKER;VELVETFRUIT_EXTRACT;XIRECS;5240.0;7
91600;BOT_MAKER;BOT_TAKER;VEV_6000;XIRECS;0.0;2
91600;BOT_MAKER;BOT_TAKER;VEV_6500;XIRECS;0.0;5
91700;BOT_MAKER;BOT_TAKER;VELVETFRUIT_EXTRACT;XIRECS;5236.0;5
92000;BOT_MAKER;BOT_TAKER;HYDROGEL_PACK;XIRECS;9986.0;6
92000;BOT_TAKER;BOT_MAKER;VEV_5500;XIRECS;7.0;5
92000;BOT_TAKER;BOT_MAKER;VEV_6000;XIRECS;1.0;2
92100;BOT_TAKER;BOT_MAKER;HYDROGEL_PACK;XIRECS;10003.0;4
92100;BOT_TAKER;BOT_MAKER;VEV_4000;XIRECS;1232.0;2
92100;BOT_MAKER;BOT_TAKER;VEV_5500;XIRECS;6.0;5
92100;SUBMISSION;BOT;ASH_COATED_OSMIUM;XIRECS;9993.0;4
92200;BOT_MAKER;BOT_TAKER;VEV_4000;XIRECS;1211.0;1
92300;BOT_TAKER;BOT_MAKER;HYDROGEL_PACK;XIRECS;10001.0;2
92300;BOT_TAKER;BOT_MAKER;VELVETFRUIT_EXTRACT;XIRECS;5243.0;5
92400;BOT_TAKER;BOT_MAKER;VELVETFRUIT_EXTRACT;XIRECS;5243.0;8
92400;BOT_TAKER;BOT_MAKER;VEV_4000;XIRECS;1231.0;3
92400;BOT;SUBMISSION;ASH_COATED_OSMIUM;XIRECS;9998.0;8
92400;BOT_TAKER;SUBMISSION;ASH_COATED_OSMIUM;XIRECS;10006.0;5
92500;BOT_TAKER;BOT_MAKER;HYDROGEL_PACK;XIRECS;9998.0;6
92700;BOT_TAKER;SUBMISSION;ASH_COATED_OSMIUM;XIRECS;10004.0;6
92700;SUBMISSION;BOT_TAKER;HYDROGEL_PACK;XIRECS;9986.0;3
92900;BOT_MAKER;BOT_TAKER;VELVETFRUIT_EXTRACT;XIRECS;5239.0;7
92900;BOT_MAKER;BOT_TAKER;VEV_6000;XIRECS;0.0;5
92900;BOT_TAKER;BOT_MAKER;VEV_6500;XIRECS;1.0;5
92900;SUBMISSION;BOT;ASH_COATED_OSMIUM;XIRECS;9994.0;9
93000;BOT_TAKER;BOT_MAKER;INTARIAN_PEPPER_ROOT;XIRECS;13100.0;6
93100;BOT_TAKER;BOT_MAKER;VELVETFRUIT_EXTRACT;XIRECS;5242.0;3
93200;BOT_TAKER;BOT_MAKER;HYDROGEL_PACK;XIRECS;9999.0;2
93200;BOT_MAKER;BOT_TAKER;INTARIAN_PEPPER_ROOT;XIRECS;13086.0;6
93200;BOT_MAKER;BOT_TAKER;HYDROGEL_PACK;XIRECS;9983.0;2
93400;BOT_TAKER;BOT_MAKER;VELVETFRUIT_EXTRACT;XIRECS;5240.0;7
93600;BOT_TAKER;BOT_MAKER;VEV_6000;XIRECS;1.0;2
93600;BOT_TAKER;BOT_MAKER;VEV_6500;XIRECS;1.0;2
93700;BOT_MAKER;BOT_TAKER;VELVETFRUIT_EXTRACT;XIRECS;5234.0;11
93700;BOT_TAKER;BOT_MAKER;VEV_6000;XIRECS;1.0;2
93800;BOT_TAKER;BOT_MAKER;INTARIAN_PEPPER_ROOT;XIRECS;13101.0;6
93800;BOT_MAKER;BOT_TAKER;VELVETFRUIT_EXTRACT;XIRECS;5234.0;10
94000;BOT_MAKER;BOT_TAKER;HYDROGEL_PACK;XIRECS;9982.0;4
94000;BOT_TAKER;BOT_MAKER;VELVETFRUIT_EXTRACT;XIRECS;5240.0;8
94000;BOT_MAKER;BOT_TAKER;VEV_6000;XIRECS;0.0;5
94100;BOT_TAKER;BOT_MAKER;HYDROGEL_PACK;XIRECS;9997.0;5
94200;BOT_MAKER;BOT_TAKER;VEV_5500;XIRECS;6.0;2
94300;BOT_TAKER;BOT_MAKER;VEV_6000;XIRECS;1.0;4
94400;BOT_MAKER;BOT_TAKER;HYDROGEL_PACK;XIRECS;9980.0;2
94400;SUBMISSION;BOT_TAKER;ASH_COATED_OSMIUM;XIRECS;9988.0;2
94600;BOT_MAKER;BOT_TAKER;HYDROGEL_PACK;XIRECS;9983.0;2
94700;BOT_MAKER;BOT_TAKER;HYDROGEL_PACK;XIRECS;9986.0;5
94700;BOT_MAKER;BOT_TAKER;VEV_4000;XIRECS;1207.0;3
94800;BOT_TAKER;BOT_MAKER;VEV_4000;XIRECS;1227.0;3
94800;BOT_TAKER;BOT_MAKER;VEV_5500;XIRECS;8.0;4
94800;BOT_TAKER;BOT_MAKER;VELVETFRUIT_EXTRACT;XIRECS;5245.0;5
94900;BOT_MAKER;BOT_TAKER;VELVETFRUIT_EXTRACT;XIRECS;5241.0;8
94900;BOT;SUBMISSION;ASH_COATED_OSMIUM;XIRECS;9999.0;5
95000;BOT_MAKER;BOT_TAKER;VELVETFRUIT_EXTRACT;XIRECS;5238.0;8
95300;BOT_TAKER;BOT_MAKER;VELVETFRUIT_EXTRACT;XIRECS;5243.0;5
95400;BOT_TAKER;BOT_MAKER;VELVETFRUIT_EXTRACT;XIRECS;5242.0;6
95400;BOT_TAKER;BOT_MAKER;VEV_5400;XIRECS;9.0;5
95500;BOT_MAKER;BOT_TAKER;VELVETFRUIT_EXTRACT;XIRECS;5237.0;7
95500;BOT_MAKER;BOT_TAKER;VEV_5500;XIRECS;7.0;4
95600;BOT_TAKER;BOT_MAKER;HYDROGEL_PACK;XIRECS;10005.0;6
95600;BOT_MAKER;BOT_TAKER;VEV_5500;XIRECS;7.0;4
95600;SUBMISSION;BOT_TAKER;VELVETFRUIT_EXTRACT;XIRECS;5238.0;5
95600;BOT_MAKER;BOT_TAKER;VELVETFRUIT_EXTRACT;XIRECS;5237.0;3
95700;BOT_TAKER;BOT_MAKER;VEV_4000;XIRECS;1230.0;1
95800;BOT_TAKER;BOT_MAKER;VEV_5300;XIRECS;65.0;2
95800;BOT_TAKER;SUBMISSION;HYDROGEL_PACK;XIRECS;10007.0;3
95900;BOT_MAKER;BOT_TAKER;HYDROGEL_PACK;XIRECS;9993.0;4
95900;BOT_TAKER;BOT_MAKER;VELVETFRUIT_EXTRACT;XIRECS;5240.0;6
95900;BOT_TAKER;BOT_MAKER;VEV_6000;XIRECS;1.0;4
96100;BOT_TAKER;BOT_MAKER;HYDROGEL_PACK;XIRECS;10012.0;6
96100;BOT_MAKER;BOT_TAKER;VELVETFRUIT_EXTRACT;XIRECS;5233.0;7
96200;BOT_MAKER;BOT_TAKER;HYDROGEL_PACK;XIRECS;9993.0;2
96200;BOT_TAKER;BOT_MAKER;VELVETFRUIT_EXTRACT;XIRECS;5240.0;14
96300;BOT_TAKER;SUBMISSION;HYDROGEL_PACK;XIRECS;10006.0;5
96300;BOT_TAKER;BOT_MAKER;HYDROGEL_PACK;XIRECS;10007.0;1
96300;SUBMISSION;BOT_TAKER;VELVETFRUIT_EXTRACT;XIRECS;5235.0;3
96400;BOT_TAKER;BOT_MAKER;VEV_5300;XIRECS;65.0;5
96500;BOT_TAKER;BOT_MAKER;VELVETFRUIT_EXTRACT;XIRECS;5238.0;8
96500;BOT_TAKER;SUBMISSION;HYDROGEL_PACK;XIRECS;10007.0;5
96500;BOT_TAKER;BOT_MAKER;HYDROGEL_PACK;XIRECS;10008.0;1
96600;BOT_TAKER;BOT_MAKER;VEV_5500;XIRECS;8.0;5
96600;BOT_TAKER;BOT_MAKER;VEV_6000;XIRECS;1.0;4
96700;BOT_MAKER;BOT_TAKER;HYDROGEL_PACK;XIRECS;9999.0;2
96700;BOT_TAKER;BOT_MAKER;HYDROGEL_PACK;XIRECS;10015.0;4
96700;BOT_MAKER;BOT_TAKER;VEV_4000;XIRECS;1210.0;2
96700;BOT_TAKER;BOT_MAKER;VEV_6500;XIRECS;1.0;3
96700;SUBMISSION;BOT_TAKER;VELVETFRUIT_EXTRACT;XIRECS;5234.0;5
96700;BOT_MAKER;BOT_TAKER;VELVETFRUIT_EXTRACT;XIRECS;5233.0;2
96800;BOT_MAKER;BOT_TAKER;VELVETFRUIT_EXTRACT;XIRECS;5235.0;4
96800;BOT_TAKER;BOT_MAKER;VEV_5300;XIRECS;64.0;5
96800;SUBMISSION;BOT_TAKER;HYDROGEL_PACK;XIRECS;10001.0;5
96900;BOT_TAKER;BOT_MAKER;ASH_COATED_OSMIUM;XIRECS;10007.0;4
97100;BOT_MAKER;BOT_TAKER;VEV_4000;XIRECS;1205.0;2
97200;BOT_MAKER;BOT_TAKER;VEV_5400;XIRECS;7.0;4
97300;BOT_TAKER;BOT_MAKER;HYDROGEL_PACK;XIRECS;10023.0;6
97300;BOT_MAKER;BOT_TAKER;INTARIAN_PEPPER_ROOT;XIRECS;13090.0;5
97300;BOT_TAKER;BOT_MAKER;VELVETFRUIT_EXTRACT;XIRECS;5240.0;6
97300;SUBMISSION;BOT_TAKER;HYDROGEL_PACK;XIRECS;10008.0;5
97400;BOT_TAKER;BOT_MAKER;VELVETFRUIT_EXTRACT;XIRECS;5240.0;3
97400;BOT_TAKER;BOT_MAKER;VEV_6000;XIRECS;1.0;3
97400;SUBMISSION;BOT_TAKER;VELVETFRUIT_EXTRACT;XIRECS;5236.0;5
97400;BOT_MAKER;BOT_TAKER;VELVETFRUIT_EXTRACT;XIRECS;5235.0;3
97500;BOT_TAKER;SUBMISSION;VELVETFRUIT_EXTRACT;XIRECS;5239.0;3
97600;BOT_TAKER;BOT_MAKER;HYDROGEL_PACK;XIRECS;10024.0;6
97600;BOT_TAKER;BOT_MAKER;VELVETFRUIT_EXTRACT;XIRECS;5238.0;7
97700;BOT_MAKER;BOT_TAKER;HYDROGEL_PACK;XIRECS;10009.0;6
97700;BOT_MAKER;BOT_TAKER;VEV_4000;XIRECS;1203.0;2
97900;BOT_TAKER;BOT_MAKER;VELVETFRUIT_EXTRACT;XIRECS;5236.0;8
97900;BOT_MAKER;BOT_TAKER;VEV_4000;XIRECS;1203.0;1
98000;BOT_TAKER;BOT_MAKER;INTARIAN_PEPPER_ROOT;XIRECS;13105.0;5
98100;BOT_TAKER;BOT_MAKER;HYDROGEL_PACK;XIRECS;10025.0;2
98100;BOT_TAKER;BOT_MAKER;HYDROGEL_PACK;XIRECS;10025.0;4
98200;BOT_TAKER;BOT_MAKER;HYDROGEL_PACK;XIRECS;10024.0;2
98300;BOT_MAKER;BOT_TAKER;HYDROGEL_PACK;XIRECS;10007.0;4
98300;BOT_MAKER;BOT_TAKER;VEV_4000;XIRECS;1204.0;3
98500;BOT_TAKER;SUBMISSION;VELVETFRUIT_EXTRACT;XIRECS;5238.0;5
98500;BOT_TAKER;BOT_MAKER;VELVETFRUIT_EXTRACT;XIRECS;5239.0;3
98600;BOT_MAKER;BOT_TAKER;ASH_COATED_OSMIUM;XIRECS;9989.0;5
98700;BOT_MAKER;BOT_TAKER;HYDROGEL_PACK;XIRECS;10014.0;4
98700;BOT_MAKER;BOT_TAKER;VELVETFRUIT_EXTRACT;XIRECS;5235.0;6
98700;BOT_TAKER;SUBMISSION;VELVETFRUIT_EXTRACT;XIRECS;5239.0;5
98700;BOT_TAKER;BOT_MAKER;VELVETFRUIT_EXTRACT;XIRECS;5240.0;9
98800;BOT_TAKER;BOT_MAKER;HYDROGEL_PACK;XIRECS;10028.0;5
98800;BOT_TAKER;BOT_MAKER;VEV_4000;XIRECS;1225.0;1
98800;BOT_TAKER;BOT_MAKER;VEV_5400;XIRECS;10.0;4
98900;BOT_MAKER;BOT_TAKER;HYDROGEL_PACK;XIRECS;10013.0;3
98900;BOT_MAKER;BOT_TAKER;VELVETFRUIT_EXTRACT;XIRECS;5232.0;3
98900;BOT_TAKER;BOT_MAKER;VEV_6500;XIRECS;1.0;3
99000;BOT_MAKER;BOT_TAKER;VELVETFRUIT_EXTRACT;XIRECS;5233.0;3
99000;BOT_TAKER;BOT_MAKER;VELVETFRUIT_EXTRACT;XIRECS;5239.0;8
99000;BOT_MAKER;BOT_TAKER;VEV_6000;XIRECS;0.0;3
99200;BOT_MAKER;BOT_TAKER;HYDROGEL_PACK;XIRECS;10010.0;6
99200;BOT_TAKER;BOT_MAKER;HYDROGEL_PACK;XIRECS;10026.0;6
99200;BOT_MAKER;BOT_TAKER;VELVETFRUIT_EXTRACT;XIRECS;5231.0;3
99300;BOT_TAKER;BOT_MAKER;VELVETFRUIT_EXTRACT;XIRECS;5238.0;8
99300;BOT_TAKER;BOT_MAKER;VEV_4000;XIRECS;1226.0;2
99400;BOT_TAKER;BOT_MAKER;VEV_6500;XIRECS;1.0;5
99800;BOT_TAKER;BOT_MAKER;VELVETFRUIT_EXTRACT;XIRECS;5236.0;5
99800;BOT_TAKER;BOT_MAKER;VEV_5400;XIRECS;10.0;5
99800;SUBMISSION;BOT_TAKER;VEV_4000;XIRECS;1203.0;1
99900;BOT_MAKER;BOT_TAKER;HYDROGEL_PACK;XIRECS;10007.0;5
99900;BOT_TAKER;BOT_MAKER;VELVETFRUIT_EXTRACT;XIRECS;5236.0;7
99900;BOT_MAKER;BOT_TAKER;VEV_5300;XIRECS;58.0;4
