timestamp;buyer;seller;symbol;currency;price;quantity
100;BOT_TAKER;BOT_MAKER;VELVETFRUIT_EXTRACT;XIRECS;5266.0;9
100;BOT_TAKER;SUBMISSION;VELVETFRUIT_EXTRACT;XIRECS;5265.0;3
200;BOT_TAKER;BOT_MAKER;VELVETFRUIT_EXTRACT;XIRECS;5265.0;4
200;BOT_MAKER;BOT_TAKER;VEV_4000;XIRECS;1251.0;2
400;BOT_MAKER;BOT_TAKER;VELVETFRUIT_EXTRACT;XIRECS;5259.0;4
400;BOT_MAKER;BOT_TAKER;VEV_4000;XIRECS;1251.0;2
600;BOT_MAKER;BOT_TAKER;HYDROGEL_PACK;XIRECS;9969.0;5
700;BOT_MAKER;BOT_TAKER;HYDROGEL_PACK;XIRECS;9972.0;6
700;BOT_TAKER;BOT_MAKER;VEV_5400;XIRECS;17.0;4
700;BOT_TAKER;SUBMISSION;VELVETFRUIT_EXTRACT;XIRECS;5265.0;5
700;BOT_TAKER;BOT_MAKER;VELVETFRUIT_EXTRACT;XIRECS;5266.0;2
800;BOT_TAKER;BOT_MAKER;VELVETFRUIT_EXTRACT;XIRECS;5265.0;5
800;BOT_TAKER;BOT_MAKER;VEV_6000;XIRECS;1.0;5
900;BOT_TAKER;BOT_MAKER;HYDROGEL_PACK;XIRECS;9994.0;5
1000;BOT_MAKER;BOT_TAKER;HYDROGEL_PACK;XIRECS;9980.0;3
1000;BOT_MAKER;BOT_TAKER;VELVETFRUIT_EXTRACT;XIRECS;5260.0;8
1100;BOT_TAKER;BOT_MAKER;VELVETFRUIT_EXTRACT;XIRECS;5262.0;4
1100;BOT_TAKER;BOT_MAKER;VELVETFRUIT_EXTRACT;XIRECS;5262.0;4
1300;BOT_MAKER;BOT_TAKER;VELVETFRUIT_EXTRACT;XIRECS;5256.0;8
1400;BOT_MAKER;BOT_TAKER;HYDROGEL_PACK;XIRECS;9985.0;4
1400;BOT_TAKER;BOT_MAKER;VELVETFRUIT_EXTRACT;XIRECS;5262.0;3
1400;BOT_TAKER;SUBMISSION;VELVETFRUIT_EXTRACT;XIRECS;5261.0;5
1400;BOT_TAKER;BOT_MAKER;VELVETFRUIT_EXTRACT;XIRECS;5262.0;5
1500;SUBMISSION;BOT_TAKER;VELVETFRUIT_EXTRACT;XIRECS;5259.0;5
1500;BOT_MAKER;BOT_TAKER;VELVETFRUIT_EXTRACT;XIRECS;5258.0;1
1600;BOT_TAKER;BOT_MAKER;HYDROGEL_PACK;XIRECS;10002.0;6
1700;BOT_MAKER;BOT_TAKER;HYDROGEL_PACK;XIRECS;9989.0;3
1800;BOT_TAKER;BOT_MAKER;HYDROGEL_PACK;XIRECS;10006.0;3
1800;BOT_MAKER;BOT_TAKER;VEV_5500;XIRECS;6.0;4
1800;SUBMISSION;BOT_TAKER;HYDROGEL_PACK;XIRECS;9991.0;3
1900;BOT_TAKER;BOT_MAKER;VELVETFRUIT_EXTRACT;XIRECS;5260.0;7
1900;BOT_MAKER;BOT_TAKER;VELVETFRUIT_EXTRACT;XIRECS;5255.0;7
1900;BOT_TAKER;BOT_MAKER;VEV_6000;XIRECS;1.0;3
1900;BOT_TAKER;SUBMISSION;VELVETFRUIT_EXTRACT;XIRECS;5259.0;5
1900;BOT_TAKER;BOT_MAKER;VELVETFRUIT_EXTRACT;XIRECS;5260.0;2
2000;BOT_MAKER;BOT_TAKER;VELVETFRUIT_EXTRACT;XIRECS;5257.0;5
2100;BOT_MAKER;BOT_TAKER;HYDROGEL_PACK;XIRECS;9993.0;3
2100;BOT_MAKER;BOT_TAKER;VELVETFRUIT_EXTRACT;XIRECS;5257.0;3
2100;BOT_TAKER;BOT_MAKER;VEV_4000;XIRECS;1271.0;3
2200;BOT_TAKER;BOT_MAKER;HYDROGEL_PACK;XIRECS;10010.0;6
2200;BOT_TAKER;BOT_MAKER;VELVETFRUIT_EXTRACT;XIRECS;5264.0;8
2400;BOT_TAKER;BOT_MAKER;VELVETFRUIT_EXTRACT;XIRECS;5262.0;3
2500;BOT_TAKER;BOT_MAKER;VELVETFRUIT_EXTRACT;XIRECS;5261.0;6
2500;BOT_TAKER;BOT_MAKER;VEV_4000;XIRECS;1266.0;2
2600;BOT_MAKER;BOT_TAKER;VEV_6000;XIRECS;0.0;4
2700;BOT_MAKER;BOT_TAKER;VEV_5400;XIRECS;14.0;2
2700;BOT_TAKER;BOT_MAKER;VEV_6000;XIRECS;1.0;4
2700;BOT_TAKER;SUBMISSION;VELVETFRUIT_EXTRACT;XIRECS;5260.0;5
2700;BOT_TAKER;BOT_MAKER;VELVETFRUIT_EXTRACT;XIRECS;5261.0;3
2800;BOT_MAKER;BOT_TAKER;HYDROGEL_PACK;XIRECS;9984.0;3
2800;BOT_TAKER;BOT_MAKER;VEV_4000;XIRECS;1269.0;1
2800;BOT_TAKER;BOT_MAKER;VEV_5500;XIRECS;8.0;4
2800;SUBMISSION;BOT_TAKER;VELVETFRUIT_EXTRACT;XIRECS;5258.0;5
2800;BOT_MAKER;BOT_TAKER;VELVETFRUIT_EXTRACT;XIRECS;5257.0;2
2900;BOT_MAKER;BOT_TAKER;VEV_5500;XIRECS;6.0;5
3000;BOT_TAKER;BOT_MAKER;HYDROGEL_PACK;XIRECS;10000.0;3
3100;BOT_MAKER;BOT_TAKER;VELVETFRUIT_EXTRACT;XIRECS;5260.0;5
3200;SUBMISSION;BOT_TAKER;HYDROGEL_PACK;XIRECS;9985.0;5
3200;BOT_MAKER;BOT_TAKER;HYDROGEL_PACK;XIRECS;9984.0;1
3400;BOT_TAKER;BOT_MAKER;VELVETFRUIT_EXTRACT;XIRECS;5262.0;8
3400;BOT_TAKER;BOT_MAKER;VEV_6000;XIRECS;1.0;5
3500;BOT_TAKER;BOT_MAKER;HYDROGEL_PACK;XIRECS;9997.0;4
3500;BOT_MAKER;BOT_TAKER;VELVETFRUIT_EXTRACT;XIRECS;5259.0;5
3600;BOT_MAKER;BOT_TAKER;VELVETFRUIT_EXTRACT;XIRECS;5260.0;7
3700;BOT_TAKER;BOT_MAKER;HYDROGEL_PACK;XIRECS;10001.0;5
3700;BOT_MAKER;BOT_TAKER;VELVETFRUIT_EXTRACT;XIRECS;5259.0;3
3800;BOT_TAKER;BOT_MAKER;HYDROGEL_PACK;XIRECS;10001.0;5
3800;BOT_TAKER;BOT_MAKER;VELVETFRUIT_EXTRACT;XIRECS;5265.0;4
3800;SUBMISSION;BOT_TAKER;VEV_5300;XIRECS;49.0;4
3900;BOT_MAKER;BOT_TAKER;VELVETFRUIT_EXTRACT;XIRECS;5260.0;7
3900;BOT_TAKER;BOT_MAKER;VEV_5300;XIRECS;49.0;5
3900;SUBMISSION;BOT_TAKER;VEV_4000;XIRECS;1251.0;3
4000;BOT_TAKER;BOT_MAKER;HYDROGEL_PACK;XIRECS;10001.0;5
4100;BOT_MAKER;BOT_TAKER;HYDROGEL_PACK;XIRECS;9985.0;5
4100;BOT_MAKER;BOT_TAKER;VELVETFRUIT_EXTRACT;XIRECS;5257.0;8
4100;BOT_MAKER;BOT_TAKER;VEV_6500;XIRECS;0.0;5
4200;BOT_MAKER;BOT_TAKER;VEV_6500;XIRECS;0.0;2
4300;BOT_MAKER;BOT_TAKER;HYDROGEL_PACK;XIRECS;9985.0;6
4500;BOT_TAKER;BOT_MAKER;VELVETFRUIT_EXTRACT;XIRECS;5260.0;5
4600;BOT_TAKER;BOT_MAKER;HYDROGEL_PACK;XIRECS;10000.0;3
4800;BOT_TAKER;BOT_MAKER;HYDROGEL_PACK;XIRECS;10001.0;3
4800;BOT_MAKER;BOT_TAKER;VELVETFRUIT_EXTRACT;XIRECS;5257.0;8
4900;SUBMISSION;BOT_TAKER;VELVETFRUIT_EXTRACT;XIRECS;5259.0;5
4900;BOT_MAKER;BOT_TAKER;VELVETFRUIT_EXTRACT;XIRECS;5258.0;3
5000;BOT_TAKER;BOT_MAKER;VEV_5400;XIRECS;16.0;3
5000;BOT_TAKER;BOT_MAKER;VEV_5500;XIRECS;7.0;2
5100;BOT_MAKER;BOT_TAKER;HYDROGEL_PACK;XIRECS;9988.0;2
5300;BOT_TAKER;BOT_MAKER;HYDROGEL_PACK;XIRECS;10002.0;6
5300;BOT_MAKER;BOT_TAKER;VEV_4000;XIRECS;1249.0;1
5300;BOT_TAKER;BOT_MAKER;VEV_6500;XIRECS;1.0;2
5400;BOT_TAKER;BOT_MAKER;VELVETFRUIT_EXTRACT;XIRECS;5261.0;8
5400;BOT_MAKER;BOT_TAKER;VEV_5400;XIRECS;14.0;4
5500;BOT_TAKER;BOT_MAKER;VELVETFRUIT_EXTRACT;XIRECS;5260.0;3
5500;BOT_TAKER;BOT_MAKER;VEV_6000;XIRECS;1.0;3
5500;BOT_TAKER;SUBMISSION;HYDROGEL_PACK;XIRECS;9999.0;4
5500;SUBMISSION;BOT_TAKER;VELVETFRUIT_EXTRACT;XIRECS;5255.0;3
5600;BOT_MAKER;BOT_TAKER;VEV_4000;XIRECS;1249.0;2
5700;BOT_MAKER;BOT_TAKER;VELVETFRUIT_EXTRACT;XIRECS;5253.0;7
5700;BOT_TAKER;SUBMISSION;VELVETFRUIT_EXTRACT;XIRECS;5258.0;3
5800;BOT_TAKER;BOT_MAKER;VELVETFRUIT_EXTRACT;XIRECS;5259.0;8
5800;BOT_TAKER;BOT_MAKER;VEV_6000;XIRECS;1.0;5
5900;BOT_TAKER;BOT_MAKER;VEV_4000;XIRECS;1268.0;3
6000;BOT_MAKER;BOT_TAKER;VELVETFRUIT_EXTRACT;XIRECS;5255.0;5
6000;BOT_TAKER;SUBMISSION;VELVETFRUIT_EXTRACT;XIRECS;5259.0;5
6000;BOT_TAKER;BOT_MAKER;VELVETFRUIT_EXTRACT;XIRECS;5260.0;2
6100;SUBMISSION;BOT_TAKER;HYDROGEL_PACK;XIRECS;9978.0;3
6100;SUBMISSION;BOT_TAKER;VELVETFRUIT_EXTRACT;XIRECS;5255.0;5
6100;BOT_MAKER;BOT_TAKER;VELVETFRUIT_EXTRACT;XIRECS;5254.0;3
6200;BOT_TAKER;BOT_MAKER;VELVETFRUIT_EXTRACT;XIRECS;5260.0;5
6200;BOT_MAKER;BOT_TAKER;VEV_6500;XIRECS;0.0;2
6300;BOT_TAKER;BOT_MAKER;HYDROGEL_PACK;XIRECS;9993.0;5
6400;BOT_MAKER;BOT_TAKER;VELVETFRUIT_EXTRACT;XIRECS;5254.0;3
6400;BOT_MAKER;BOT_TAKER;VEV_6000;XIRECS;0.0;3
6500;BOT_TAKER;BOT_MAKER;VELVETFRUIT_EXTRACT;XIRECS;5259.0;6
6500;BOT_TAKER;BOT_MAKER;VEV_6000;XIRECS;1.0;5
6600;BOT_MAKER;BOT_TAKER;HYDROGEL_PACK;XIRECS;9973.0;4
6600;BOT_MAKER;BOT_TAKER;VEV_5500;XIRECS;6.0;2
6700;BOT_MAKER;BOT_TAKER;VELVETFRUIT_EXTRACT;XIRECS;5252.0;5
6700;BOT_TAKER;BOT_MAKER;VEV_5400;XIRECS;14.0;5
6800;BOT_TAKER;BOT_MAKER;VEV_4000;XIRECS;1270.0;3
6900;BOT_MAKER;BOT_TAKER;VELVETFRUIT_EXTRACT;XIRECS;5254.0;5
6900;BOT_MAKER;BOT_TAKER;VEV_4000;XIRECS;1248.0;3
7000;BOT_MAKER;BOT_TAKER;HYDROGEL_PACK;XIRECS;9978.0;6
7000;BOT_TAKER;BOT_MAKER;VEV_5400;XIRECS;15.0;2
7100;BOT_MAKER;BOT_TAKER;VEV_5400;XIRECS;13.0;3
7100;BOT_MAKER;BOT_TAKER;VEV_6000;XIRECS;0.0;5
7200;BOT_TAKER;SUBMISSION;VEV_5200;XIRECS;103.0;2
7300;BOT_MAKER;BOT_TAKER;HYDROGEL_PACK;XIRECS;9978.0;4
7400;BOT_TAKER;SUBMISSION;VELVETFRUIT_EXTRACT;XIRECS;5262.0;4
7500;BOT_MAKER;BOT_TAKER;HYDROGEL_PACK;XIRECS;9981.0;4
7500;BOT_MAKER;BOT_TAKER;VELVETFRUIT_EXTRACT;XIRECS;5256.0;5
7600;BOT_TAKER;BOT_MAKER;VEV_6500;XIRECS;1.0;2
7700;BOT_TAKER;BOT_MAKER;VEV_6500;XIRECS;1.0;4
7800;BOT_TAKER;BOT_MAKER;VELVETFRUIT_EXTRACT;XIRECS;5257.0;8
7900;BOT_TAKER;BOT_MAKER;VEV_4000;XIRECS;1267.0;2
8000;BOT_MAKER;BOT_TAKER;HYDROGEL_PACK;XIRECS;9984.0;4
8100;BOT_MAKER;BOT_TAKER;VEV_5400;XIRECS;14.0;5
8200;BOT_MAKER;BOT_TAKER;HYDROGEL_PACK;XIRECS;9986.0;5
8200;BOT_TAKER;BOT_MAKER;VELVETFRUIT_EXTRACT;XIRECS;5258.0;3
8200;BOT_MAKER;BOT_TAKER;VEV_5300;XIRECS;47.0;5
8200;BOT_MAKER;BOT_TAKER;VEV_6000;XIRECS;0.0;5
8300;BOT_TAKER;BOT_MAKER;VELVETFRUIT_EXTRACT;XIRECS;5258.0;8
8400;BOT_TAKER;BOT_MAKER;VELVETFRUIT_EXTRACT;XIRECS;5259.0;8
8400;BOT_TAKER;SUBMISSION;VELVETFRUIT_EXTRACT;XIRECS;5258.0;4
8500;BOT_TAKER;BOT_MAKER;VEV_6000;XIRECS;1.0;4
8600;BOT_TAKER;BOT_MAKER;HYDROGEL_PACK;XIRECS;10003.0;4
8600;BOT_MAKER;BOT_TAKER;VELVETFRUIT_EXTRACT;XIRECS;5251.0;4
8700;BOT_MAKER;BOT_TAKER;VELVETFRUIT_EXTRACT;XIRECS;5250.0;4
8700;BOT_MAKER;BOT_TAKER;VEV_5500;XIRECS;7.0;2
8800;BOT_TAKER;BOT_MAKER;VELVETFRUIT_EXTRACT;XIRECS;5257.0;5
8800;BOT_MAKER;BOT_TAKER;VEV_6000;XIRECS;0.0;4
8900;BOT_MAKER;BOT_TAKER;HYDROGEL_PACK;XIRECS;9988.0;3
9000;BOT_TAKER;BOT_MAKER;VELVETFRUIT_EXTRACT;XIRECS;5255.0;6
9100;BOT_TAKER;BOT_MAKER;VEV_5400;XIRECS;15.0;2
9100;BOT_TAKER;BOT_MAKER;VEV_5500;XIRECS;8.0;2
9200;BOT_TAKER;BOT_MAKER;VELVETFRUIT_EXTRACT;XIRECS;5258.0;8
9200;BOT_MAKER;BOT_TAKER;VEV_6500;XIRECS;0.0;3
9500;BOT_TAKER;BOT_MAKER;VELVETFRUIT_EXTRACT;XIRECS;5256.0;6
9700;BOT_MAKER;BOT_TAKER;HYDROGEL_PACK;XIRECS;9992.0;3
9800;BOT_MAKER;BOT_TAKER;VELVETFRUIT_EXTRACT;XIRECS;5256.0;9
9900;BOT_TAKER;BOT_MAKER;HYDROGEL_PACK;XIRECS;10009.0;3
9900;BOT_TAKER;BOT_MAKER;VELVETFRUIT_EXTRACT;XIRECS;5261.0;7
10000;BOT_MAKER;BOT_TAKER;VEV_5400;XIRECS;12.0;4
10100;BOT_MAKER;BOT_TAKER;VELVETFRUIT_EXTRACT;XIRECS;5255.0;6
10100;BOT_TAKER;BOT_MAKER;VEV_4000;XIRECS;1267.0;1
10100;BOT_TAKER;BOT_MAKER;VEV_6000;XIRECS;1.0;4
10200;BOT_MAKER;BOT_TAKER;HYDROGEL_PACK;XIRECS;9991.0;3
10200;BOT_MAKER;BOT_TAKER;VELVETFRUIT_EXTRACT;XIRECS;5254.0;12
10200;SUBMISSION;BOT_TAKER;VELVETFRUIT_EXTRACT;XIRECS;5255.0;5
10200;BOT_MAKER;BOT_TAKER;VELVETFRUIT_EXTRACT;XIRECS;5254.0;1
10300;BOT_TAKER;BOT_MAKER;VEV_4000;XIRECS;1267.0;1
10400;BOT_TAKER;BOT_MAKER;VELVETFRUIT_EXTRACT;XIRECS;5259.0;3
10400;BOT_MAKER;BOT_TAKER;VEV_4000;XIRECS;1245.0;3
10500;BOT_TAKER;BOT_MAKER;VELVETFRUIT_EXTRACT;XIRECS;5259.0;7
10500;BOT_MAKER;BOT_TAKER;VELVETFRUIT_EXTRACT;XIRECS;5253.0;3
10600;BOT_MAKER;BOT_TAKER;HYDROGEL_PACK;XIRECS;9983.0;2
10700;BOT_TAKER;BOT_MAKER;HYDROGEL_PACK;XIRECS;10000.0;3
10800;BOT_TAKER;BOT_MAKER;VELVETFRUIT_EXTRACT;XIRECS;5261.0;8
10900;BOT_MAKER;BOT_TAKER;VELVETFRUIT_EXTRACT;XIRECS;5254.0;4
11000;BOT_MAKER;BOT_TAKER;VELVETFRUIT_EXTRACT;XIRECS;5253.0;7
11000;BOT_MAKER;BOT_TAKER;VEV_4000;XIRECS;1243.0;3
11100;BOT_TAKER;BOT_MAKER;HYDROGEL_PACK;XIRECS;10005.0;3
11200;BOT_TAKER;BOT_MAKER;VELVETFRUIT_EXTRACT;XIRECS;5255.0;8
11200;BOT_MAKER;BOT_TAKER;VEV_6500;XIRECS;0.0;2
11400;BOT_MAKER;BOT_TAKER;HYDROGEL_PACK;XIRECS;9991.0;2
11400;BOT_MAKER;BOT_TAKER;VELVETFRUIT_EXTRACT;XIRECS;5248.0;3
11400;BOT_MAKER;BOT_TAKER;VELVETFRUIT_EXTRACT;XIRECS;5248.0;5
11400;BOT_TAKER;BOT_MAKER;VEV_5400;XIRECS;14.0;3
11500;BOT_TAKER;BOT_MAKER;VEV_4000;XIRECS;1267.0;3
11500;BOT_TAKER;BOT_MAKER;VEV_6000;XIRECS;1.0;4
11600;BOT_MAKER;BOT_TAKER;VELVETFRUIT_EXTRACT;XIRECS;5249.0;7
11600;BOT_MAKER;BOT_TAKER;VEV_5500;XIRECS;6.0;4
11600;BOT_MAKER;BOT_TAKER;VEV_6500;XIRECS;0.0;5
11800;BOT_MAKER;BOT_TAKER;HYDROGEL_PACK;XIRECS;9992.0;5
11800;BOT_TAKER;BOT_MAKER;VELVETFRUIT_EXTRACT;XIRECS;5256.0;3
11800;BOT_MAKER;BOT_TAKER;VEV_6500;XIRECS;0.0;4
11800;SUBMISSION;BOT_TAKER;VEV_4000;XIRECS;1246.0;1
11900;BOT_TAKER;BOT_MAKER;VELVETFRUIT_EXTRACT;XIRECS;5256.0;8
12000;BOT_TAKER;SUBMISSION;HYDROGEL_PACK;XIRECS;10006.0;5
12100;BOT_TAKER;BOT_MAKER;HYDROGEL_PACK;XIRECS;10006.0;3
12100;BOT_TAKER;BOT_MAKER;VEV_4000;XIRECS;1266.0;2
12100;BOT_TAKER;BOT_MAKER;VEV_6000;XIRECS;1.0;2
12300;BOT_MAKER;BOT_TAKER;VELVETFRUIT_EXTRACT;XIRECS;5252.0;5
12300;BOT_TAKER;SUBMISSION;HYDROGEL_PACK;XIRECS;10005.0;5
12300;BOT_TAKER;BOT_MAKER;HYDROGEL_PACK;XIRECS;10006.0;1
12300;BOT_TAKER;SUBMISSION;VEV_5300;XIRECS;44.0;4
12400;BOT_MAKER;BOT_TAKER;VELVETFRUIT_EXTRACT;XIRECS;5254.0;3
12500;BOT_TAKER;BOT_MAKER;VELVETFRUIT_EXTRACT;XIRECS;5260.0;6
12600;BOT_MAKER;BOT_TAKER;HYDROGEL_PACK;XIRECS;9985.0;5
12600;SUBMISSION;BOT_TAKER;VEV_4000;XIRECS;1246.0;3
12700;BOT_TAKER;BOT_MAKER;VEV_4000;XIRECS;1266.0;2
12800;BOT_MAKER;BOT_TAKER;VELVETFRUIT_EXTRACT;XIRECS;5257.0;4
13100;BOT_MAKER;BOT_TAKER;HYDROGEL_PACK;XIRECS;9978.0;6
13100;BOT_TAKER;BOT_MAKER;VELVETFRUIT_EXTRACT;XIRECS;5263.0;8
13100;SUBMISSION;BOT_TAKER;VELVETFRUIT_EXTRACT;XIRECS;5258.0;5
13100;BOT_MAKER;BOT_TAKER;VELVETFRUIT_EXTRACT;XIRECS;5257.0;1
13300;BOT_TAKER;BOT_MAKER;HYDROGEL_PACK;XIRECS;9992.0;2
13300;BOT_TAKER;BOT_MAKER;VELVETFRUIT_EXTRACT;XIRECS;5261.0;4
13400;BOT_TAKER;BOT_MAKER;VELVETFRUIT_EXTRACT;XIRECS;5261.0;4
13500;BOT_MAKER;BOT_TAKER;HYDROGEL_PACK;XIRECS;9972.0;2
13500;BOT_TAKER;BOT_MAKER;VELVETFRUIT_EXTRACT;XIRECS;5262.0;10
13500;BOT_TAKER;BOT_MAKER;VEV_5500;XIRECS;7.0;5
13600;BOT_MAKER;BOT_TAKER;VELVETFRUIT_EXTRACT;XIRECS;5255.0;8
13600;BOT_MAKER;BOT_TAKER;VELVETFRUIT_EXTRACT;XIRECS;5255.0;11
13700;BOT_MAKER;BOT_TAKER;HYDROGEL_PACK;XIRECS;9969.0;5
13700;BOT_TAKER;BOT_MAKER;VELVETFRUIT_EXTRACT;XIRECS;5261.0;3
13700;BOT_MAKER;BOT_TAKER;VEV_4000;XIRECS;1248.0;1
13800;SUBMISSION;BOT_TAKER;HYDROGEL_PACK;XIRECS;9967.0;3
14000;BOT_TAKER;BOT_MAKER;VELVETFRUIT_EXTRACT;XIRECS;5263.0;6
14100;BOT_TAKER;BOT_MAKER;VELVETFRUIT_EXTRACT;XIRECS;5261.0;5
14200;BOT_TAKER;BOT_MAKER;VEV_4000;XIRECS;1267.0;2
14200;BOT_TAKER;BOT_MAKER;VEV_6500;XIRECS;1.0;5
14300;BOT_MAKER;BOT_TAKER;HYDROGEL_PACK;XIRECS;9966.0;2
14300;BOT_TAKER;SUBMISSION;VEV_4000;XIRECS;1267.0;2
14400;BOT_MAKER;BOT_TAKER;VELVETFRUIT_EXTRACT;XIRECS;5257.0;6
14500;BOT_MAKER;BOT_TAKER;HYDROGEL_PACK;XIRECS;9967.0;5
14500;BOT_TAKER;BOT_MAKER;VEV_5500;XIRECS;8.0;2
14700;BOT_MAKER;BOT_TAKER;HYDROGEL_PACK;XIRECS;9963.0;2
14700;BOT_MAKER;BOT_TAKER;VEV_5500;XIRECS;6.0;4
14700;BOT_TAKER;SUBMISSION;VELVETFRUIT_EXTRACT;XIRECS;5262.0;3
14800;BOT_TAKER;BOT_MAKER;VELVETFRUIT_EXTRACT;XIRECS;5264.0;3
14800;BOT_TAKER;BOT_MAKER;VEV_6000;XIRECS;1.0;4
14800;SUBMISSION;BOT_TAKER;VELVETFRUIT_EXTRACT;XIRECS;5259.0;5
14800;BOT_MAKER;BOT_TAKER;VELVETFRUIT_EXTRACT;XIRECS;5258.0;3
14900;BOT_MAKER;BOT_TAKER;HYDROGEL_PACK;XIRECS;9961.0;2
15100;BOT_TAKER;BOT_MAKER;VEV_5500;XIRECS;8.0;2
15100;BOT_TAKER;BOT_MAKER;VEV_6500;XIRECS;1.0;5
15200;BOT_TAKER;BOT_MAKER;HYDROGEL_PACK;XIRECS;9979.0;2
15200;BOT_MAKER;BOT_TAKER;VEV_6000;XIRECS;0.0;5
15300;BOT_MAKER;BOT_TAKER;VEV_5500;XIRECS;7.0;5
15300;BOT_MAKER;BOT_TAKER;VEV_6500;XIRECS;0.0;2
15300;BOT_TAKER;BOT_MAKER;VEV_6500;XIRECS;1.0;3
15400;BOT_TAKER;BOT_MAKER;VEV_6500;XIRECS;1.0;5
15500;BOT_TAKER;BOT_MAKER;HYDROGEL_PACK;XIRECS;9983.0;6
15600;BOT_MAKER;BOT_TAKER;VELVETFRUIT_EXTRACT;XIRECS;5258.0;8
15600;BOT_MAKER;BOT_TAKER;VEV_6500;XIRECS;0.0;5
15700;BOT_TAKER;BOT_MAKER;VEV_4000;XIRECS;1269.0;3
15800;BOT_TAKER;BOT_MAKER;HYDROGEL_PACK;XIRECS;9975.0;2
15800;BOT_MAKER;BOT_TAKER;VELVETFRUIT_EXTRACT;XIRECS;5258.0;6
15800;BOT_TAKER;BOT_MAKER;VEV_4000;XIRECS;1271.0;3
15900;BOT_MAKER;BOT_TAKER;VELVETFRUIT_EXTRACT;XIRECS;5256.0;13
15900;BOT_TAKER;BOT_MAKER;VEV_4000;XIRECS;1270.0;2
16000;BOT_TAKER;BOT_MAKER;VEV_5500;XIRECS;8.0;2
16300;BOT_MAKER;BOT_TAKER;VELVETFRUIT_EXTRACT;XIRECS;5256.0;5
16300;BOT_TAKER;BOT_MAKER;VEV_4000;XIRECS;1266.0;1
16500;BOT_MAKER;BOT_TAKER;HYDROGEL_PACK;XIRECS;9959.0;2
16500;BOT_MAKER;BOT_TAKER;HYDROGEL_PACK;XIRECS;9959.0;3
16500;BOT_TAKER;SUBMISSION;HYDROGEL_PACK;XIRECS;9974.0;2
16600;BOT_MAKER;BOT_TAKER;HYDROGEL_PACK;XIRECS;9960.0;2
16600;BOT_TAKER;BOT_MAKER;VELVETFRUIT_EXTRACT;XIRECS;5262.0;12
16600;BOT_MAKER;BOT_TAKER;VEV_5500;XIRECS;7.0;4
16600;SUBMISSION;BOT_TAKER;VELVETFRUIT_EXTRACT;XIRECS;5257.0;5
16600;BOT_MAKER;BOT_TAKER;VELVETFRUIT_EXTRACT;XIRECS;5256.0;3
16700;BOT_MAKER;BOT_TAKER;VELVETFRUIT_EXTRACT;XIRECS;5258.0;8
16800;BOT_MAKER;BOT_TAKER;HYDROGEL_PACK;XIRECS;9959.0;2
16800;BOT_TAKER;BOT_MAKER;VELVETFRUIT_EXTRACT;XIRECS;5265.0;3
16900;BOT_TAKER;BOT_MAKER;VEV_5200;XIRECS;98.0;4
16900;BOT_TAKER;BOT_MAKER;VEV_6500;XIRECS;1.0;4
17000;BOT_TAKER;SUBMISSION;VELVETFRUIT_EXTRACT;XIRECS;5265.0;5
17100;BOT_MAKER;BOT_TAKER;HYDROGEL_PACK;XIRECS;9957.0;6
17100;BOT_MAKER;BOT_TAKER;VELVETFRUIT_EXTRACT;XIRECS;5259.0;6
17100;BOT_MAKER;BOT_TAKER;VEV_5500;XIRECS;7.0;5
17100;SUBMISSION;BOT_TAKER;VEV_5400;XIRECS;12.0;4
17200;BOT_TAKER;BOT_MAKER;VELVETFRUIT_EXTRACT;XIRECS;5263.0;4
17300;BOT_TAKER;SUBMISSION;VEV_5400;XIRECS;12.0;4
17400;BOT_MAKER;BOT_TAKER;HYDROGEL_PACK;XIRECS;9959.0;6
17400;BOT_TAKER;BOT_MAKER;VELVETFRUIT_EXTRACT;XIRECS;5264.0;3
17500;BOT_MAKER;BOT_TAKER;VELVETFRUIT_EXTRACT;XIRECS;5260.0;8
17500;BOT_MAKER;BOT_TAKER;VEV_5400;XIRECS;12.0;4
17600;BOT_MAKER;BOT_TAKER;VEV_6000;XIRECS;0.0;5
17700;BOT_TAKER;BOT_MAKER;VELVETFRUIT_EXTRACT;XIRECS;5267.0;5
17700;BOT_TAKER;BOT_MAKER;VEV_6500;XIRECS;1.0;2
17900;BOT_MAKER;BOT_TAKER;HYDROGEL_PACK;XIRECS;9961.0;5
17900;BOT_TAKER;BOT_MAKER;VEV_4000;XIRECS;1270.0;3
17900;BOT_TAKER;BOT_MAKER;VEV_6000;XIRECS;1.0;5
18000;BOT_TAKER;BOT_MAKER;VELVETFRUIT_EXTRACT;XIRECS;5268.0;5
18100;BOT_TAKER;SUBMISSION;VELVETFRUIT_EXTRACT;XIRECS;5265.0;5
18100;BOT_TAKER;BOT_MAKER;VELVETFRUIT_EXTRACT;XIRECS;5266.0;1
18200;BOT_TAKER;BOT_MAKER;VELVETFRUIT_EXTRACT;XIRECS;5265.0;4
18200;BOT_MAKER;BOT_TAKER;VEV_4000;XIRECS;1251.0;1
18300;BOT_TAKER;BOT_MAKER;VEV_4000;XIRECS;1272.0;3
18400;BOT_TAKER;BOT_MAKER;VELVETFRUIT_EXTRACT;XIRECS;5265.0;5
18400;BOT_MAKER;BOT_TAKER;VEV_6500;XIRECS;0.0;2
18400;BOT_TAKER;SUBMISSION;VELVETFRUIT_EXTRACT;XIRECS;5264.0;5
18400;BOT_TAKER;BOT_MAKER;VELVETFRUIT_EXTRACT;XIRECS;5265.0;1
18500;BOT_MAKER;BOT_TAKER;VELVETFRUIT_EXTRACT;XIRECS;5262.0;7
18700;BOT_TAKER;SUBMISSION;VELVETFRUIT_EXTRACT;XIRECS;5266.0;5
18700;BOT_TAKER;BOT_MAKER;VELVETFRUIT_EXTRACT;XIRECS;5267.0;3
18800;BOT_MAKER;BOT_TAKER;HYDROGEL_PACK;XIRECS;9954.0;6
18900;BOT_MAKER;BOT_TAKER;HYDROGEL_PACK;XIRECS;9954.0;3
18900;BOT_TAKER;BOT_MAKER;VEV_4000;XIRECS;1273.0;1
19000;BOT_TAKER;BOT_MAKER;VELVETFRUIT_EXTRACT;XIRECS;5268.0;8
19100;BOT_MAKER;BOT_TAKER;HYDROGEL_PACK;XIRECS;9955.0;5
19100;BOT_TAKER;SUBMISSION;VELVETFRUIT_EXTRACT;XIRECS;5267.0;5
19100;BOT_TAKER;BOT_MAKER;VELVETFRUIT_EXTRACT;XIRECS;5268.0;2
19200;BOT_TAKER;BOT_MAKER;HYDROGEL_PACK;XIRECS;9972.0;3
19200;BOT_TAKER;BOT_MAKER;VEV_5500;XIRECS;8.0;5
19200;BOT_TAKER;SUBMISSION;VELVETFRUIT_EXTRACT;XIRECS;5267.0;5
19300;BOT_MAKER;BOT_TAKER;HYDROGEL_PACK;XIRECS;9957.0;3
19300;BOT_MAKER;BOT_TAKER;VELVETFRUIT_EXTRACT;XIRECS;5261.0;5
19400;BOT_TAKER;BOT_MAKER;HYDROGEL_PACK;XIRECS;9977.0;2
19500;BOT_MAKER;BOT_TAKER;HYDROGEL_PACK;XIRECS;9964.0;5
19500;BOT_MAKER;BOT_TAKER;VELVETFRUIT_EXTRACT;XIRECS;5259.0;4
19600;BOT_MAKER;BOT_TAKER;VELVETFRUIT_EXTRACT;XIRECS;5258.0;4
19800;BOT_TAKER;BOT_MAKER;VEV_5400;XIRECS;14.0;5
19900;BOT_TAKER;BOT_MAKER;VELVETFRUIT_EXTRACT;XIRECS;5264.0;7
20000;BOT_TAKER;BOT_MAKER;VEV_4000;XIRECS;1272.0;2
20100;BOT_MAKER;BOT_TAKER;VELVETFRUIT_EXTRACT;XIRECS;5259.0;7
20200;BOT_TAKER;BOT_MAKER;HYDROGEL_PACK;XIRECS;9983.0;5
20300;BOT_TAKER;BOT_MAKER;VELVETFRUIT_EXTRACT;XIRECS;5267.0;6
20400;BOT_TAKER;BOT_MAKER;VELVETFRUIT_EXTRACT;XIRECS;5265.0;4
20400;BOT_TAKER;BOT_MAKER;VEV_5500;XIRECS;8.0;4
20500;BOT_TAKER;BOT_MAKER;HYDROGEL_PACK;XIRECS;9980.0;4
20600;BOT_MAKER;BOT_TAKER;VEV_6000;XIRECS;0.0;4
20600;SUBMISSION;BOT_TAKER;HYDROGEL_PACK;XIRECS;9967.0;2
20700;BOT_TAKER;BOT_MAKER;HYDROGEL_PACK;XIRECS;9985.0;5
20700;BOT_TAKER;BOT_MAKER;VEV_5200;XIRECS;96.0;5
20900;BOT_MAKER;BOT_TAKER;HYDROGEL_PACK;XIRECS;9968.0;2
20900;BOT_TAKER;BOT_MAKER;VELVETFRUIT_EXTRACT;XIRECS;5264.0;6
21000;BOT_TAKER;BOT_MAKER;VELVETFRUIT_EXTRACT;XIRECS;5265.0;4
21000;BOT_TAKER;BOT_MAKER;VEV_4000;XIRECS;1274.0;2
21100;BOT_TAKER;BOT_MAKER;HYDROGEL_PACK;XIRECS;9989.0;3
21100;BOT_MAKER;BOT_TAKER;VEV_4000;XIRECS;1253.0;1
21200;BOT_MAKER;BOT_TAKER;VEV_4000;XIRECS;1252.0;1
21400;BOT_MAKER;BOT_TAKER;VEV_5300;XIRECS;43.0;5
21500;BOT_TAKER;BOT_MAKER;HYDROGEL_PACK;XIRECS;9983.0;5
21600;BOT_TAKER;BOT_MAKER;HYDROGEL_PACK;XIRECS;9982.0;5
21600;BOT_TAKER;BOT_MAKER;VEV_6500;XIRECS;1.0;3
21600;BOT_MAKER;BOT_TAKER;VEV_6500;XIRECS;0.0;4
21800;BOT_MAKER;BOT_TAKER;VELVETFRUIT_EXTRACT;XIRECS;5260.0;11
21900;BOT_MAKER;BOT_TAKER;HYDROGEL_PACK;XIRECS;9966.0;5
21900;BOT_TAKER;BOT_MAKER;VEV_5300;XIRECS;46.0;5
21900;BOT_TAKER;BOT_MAKER;VEV_5400;XIRECS;14.0;2
22100;BOT_MAKER;BOT_TAKER;HYDROGEL_PACK;XIRECS;9964.0;3
22100;BOT_TAKER;BOT_MAKER;VELVETFRUIT_EXTRACT;XIRECS;5265.0;7
22200;BOT_TAKER;BOT_MAKER;HYDROGEL_PACK;XIRECS;9980.0;3
22300;BOT_MAKER;BOT_TAKER;VELVETFRUIT_EXTRACT;XIRECS;5262.0;10
22300;BOT_MAKER;BOT_TAKER;VEV_4000;XIRECS;1248.0;2
22400;BOT_MAKER;BOT_TAKER;VELVETFRUIT_EXTRACT;XIRECS;5260.0;8
22400;BOT_MAKER;BOT_TAKER;VEV_5500;XIRECS;7.0;4
22400;BOT_MAKER;BOT_TAKER;VEV_6000;XIRECS;0.0;3
22500;BOT_TAKER;BOT_MAKER;HYDROGEL_PACK;XIRECS;9977.0;2
22600;BOT_TAKER;BOT_MAKER;HYDROGEL_PACK;XIRECS;9979.0;6
22700;BOT_TAKER;BOT_MAKER;HYDROGEL_PACK;XIRECS;9977.0;5
22800;BOT_MAKER;BOT_TAKER;HYDROGEL_PACK;XIRECS;9961.0;4
22800;BOT_TAKER;BOT_MAKER;VELVETFRUIT_EXTRACT;XIRECS;5266.0;3
23000;BOT_TAKER;BOT_MAKER;HYDROGEL_PACK;XIRECS;9976.0;2
23000;BOT_MAKER;BOT_TAKER;VEV_4000;XIRECS;1247.0;3
23000;SUBMISSION;BOT_TAKER;HYDROGEL_PACK;XIRECS;9961.0;2
23100;BOT_MAKER;BOT_TAKER;HYDROGEL_PACK;XIRECS;9960.0;5
23100;BOT_TAKER;BOT_MAKER;VELVETFRUIT_EXTRACT;XIRECS;5268.0;7
23200;BOT_MAKER;BOT_TAKER;VELVETFRUIT_EXTRACT;XIRECS;5262.0;6
23300;BOT_TAKER;BOT_MAKER;VELVETFRUIT_EXTRACT;XIRECS;5268.0;6
23300;BOT_MAKER;BOT_TAKER;VEV_4000;XIRECS;1248.0;1
23300;BOT_TAKER;BOT_MAKER;VEV_5500;XIRECS;9.0;4
23300;BOT_TAKER;SUBMISSION;VELVETFRUIT_EXTRACT;XIRECS;5267.0;5
23300;BOT_TAKER;BOT_MAKER;VELVETFRUIT_EXTRACT;XIRECS;5268.0;3
23400;BOT_MAKER;BOT_TAKER;VEV_5400;XIRECS;14.0;5
23500;BOT_TAKER;BOT_MAKER;HYDROGEL_PACK;XIRECS;9976.0;4
23500;BOT_TAKER;BOT_MAKER;VELVETFRUIT_EXTRACT;XIRECS;5267.0;4
23500;SUBMISSION;BOT_TAKER;HYDROGEL_PACK;XIRECS;9961.0;5
23500;BOT_MAKER;BOT_TAKER;HYDROGEL_PACK;XIRECS;9960.0;1
23600;SUBMISSION;BOT_TAKER;VELVETFRUIT_EXTRACT;XIRECS;5263.0;5
23600;BOT_MAKER;BOT_TAKER;VELVETFRUIT_EXTRACT;XIRECS;5262.0;3
23700;BOT_MAKER;BOT_TAKER;VELVETFRUIT_EXTRACT;XIRECS;5262.0;7
23900;BOT_MAKER;BOT_TAKER;HYDROGEL_PACK;XIRECS;9966.0;5
23900;BOT_MAKER;BOT_TAKER;VELVETFRUIT_EXTRACT;XIRECS;5265.0;5
23900;BOT_MAKER;BOT_TAKER;VEV_6500;XIRECS;0.0;3
24000;BOT_TAKER;BOT_MAKER;VELVETFRUIT_EXTRACT;XIRECS;5270.0;3
24000;BOT_TAKER;BOT_MAKER;VEV_4000;XIRECS;1267.0;2
24100;BOT_MAKER;BOT_TAKER;HYDROGEL_PACK;XIRECS;9962.0;4
24300;BOT_MAKER;BOT_TAKER;VELVETFRUIT_EXTRACT;XIRECS;5264.0;4
24300;BOT_MAKER;BOT_TAKER;VEV_4000;XIRECS;1247.0;1
24400;BOT_TAKER;BOT_MAKER;HYDROGEL_PACK;XIRECS;9980.0;5
24500;BOT_MAKER;BOT_TAKER;VELVETFRUIT_EXTRACT;XIRECS;5264.0;7
24600;BOT_TAKER;BOT_MAKER;VEV_5500;XIRECS;8.0;2
24700;BOT_MAKER;BOT_TAKER;VELVETFRUIT_EXTRACT;XIRECS;5265.0;7
24800;BOT_MAKER;BOT_TAKER;VELVETFRUIT_EXTRACT;XIRECS;5264.0;6
25000;BOT_MAKER;BOT_TAKER;VELVETFRUIT_EXTRACT;XIRECS;5264.0;6
25100;BOT_TAKER;BOT_MAKER;VELVETFRUIT_EXTRACT;XIRECS;5267.0;7
25100;BOT_MAKER;BOT_TAKER;VEV_6000;XIRECS;0.0;2
25200;BOT_MAKER;BOT_TAKER;HYDROGEL_PACK;XIRECS;9968.0;3
25300;BOT_TAKER;BOT_MAKER;HYDROGEL_PACK;XIRECS;9983.0;5
25400;BOT_TAKER;BOT_MAKER;HYDROGEL_PACK;XIRECS;9983.0;5
25500;BOT_MAKER;BOT_TAKER;VELVETFRUIT_EXTRACT;XIRECS;5265.0;7
25500;BOT_TAKER;BOT_MAKER;VEV_6500;XIRECS;1.0;5
25600;BOT_MAKER;BOT_TAKER;HYDROGEL_PACK;XIRECS;9964.0;2
25600;BOT_TAKER;BOT_MAKER;VEV_5500;XIRECS;8.0;3
25700;BOT_TAKER;BOT_MAKER;VELVETFRUIT_EXTRACT;XIRECS;5268.0;10
25800;BOT_TAKER;BOT_MAKER;HYDROGEL_PACK;XIRECS;9986.0;4
25800;BOT_TAKER;BOT_MAKER;VEV_6000;XIRECS;1.0;4
25800;BOT_TAKER;SUBMISSION;HYDROGEL_PACK;XIRECS;9985.0;4
25900;BOT_TAKER;BOT_MAKER;VELVETFRUIT_EXTRACT;XIRECS;5266.0;3
25900;BOT_TAKER;BOT_MAKER;VEV_6000;XIRECS;1.0;4
26000;BOT_TAKER;BOT_MAKER;HYDROGEL_PACK;XIRECS;9983.0;2
26000;BOT_TAKER;BOT_MAKER;VEV_6500;XIRECS;1.0;3
26100;BOT_MAKER;BOT_TAKER;VEV_5500;XIRECS;7.0;2
26200;BOT_TAKER;BOT_MAKER;VELVETFRUIT_EXTRACT;XIRECS;5268.0;8
26200;BOT_MAKER;BOT_TAKER;VEV_5400;XIRECS;15.0;4
26200;BOT_TAKER;SUBMISSION;HYDROGEL_PACK;XIRECS;9981.0;2
26300;BOT_TAKER;BOT_MAKER;HYDROGEL_PACK;XIRECS;9983.0;6
26400;BOT_TAKER;BOT_MAKER;VELVETFRUIT_EXTRACT;XIRECS;5269.0;4
26400;BOT_TAKER;BOT_MAKER;VEV_4000;XIRECS;1261.0;2
26400;BOT_TAKER;BOT_MAKER;VEV_6500;XIRECS;1.0;2
26400;BOT_TAKER;SUBMISSION;VELVETFRUIT_EXTRACT;XIRECS;5268.0;5
26400;BOT_TAKER;BOT_MAKER;VELVETFRUIT_EXTRACT;XIRECS;5269.0;3
26500;BOT_TAKER;SUBMISSION;HYDROGEL_PACK;XIRECS;9984.0;5
26600;BOT_MAKER;BOT_TAKER;VELVETFRUIT_EXTRACT;XIRECS;5266.0;8
26600;BOT_MAKER;BOT_TAKER;VEV_4000;XIRECS;1239.0;2
26700;BOT_MAKER;BOT_TAKER;VELVETFRUIT_EXTRACT;XIRECS;5266.0;5
26700;SUBMISSION;BOT_TAKER;VEV_4000;XIRECS;1239.0;3
26800;BOT_MAKER;BOT_TAKER;VEV_6500;XIRECS;0.0;2
26900;BOT_TAKER;BOT_MAKER;HYDROGEL_PACK;XIRECS;9988.0;5
26900;BOT_TAKER;BOT_MAKER;VELVETFRUIT_EXTRACT;XIRECS;5273.0;7
26900;BOT_TAKER;BOT_MAKER;VEV_6500;XIRECS;1.0;4
27000;BOT_MAKER;BOT_TAKER;HYDROGEL_PACK;XIRECS;9973.0;4
27000;BOT_MAKER;BOT_TAKER;VELVETFRUIT_EXTRACT;XIRECS;5268.0;3
27100;BOT_MAKER;BOT_TAKER;VELVETFRUIT_EXTRACT;XIRECS;5267.0;5
27200;BOT_MAKER;BOT_TAKER;VELVETFRUIT_EXTRACT;XIRECS;5266.0;11
27300;BOT_MAKER;BOT_TAKER;VELVETFRUIT_EXTRACT;XIRECS;5267.0;7
27300;BOT_MAKER;BOT_TAKER;VELVETFRUIT_EXTRACT;XIRECS;5267.0;3
27300;BOT_TAKER;SUBMISSION;HYDROGEL_PACK;XIRECS;9991.0;5
27300;BOT_TAKER;BOT_MAKER;HYDROGEL_PACK;XIRECS;9992.0;1
27400;BOT_TAKER;BOT_MAKER;HYDROGEL_PACK;XIRECS;9994.0;3
27400;BOT_TAKER;BOT_MAKER;VEV_4000;XIRECS;1259.0;2
27400;BOT_TAKER;SUBMISSION;VELVETFRUIT_EXTRACT;XIRECS;5270.0;5
27400;BOT_TAKER;BOT_MAKER;VELVETFRUIT_EXTRACT;XIRECS;5271.0;2
27500;BOT_TAKER;BOT_MAKER;VELVETFRUIT_EXTRACT;XIRECS;5272.0;3
27500;BOT_TAKER;BOT_MAKER;VEV_4000;XIRECS;1259.0;3
27500;BOT_TAKER;BOT_MAKER;VEV_5500;XIRECS;8.0;4
27600;BOT_MAKER;BOT_TAKER;VEV_6500;XIRECS;0.0;4
27700;BOT_MAKER;BOT_TAKER;HYDROGEL_PACK;XIRECS;9980.0;4
27700;BOT_TAKER;BOT_MAKER;VELVETFRUIT_EXTRACT;XIRECS;5270.0;6
27800;SUBMISSION;BOT_TAKER;VELVETFRUIT_EXTRACT;XIRECS;5265.0;5
27800;BOT_MAKER;BOT_TAKER;VELVETFRUIT_EXTRACT;XIRECS;5264.0;3
27900;BOT_TAKER;BOT_MAKER;VELVETFRUIT_EXTRACT;XIRECS;5271.0;5
28000;BOT_TAKER;BOT_MAKER;HYDROGEL_PACK;XIRECS;9995.0;6
28100;BOT_TAKER;BOT_MAKER;HYDROGEL_PACK;XIRECS;9996.0;5
28100;BOT_MAKER;BOT_TAKER;VELVETFRUIT_EXTRACT;XIRECS;5267.0;6
28200;BOT_TAKER;BOT_MAKER;VELVETFRUIT_EXTRACT;XIRECS;5273.0;8
28300;BOT_MAKER;BOT_TAKER;HYDROGEL_PACK;XIRECS;9976.0;4
28300;BOT_MAKER;BOT_TAKER;VEV_6000;XIRECS;0.0;4
28500;BOT_TAKER;BOT_MAKER;VEV_6000;XIRECS;1.0;5
28600;BOT_TAKER;BOT_MAKER;VELVETFRUIT_EXTRACT;XIRECS;5271.0;3
28600;BOT_TAKER;BOT_MAKER;VEV_6000;XIRECS;1.0;5
28800;BOT_TAKER;BOT_MAKER;VELVETFRUIT_EXTRACT;XIRECS;5272.0;8
29000;BOT_TAKER;BOT_MAKER;VELVETFRUIT_EXTRACT;XIRECS;5275.0;8
29000;BOT_MAKER;BOT_TAKER;VEV_5500;XIRECS;7.0;2
29100;BOT_TAKER;BOT_MAKER;VELVETFRUIT_EXTRACT;XIRECS;5277.0;4
29200;BOT_TAKER;BOT_MAKER;VELVETFRUIT_EXTRACT;XIRECS;5276.0;12
29200;BOT_MAKER;BOT_TAKER;VEV_5300;XIRECS;46.0;5
29200;BOT_TAKER;SUBMISSION;VELVETFRUIT_EXTRACT;XIRECS;5275.0;5
29200;BOT_TAKER;BOT_MAKER;VELVETFRUIT_EXTRACT;XIRECS;5276.0;3
29300;BOT_TAKER;BOT_MAKER;HYDROGEL_PACK;XIRECS;9996.0;6
29300;BOT_TAKER;BOT_MAKER;VELVETFRUIT_EXTRACT;XIRECS;5278.0;3
29300;BOT_MAKER;BOT_TAKER;VEV_6000;XIRECS;0.0;2
29300;BOT_MAKER;BOT_TAKER;VEV_6500;XIRECS;0.0;2
29400;BOT_MAKER;BOT_TAKER;VELVETFRUIT_EXTRACT;XIRECS;5272.0;8
29400;BOT_TAKER;BOT_MAKER;VEV_5400;XIRECS;17.0;3
29500;BOT_TAKER;BOT_MAKER;VELVETFRUIT_EXTRACT;XIRECS;5278.0;3
29600;BOT_MAKER;BOT_TAKER;VELVETFRUIT_EXTRACT;XIRECS;5272.0;7
29600;BOT_TAKER;BOT_MAKER;VEV_4000;XIRECS;1255.0;1
29600;BOT_TAKER;BOT_MAKER;VEV_5500;XIRECS;8.0;5
29600;BOT_TAKER;BOT_MAKER;VEV_6500;XIRECS;1.0;5
29700;BOT_TAKER;BOT_MAKER;VELVETFRUIT_EXTRACT;XIRECS;5279.0;8
29800;BOT_MAKER;BOT_TAKER;VELVETFRUIT_EXTRACT;XIRECS;5274.0;3
30100;BOT_MAKER;BOT_TAKER;VELVETFRUIT_EXTRACT;XIRECS;5272.0;7
30100;BOT_MAKER;BOT_TAKER;VEV_5500;XIRECS;6.0;4
30200;BOT_MAKER;BOT_TAKER;HYDROGEL_PACK;XIRECS;9974.0;2
30400;BOT_MAKER;BOT_TAKER;HYDROGEL_PACK;XIRECS;9969.0;5
30400;BOT_MAKER;BOT_TAKER;VELVETFRUIT_EXTRACT;XIRECS;5275.0;8
30400;BOT_MAKER;BOT_TAKER;VEV_6500;XIRECS;0.0;2
30500;BOT_TAKER;BOT_MAKER;HYDROGEL_PACK;XIRECS;9987.0;2
30600;BOT_TAKER;BOT_MAKER;HYDROGEL_PACK;XIRECS;9985.0;4
30600;BOT_MAKER;BOT_TAKER;VELVETFRUIT_EXTRACT;XIRECS;5271.0;11
30600;BOT_TAKER;SUBMISSION;VELVETFRUIT_EXTRACT;XIRECS;5275.0;3
30700;BOT_TAKER;BOT_MAKER;HYDROGEL_PACK;XIRECS;9985.0;2
30700;BOT_MAKER;BOT_TAKER;VELVETFRUIT_EXTRACT;XIRECS;5272.0;5
30800;BOT_TAKER;BOT_MAKER;VELVETFRUIT_EXTRACT;XIRECS;5277.0;4
30800;BOT_TAKER;BOT_MAKER;VEV_4000;XIRECS;1255.0;2
30800;SUBMISSION;BOT_TAKER;VELVETFRUIT_EXTRACT;XIRECS;5272.0;4
31200;BOT_MAKER;BOT_TAKER;VEV_6500;XIRECS;0.0;3
31500;SUBMISSION;BOT_TAKER;VELVETFRUIT_EXTRACT;XIRECS;5273.0;5
31500;BOT_MAKER;BOT_TAKER;VELVETFRUIT_EXTRACT;XIRECS;5272.0;2
31600;BOT_TAKER;BOT_MAKER;VELVETFRUIT_EXTRACT;XIRECS;5278.0;6
31700;BOT_TAKER;BOT_MAKER;HYDROGEL_PACK;XIRECS;9995.0;5
31700;BOT_TAKER;SUBMISSION;HYDROGEL_PACK;XIRECS;9994.0;5
31700;BOT_TAKER;BOT_MAKER;HYDROGEL_PACK;XIRECS;9995.0;1
31800;BOT_MAKER;BOT_TAKER;VEV_5300;XIRECS;47.0;4
31800;SUBMISSION;BOT_TAKER;HYDROGEL_PACK;XIRECS;9979.0;4
31900;BOT_TAKER;BOT_MAKER;HYDROGEL_PACK;XIRECS;9994.0;4
31900;BOT_TAKER;BOT_MAKER;VEV_6000;XIRECS;1.0;4
32000;BOT_TAKER;BOT_MAKER;HYDROGEL_PACK;XIRECS;9995.0;5
32100;BOT_MAKER;BOT_TAKER;HYDROGEL_PACK;XIRECS;9974.0;3
32100;BOT_MAKER;BOT_TAKER;VEV_6500;XIRECS;0.0;4
32100;SUBMISSION;BOT_TAKER;HYDROGEL_PACK;XIRECS;9975.0;5
32100;BOT_MAKER;BOT_TAKER;HYDROGEL_PACK;XIRECS;9974.0;1
32100;BOT_TAKER;SUBMISSION;VEV_4000;XIRECS;1251.0;1
32300;BOT_MAKER;BOT_TAKER;VELVETFRUIT_EXTRACT;XIRECS;5271.0;6
32400;BOT_TAKER;BOT_MAKER;VELVETFRUIT_EXTRACT;XIRECS;5276.0;4
32600;BOT_TAKER;BOT_MAKER;HYDROGEL_PACK;XIRECS;9993.0;3
32600;BOT_MAKER;BOT_TAKER;VEV_4000;XIRECS;1229.0;3
32600;BOT_TAKER;BOT_MAKER;VEV_6500;XIRECS;1.0;5
32700;SUBMISSION;BOT_TAKER;VELVETFRUIT_EXTRACT;XIRECS;5269.0;4
32800;BOT_MAKER;BOT_TAKER;HYDROGEL_PACK;XIRECS;9974.0;3
32800;BOT_TAKER;SUBMISSION;VEV_4000;XIRECS;1252.0;2
32900;BOT_MAKER;BOT_TAKER;VEV_6500;XIRECS;0.0;5
33000;BOT_MAKER;BOT_TAKER;VEV_5500;XIRECS;6.0;4
33000;BOT_MAKER;BOT_TAKER;VEV_6500;XIRECS;0.0;4
33100;BOT_MAKER;BOT_TAKER;HYDROGEL_PACK;XIRECS;9973.0;5
33100;BOT_TAKER;BOT_MAKER;VELVETFRUIT_EXTRACT;XIRECS;5277.0;8
33100;BOT_MAKER;BOT_TAKER;VEV_4000;XIRECS;1229.0;1
33300;BOT_TAKER;BOT_MAKER;VELVETFRUIT_EXTRACT;XIRECS;5276.0;5
33400;BOT_MAKER;BOT_TAKER;HYDROGEL_PACK;XIRECS;9978.0;6
33500;BOT_MAKER;BOT_TAKER;VEV_6000;XIRECS;0.0;5
33600;BOT_TAKER;BOT_MAKER;HYDROGEL_PACK;XIRECS;9996.0;3
33600;BOT_MAKER;BOT_TAKER;VEV_6000;XIRECS;0.0;3
33700;BOT_TAKER;BOT_MAKER;VEV_4000;XIRECS;1249.0;2
33800;BOT_TAKER;BOT_MAKER;HYDROGEL_PACK;XIRECS;9999.0;2
33800;BOT_MAKER;BOT_TAKER;VEV_4000;XIRECS;1229.0;2
33900;BOT_MAKER;BOT_TAKER;VELVETFRUIT_EXTRACT;XIRECS;5275.0;6
33900;BOT_TAKER;BOT_MAKER;VEV_5200;XIRECS;94.0;5
34100;BOT_TAKER;SUBMISSION;VEV_5000;XIRECS;271.0;1
34200;BOT_TAKER;BOT_MAKER;HYDROGEL_PACK;XIRECS;10005.0;3
34300;BOT_TAKER;BOT_MAKER;VELVETFRUIT_EXTRACT;XIRECS;5278.0;5
34400;BOT_MAKER;BOT_TAKER;VELVETFRUIT_EXTRACT;XIRECS;5274.0;5
34500;BOT_TAKER;BOT_MAKER;VELVETFRUIT_EXTRACT;XIRECS;5281.0;5
34500;BOT_MAKER;BOT_TAKER;VEV_5500;XIRECS;6.0;5
34600;BOT_MAKER;BOT_TAKER;HYDROGEL_PACK;XIRECS;9992.0;3
34600;BOT_TAKER;BOT_MAKER;VELVETFRUIT_EXTRACT;XIRECS;5281.0;8
34800;BOT_TAKER;BOT_MAKER;HYDROGEL_PACK;XIRECS;10011.0;6
34800;BOT_MAKER;BOT_TAKER;VEV_4000;XIRECS;1230.0;2
34800;BOT_MAKER;BOT_TAKER;VEV_5500;XIRECS;6.0;2
34900;BOT_MAKER;BOT_TAKER;VELVETFRUIT_EXTRACT;XIRECS;5273.0;8
34900;BOT_TAKER;BOT_MAKER;VELVETFRUIT_EXTRACT;XIRECS;5277.0;5
34900;BOT_MAKER;BOT_TAKER;VEV_4000;XIRECS;1229.0;2
34900;BOT_TAKER;BOT_MAKER;VEV_6000;XIRECS;1.0;3
35000;BOT_MAKER;BOT_TAKER;VELVETFRUIT_EXTRACT;XIRECS;5272.0;10
35000;BOT_MAKER;BOT_TAKER;VEV_6500;XIRECS;0.0;4
35100;BOT_MAKER;BOT_TAKER;VEV_4000;XIRECS;1229.0;3
35100;BOT_MAKER;BOT_TAKER;VEV_5300;XIRECS;47.0;2
35200;BOT_MAKER;BOT_TAKER;HYDROGEL_PACK;XIRECS;9996.0;4
35300;BOT_TAKER;BOT_MAKER;VELVETFRUIT_EXTRACT;XIRECS;5276.0;8
35300;BOT_MAKER;BOT_TAKER;VEV_4000;XIRECS;1228.0;2
35300;BOT_MAKER;BOT_TAKER;VEV_5500;XIRECS;6.0;2
35300;BOT_MAKER;BOT_TAKER;VEV_6000;XIRECS;0.0;2
35300;SUBMISSION;BOT_TAKER;HYDROGEL_PACK;XIRECS;9998.0;2
35500;BOT_MAKER;BOT_TAKER;VELVETFRUIT_EXTRACT;XIRECS;5270.0;6
35500;BOT_MAKER;BOT_TAKER;VEV_5300;XIRECS;48.0;3
35700;BOT_MAKER;BOT_TAKER;HYDROGEL_PACK;XIRECS;9999.0;3
35700;BOT_MAKER;BOT_TAKER;VELVETFRUIT_EXTRACT;XIRECS;5268.0;4
35900;BOT_TAKER;BOT_MAKER;VEV_4000;XIRECS;1249.0;3
35900;BOT_MAKER;BOT_TAKER;VEV_6000;XIRECS;0.0;3
36000;BOT_TAKER;BOT_MAKER;VELVETFRUIT_EXTRACT;XIRECS;5274.0;14
36100;BOT_MAKER;BOT_TAKER;HYDROGEL_PACK;XIRECS;9987.0;4
36200;BOT_MAKER;BOT_TAKER;HYDROGEL_PACK;XIRECS;9989.0;5
36200;BOT_TAKER;BOT_MAKER;VEV_5300;XIRECS;51.0;4
36300;BOT_MAKER;BOT_TAKER;HYDROGEL_PACK;XIRECS;9992.0;2
36300;BOT_MAKER;BOT_TAKER;VELVETFRUIT_EXTRACT;XIRECS;5266.0;4
36300;BOT_MAKER;BOT_TAKER;VEV_5300;XIRECS;49.0;2
36400;BOT_TAKER;BOT_MAKER;HYDROGEL_PACK;XIRECS;10008.0;3
36400;SUBMISSION;BOT_TAKER;VELVETFRUIT_EXTRACT;XIRECS;5265.0;4
36500;BOT_MAKER;BOT_TAKER;HYDROGEL_PACK;XIRECS;9989.0;3
36500;BOT_TAKER;BOT_MAKER;VELVETFRUIT_EXTRACT;XIRECS;5270.0;4
36500;BOT_MAKER;BOT_TAKER;VEV_5400;XIRECS;13.0;2
36700;BOT_MAKER;BOT_TAKER;HYDROGEL_PACK;XIRECS;9998.0;3
36800;BOT_TAKER;BOT_MAKER;VELVETFRUIT_EXTRACT;XIRECS;5269.0;5
36900;BOT_TAKER;BOT_MAKER;HYDROGEL_PACK;XIRECS;10011.0;5
36900;BOT_TAKER;BOT_MAKER;VELVETFRUIT_EXTRACT;XIRECS;5269.0;5
36900;BOT_TAKER;BOT_MAKER;VEV_5500;XIRECS;7.0;5
37000;BOT_TAKER;BOT_MAKER;HYDROGEL_PACK;XIRECS;10012.0;2
37100;BOT_MAKER;BOT_TAKER;VELVETFRUIT_EXTRACT;XIRECS;5263.0;11
37100;BOT_TAKER;BOT_MAKER;VEV_5500;XIRECS;7.0;5
37200;BOT_MAKER;BOT_TAKER;HYDROGEL_PACK;XIRECS;9992.0;3
37400;BOT_TAKER;BOT_MAKER;HYDROGEL_PACK;XIRECS;10009.0;3
37400;BOT_TAKER;BOT_MAKER;VELVETFRUIT_EXTRACT;XIRECS;5269.0;5
37400;BOT_MAKER;BOT_TAKER;VEV_5400;XIRECS;14.0;5
37500;BOT_MAKER;BOT_TAKER;VELVETFRUIT_EXTRACT;XIRECS;5265.0;4
37500;BOT_TAKER;BOT_MAKER;VEV_5500;XIRECS;7.0;3
37600;BOT_TAKER;SUBMISSION;HYDROGEL_PACK;XIRECS;10009.0;2
37700;BOT_MAKER;BOT_TAKER;HYDROGEL_PACK;XIRECS;9992.0;4
37700;BOT_MAKER;BOT_TAKER;VELVETFRUIT_EXTRACT;XIRECS;5266.0;8
37900;BOT_TAKER;BOT_MAKER;VELVETFRUIT_EXTRACT;XIRECS;5269.0;7
38100;BOT_TAKER;BOT_MAKER;VELVETFRUIT_EXTRACT;XIRECS;5269.0;3
38200;BOT_MAKER;BOT_TAKER;HYDROGEL_PACK;XIRECS;9988.0;3
38200;BOT_MAKER;BOT_TAKER;VELVETFRUIT_EXTRACT;XIRECS;5266.0;6
38200;BOT_TAKER;BOT_MAKER;VEV_5400;XIRECS;16.0;4
38400;BOT_MAKER;BOT_TAKER;VELVETFRUIT_EXTRACT;XIRECS;5266.0;3
38400;BOT_TAKER;BOT_MAKER;VEV_5400;XIRECS;15.0;4
38400;BOT_TAKER;BOT_MAKER;VEV_6500;XIRECS;1.0;3
38500;BOT_MAKER;BOT_TAKER;HYDROGEL_PACK;XIRECS;9987.0;4
38600;BOT_MAKER;BOT_TAKER;VEV_6000;XIRECS;0.0;4
38700;BOT_TAKER;BOT_MAKER;HYDROGEL_PACK;XIRECS;10002.0;2
38700;BOT_TAKER;BOT_MAKER;VELVETFRUIT_EXTRACT;XIRECS;5271.0;8
38900;BOT_MAKER;BOT_TAKER;VELVETFRUIT_EXTRACT;XIRECS;5267.0;7
39000;BOT_TAKER;BOT_MAKER;VEV_5500;XIRECS;7.0;5
39000;BOT_MAKER;BOT_TAKER;VEV_6000;XIRECS;0.0;2
39100;BOT_TAKER;BOT_MAKER;VELVETFRUIT_EXTRACT;XIRECS;5270.0;7
39100;BOT_MAKER;BOT_TAKER;VEV_6500;XIRECS;0.0;4
39200;BOT_MAKER;BOT_TAKER;VEV_5500;XIRECS;6.0;4
39200;SUBMISSION;BOT_TAKER;VELVETFRUIT_EXTRACT;XIRECS;5266.0;5
39300;BOT_MAKER;BOT_TAKER;HYDROGEL_PACK;XIRECS;9984.0;2
39300;BOT_MAKER;BOT_TAKER;VELVETFRUIT_EXTRACT;XIRECS;5264.0;8
39400;BOT_TAKER;BOT_MAKER;HYDROGEL_PACK;XIRECS;10001.0;3
39400;BOT_TAKER;BOT_MAKER;VELVETFRUIT_EXTRACT;XIRECS;5269.0;8
39600;BOT_MAKER;BOT_TAKER;VELVETFRUIT_EXTRACT;XIRECS;5264.0;3
39600;SUBMISSION;BOT_TAKER;VEV_4000;XIRECS;1217.0;3
39800;BOT_TAKER;BOT_MAKER;HYDROGEL_PACK;XIRECS;9999.0;2
39800;BOT_TAKER;BOT_MAKER;VELVETFRUIT_EXTRACT;XIRECS;5270.0;6
39800;BOT_TAKER;BOT_MAKER;VEV_4000;XIRECS;1236.0;2
39900;BOT_TAKER;BOT_MAKER;VELVETFRUIT_EXTRACT;XIRECS;5270.0;7
40000;BOT_MAKER;BOT_TAKER;HYDROGEL_PACK;XIRECS;9981.0;2
40100;BOT_TAKER;BOT_MAKER;HYDROGEL_PACK;XIRECS;9999.0;3
40100;BOT_TAKER;BOT_MAKER;VEV_6000;XIRECS;1.0;2
40200;BOT_TAKER;BOT_MAKER;HYDROGEL_PACK;XIRECS;10000.0;6
40200;BOT_MAKER;BOT_TAKER;VELVETFRUIT_EXTRACT;XIRECS;5266.0;7
40200;BOT_MAKER;BOT_TAKER;VEV_4000;XIRECS;1215.0;3
40200;SUBMISSION;BOT_TAKER;HYDROGEL_PACK;XIRECS;9985.0;3
40300;BOT_TAKER;BOT_MAKER;HYDROGEL_PACK;XIRECS;10000.0;4
40300;BOT_TAKER;BOT_MAKER;VELVETFRUIT_EXTRACT;XIRECS;5270.0;4
40300;BOT_MAKER;BOT_TAKER;VEV_6000;XIRECS;0.0;3
40400;BOT_TAKER;BOT_MAKER;HYDROGEL_PACK;XIRECS;9999.0;2
40400;BOT_MAKER;BOT_TAKER;HYDROGEL_PACK;XIRECS;9983.0;3
40400;BOT_MAKER;BOT_TAKER;VEV_4000;XIRECS;1214.0;3
40500;BOT_MAKER;BOT_TAKER;VELVETFRUIT_EXTRACT;XIRECS;5264.0;4
40600;BOT_MAKER;BOT_TAKER;VELVETFRUIT_EXTRACT;XIRECS;5264.0;6
40600;BOT_MAKER;BOT_TAKER;VEV_5300;XIRECS;51.0;4
40700;BOT_TAKER;BOT_MAKER;HYDROGEL_PACK;XIRECS;9993.0;2
40700;BOT_TAKER;BOT_MAKER;VELVETFRUIT_EXTRACT;XIRECS;5270.0;6
40700;BOT_TAKER;BOT_MAKER;VELVETFRUIT_EXTRACT;XIRECS;5270.0;4
40700;SUBMISSION;BOT_TAKER;HYDROGEL_PACK;XIRECS;9978.0;4
40700;SUBMISSION;BOT_TAKER;VELVETFRUIT_EXTRACT;XIRECS;5266.0;5
40700;BOT_MAKER;BOT_TAKER;VELVETFRUIT_EXTRACT;XIRECS;5265.0;4
40800;BOT_MAKER;BOT_TAKER;VELVETFRUIT_EXTRACT;XIRECS;5263.0;8
40800;BOT_MAKER;BOT_TAKER;VEV_4000;XIRECS;1213.0;2
40800;SUBMISSION;BOT_TAKER;VELVETFRUIT_EXTRACT;XIRECS;5264.0;5
40800;BOT_MAKER;BOT_TAKER;VELVETFRUIT_EXTRACT;XIRECS;5263.0;1
40900;BOT_MAKER;BOT_TAKER;VEV_5500;XIRECS;6.0;5
41000;BOT_MAKER;BOT_TAKER;VELVETFRUIT_EXTRACT;XIRECS;5263.0;5
41000;BOT_MAKER;BOT_TAKER;VEV_6500;XIRECS;0.0;2
41000;BOT_TAKER;SUBMISSION;VELVETFRUIT_EXTRACT;XIRECS;5267.0;4
41100;BOT_TAKER;BOT_MAKER;VELVETFRUIT_EXTRACT;XIRECS;5268.0;8
41100;SUBMISSION;BOT_TAKER;VELVETFRUIT_EXTRACT;XIRECS;5265.0;5
41100;BOT_MAKER;BOT_TAKER;VELVETFRUIT_EXTRACT;XIRECS;5264.0;2
41200;BOT_MAKER;BOT_TAKER;HYDROGEL_PACK;XIRECS;9975.0;3
41300;BOT_TAKER;BOT_MAKER;VELVETFRUIT_EXTRACT;XIRECS;5269.0;8
41300;SUBMISSION;BOT_TAKER;HYDROGEL_PACK;XIRECS;9976.0;4
41300;BOT_TAKER;SUBMISSION;VEV_4000;XIRECS;1231.0;3
41400;BOT_TAKER;SUBMISSION;HYDROGEL_PACK;XIRECS;9989.0;4
41500;BOT_TAKER;BOT_MAKER;HYDROGEL_PACK;XIRECS;9992.0;5
41500;BOT_TAKER;BOT_MAKER;VELVETFRUIT_EXTRACT;XIRECS;5270.0;8
41500;BOT_TAKER;BOT_MAKER;VEV_5300;XIRECS;51.0;4
41500;BOT_TAKER;BOT_MAKER;VEV_6500;XIRECS;1.0;4
41600;BOT_MAKER;BOT_TAKER;VEV_5400;XIRECS;13.0;2
41600;BOT_MAKER;BOT_TAKER;VEV_5500;XIRECS;6.0;2
41700;BOT_MAKER;BOT_TAKER;VELVETFRUIT_EXTRACT;XIRECS;5266.0;7
41800;BOT_MAKER;BOT_TAKER;VEV_5500;XIRECS;6.0;4
41800;BOT_TAKER;SUBMISSION;VELVETFRUIT_EXTRACT;XIRECS;5271.0;5
41800;BOT_TAKER;BOT_MAKER;VELVETFRUIT_EXTRACT;XIRECS;5272.0;1
41900;BOT_TAKER;BOT_MAKER;HYDROGEL_PACK;XIRECS;9991.0;6
41900;BOT_MAKER;BOT_TAKER;VELVETFRUIT_EXTRACT;XIRECS;5267.0;11
42000;BOT_TAKER;BOT_MAKER;HYDROGEL_PACK;XIRECS;9990.0;2
42000;BOT_TAKER;BOT_MAKER;VELVETFRUIT_EXTRACT;XIRECS;5273.0;5
42000;BOT_TAKER;BOT_MAKER;VEV_5200;XIRECS;99.0;5
42100;BOT_TAKER;BOT_MAKER;VELVETFRUIT_EXTRACT;XIRECS;5272.0;10
42100;BOT_MAKER;BOT_TAKER;VEV_6000;XIRECS;0.0;5
42200;BOT_TAKER;BOT_MAKER;VELVETFRUIT_EXTRACT;XIRECS;5274.0;6
42200;BOT_TAKER;BOT_MAKER;VELVETFRUIT_EXTRACT;XIRECS;5274.0;8
42200;BOT_MAKER;BOT_TAKER;VEV_4000;XIRECS;1213.0;2
42300;BOT_TAKER;BOT_MAKER;HYDROGEL_PACK;XIRECS;9995.0;2
42500;SUBMISSION;BOT_TAKER;VELVETFRUIT_EXTRACT;XIRECS;5267.0;5
42500;BOT_MAKER;BOT_TAKER;VELVETFRUIT_EXTRACT;XIRECS;5266.0;3
42700;BOT_TAKER;BOT_MAKER;VELVETFRUIT_EXTRACT;XIRECS;5272.0;7
42700;BOT_MAKER;BOT_TAKER;VEV_6000;XIRECS;0.0;3
42800;BOT_TAKER;BOT_MAKER;VEV_5500;XIRECS;7.0;2
42900;BOT_MAKER;BOT_TAKER;VELVETFRUIT_EXTRACT;XIRECS;5266.0;4
43000;BOT_TAKER;BOT_MAKER;VEV_4000;XIRECS;1236.0;3
43200;BOT_TAKER;BOT_MAKER;VELVETFRUIT_EXTRACT;XIRECS;5270.0;4
43200;BOT_MAKER;BOT_TAKER;VEV_5200;XIRECS;97.0;4
43300;BOT_MAKER;BOT_TAKER;VELVETFRUIT_EXTRACT;XIRECS;5264.0;4
43300;BOT_TAKER;BOT_MAKER;VEV_5300;XIRECS;51.0;2
43500;BOT_TAKER;BOT_MAKER;HYDROGEL_PACK;XIRECS;10000.0;3
43500;BOT_MAKER;BOT_TAKER;VEV_6500;XIRECS;0.0;5
43600;BOT_TAKER;BOT_MAKER;HYDROGEL_PACK;XIRECS;10001.0;2
43700;BOT_TAKER;BOT_MAKER;HYDROGEL_PACK;XIRECS;9999.0;3
43700;BOT_MAKER;BOT_TAKER;HYDROGEL_PACK;XIRECS;9983.0;2
43900;BOT_TAKER;BOT_MAKER;HYDROGEL_PACK;XIRECS;9998.0;4
43900;BOT_TAKER;SUBMISSION;HYDROGEL_PACK;XIRECS;9997.0;5
43900;BOT_TAKER;BOT_MAKER;HYDROGEL_PACK;XIRECS;9998.0;1
44000;BOT_TAKER;BOT_MAKER;HYDROGEL_PACK;XIRECS;9998.0;5
44200;BOT_TAKER;SUBMISSION;VELVETFRUIT_EXTRACT;XIRECS;5267.0;5
44200;BOT_TAKER;BOT_MAKER;VELVETFRUIT_EXTRACT;XIRECS;5268.0;1
44400;BOT_TAKER;BOT_MAKER;HYDROGEL_PACK;XIRECS;9999.0;2
44400;BOT_MAKER;BOT_TAKER;VEV_5500;XIRECS;6.0;2
44500;BOT_TAKER;BOT_MAKER;VEV_4000;XIRECS;1243.0;3
44500;SUBMISSION;BOT_TAKER;VELVETFRUIT_EXTRACT;XIRECS;5265.0;5
44500;BOT_MAKER;BOT_TAKER;VELVETFRUIT_EXTRACT;XIRECS;5264.0;1
44500;BOT_TAKER;SUBMISSION;VEV_5300;XIRECS;53.0;4
44600;BOT_MAKER;BOT_TAKER;VEV_4000;XIRECS;1222.0;1
44700;BOT_TAKER;BOT_MAKER;HYDROGEL_PACK;XIRECS;9998.0;6
44700;SUBMISSION;BOT_TAKER;VEV_4000;XIRECS;1224.0;2
44800;BOT_TAKER;BOT_MAKER;VELVETFRUIT_EXTRACT;XIRECS;5267.0;4
44800;BOT_TAKER;BOT_MAKER;VEV_5500;XIRECS;7.0;3
44900;BOT_TAKER;BOT_MAKER;VELVETFRUIT_EXTRACT;XIRECS;5265.0;13
45000;BOT_TAKER;BOT_MAKER;VELVETFRUIT_EXTRACT;XIRECS;5265.0;8
45000;BOT_TAKER;BOT_MAKER;VEV_5500;XIRECS;7.0;3
45100;BOT_TAKER;SUBMISSION;VEV_4000;XIRECS;1242.0;1
45200;BOT_TAKER;BOT_MAKER;VELVETFRUIT_EXTRACT;XIRECS;5267.0;7
45200;BOT_TAKER;BOT_MAKER;VEV_5500;XIRECS;7.0;3
45400;BOT_TAKER;BOT_MAKER;VELVETFRUIT_EXTRACT;XIRECS;5266.0;4
45500;BOT_TAKER;BOT_MAKER;VELVETFRUIT_EXTRACT;XIRECS;5265.0;5
45500;SUBMISSION;BOT_TAKER;VEV_4000;XIRECS;1225.0;3
45600;BOT_MAKER;BOT_TAKER;VEV_5500;XIRECS;6.0;5
45800;BOT_MAKER;BOT_TAKER;VEV_4000;XIRECS;1225.0;3
46000;BOT_TAKER;BOT_MAKER;HYDROGEL_PACK;XIRECS;9997.0;3
46000;BOT_TAKER;BOT_MAKER;VELVETFRUIT_EXTRACT;XIRECS;5263.0;8
46000;BOT_TAKER;BOT_MAKER;VELVETFRUIT_EXTRACT;XIRECS;5263.0;3
46000;BOT_TAKER;BOT_MAKER;VEV_6000;XIRECS;1.0;4
46200;BOT_TAKER;BOT_MAKER;HYDROGEL_PACK;XIRECS;9998.0;4
46200;BOT_TAKER;BOT_MAKER;VELVETFRUIT_EXTRACT;XIRECS;5262.0;6
46200;BOT_TAKER;BOT_MAKER;VEV_4000;XIRECS;1245.0;2
46200;BOT_MAKER;BOT_TAKER;VEV_6500;XIRECS;0.0;2
46300;BOT_TAKER;BOT_MAKER;VELVETFRUIT_EXTRACT;XIRECS;5263.0;6
46300;BOT_MAKER;BOT_TAKER;VEV_5500;XIRECS;5.0;4
46300;BOT_MAKER;BOT_TAKER;VEV_6000;XIRECS;0.0;2
46400;BOT_MAKER;BOT_TAKER;VEV_6500;XIRECS;0.0;4
46500;BOT_TAKER;BOT_MAKER;VELVETFRUIT_EXTRACT;XIRECS;5263.0;8
46600;BOT_TAKER;BOT_MAKER;VEV_6000;XIRECS;1.0;3
46700;BOT_MAKER;BOT_TAKER;VELVETFRUIT_EXTRACT;XIRECS;5262.0;7
46800;BOT_TAKER;BOT_MAKER;VELVETFRUIT_EXTRACT;XIRECS;5269.0;6
46800;BOT_TAKER;SUBMISSION;VEV_4000;XIRECS;1242.0;2
46900;BOT_MAKER;BOT_TAKER;VELVETFRUIT_EXTRACT;XIRECS;5263.0;4
47000;BOT_MAKER;BOT_TAKER;VELVETFRUIT_EXTRACT;XIRECS;5263.0;5
47000;BOT_MAKER;BOT_TAKER;VEV_4000;XIRECS;1222.0;2
47200;BOT_MAKER;BOT_TAKER;VEV_5300;XIRECS;54.0;4
47200;BOT_MAKER;BOT_TAKER;VEV_5500;XIRECS;6.0;3
47300;BOT_MAKER;BOT_TAKER;VELVETFRUIT_EXTRACT;XIRECS;5265.0;5
47400;BOT_MAKER;BOT_TAKER;VELVETFRUIT_EXTRACT;XIRECS;5267.0;7
47500;BOT_TAKER;BOT_MAKER;VEV_5300;XIRECS;56.0;4
47500;BOT_TAKER;SUBMISSION;VEV_5300;XIRECS;55.0;4
47600;BOT_MAKER;BOT_TAKER;VELVETFRUIT_EXTRACT;XIRECS;5267.0;5
47600;BOT_TAKER;BOT_MAKER;VEV_6000;XIRECS;1.0;5
47700;BOT_MAKER;BOT_TAKER;HYDROGEL_PACK;XIRECS;9977.0;2
47800;BOT_MAKER;BOT_TAKER;HYDROGEL_PACK;XIRECS;9974.0;6
47900;BOT_TAKER;BOT_MAKER;HYDROGEL_PACK;XIRECS;9990.0;2
47900;BOT_TAKER;BOT_MAKER;VELVETFRUIT_EXTRACT;XIRECS;5273.0;7
48000;BOT_MAKER;BOT_TAKER;VELVETFRUIT_EXTRACT;XIRECS;5268.0;7
48100;BOT_MAKER;BOT_TAKER;VEV_4000;XIRECS;1217.0;1
48100;BOT_TAKER;BOT_MAKER;VEV_6000;XIRECS;1.0;5
48200;BOT_TAKER;BOT_MAKER;VEV_5400;XIRECS;17.0;3
48200;BOT_TAKER;SUBMISSION;HYDROGEL_PACK;XIRECS;9992.0;3
48300;BOT_MAKER;BOT_TAKER;HYDROGEL_PACK;XIRECS;9978.0;5
48300;BOT_MAKER;BOT_TAKER;VEV_4000;XIRECS;1217.0;1
48300;BOT_MAKER;BOT_TAKER;VEV_5300;XIRECS;55.0;4
48300;BOT_TAKER;BOT_MAKER;VEV_5500;XIRECS;7.0;2
48400;BOT_TAKER;BOT_MAKER;VELVETFRUIT_EXTRACT;XIRECS;5272.0;7
48400;BOT_TAKER;BOT_MAKER;VEV_5400;XIRECS;17.0;5
48400;SUBMISSION;BOT_TAKER;VELVETFRUIT_EXTRACT;XIRECS;5268.0;5
48400;BOT_MAKER;BOT_TAKER;VELVETFRUIT_EXTRACT;XIRECS;5267.0;1
48500;BOT_TAKER;BOT_MAKER;HYDROGEL_PACK;XIRECS;9997.0;4
48500;BOT_TAKER;BOT_MAKER;VEV_5500;XIRECS;6.0;5
48500;SUBMISSION;BOT_TAKER;VELVETFRUIT_EXTRACT;XIRECS;5267.0;3
48600;SUBMISSION;BOT_TAKER;HYDROGEL_PACK;XIRECS;9984.0;5
48700;BOT_MAKER;BOT_TAKER;VEV_5400;XIRECS;17.0;2
48900;BOT_TAKER;BOT_MAKER;VELVETFRUIT_EXTRACT;XIRECS;5269.0;4
49000;BOT_TAKER;BOT_MAKER;VELVETFRUIT_EXTRACT;XIRECS;5268.0;6
49000;BOT_TAKER;BOT_MAKER;VEV_5500;XIRECS;7.0;3
49100;BOT_MAKER;BOT_TAKER;HYDROGEL_PACK;XIRECS;9983.0;5
49100;BOT_MAKER;BOT_TAKER;VELVETFRUIT_EXTRACT;XIRECS;5264.0;8
49100;BOT_TAKER;BOT_MAKER;VEV_6500;XIRECS;1.0;2
49200;BOT_TAKER;BOT_MAKER;HYDROGEL_PACK;XIRECS;9999.0;3
49200;BOT_MAKER;BOT_TAKER;VELVETFRUIT_EXTRACT;XIRECS;5265.0;8
49200;BOT_TAKER;BOT_MAKER;VEV_5500;XIRECS;7.0;4
49300;BOT_TAKER;BOT_MAKER;VELVETFRUIT_EXTRACT;XIRECS;5269.0;3
49300;BOT_MAKER;BOT_TAKER;VEV_5300;XIRECS;54.0;5
49300;BOT_TAKER;BOT_MAKER;VEV_5500;XIRECS;7.0;2
49500;SUBMISSION;BOT_TAKER;HYDROGEL_PACK;XIRECS;9985.0;3
49500;BOT_TAKER;SUBMISSION;VELVETFRUIT_EXTRACT;XIRECS;5270.0;5
49700;BOT_MAKER;BOT_TAKER;VELVETFRUIT_EXTRACT;XIRECS;5264.0;8
49700;SUBMISSION;BOT_TAKER;HYDROGEL_PACK;XIRECS;9981.0;2
49800;BOT_MAKER;BOT_TAKER;VELVETFRUIT_EXTRACT;XIRECS;5265.0;9
49900;BOT_MAKER;BOT_TAKER;HYDROGEL_PACK;XIRECS;9981.0;6
49900;BOT_MAKER;BOT_TAKER;VEV_5500;XIRECS;5.0;2
49900;SUBMISSION;BOT_TAKER;VELVETFRUIT_EXTRACT;XIRECS;5267.0;5
49900;BOT_MAKER;BOT_TAKER;VELVETFRUIT_EXTRACT;XIRECS;5266.0;3
50000;BOT_TAKER;BOT_MAKER;HYDROGEL_PACK;XIRECS;9998.0;3
50000;BOT_TAKER;BOT_MAKER;VELVETFRUIT_EXTRACT;XIRECS;5273.0;8
50200;BOT_TAKER;BOT_MAKER;HYDROGEL_PACK;XIRECS;9998.0;5
50300;BOT_TAKER;BOT_MAKER;HYDROGEL_PACK;XIRECS;9996.0;6
50500;BOT_TAKER;BOT_MAKER;VELVETFRUIT_EXTRACT;XIRECS;5275.0;3
50500;BOT_TAKER;BOT_MAKER;VEV_4000;XIRECS;1235.0;3
50500;BOT_TAKER;BOT_MAKER;VEV_5500;XIRECS;6.0;4
50500;BOT_TAKER;BOT_MAKER;VEV_6500;XIRECS;1.0;2
50700;BOT_MAKER;BOT_TAKER;HYDROGEL_PACK;XIRECS;9978.0;3
50800;BOT_MAKER;BOT_TAKER;VELVETFRUIT_EXTRACT;XIRECS;5269.0;5
50800;SUBMISSION;BOT_TAKER;HYDROGEL_PACK;XIRECS;9978.0;2
50800;BOT_TAKER;SUBMISSION;VEV_5200;XIRECS;103.0;4
50900;BOT_MAKER;BOT_TAKER;VEV_4000;XIRECS;1215.0;2
50900;BOT_MAKER;BOT_TAKER;VEV_6500;XIRECS;0.0;2
51000;BOT_MAKER;BOT_TAKER;VELVETFRUIT_EXTRACT;XIRECS;5273.0;4
51000;BOT_MAKER;BOT_TAKER;VEV_6000;XIRECS;0.0;5
51100;BOT_MAKER;BOT_TAKER;HYDROGEL_PACK;XIRECS;9978.0;5
51200;BOT_MAKER;BOT_TAKER;HYDROGEL_PACK;XIRECS;9979.0;3
51200;BOT_TAKER;BOT_MAKER;VELVETFRUIT_EXTRACT;XIRECS;5278.0;3
51200;BOT_TAKER;BOT_MAKER;VEV_5400;XIRECS;17.0;4
51300;BOT_TAKER;BOT_MAKER;VELVETFRUIT_EXTRACT;XIRECS;5277.0;7
51400;BOT_MAKER;BOT_TAKER;HYDROGEL_PACK;XIRECS;9977.0;3
51400;BOT_MAKER;BOT_TAKER;VEV_5500;XIRECS;5.0;2
51600;BOT_TAKER;BOT_MAKER;HYDROGEL_PACK;XIRECS;9993.0;2
51800;BOT_TAKER;BOT_MAKER;HYDROGEL_PACK;XIRECS;9994.0;3
51800;BOT_TAKER;BOT_MAKER;VEV_4000;XIRECS;1237.0;2
51900;BOT_TAKER;BOT_MAKER;HYDROGEL_PACK;XIRECS;9993.0;3
51900;BOT_MAKER;BOT_TAKER;VELVETFRUIT_EXTRACT;XIRECS;5267.0;4
51900;BOT_TAKER;SUBMISSION;HYDROGEL_PACK;XIRECS;9992.0;4
52000;BOT_TAKER;BOT_MAKER;HYDROGEL_PACK;XIRECS;9995.0;5
52100;BOT_MAKER;BOT_TAKER;HYDROGEL_PACK;XIRECS;9985.0;4
52200;BOT_TAKER;BOT_MAKER;VELVETFRUIT_EXTRACT;XIRECS;5273.0;13
52200;BOT_TAKER;BOT_MAKER;VEV_6500;XIRECS;1.0;2
52300;SUBMISSION;BOT_TAKER;HYDROGEL_PACK;XIRECS;9989.0;5
52400;BOT_MAKER;BOT_TAKER;HYDROGEL_PACK;XIRECS;9988.0;2
52500;BOT_MAKER;BOT_TAKER;VELVETFRUIT_EXTRACT;XIRECS;5269.0;3
52600;BOT_TAKER;BOT_MAKER;VELVETFRUIT_EXTRACT;XIRECS;5273.0;7
52600;BOT_TAKER;SUBMISSION;HYDROGEL_PACK;XIRECS;10000.0;5
52700;BOT_TAKER;SUBMISSION;VELVETFRUIT_EXTRACT;XIRECS;5271.0;5
52700;BOT_TAKER;BOT_MAKER;VELVETFRUIT_EXTRACT;XIRECS;5272.0;3
52800;BOT_TAKER;BOT_MAKER;VELVETFRUIT_EXTRACT;XIRECS;5271.0;7
52900;BOT_TAKER;BOT_MAKER;VELVETFRUIT_EXTRACT;XIRECS;5272.0;6
53100;BOT_MAKER;BOT_TAKER;HYDROGEL_PACK;XIRECS;9991.0;2
53200;BOT_MAKER;BOT_TAKER;VEV_6500;XIRECS;0.0;4
53300;BOT_TAKER;BOT_MAKER;VELVETFRUIT_EXTRACT;XIRECS;5273.0;7
53400;BOT_TAKER;BOT_MAKER;HYDROGEL_PACK;XIRECS;10003.0;3
53500;BOT_MAKER;BOT_TAKER;VEV_4000;XIRECS;1213.0;2
53600;BOT_TAKER;SUBMISSION;VEV_5100;XIRECS;184.0;1
53700;BOT_MAKER;BOT_TAKER;VEV_6000;XIRECS;0.0;2
53700;SUBMISSION;BOT_TAKER;HYDROGEL_PACK;XIRECS;9986.0;5
53800;BOT_TAKER;BOT_MAKER;HYDROGEL_PACK;XIRECS;9999.0;4
53800;BOT_TAKER;BOT_MAKER;VEV_6500;XIRECS;1.0;4
53900;BOT_TAKER;BOT_MAKER;HYDROGEL_PACK;XIRECS;9999.0;4
53900;BOT_MAKER;BOT_TAKER;VELVETFRUIT_EXTRACT;XIRECS;5268.0;6
54000;BOT_MAKER;BOT_TAKER;HYDROGEL_PACK;XIRECS;9984.0;3
54100;BOT_TAKER;BOT_MAKER;VEV_5400;XIRECS;16.0;5
54100;BOT_TAKER;SUBMISSION;HYDROGEL_PACK;XIRECS;10002.0;5
54100;BOT_TAKER;BOT_MAKER;HYDROGEL_PACK;XIRECS;10003.0;1
54200;BOT_MAKER;BOT_TAKER;VELVETFRUIT_EXTRACT;XIRECS;5266.0;8
54200;BOT_MAKER;BOT_TAKER;VEV_5500;XIRECS;5.0;2
54300;BOT_TAKER;BOT_MAKER;VELVETFRUIT_EXTRACT;XIRECS;5271.0;7
54400;BOT_TAKER;BOT_MAKER;HYDROGEL_PACK;XIRECS;10006.0;4
54500;BOT_TAKER;BOT_MAKER;VELVETFRUIT_EXTRACT;XIRECS;5271.0;13
54500;BOT_MAKER;BOT_TAKER;VEV_4000;XIRECS;1212.0;2
54600;BOT_TAKER;BOT_MAKER;VEV_5500;XIRECS;6.0;2
54700;BOT_TAKER;BOT_MAKER;VEV_6500;XIRECS;1.0;5
54700;BOT_TAKER;SUBMISSION;VELVETFRUIT_EXTRACT;XIRECS;5270.0;5
54800;BOT_TAKER;BOT_MAKER;VELVETFRUIT_EXTRACT;XIRECS;5270.0;7
54900;BOT_MAKER;BOT_TAKER;VEV_5400;XIRECS;14.0;5
55000;BOT_TAKER;BOT_MAKER;HYDROGEL_PACK;XIRECS;10007.0;6
55100;SUBMISSION;BOT_TAKER;HYDROGEL_PACK;XIRECS;9991.0;2
55300;BOT_TAKER;BOT_MAKER;VELVETFRUIT_EXTRACT;XIRECS;5271.0;12
55300;BOT_TAKER;BOT_MAKER;VEV_6000;XIRECS;1.0;4
55400;BOT_TAKER;BOT_MAKER;VEV_5500;XIRECS;6.0;4
55500;BOT_TAKER;BOT_MAKER;HYDROGEL_PACK;XIRECS;10002.0;6
55500;BOT_TAKER;BOT_MAKER;VEV_4000;XIRECS;1233.0;1
55600;BOT_TAKER;BOT_MAKER;VELVETFRUIT_EXTRACT;XIRECS;5270.0;4
55600;SUBMISSION;BOT_TAKER;VELVETFRUIT_EXTRACT;XIRECS;5265.0;5
55600;BOT_MAKER;BOT_TAKER;VELVETFRUIT_EXTRACT;XIRECS;5264.0;1
55700;BOT_MAKER;BOT_TAKER;HYDROGEL_PACK;XIRECS;9985.0;3
55700;BOT_TAKER;BOT_MAKER;VELVETFRUIT_EXTRACT;XIRECS;5268.0;8
55800;BOT_TAKER;BOT_MAKER;VEV_6500;XIRECS;1.0;3
55900;BOT_TAKER;BOT_MAKER;VEV_4000;XIRECS;1232.0;2
56000;BOT_MAKER;BOT_TAKER;VELVETFRUIT_EXTRACT;XIRECS;5263.0;8
56100;BOT_TAKER;BOT_MAKER;VELVETFRUIT_EXTRACT;XIRECS;5266.0;6
56300;BOT_MAKER;BOT_TAKER;VEV_6500;XIRECS;0.0;2
56300;BOT_TAKER;SUBMISSION;VELVETFRUIT_EXTRACT;XIRECS;5266.0;5
56300;BOT_TAKER;BOT_MAKER;VELVETFRUIT_EXTRACT;XIRECS;5267.0;1
56400;BOT_MAKER;BOT_TAKER;HYDROGEL_PACK;XIRECS;9975.0;5
56400;BOT_TAKER;BOT_MAKER;VELVETFRUIT_EXTRACT;XIRECS;5268.0;8
56500;BOT_MAKER;BOT_TAKER;VELVETFRUIT_EXTRACT;XIRECS;5263.0;5
56600;BOT_TAKER;BOT_MAKER;VEV_5400;XIRECS;16.0;4
56800;BOT_TAKER;BOT_MAKER;VEV_5300;XIRECS;60.0;2
56800;BOT_TAKER;SUBMISSION;HYDROGEL_PACK;XIRECS;9992.0;3
56800;BOT_TAKER;SUBMISSION;VELVETFRUIT_EXTRACT;XIRECS;5269.0;5
56800;BOT_TAKER;BOT_MAKER;VELVETFRUIT_EXTRACT;XIRECS;5270.0;2
56900;BOT_MAKER;BOT_TAKER;VELVETFRUIT_EXTRACT;XIRECS;5266.0;5
57000;BOT_MAKER;BOT_TAKER;HYDROGEL_PACK;XIRECS;9975.0;5
57000;BOT_MAKER;BOT_TAKER;VELVETFRUIT_EXTRACT;XIRECS;5266.0;4
57100;BOT_TAKER;BOT_MAKER;VEV_6000;XIRECS;1.0;3
57200;BOT_TAKER;BOT_MAKER;VEV_6000;XIRECS;1.0;5
57300;BOT_TAKER;BOT_MAKER;HYDROGEL_PACK;XIRECS;9994.0;6
57300;BOT_MAKER;BOT_TAKER;VELVETFRUIT_EXTRACT;XIRECS;5266.0;7
57300;BOT_MAKER;BOT_TAKER;VEV_6500;XIRECS;0.0;2
57600;BOT_TAKER;BOT_MAKER;HYDROGEL_PACK;XIRECS;9993.0;2
57600;BOT_MAKER;BOT_TAKER;VELVETFRUIT_EXTRACT;XIRECS;5267.0;6
57700;BOT_MAKER;BOT_TAKER;VEV_5400;XIRECS;14.0;4
57700;BOT_TAKER;BOT_MAKER;VEV_5500;XIRECS;6.0;4
57700;SUBMISSION;BOT_TAKER;HYDROGEL_PACK;XIRECS;9974.0;3
57800;BOT_MAKER;BOT_TAKER;HYDROGEL_PACK;XIRECS;9973.0;4
57800;SUBMISSION;BOT_TAKER;VELVETFRUIT_EXTRACT;XIRECS;5267.0;5
57800;BOT_MAKER;BOT_TAKER;VELVETFRUIT_EXTRACT;XIRECS;5266.0;3
57900;BOT_MAKER;BOT_TAKER;HYDROGEL_PACK;XIRECS;9973.0;4
57900;BOT_TAKER;SUBMISSION;VELVETFRUIT_EXTRACT;XIRECS;5271.0;5
57900;BOT_TAKER;BOT_MAKER;VELVETFRUIT_EXTRACT;XIRECS;5272.0;2
58000;BOT_MAKER;BOT_TAKER;VELVETFRUIT_EXTRACT;XIRECS;5268.0;7
58100;BOT_TAKER;BOT_MAKER;VELVETFRUIT_EXTRACT;XIRECS;5273.0;8
58200;BOT_MAKER;BOT_TAKER;HYDROGEL_PACK;XIRECS;9972.0;4
58200;BOT_TAKER;BOT_MAKER;VEV_4000;XIRECS;1237.0;3
58300;BOT_MAKER;BOT_TAKER;VELVETFRUIT_EXTRACT;XIRECS;5270.0;5
58500;BOT_MAKER;BOT_TAKER;VEV_6000;XIRECS;0.0;5
58500;SUBMISSION;BOT_TAKER;VELVETFRUIT_EXTRACT;XIRECS;5272.0;5
58600;BOT_MAKER;BOT_TAKER;VEV_5500;XIRECS;5.0;2
58700;BOT_TAKER;BOT_MAKER;HYDROGEL_PACK;XIRECS;9991.0;6
58900;BOT_TAKER;SUBMISSION;VEV_4000;XIRECS;1238.0;3
59000;BOT_MAKER;BOT_TAKER;HYDROGEL_PACK;XIRECS;9970.0;3
59000;BOT_MAKER;BOT_TAKER;VEV_4000;XIRECS;1219.0;1
59100;BOT_TAKER;SUBMISSION;VELVETFRUIT_EXTRACT;XIRECS;5275.0;5
59300;BOT_TAKER;BOT_MAKER;HYDROGEL_PACK;XIRECS;9981.0;2
59300;BOT_MAKER;BOT_TAKER;VELVETFRUIT_EXTRACT;XIRECS;5267.0;8
59300;BOT_MAKER;BOT_TAKER;VEV_5400;XIRECS;14.0;2
59300;BOT_TAKER;BOT_MAKER;VEV_5400;XIRECS;15.0;5
59400;BOT_TAKER;BOT_MAKER;VELVETFRUIT_EXTRACT;XIRECS;5273.0;3
59400;BOT_TAKER;BOT_MAKER;VEV_5300;XIRECS;64.0;4
59500;BOT_TAKER;BOT_MAKER;VEV_4000;XIRECS;1241.0;1
59500;BOT_TAKER;BOT_MAKER;VEV_5400;XIRECS;17.0;5
59500;BOT_TAKER;BOT_MAKER;VEV_6000;XIRECS;1.0;4
59600;BOT_MAKER;BOT_TAKER;VELVETFRUIT_EXTRACT;XIRECS;5266.0;7
59700;BOT_MAKER;BOT_TAKER;HYDROGEL_PACK;XIRECS;9961.0;6
59700;BOT_TAKER;BOT_MAKER;VELVETFRUIT_EXTRACT;XIRECS;5271.0;5
59700;SUBMISSION;BOT_TAKER;HYDROGEL_PACK;XIRECS;9962.0;3
59800;BOT_TAKER;BOT_MAKER;VEV_6500;XIRECS;1.0;4
59900;BOT_MAKER;BOT_TAKER;HYDROGEL_PACK;XIRECS;9958.0;6
59900;BOT_TAKER;BOT_MAKER;VELVETFRUIT_EXTRACT;XIRECS;5269.0;6
59900;BOT_MAKER;BOT_TAKER;VEV_4000;XIRECS;1221.0;2
60000;BOT_TAKER;BOT_MAKER;HYDROGEL_PACK;XIRECS;9975.0;6
60100;BOT_MAKER;BOT_TAKER;HYDROGEL_PACK;XIRECS;9957.0;6
60100;BOT_TAKER;BOT_MAKER;VELVETFRUIT_EXTRACT;XIRECS;5270.0;8
60200;BOT_TAKER;BOT_MAKER;VELVETFRUIT_EXTRACT;XIRECS;5271.0;6
60300;BOT_MAKER;BOT_TAKER;VEV_6500;XIRECS;0.0;4
60400;BOT_TAKER;BOT_MAKER;HYDROGEL_PACK;XIRECS;9971.0;6
60500;BOT_TAKER;BOT_MAKER;HYDROGEL_PACK;XIRECS;9971.0;4
60500;BOT_TAKER;BOT_MAKER;VEV_4000;XIRECS;1241.0;3
60600;BOT_TAKER;BOT_MAKER;VELVETFRUIT_EXTRACT;XIRECS;5268.0;5
60700;BOT_TAKER;BOT_MAKER;VEV_5500;XIRECS;6.0;4
60700;BOT_MAKER;BOT_TAKER;VEV_6000;XIRECS;0.0;3
60900;BOT_MAKER;BOT_TAKER;VELVETFRUIT_EXTRACT;XIRECS;5261.0;8
61100;BOT_TAKER;BOT_MAKER;HYDROGEL_PACK;XIRECS;9972.0;3
61100;BOT_MAKER;BOT_TAKER;VELVETFRUIT_EXTRACT;XIRECS;5261.0;12
61100;BOT_TAKER;SUBMISSION;HYDROGEL_PACK;XIRECS;9971.0;5
61200;BOT_MAKER;BOT_TAKER;HYDROGEL_PACK;XIRECS;9956.0;2
61200;BOT_TAKER;BOT_MAKER;VEV_4000;XIRECS;1238.0;3
61300;BOT_TAKER;BOT_MAKER;HYDROGEL_PACK;XIRECS;9971.0;6
61300;BOT_TAKER;BOT_MAKER;VELVETFRUIT_EXTRACT;XIRECS;5268.0;8
61300;BOT_MAKER;BOT_TAKER;VEV_6500;XIRECS;0.0;2
61400;BOT_MAKER;BOT_TAKER;HYDROGEL_PACK;XIRECS;9957.0;4
61400;BOT_MAKER;BOT_TAKER;VELVETFRUIT_EXTRACT;XIRECS;5261.0;4
61500;BOT_TAKER;BOT_MAKER;HYDROGEL_PACK;XIRECS;9972.0;5
61500;BOT_TAKER;BOT_MAKER;VELVETFRUIT_EXTRACT;XIRECS;5267.0;5
61500;BOT_TAKER;SUBMISSION;VELVETFRUIT_EXTRACT;XIRECS;5266.0;4
61600;BOT_MAKER;BOT_TAKER;HYDROGEL_PACK;XIRECS;9957.0;4
61700;BOT_MAKER;BOT_TAKER;VEV_6000;XIRECS;0.0;5
61800;BOT_MAKER;BOT_TAKER;VELVETFRUIT_EXTRACT;XIRECS;5262.0;5
61900;BOT_TAKER;BOT_MAKER;VELVETFRUIT_EXTRACT;XIRECS;5267.0;8
61900;BOT_TAKER;BOT_MAKER;VEV_5300;XIRECS;63.0;1
61900;BOT_TAKER;BOT_MAKER;VEV_6000;XIRECS;1.0;3
62200;BOT_MAKER;BOT_TAKER;VEV_6000;XIRECS;0.0;5
62300;BOT_TAKER;BOT_MAKER;HYDROGEL_PACK;XIRECS;9973.0;5
62300;BOT_TAKER;BOT_MAKER;VEV_5500;XIRECS;7.0;3
62400;BOT_TAKER;BOT_MAKER;HYDROGEL_PACK;XIRECS;9973.0;4
62400;BOT_TAKER;BOT_MAKER;VELVETFRUIT_EXTRACT;XIRECS;5270.0;7
62400;BOT_TAKER;BOT_MAKER;VEV_5400;XIRECS;18.0;4
62400;BOT_TAKER;BOT_MAKER;VEV_5400;XIRECS;18.0;4
62400;SUBMISSION;BOT_TAKER;HYDROGEL_PACK;XIRECS;9958.0;3
62500;BOT_TAKER;BOT_MAKER;VELVETFRUIT_EXTRACT;XIRECS;5269.0;7
62600;BOT_MAKER;BOT_TAKER;HYDROGEL_PACK;XIRECS;9951.0;2
62600;BOT_TAKER;BOT_MAKER;VEV_6000;XIRECS;1.0;5
62800;BOT_MAKER;BOT_TAKER;HYDROGEL_PACK;XIRECS;9951.0;4
62800;BOT_MAKER;BOT_TAKER;VELVETFRUIT_EXTRACT;XIRECS;5264.0;4
62800;SUBMISSION;BOT_TAKER;VEV_4000;XIRECS;1217.0;2
62900;BOT_TAKER;BOT_MAKER;VELVETFRUIT_EXTRACT;XIRECS;5270.0;6
62900;BOT_MAKER;BOT_TAKER;VEV_6500;XIRECS;0.0;2
63000;BOT_MAKER;BOT_TAKER;VEV_4000;XIRECS;1215.0;2
63100;BOT_TAKER;BOT_MAKER;VELVETFRUIT_EXTRACT;XIRECS;5268.0;6
63100;BOT_TAKER;BOT_MAKER;VEV_6500;XIRECS;1.0;3
63200;BOT_TAKER;BOT_MAKER;HYDROGEL_PACK;XIRECS;9966.0;2
63200;BOT_TAKER;BOT_MAKER;VELVETFRUIT_EXTRACT;XIRECS;5268.0;6
63300;BOT_TAKER;SUBMISSION;VELVETFRUIT_EXTRACT;XIRECS;5265.0;5
63300;BOT_TAKER;BOT_MAKER;VELVETFRUIT_EXTRACT;XIRECS;5266.0;1
63400;BOT_MAKER;BOT_TAKER;VELVETFRUIT_EXTRACT;XIRECS;5259.0;6
63400;BOT_TAKER;BOT_MAKER;VEV_5500;XIRECS;7.0;2
63500;BOT_MAKER;BOT_TAKER;VELVETFRUIT_EXTRACT;XIRECS;5260.0;6
63600;BOT_MAKER;BOT_TAKER;HYDROGEL_PACK;XIRECS;9951.0;3
63600;BOT_MAKER;BOT_TAKER;VEV_4000;XIRECS;1213.0;2
63600;BOT_TAKER;SUBMISSION;VELVETFRUIT_EXTRACT;XIRECS;5265.0;5
63700;BOT_MAKER;BOT_TAKER;HYDROGEL_PACK;XIRECS;9953.0;5
63700;BOT_TAKER;BOT_MAKER;VELVETFRUIT_EXTRACT;XIRECS;5266.0;6
63800;BOT_MAKER;BOT_TAKER;VEV_6000;XIRECS;0.0;4
63800;SUBMISSION;BOT_TAKER;HYDROGEL_PACK;XIRECS;9955.0;5
64000;BOT_TAKER;BOT_MAKER;VEV_5500;XIRECS;7.0;5
64100;BOT_MAKER;BOT_TAKER;VELVETFRUIT_EXTRACT;XIRECS;5264.0;5
64300;BOT_TAKER;BOT_MAKER;HYDROGEL_PACK;XIRECS;9972.0;3
64300;BOT_MAKER;BOT_TAKER;VEV_4000;XIRECS;1211.0;1
64300;BOT_MAKER;BOT_TAKER;VEV_6500;XIRECS;0.0;5
64400;SUBMISSION;BOT_TAKER;HYDROGEL_PACK;XIRECS;9956.0;2
64500;BOT_TAKER;BOT_MAKER;HYDROGEL_PACK;XIRECS;9971.0;4
64500;BOT_TAKER;SUBMISSION;VEV_4000;XIRECS;1228.0;1
64600;BOT_MAKER;BOT_TAKER;HYDROGEL_PACK;XIRECS;9957.0;6
64700;BOT_TAKER;SUBMISSION;VELVETFRUIT_EXTRACT;XIRECS;5265.0;5
64700;BOT_TAKER;BOT_MAKER;VELVETFRUIT_EXTRACT;XIRECS;5266.0;5
64800;BOT_MAKER;BOT_TAKER;VEV_5100;XIRECS;172.0;1
64900;BOT_MAKER;BOT_TAKER;HYDROGEL_PACK;XIRECS;9964.0;4
64900;BOT_MAKER;BOT_TAKER;VELVETFRUIT_EXTRACT;XIRECS;5260.0;3
64900;SUBMISSION;BOT_TAKER;HYDROGEL_PACK;XIRECS;9965.0;5
65100;BOT_TAKER;BOT_MAKER;VELVETFRUIT_EXTRACT;XIRECS;5264.0;8
65100;BOT_MAKER;BOT_TAKER;VEV_6500;XIRECS;0.0;4
65200;BOT_TAKER;BOT_MAKER;HYDROGEL_PACK;XIRECS;9974.0;2
65200;BOT_TAKER;SUBMISSION;HYDROGEL_PACK;XIRECS;9973.0;5
65300;BOT_TAKER;BOT_MAKER;VEV_5500;XIRECS;7.0;5
65400;BOT_TAKER;BOT_MAKER;VELVETFRUIT_EXTRACT;XIRECS;5260.0;6
65400;BOT_MAKER;BOT_TAKER;VEV_6000;XIRECS;0.0;3
65500;BOT_TAKER;BOT_MAKER;HYDROGEL_PACK;XIRECS;9975.0;5
65600;BOT_MAKER;BOT_TAKER;VELVETFRUIT_EXTRACT;XIRECS;5256.0;5
65700;BOT_TAKER;BOT_MAKER;HYDROGEL_PACK;XIRECS;9976.0;5
65700;BOT_MAKER;BOT_TAKER;VELVETFRUIT_EXTRACT;XIRECS;5254.0;3
65700;BOT_TAKER;BOT_MAKER;VEV_6500;XIRECS;1.0;5
65800;BOT_MAKER;BOT_TAKER;HYDROGEL_PACK;XIRECS;9960.0;4
65800;BOT_TAKER;BOT_MAKER;VELVETFRUIT_EXTRACT;XIRECS;5260.0;7
65800;BOT_MAKER;BOT_TAKER;VEV_5500;XIRECS;6.0;2
65900;BOT_MAKER;BOT_TAKER;HYDROGEL_PACK;XIRECS;9956.0;2
65900;BOT_MAKER;BOT_TAKER;VELVETFRUIT_EXTRACT;XIRECS;5252.0;5
66200;BOT_MAKER;BOT_TAKER;VEV_4000;XIRECS;1212.0;3
66200;BOT_MAKER;BOT_TAKER;VEV_4000;XIRECS;1212.0;3
66300;BOT_TAKER;BOT_MAKER;HYDROGEL_PACK;XIRECS;9972.0;2
66300;BOT_TAKER;SUBMISSION;VELVETFRUIT_EXTRACT;XIRECS;5255.0;4
66400;BOT_MAKER;BOT_TAKER;HYDROGEL_PACK;XIRECS;9953.0;5
66600;BOT_TAKER;BOT_MAKER;HYDROGEL_PACK;XIRECS;9971.0;4
66600;BOT_TAKER;BOT_MAKER;VEV_5400;XIRECS;16.0;2
66600;BOT_MAKER;BOT_TAKER;VEV_5500;XIRECS;6.0;4
66600;BOT_TAKER;BOT_MAKER;VEV_6000;XIRECS;1.0;5
66600;BOT_TAKER;BOT_MAKER;VEV_6000;XIRECS;1.0;3
66700;BOT_MAKER;BOT_TAKER;VEV_4000;XIRECS;1214.0;1
66800;BOT_TAKER;BOT_MAKER;VEV_6500;XIRECS;1.0;4
66900;BOT_MAKER;BOT_TAKER;HYDROGEL_PACK;XIRECS;9957.0;3
67000;BOT_TAKER;BOT_MAKER;HYDROGEL_PACK;XIRECS;9972.0;2
67000;BOT_TAKER;BOT_MAKER;VEV_4000;XIRECS;1234.0;1
67000;BOT_MAKER;BOT_TAKER;VEV_5500;XIRECS;5.0;3
67100;BOT_MAKER;BOT_TAKER;HYDROGEL_PACK;XIRECS;9955.0;3
67100;BOT_TAKER;BOT_MAKER;VEV_4000;XIRECS;1233.0;2
67100;BOT_TAKER;BOT_MAKER;VEV_5300;XIRECS;68.0;4
67100;BOT_TAKER;BOT_MAKER;VEV_5400;XIRECS;15.0;4
67100;BOT_TAKER;BOT_MAKER;VEV_5500;XIRECS;7.0;2
67200;BOT_TAKER;BOT_MAKER;VEV_5500;XIRECS;7.0;2
67200;BOT_MAKER;BOT_TAKER;VEV_6000;XIRECS;0.0;4
67200;SUBMISSION;BOT_TAKER;HYDROGEL_PACK;XIRECS;9953.0;5
67200;BOT_MAKER;BOT_TAKER;HYDROGEL_PACK;XIRECS;9952.0;1
67200;SUBMISSION;BOT_TAKER;VELVETFRUIT_EXTRACT;XIRECS;5253.0;5
67300;BOT_MAKER;BOT_TAKER;HYDROGEL_PACK;XIRECS;9952.0;3
67300;BOT_TAKER;BOT_MAKER;VEV_6000;XIRECS;1.0;2
67500;BOT_TAKER;BOT_MAKER;VEV_4000;XIRECS;1231.0;2
67500;BOT_TAKER;SUBMISSION;HYDROGEL_PACK;XIRECS;9968.0;5
67500;BOT_TAKER;BOT_MAKER;HYDROGEL_PACK;XIRECS;9969.0;1
67600;BOT_MAKER;BOT_TAKER;HYDROGEL_PACK;XIRECS;9952.0;4
67600;BOT_TAKER;BOT_MAKER;VELVETFRUIT_EXTRACT;XIRECS;5260.0;7
67700;BOT_TAKER;BOT_MAKER;HYDROGEL_PACK;XIRECS;9971.0;2
67700;BOT_TAKER;BOT_MAKER;VELVETFRUIT_EXTRACT;XIRECS;5260.0;8
67700;BOT_TAKER;BOT_MAKER;VEV_5500;XIRECS;7.0;4
67800;BOT_TAKER;BOT_MAKER;VEV_4000;XIRECS;1231.0;1
67800;BOT_MAKER;BOT_TAKER;VEV_5400;XIRECS;14.0;5
67900;BOT_TAKER;BOT_MAKER;HYDROGEL_PACK;XIRECS;9970.0;5
67900;BOT_MAKER;BOT_TAKER;VEV_5400;XIRECS;14.0;2
68000;BOT_TAKER;BOT_MAKER;VEV_6000;XIRECS;1.0;5
68100;BOT_TAKER;BOT_MAKER;VELVETFRUIT_EXTRACT;XIRECS;5258.0;7
68200;BOT_MAKER;BOT_TAKER;VELVETFRUIT_EXTRACT;XIRECS;5254.0;3
68300;BOT_MAKER;BOT_TAKER;VELVETFRUIT_EXTRACT;XIRECS;5255.0;7
68300;BOT_TAKER;BOT_MAKER;VEV_6500;XIRECS;1.0;5
68300;BOT_TAKER;SUBMISSION;VEV_5400;XIRECS;15.0;2
68400;BOT_TAKER;BOT_MAKER;VELVETFRUIT_EXTRACT;XIRECS;5259.0;5
68500;BOT_TAKER;BOT_MAKER;VELVETFRUIT_EXTRACT;XIRECS;5258.0;3
68600;BOT_MAKER;BOT_TAKER;HYDROGEL_PACK;XIRECS;9961.0;5
68600;BOT_TAKER;SUBMISSION;VEV_4000;XIRECS;1226.0;3
68700;BOT_MAKER;BOT_TAKER;HYDROGEL_PACK;XIRECS;9965.0;4
68700;BOT_MAKER;BOT_TAKER;VEV_6500;XIRECS;0.0;2
68700;BOT_TAKER;SUBMISSION;VELVETFRUIT_EXTRACT;XIRECS;5260.0;5
68700;BOT_TAKER;BOT_MAKER;VELVETFRUIT_EXTRACT;XIRECS;5261.0;3
68800;BOT_MAKER;BOT_TAKER;HYDROGEL_PACK;XIRECS;9962.0;2
69000;BOT_MAKER;BOT_TAKER;VELVETFRUIT_EXTRACT;XIRECS;5256.0;13
69100;BOT_MAKER;BOT_TAKER;HYDROGEL_PACK;XIRECS;9965.0;3
69100;BOT_MAKER;BOT_TAKER;VELVETFRUIT_EXTRACT;XIRECS;5258.0;5
69200;BOT_MAKER;BOT_TAKER;VEV_4000;XIRECS;1207.0;3
69300;BOT_MAKER;BOT_TAKER;VELVETFRUIT_EXTRACT;XIRECS;5260.0;3
69300;BOT_MAKER;BOT_TAKER;VEV_4000;XIRECS;1208.0;2
69500;BOT_TAKER;BOT_MAKER;VEV_4000;XIRECS;1227.0;1
69600;BOT_MAKER;BOT_TAKER;VELVETFRUIT_EXTRACT;XIRECS;5258.0;6
69600;BOT_TAKER;BOT_MAKER;VEV_5500;XIRECS;7.0;2
69700;BOT_TAKER;BOT_MAKER;VELVETFRUIT_EXTRACT;XIRECS;5263.0;4
69700;BOT_TAKER;BOT_MAKER;VEV_6000;XIRECS;1.0;2
69800;BOT_MAKER;BOT_TAKER;VEV_5400;XIRECS;13.0;2
69800;BOT_MAKER;BOT_TAKER;VEV_5500;XIRECS;6.0;2
69900;BOT_TAKER;BOT_MAKER;HYDROGEL_PACK;XIRECS;9980.0;3
69900;BOT_TAKER;BOT_MAKER;VEV_4000;XIRECS;1225.0;3
69900;BOT_TAKER;BOT_MAKER;VEV_5500;XIRECS;7.0;3
69900;BOT_TAKER;BOT_MAKER;VEV_6500;XIRECS;1.0;4
70000;BOT_MAKER;BOT_TAKER;HYDROGEL_PACK;XIRECS;9963.0;2
70000;BOT_TAKER;BOT_MAKER;VELVETFRUIT_EXTRACT;XIRECS;5259.0;6
70000;BOT_MAKER;BOT_TAKER;VEV_5300;XIRECS;67.0;4
70100;SUBMISSION;BOT_TAKER;VELVETFRUIT_EXTRACT;XIRECS;5256.0;3
70200;BOT_TAKER;BOT_MAKER;HYDROGEL_PACK;XIRECS;9979.0;4
70200;BOT_TAKER;BOT_MAKER;VEV_4000;XIRECS;1223.0;1
70200;BOT_TAKER;BOT_MAKER;VEV_6500;XIRECS;1.0;3
70200;BOT_TAKER;SUBMISSION;VELVETFRUIT_EXTRACT;XIRECS;5259.0;5
70300;BOT_TAKER;BOT_MAKER;VEV_6500;XIRECS;1.0;2
70400;BOT_MAKER;BOT_TAKER;VELVETFRUIT_EXTRACT;XIRECS;5258.0;5
70500;BOT_MAKER;BOT_TAKER;HYDROGEL_PACK;XIRECS;9968.0;3
70500;BOT_TAKER;BOT_MAKER;VELVETFRUIT_EXTRACT;XIRECS;5264.0;5
70500;BOT_TAKER;BOT_MAKER;VEV_5400;XIRECS;15.0;2
70500;BOT_TAKER;BOT_MAKER;VEV_6500;XIRECS;1.0;5
70600;BOT_TAKER;BOT_MAKER;HYDROGEL_PACK;XIRECS;9983.0;3
70600;BOT_MAKER;BOT_TAKER;VELVETFRUIT_EXTRACT;XIRECS;5258.0;8
70700;BOT_MAKER;BOT_TAKER;HYDROGEL_PACK;XIRECS;9968.0;2
70900;BOT_MAKER;BOT_TAKER;VELVETFRUIT_EXTRACT;XIRECS;5257.0;4
71100;BOT_MAKER;BOT_TAKER;VELVETFRUIT_EXTRACT;XIRECS;5255.0;7
71100;BOT_MAKER;BOT_TAKER;VEV_4000;XIRECS;1201.0;1
71200;BOT_MAKER;BOT_TAKER;VELVETFRUIT_EXTRACT;XIRECS;5255.0;5
71200;BOT_TAKER;BOT_MAKER;VEV_6500;XIRECS;1.0;4
71200;SUBMISSION;BOT_TAKER;VELVETFRUIT_EXTRACT;XIRECS;5256.0;5
71200;BOT_MAKER;BOT_TAKER;VELVETFRUIT_EXTRACT;XIRECS;5255.0;2
71300;BOT_MAKER;BOT_TAKER;VELVETFRUIT_EXTRACT;XIRECS;5255.0;7
71300;BOT_TAKER;BOT_MAKER;VEV_4000;XIRECS;1221.0;1
71300;BOT_MAKER;BOT_TAKER;VEV_5300;XIRECS;69.0;2
71400;BOT_TAKER;BOT_MAKER;HYDROGEL_PACK;XIRECS;9992.0;3
71400;BOT_MAKER;BOT_TAKER;VELVETFRUIT_EXTRACT;XIRECS;5255.0;7
71500;BOT_MAKER;BOT_TAKER;VEV_5500;XIRECS;6.0;2
71500;BOT_TAKER;BOT_MAKER;VEV_6500;XIRECS;1.0;5
71600;BOT_TAKER;BOT_MAKER;VEV_4000;XIRECS;1222.0;2
71700;BOT_TAKER;BOT_MAKER;HYDROGEL_PACK;XIRECS;9991.0;5
71700;BOT_MAKER;BOT_TAKER;VEV_4000;XIRECS;1202.0;3
71700;BOT_TAKER;BOT_MAKER;VEV_5500;XIRECS;7.0;4
71800;BOT_TAKER;BOT_MAKER;HYDROGEL_PACK;XIRECS;9994.0;5
71900;BOT_MAKER;BOT_TAKER;HYDROGEL_PACK;XIRECS;9976.0;5
71900;BOT_MAKER;BOT_TAKER;HYDROGEL_PACK;XIRECS;9976.0;6
71900;SUBMISSION;BOT_TAKER;VELVETFRUIT_EXTRACT;XIRECS;5251.0;3
72000;SUBMISSION;BOT_TAKER;VELVETFRUIT_EXTRACT;XIRECS;5252.0;5
72100;BOT_TAKER;BOT_MAKER;HYDROGEL_PACK;XIRECS;9991.0;5
72200;BOT_MAKER;BOT_TAKER;HYDROGEL_PACK;XIRECS;9975.0;5
72200;BOT_TAKER;BOT_MAKER;VEV_5300;XIRECS;70.0;5
72300;BOT_TAKER;BOT_MAKER;HYDROGEL_PACK;XIRECS;9989.0;2
72300;BOT_TAKER;BOT_MAKER;VEV_5500;XIRECS;7.0;2
72400;BOT_TAKER;BOT_MAKER;VELVETFRUIT_EXTRACT;XIRECS;5258.0;5
72500;BOT_MAKER;BOT_TAKER;HYDROGEL_PACK;XIRECS;9971.0;3
72600;BOT_TAKER;BOT_MAKER;VELVETFRUIT_EXTRACT;XIRECS;5255.0;3
72600;BOT_TAKER;BOT_MAKER;VEV_5400;XIRECS;15.0;5
72700;BOT_TAKER;SUBMISSION;HYDROGEL_PACK;XIRECS;9994.0;3
72800;BOT_MAKER;BOT_TAKER;VELVETFRUIT_EXTRACT;XIRECS;5248.0;7
72800;BOT_TAKER;SUBMISSION;HYDROGEL_PACK;XIRECS;9994.0;3
72900;BOT_TAKER;BOT_MAKER;VELVETFRUIT_EXTRACT;XIRECS;5255.0;6
72900;BOT_TAKER;BOT_MAKER;VEV_5300;XIRECS;71.0;3
72900;BOT_MAKER;BOT_TAKER;VEV_6000;XIRECS;0.0;2
72900;SUBMISSION;BOT_TAKER;VELVETFRUIT_EXTRACT;XIRECS;5251.0;5
73000;BOT_MAKER;BOT_TAKER;VELVETFRUIT_EXTRACT;XIRECS;5249.0;5
73100;BOT_MAKER;BOT_TAKER;HYDROGEL_PACK;XIRECS;9978.0;4
73100;SUBMISSION;BOT_TAKER;VEV_4000;XIRECS;1202.0;1
73200;BOT_MAKER;BOT_TAKER;VELVETFRUIT_EXTRACT;XIRECS;5250.0;7
73300;BOT_TAKER;BOT_MAKER;HYDROGEL_PACK;XIRECS;9998.0;2
73300;BOT_MAKER;BOT_TAKER;VELVETFRUIT_EXTRACT;XIRECS;5250.0;8
73300;BOT_TAKER;SUBMISSION;VELVETFRUIT_EXTRACT;XIRECS;5255.0;5
73400;BOT_TAKER;BOT_MAKER;VEV_5400;XIRECS;14.0;5
73400;BOT_TAKER;BOT_MAKER;VEV_5500;XIRECS;7.0;4
73500;BOT_MAKER;BOT_TAKER;HYDROGEL_PACK;XIRECS;9984.0;4
73600;BOT_TAKER;BOT_MAKER;VELVETFRUIT_EXTRACT;XIRECS;5254.0;10
73600;BOT_TAKER;SUBMISSION;VELVETFRUIT_EXTRACT;XIRECS;5253.0;5
73700;BOT_MAKER;BOT_TAKER;VEV_6500;XIRECS;0.0;3
73900;BOT_TAKER;BOT_MAKER;VEV_6500;XIRECS;1.0;2
74000;BOT_TAKER;BOT_MAKER;HYDROGEL_PACK;XIRECS;10002.0;3
74000;BOT_TAKER;BOT_MAKER;VELVETFRUIT_EXTRACT;XIRECS;5254.0;7
74000;BOT_MAKER;BOT_TAKER;VEV_5500;XIRECS;6.0;2
74200;BOT_TAKER;SUBMISSION;HYDROGEL_PACK;XIRECS;10001.0;4
74300;BOT_TAKER;BOT_MAKER;VELVETFRUIT_EXTRACT;XIRECS;5252.0;8
74300;BOT_MAKER;BOT_TAKER;VEV_4000;XIRECS;1199.0;2
74300;SUBMISSION;BOT_TAKER;HYDROGEL_PACK;XIRECS;9983.0;2
74400;BOT_TAKER;BOT_MAKER;HYDROGEL_PACK;XIRECS;9996.0;2
74400;BOT_MAKER;BOT_TAKER;VELVETFRUIT_EXTRACT;XIRECS;5247.0;8
74400;BOT_TAKER;BOT_MAKER;VEV_4000;XIRECS;1218.0;2
74500;BOT_TAKER;BOT_MAKER;HYDROGEL_PACK;XIRECS;9996.0;6
74500;BOT_MAKER;BOT_TAKER;VEV_6000;XIRECS;0.0;2
74600;BOT_MAKER;BOT_TAKER;HYDROGEL_PACK;XIRECS;9979.0;6
74600;BOT_MAKER;BOT_TAKER;VEV_5400;XIRECS;14.0;5
74700;BOT_MAKER;BOT_TAKER;VEV_4000;XIRECS;1202.0;1
74700;BOT_MAKER;BOT_TAKER;VEV_5500;XIRECS;6.0;4
74800;BOT_MAKER;BOT_TAKER;VELVETFRUIT_EXTRACT;XIRECS;5248.0;7
74800;BOT_TAKER;BOT_MAKER;VEV_5500;XIRECS;7.0;2
74800;BOT_TAKER;BOT_MAKER;VEV_5500;XIRECS;7.0;5
74900;BOT_TAKER;BOT_MAKER;VELVETFRUIT_EXTRACT;XIRECS;5254.0;7
75000;BOT_TAKER;BOT_MAKER;VELVETFRUIT_EXTRACT;XIRECS;5255.0;8
75000;BOT_TAKER;SUBMISSION;HYDROGEL_PACK;XIRECS;9985.0;3
75100;BOT_MAKER;BOT_TAKER;HYDROGEL_PACK;XIRECS;9969.0;6
75100;BOT_TAKER;BOT_MAKER;VEV_4000;XIRECS;1226.0;1
75100;BOT_MAKER;BOT_TAKER;VEV_6500;XIRECS;0.0;3
75100;BOT_TAKER;SUBMISSION;HYDROGEL_PACK;XIRECS;9984.0;5
75200;BOT_TAKER;BOT_MAKER;HYDROGEL_PACK;XIRECS;9985.0;3
75400;BOT_TAKER;BOT_MAKER;VEV_5400;XIRECS;16.0;3
75500;BOT_TAKER;BOT_MAKER;VEV_5500;XIRECS;7.0;2
75500;BOT_TAKER;BOT_MAKER;VEV_6000;XIRECS;1.0;4
75500;BOT_TAKER;BOT_MAKER;VEV_6500;XIRECS;1.0;3
75600;BOT_TAKER;BOT_MAKER;HYDROGEL_PACK;XIRECS;9987.0;6
75600;BOT_TAKER;BOT_MAKER;VELVETFRUIT_EXTRACT;XIRECS;5258.0;3
75600;BOT_MAKER;BOT_TAKER;VEV_6500;XIRECS;0.0;5
75700;BOT_TAKER;BOT_MAKER;HYDROGEL_PACK;XIRECS;9986.0;2
75700;BOT_TAKER;SUBMISSION;VELVETFRUIT_EXTRACT;XIRECS;5254.0;5
75700;SUBMISSION;BOT_TAKER;VEV_4000;XIRECS;1202.0;3
75800;BOT_MAKER;BOT_TAKER;VELVETFRUIT_EXTRACT;XIRECS;5251.0;6
75800;BOT_MAKER;BOT_TAKER;VEV_6500;XIRECS;0.0;5
75900;BOT_MAKER;BOT_TAKER;VEV_5300;XIRECS;72.0;4
75900;BOT_TAKER;BOT_MAKER;VEV_6500;XIRECS;1.0;2
76100;BOT_MAKER;BOT_TAKER;VELVETFRUIT_EXTRACT;XIRECS;5249.0;7
76200;BOT_MAKER;BOT_TAKER;VEV_5500;XIRECS;6.0;5
76400;BOT_MAKER;BOT_TAKER;VELVETFRUIT_EXTRACT;XIRECS;5250.0;5
76400;BOT_TAKER;BOT_MAKER;VEV_5500;XIRECS;7.0;5
76400;BOT_TAKER;SUBMISSION;VELVETFRUIT_EXTRACT;XIRECS;5255.0;5
76400;BOT_TAKER;BOT_MAKER;VELVETFRUIT_EXTRACT;XIRECS;5256.0;8
76400;BOT_TAKER;SUBMISSION;VEV_4000;XIRECS;1225.0;1
76500;BOT_TAKER;BOT_MAKER;HYDROGEL_PACK;XIRECS;9990.0;6
76500;BOT_TAKER;BOT_MAKER;VELVETFRUIT_EXTRACT;XIRECS;5255.0;8
76500;BOT_TAKER;BOT_MAKER;VELVETFRUIT_EXTRACT;XIRECS;5255.0;11
76600;BOT_TAKER;BOT_MAKER;HYDROGEL_PACK;XIRECS;9990.0;5
76700;BOT_MAKER;BOT_TAKER;HYDROGEL_PACK;XIRECS;9971.0;4
76700;BOT_TAKER;BOT_MAKER;VEV_5500;XIRECS;7.0;3
76800;SUBMISSION;BOT_TAKER;VELVETFRUIT_EXTRACT;XIRECS;5252.0;5
77000;BOT_TAKER;BOT_MAKER;VELVETFRUIT_EXTRACT;XIRECS;5255.0;7
77000;BOT_TAKER;SUBMISSION;HYDROGEL_PACK;XIRECS;9985.0;5
77000;BOT_TAKER;BOT_MAKER;HYDROGEL_PACK;XIRECS;9986.0;1
77100;BOT_MAKER;BOT_TAKER;VELVETFRUIT_EXTRACT;XIRECS;5249.0;6
77100;BOT_TAKER;BOT_MAKER;VEV_6000;XIRECS;1.0;5
77200;BOT_MAKER;BOT_TAKER;VEV_4000;XIRECS;1206.0;2
77400;BOT_TAKER;BOT_MAKER;VELVETFRUIT_EXTRACT;XIRECS;5253.0;3
77400;SUBMISSION;BOT_TAKER;VELVETFRUIT_EXTRACT;XIRECS;5249.0;4
77500;BOT_MAKER;BOT_TAKER;HYDROGEL_PACK;XIRECS;9972.0;3
77500;BOT_TAKER;BOT_MAKER;VEV_4000;XIRECS;1226.0;3
77600;BOT_TAKER;BOT_MAKER;HYDROGEL_PACK;XIRECS;9988.0;6
77700;BOT_MAKER;BOT_TAKER;VELVETFRUIT_EXTRACT;XIRECS;5248.0;3
77700;BOT_TAKER;BOT_MAKER;VEV_4000;XIRECS;1226.0;1
77700;BOT_TAKER;BOT_MAKER;VEV_6500;XIRECS;1.0;2
77800;BOT_MAKER;BOT_TAKER;HYDROGEL_PACK;XIRECS;9976.0;6
77800;BOT_MAKER;BOT_TAKER;VELVETFRUIT_EXTRACT;XIRECS;5249.0;5
77800;BOT_TAKER;BOT_MAKER;VEV_5300;XIRECS;73.0;5
78000;BOT_TAKER;BOT_MAKER;VELVETFRUIT_EXTRACT;XIRECS;5253.0;7
78100;SUBMISSION;BOT_TAKER;HYDROGEL_PACK;XIRECS;9979.0;4
78200;BOT_MAKER;BOT_TAKER;VELVETFRUIT_EXTRACT;XIRECS;5245.0;4
78300;BOT_TAKER;BOT_MAKER;VELVETFRUIT_EXTRACT;XIRECS;5250.0;7
78300;BOT_MAKER;BOT_TAKER;VEV_5300;XIRECS;70.0;3
78400;BOT_TAKER;BOT_MAKER;VELVETFRUIT_EXTRACT;XIRECS;5249.0;6
78400;BOT_MAKER;BOT_TAKER;VEV_5400;XIRECS;15.0;4
78500;BOT_MAKER;BOT_TAKER;HYDROGEL_PACK;XIRECS;9982.0;6
78500;BOT_TAKER;BOT_MAKER;HYDROGEL_PACK;XIRECS;9998.0;6
78500;BOT_MAKER;BOT_TAKER;VELVETFRUIT_EXTRACT;XIRECS;5243.0;5
78600;BOT_MAKER;BOT_TAKER;HYDROGEL_PACK;XIRECS;9983.0;6
78700;BOT_TAKER;BOT_MAKER;VELVETFRUIT_EXTRACT;XIRECS;5246.0;6
78800;BOT_TAKER;BOT_MAKER;VEV_4000;XIRECS;1227.0;1
78900;BOT_MAKER;BOT_TAKER;VEV_6000;XIRECS;0.0;4
79000;SUBMISSION;BOT_TAKER;VELVETFRUIT_EXTRACT;XIRECS;5243.0;5
79000;BOT_MAKER;BOT_TAKER;VELVETFRUIT_EXTRACT;XIRECS;5242.0;5
79100;BOT_MAKER;BOT_TAKER;VELVETFRUIT_EXTRACT;XIRECS;5239.0;7
79100;BOT_TAKER;BOT_MAKER;VEV_6000;XIRECS;1.0;5
79100;SUBMISSION;BOT_TAKER;VEV_4000;XIRECS;1208.0;2
79200;BOT_MAKER;BOT_TAKER;VELVETFRUIT_EXTRACT;XIRECS;5239.0;10
79300;BOT_TAKER;BOT_MAKER;HYDROGEL_PACK;XIRECS;9991.0;2
79300;BOT_TAKER;BOT_MAKER;VELVETFRUIT_EXTRACT;XIRECS;5245.0;7
79300;BOT_MAKER;BOT_TAKER;VEV_6000;XIRECS;0.0;2
79400;BOT_MAKER;BOT_TAKER;VEV_6000;XIRECS;0.0;4
79600;BOT_TAKER;BOT_MAKER;HYDROGEL_PACK;XIRECS;9995.0;5
79700;BOT_TAKER;BOT_MAKER;VELVETFRUIT_EXTRACT;XIRECS;5242.0;12
79700;SUBMISSION;BOT_TAKER;HYDROGEL_PACK;XIRECS;9979.0;3
79800;BOT_MAKER;BOT_TAKER;VELVETFRUIT_EXTRACT;XIRECS;5236.0;3
79900;BOT_TAKER;BOT_MAKER;HYDROGEL_PACK;XIRECS;9993.0;3
79900;BOT_TAKER;BOT_MAKER;VELVETFRUIT_EXTRACT;XIRECS;5242.0;4
80000;BOT_TAKER;BOT_MAKER;VELVETFRUIT_EXTRACT;XIRECS;5243.0;7
80100;BOT_MAKER;BOT_TAKER;VELVETFRUIT_EXTRACT;XIRECS;5238.0;3
80100;BOT_TAKER;BOT_MAKER;VEV_4000;XIRECS;1228.0;2
80200;BOT_TAKER;BOT_MAKER;HYDROGEL_PACK;XIRECS;9994.0;5
80200;BOT_MAKER;BOT_TAKER;VEV_4000;XIRECS;1206.0;2
80300;BOT_MAKER;BOT_TAKER;VELVETFRUIT_EXTRACT;XIRECS;5236.0;5
80500;BOT_TAKER;BOT_MAKER;VELVETFRUIT_EXTRACT;XIRECS;5244.0;13
80600;BOT_MAKER;BOT_TAKER;VEV_6000;XIRECS;0.0;5
80800;BOT_TAKER;BOT_MAKER;VELVETFRUIT_EXTRACT;XIRECS;5245.0;5
80800;BOT_TAKER;BOT_MAKER;VEV_6000;XIRECS;1.0;4
80900;BOT_TAKER;BOT_MAKER;VELVETFRUIT_EXTRACT;XIRECS;5246.0;3
80900;BOT_MAKER;BOT_TAKER;VEV_4000;XIRECS;1206.0;3
80900;BOT_TAKER;BOT_MAKER;VEV_6500;XIRECS;1.0;4
81000;BOT_TAKER;BOT_MAKER;HYDROGEL_PACK;XIRECS;9997.0;4
81100;BOT_MAKER;BOT_TAKER;HYDROGEL_PACK;XIRECS;9979.0;5
81100;BOT_TAKER;BOT_MAKER;VELVETFRUIT_EXTRACT;XIRECS;5246.0;8
81200;BOT_TAKER;BOT_MAKER;VELVETFRUIT_EXTRACT;XIRECS;5245.0;7
81200;BOT_MAKER;BOT_TAKER;VEV_5300;XIRECS;73.0;4
81400;BOT_TAKER;SUBMISSION;HYDROGEL_PACK;XIRECS;9994.0;2
81500;BOT_MAKER;BOT_TAKER;VELVETFRUIT_EXTRACT;XIRECS;5238.0;6
81500;BOT_MAKER;BOT_TAKER;VEV_4000;XIRECS;1207.0;3
81600;BOT_MAKER;BOT_TAKER;HYDROGEL_PACK;XIRECS;9980.0;5
81700;SUBMISSION;BOT_TAKER;VEV_4000;XIRECS;1207.0;3
81800;BOT_MAKER;BOT_TAKER;VELVETFRUIT_EXTRACT;XIRECS;5237.0;4
81800;SUBMISSION;BOT_TAKER;VEV_5300;XIRECS;73.0;2
81900;BOT_TAKER;BOT_MAKER;HYDROGEL_PACK;XIRECS;10001.0;6
81900;BOT_TAKER;BOT_MAKER;VEV_4000;XIRECS;1227.0;1
82000;BOT_TAKER;BOT_MAKER;VELVETFRUIT_EXTRACT;XIRECS;5243.0;5
82000;BOT_MAKER;BOT_TAKER;VEV_4000;XIRECS;1207.0;1
82100;BOT_TAKER;BOT_MAKER;VEV_4000;XIRECS;1227.0;2
82100;BOT_TAKER;SUBMISSION;VEV_5400;XIRECS;15.0;2
82200;BOT_TAKER;BOT_MAKER;HYDROGEL_PACK;XIRECS;10000.0;2
82200;BOT_TAKER;BOT_MAKER;VELVETFRUIT_EXTRACT;XIRECS;5243.0;6
82200;SUBMISSION;BOT_TAKER;VELVETFRUIT_EXTRACT;XIRECS;5238.0;5
82300;BOT_TAKER;BOT_MAKER;VELVETFRUIT_EXTRACT;XIRECS;5243.0;4
82300;BOT_TAKER;BOT_MAKER;VEV_4000;XIRECS;1226.0;3
82300;BOT_TAKER;BOT_MAKER;VEV_5400;XIRECS;16.0;3
82300;BOT_TAKER;BOT_MAKER;VEV_5500;XIRECS;6.0;2
82300;BOT_MAKER;BOT_TAKER;VEV_6500;XIRECS;0.0;4
82400;BOT_MAKER;BOT_TAKER;VELVETFRUIT_EXTRACT;XIRECS;5238.0;4
82400;BOT_TAKER;SUBMISSION;HYDROGEL_PACK;XIRECS;9998.0;2
82500;BOT_TAKER;BOT_MAKER;VELVETFRUIT_EXTRACT;XIRECS;5243.0;7
82500;BOT_MAKER;BOT_TAKER;VEV_5400;XIRECS;14.0;5
82500;BOT_TAKER;BOT_MAKER;VEV_5500;XIRECS;6.0;2
82500;BOT_MAKER;BOT_TAKER;VEV_6000;XIRECS;0.0;3
82600;BOT_MAKER;BOT_TAKER;HYDROGEL_PACK;XIRECS;9981.0;2
82600;BOT_MAKER;BOT_TAKER;VELVETFRUIT_EXTRACT;XIRECS;5235.0;6
82700;BOT_MAKER;BOT_TAKER;HYDROGEL_PACK;XIRECS;9981.0;2
82900;BOT_TAKER;BOT_MAKER;VELVETFRUIT_EXTRACT;XIRECS;5241.0;6
83000;BOT_MAKER;BOT_TAKER;HYDROGEL_PACK;XIRECS;9984.0;5
83100;BOT_MAKER;BOT_TAKER;VEV_4000;XIRECS;1210.0;2
83100;BOT_MAKER;BOT_TAKER;VEV_6000;XIRECS;0.0;4
83200;BOT_TAKER;BOT_MAKER;HYDROGEL_PACK;XIRECS;10003.0;2
83200;BOT_TAKER;BOT_MAKER;VELVETFRUIT_EXTRACT;XIRECS;5243.0;7
83200;BOT_TAKER;SUBMISSION;VEV_4000;XIRECS;1230.0;3
83400;BOT_MAKER;BOT_TAKER;VEV_4000;XIRECS;1211.0;3
83500;BOT_MAKER;BOT_TAKER;VELVETFRUIT_EXTRACT;XIRECS;5235.0;3
83600;BOT_MAKER;BOT_TAKER;VEV_4000;XIRECS;1212.0;1
83600;BOT_MAKER;BOT_TAKER;VEV_6500;XIRECS;0.0;5
83600;SUBMISSION;BOT_TAKER;VELVETFRUIT_EXTRACT;XIRECS;5236.0;5
83600;BOT_MAKER;BOT_TAKER;VELVETFRUIT_EXTRACT;XIRECS;5235.0;3
83700;BOT_TAKER;BOT_MAKER;HYDROGEL_PACK;XIRECS;10004.0;5
83700;BOT_MAKER;BOT_TAKER;VEV_5300;XIRECS;74.0;3
83800;BOT_TAKER;BOT_MAKER;VEV_6500;XIRECS;1.0;5
83900;BOT_MAKER;BOT_TAKER;VELVETFRUIT_EXTRACT;XIRECS;5234.0;4
83900;BOT_MAKER;BOT_TAKER;VEV_5400;XIRECS;13.0;2
84100;BOT_MAKER;BOT_TAKER;VEV_4000;XIRECS;1210.0;3
84300;BOT_MAKER;BOT_TAKER;VELVETFRUIT_EXTRACT;XIRECS;5235.0;6
84400;BOT_MAKER;BOT_TAKER;VELVETFRUIT_EXTRACT;XIRECS;5233.0;6
84400;BOT_TAKER;BOT_MAKER;VEV_5400;XIRECS;14.0;4
84400;BOT_TAKER;SUBMISSION;VEV_4000;XIRECS;1229.0;3
84500;BOT_TAKER;BOT_MAKER;VELVETFRUIT_EXTRACT;XIRECS;5239.0;5
84500;BOT_TAKER;BOT_MAKER;VEV_5500;XIRECS;6.0;3
84500;BOT_TAKER;BOT_MAKER;VEV_6000;XIRECS;1.0;2
84500;BOT_TAKER;SUBMISSION;VEV_4000;XIRECS;1230.0;2
84600;BOT_TAKER;BOT_MAKER;HYDROGEL_PACK;XIRECS;10013.0;5
84600;BOT_TAKER;BOT_MAKER;VELVETFRUIT_EXTRACT;XIRECS;5237.0;3
84700;BOT_MAKER;BOT_TAKER;VELVETFRUIT_EXTRACT;XIRECS;5232.0;4
84700;BOT_TAKER;BOT_MAKER;VELVETFRUIT_EXTRACT;XIRECS;5237.0;3
84800;BOT_TAKER;BOT_MAKER;HYDROGEL_PACK;XIRECS;10013.0;6
84800;BOT_TAKER;BOT_MAKER;VELVETFRUIT_EXTRACT;XIRECS;5238.0;4
84900;BOT_TAKER;BOT_MAKER;HYDROGEL_PACK;XIRECS;10015.0;6
84900;BOT_TAKER;BOT_MAKER;VEV_5400;XIRECS;14.0;4
84900;BOT_MAKER;BOT_TAKER;VEV_5500;XIRECS;5.0;3
85100;BOT_TAKER;BOT_MAKER;HYDROGEL_PACK;XIRECS;10011.0;6
85100;BOT_TAKER;SUBMISSION;VEV_5500;XIRECS;5.0;2
85300;BOT_TAKER;BOT_MAKER;VELVETFRUIT_EXTRACT;XIRECS;5237.0;8
85300;BOT_MAKER;BOT_TAKER;VEV_4000;XIRECS;1210.0;1
85400;BOT_MAKER;BOT_TAKER;VEV_6500;XIRECS;0.0;2
85500;BOT_MAKER;BOT_TAKER;HYDROGEL_PACK;XIRECS;9999.0;2
85600;BOT_MAKER;BOT_TAKER;VEV_4000;XIRECS;1210.0;2
85700;BOT_TAKER;BOT_MAKER;VELVETFRUIT_EXTRACT;XIRECS;5233.0;4
85800;BOT_TAKER;BOT_MAKER;HYDROGEL_PACK;XIRECS;10016.0;4
85800;BOT_MAKER;BOT_TAKER;VEV_5300;XIRECS;74.0;5
85800;BOT_MAKER;BOT_TAKER;VEV_5300;XIRECS;74.0;3
85800;SUBMISSION;BOT_TAKER;VEV_5400;XIRECS;13.0;4
85900;BOT_TAKER;SUBMISSION;HYDROGEL_PACK;XIRECS;10014.0;2
86000;BOT_TAKER;BOT_MAKER;HYDROGEL_PACK;XIRECS;10019.0;6
86100;BOT_MAKER;BOT_TAKER;VELVETFRUIT_EXTRACT;XIRECS;5227.0;5
86100;BOT_MAKER;BOT_TAKER;VEV_5300;XIRECS;73.0;5
86200;BOT_MAKER;BOT_TAKER;HYDROGEL_PACK;XIRECS;10004.0;2
86200;BOT_TAKER;BOT_MAKER;VEV_4000;XIRECS;1229.0;3
86300;BOT_MAKER;BOT_TAKER;HYDROGEL_PACK;XIRECS;10005.0;5
86300;BOT_MAKER;BOT_TAKER;VELVETFRUIT_EXTRACT;XIRECS;5228.0;4
86400;BOT_TAKER;SUBMISSION;VELVETFRUIT_EXTRACT;XIRECS;5232.0;4
86500;BOT_MAKER;BOT_TAKER;VEV_5400;XIRECS;12.0;4
86600;BOT_MAKER;BOT_TAKER;HYDROGEL_PACK;XIRECS;10008.0;3
86600;BOT_TAKER;BOT_MAKER;VEV_5300;XIRECS;74.0;4
86800;BOT_TAKER;BOT_MAKER;VEV_4000;XIRECS;1234.0;3
86900;BOT_MAKER;BOT_TAKER;VELVETFRUIT_EXTRACT;XIRECS;5227.0;5
86900;BOT_MAKER;BOT_TAKER;VEV_4000;XIRECS;1213.0;2
87000;BOT_TAKER;BOT_MAKER;VELVETFRUIT_EXTRACT;XIRECS;5232.0;8
87000;SUBMISSION;BOT_TAKER;HYDROGEL_PACK;XIRECS;10007.0;4
87300;BOT_TAKER;BOT_MAKER;HYDROGEL_PACK;XIRECS;10024.0;2
87300;BOT_TAKER;BOT_MAKER;VELVETFRUIT_EXTRACT;XIRECS;5233.0;8
87300;BOT_TAKER;BOT_MAKER;VEV_5400;XIRECS;14.0;5
87300;BOT_MAKER;BOT_TAKER;VEV_5400;XIRECS;13.0;3
87400;BOT_MAKER;BOT_TAKER;VELVETFRUIT_EXTRACT;XIRECS;5228.0;3
87400;BOT_MAKER;BOT_TAKER;VEV_6000;XIRECS;0.0;4
87400;SUBMISSION;BOT_TAKER;VEV_4000;XIRECS;1215.0;3
87500;BOT_TAKER;BOT_MAKER;VELVETFRUIT_EXTRACT;XIRECS;5234.0;5
87600;BOT_MAKER;BOT_TAKER;VEV_6500;XIRECS;0.0;2
87700;BOT_MAKER;BOT_TAKER;HYDROGEL_PACK;XIRECS;10008.0;3
87700;BOT_MAKER;BOT_TAKER;VELVETFRUIT_EXTRACT;XIRECS;5228.0;7
87800;BOT_TAKER;BOT_MAKER;VEV_6500;XIRECS;1.0;5
87900;BOT_MAKER;BOT_TAKER;HYDROGEL_PACK;XIRECS;10004.0;4
87900;BOT_TAKER;BOT_MAKER;VELVETFRUIT_EXTRACT;XIRECS;5231.0;7
88000;BOT_MAKER;BOT_TAKER;VEV_6500;XIRECS;0.0;3
88100;BOT_MAKER;BOT_TAKER;VELVETFRUIT_EXTRACT;XIRECS;5229.0;7
88200;BOT_TAKER;BOT_MAKER;VELVETFRUIT_EXTRACT;XIRECS;5234.0;3
88200;BOT_TAKER;BOT_MAKER;VEV_4000;XIRECS;1238.0;1
88300;SUBMISSION;BOT_TAKER;VELVETFRUIT_EXTRACT;XIRECS;5229.0;5
88300;BOT_MAKER;BOT_TAKER;VELVETFRUIT_EXTRACT;XIRECS;5228.0;2
88400;BOT_TAKER;BOT_MAKER;VELVETFRUIT_EXTRACT;XIRECS;5233.0;5
88400;BOT_TAKER;BOT_MAKER;VEV_6500;XIRECS;1.0;4
88600;BOT_TAKER;BOT_MAKER;HYDROGEL_PACK;XIRECS;10018.0;4
88600;BOT_TAKER;BOT_MAKER;VELVETFRUIT_EXTRACT;XIRECS;5232.0;5
88600;BOT_TAKER;BOT_MAKER;VEV_6500;XIRECS;1.0;4
88800;BOT_TAKER;BOT_MAKER;VELVETFRUIT_EXTRACT;XIRECS;5235.0;8
88900;BOT_TAKER;BOT_MAKER;HYDROGEL_PACK;XIRECS;10017.0;3
88900;BOT_MAKER;BOT_TAKER;VELVETFRUIT_EXTRACT;XIRECS;5230.0;12
88900;BOT_TAKER;BOT_MAKER;VEV_4000;XIRECS;1240.0;1
89000;BOT_TAKER;BOT_MAKER;VELVETFRUIT_EXTRACT;XIRECS;5233.0;5
89000;BOT_MAKER;BOT_TAKER;VELVETFRUIT_EXTRACT;XIRECS;5228.0;4
89000;BOT_MAKER;BOT_TAKER;VEV_6000;XIRECS;0.0;5
89200;BOT_MAKER;BOT_TAKER;VELVETFRUIT_EXTRACT;XIRECS;5229.0;6
89400;BOT_MAKER;BOT_TAKER;HYDROGEL_PACK;XIRECS;10004.0;2
89400;BOT_MAKER;BOT_TAKER;VEV_4000;XIRECS;1221.0;3
89500;BOT_MAKER;BOT_TAKER;VELVETFRUIT_EXTRACT;XIRECS;5229.0;8
89600;BOT_TAKER;BOT_MAKER;VELVETFRUIT_EXTRACT;XIRECS;5234.0;3
89600;BOT_MAKER;BOT_TAKER;VEV_4000;XIRECS;1218.0;2
89600;BOT_TAKER;BOT_MAKER;VEV_5500;XIRECS;6.0;4
89700;BOT_TAKER;BOT_MAKER;HYDROGEL_PACK;XIRECS;10022.0;5
89700;BOT_TAKER;BOT_MAKER;VELVETFRUIT_EXTRACT;XIRECS;5233.0;13
89800;BOT_MAKER;BOT_TAKER;VEV_6000;XIRECS;0.0;2
89900;BOT_TAKER;BOT_MAKER;VELVETFRUIT_EXTRACT;XIRECS;5234.0;6
90000;BOT_MAKER;BOT_TAKER;HYDROGEL_PACK;XIRECS;10008.0;6
90000;BOT_TAKER;BOT_MAKER;VELVETFRUIT_EXTRACT;XIRECS;5235.0;8
90000;BOT_MAKER;BOT_TAKER;VEV_4000;XIRECS;1214.0;2
90000;BOT_TAKER;SUBMISSION;VELVETFRUIT_EXTRACT;XIRECS;5234.0;5
90200;BOT_MAKER;BOT_TAKER;HYDROGEL_PACK;XIRECS;10005.0;3
90200;BOT_TAKER;BOT_MAKER;VELVETFRUIT_EXTRACT;XIRECS;5237.0;5
90200;BOT_TAKER;SUBMISSION;VELVETFRUIT_EXTRACT;XIRECS;5236.0;5
90200;BOT_TAKER;BOT_MAKER;VELVETFRUIT_EXTRACT;XIRECS;5237.0;1
90400;BOT_MAKER;BOT_TAKER;VELVETFRUIT_EXTRACT;XIRECS;5234.0;13
90500;BOT_TAKER;BOT_MAKER;HYDROGEL_PACK;XIRECS;10020.0;3
90500;BOT_MAKER;BOT_TAKER;VELVETFRUIT_EXTRACT;XIRECS;5234.0;6
90500;BOT_TAKER;BOT_MAKER;VEV_4000;XIRECS;1232.0;2
90600;BOT_TAKER;BOT_MAKER;HYDROGEL_PACK;XIRECS;10022.0;2
90600;BOT_TAKER;SUBMISSION;HYDROGEL_PACK;XIRECS;10021.0;5
90600;BOT_TAKER;BOT_MAKER;HYDROGEL_PACK;XIRECS;10022.0;1
90700;BOT_MAKER;BOT_TAKER;HYDROGEL_PACK;XIRECS;10007.0;3
90700;SUBMISSION;BOT_TAKER;VEV_4000;XIRECS;1211.0;3
90800;BOT_MAKER;BOT_TAKER;HYDROGEL_PACK;XIRECS;10004.0;2
91000;BOT_TAKER;SUBMISSION;HYDROGEL_PACK;XIRECS;10017.0;5
91100;BOT_MAKER;BOT_TAKER;VEV_5400;XIRECS;13.0;4
91300;BOT_TAKER;SUBMISSION;VELVETFRUIT_EXTRACT;XIRECS;5240.0;5
91300;BOT_TAKER;BOT_MAKER;VELVETFRUIT_EXTRACT;XIRECS;5241.0;1
91400;BOT_MAKER;BOT_TAKER;VEV_5500;XIRECS;4.0;3
91400;BOT_MAKER;BOT_TAKER;VEV_6500;XIRECS;0.0;2
91600;BOT_MAKER;BOT_TAKER;HYDROGEL_PACK;XIRECS;10000.0;3
91600;BOT_TAKER;BOT_MAKER;VELVETFRUIT_EXTRACT;XIRECS;5245.0;7
91700;BOT_MAKER;BOT_TAKER;VELVETFRUIT_EXTRACT;XIRECS;5241.0;5
91800;BOT_MAKER;BOT_TAKER;VEV_4000;XIRECS;1211.0;1
91800;BOT_TAKER;BOT_MAKER;VEV_5400;XIRECS;16.0;4
91900;BOT_TAKER;BOT_MAKER;VELVETFRUIT_EXTRACT;XIRECS;5247.0;5
91900;BOT_MAKER;BOT_TAKER;VEV_4000;XIRECS;1212.0;2
91900;BOT_MAKER;BOT_TAKER;VEV_5400;XIRECS;14.0;2
91900;BOT_TAKER;BOT_MAKER;VEV_6500;XIRECS;1.0;4
92000;BOT_MAKER;BOT_TAKER;VEV_4000;XIRECS;1212.0;3
92000;BOT_MAKER;BOT_TAKER;VEV_5500;XIRECS;4.0;2
92000;BOT_TAKER;SUBMISSION;VELVETFRUIT_EXTRACT;XIRECS;5247.0;5
92000;BOT_TAKER;BOT_MAKER;VELVETFRUIT_EXTRACT;XIRECS;5248.0;3
92100;BOT_TAKER;BOT_MAKER;HYDROGEL_PACK;XIRECS;10018.0;2
92100;BOT_MAKER;BOT_TAKER;VELVETFRUIT_EXTRACT;XIRECS;5241.0;6
92200;BOT_TAKER;BOT_MAKER;VELVETFRUIT_EXTRACT;XIRECS;5246.0;3
92300;BOT_TAKER;BOT_MAKER;VEV_6000;XIRECS;1.0;4
92400;BOT_MAKER;BOT_TAKER;HYDROGEL_PACK;XIRECS;10001.0;2
92400;BOT_TAKER;SUBMISSION;VELVETFRUIT_EXTRACT;XIRECS;5244.0;3
92500;BOT_MAKER;BOT_TAKER;HYDROGEL_PACK;XIRECS;10002.0;4
92500;BOT_TAKER;BOT_MAKER;VELVETFRUIT_EXTRACT;XIRECS;5246.0;7
92500;BOT_TAKER;BOT_MAKER;VEV_4000;XIRECS;1235.0;1
92600;BOT_TAKER;BOT_MAKER;HYDROGEL_PACK;XIRECS;10018.0;6
92700;BOT_MAKER;BOT_TAKER;HYDROGEL_PACK;XIRECS;10002.0;5
92700;BOT_MAKER;BOT_TAKER;VELVETFRUIT_EXTRACT;XIRECS;5240.0;7
92900;BOT_MAKER;BOT_TAKER;HYDROGEL_PACK;XIRECS;10003.0;5
93000;BOT_TAKER;SUBMISSION;HYDROGEL_PACK;XIRECS;10017.0;5
93000;BOT_TAKER;BOT_MAKER;HYDROGEL_PACK;XIRECS;10018.0;1
93100;BOT_MAKER;BOT_TAKER;VEV_6500;XIRECS;0.0;2
93300;BOT_TAKER;BOT_MAKER;HYDROGEL_PACK;XIRECS;10015.0;6
93400;BOT_TAKER;SUBMISSION;VELVETFRUIT_EXTRACT;XIRECS;5242.0;5
93500;BOT_TAKER;BOT_MAKER;HYDROGEL_PACK;XIRECS;10017.0;4
93500;BOT_TAKER;SUBMISSION;HYDROGEL_PACK;XIRECS;10016.0;4
93600;BOT_TAKER;BOT_MAKER;HYDROGEL_PACK;XIRECS;10019.0;3
93600;BOT_TAKER;BOT_MAKER;VELVETFRUIT_EXTRACT;XIRECS;5242.0;7
93700;BOT_TAKER;BOT_MAKER;HYDROGEL_PACK;XIRECS;10018.0;5
93700;BOT_TAKER;BOT_MAKER;VELVETFRUIT_EXTRACT;XIRECS;5243.0;9
93700;BOT_TAKER;SUBMISSION;HYDROGEL_PACK;XIRECS;10017.0;5
93800;BOT_TAKER;BOT_MAKER;HYDROGEL_PACK;XIRECS;10015.0;4
93800;BOT_MAKER;BOT_TAKER;VELVETFRUIT_EXTRACT;XIRECS;5238.0;3
93900;BOT_MAKER;BOT_TAKER;HYDROGEL_PACK;XIRECS;10001.0;3
93900;BOT_MAKER;BOT_TAKER;VELVETFRUIT_EXTRACT;XIRECS;5238.0;4
94000;BOT_TAKER;BOT_MAKER;VELVETFRUIT_EXTRACT;XIRECS;5242.0;8
94000;BOT_TAKER;BOT_MAKER;VEV_6500;XIRECS;1.0;3
94000;SUBMISSION;BOT_TAKER;VELVETFRUIT_EXTRACT;XIRECS;5238.0;4
94100;BOT_MAKER;BOT_TAKER;VEV_5500;XIRECS;4.0;4
94100;SUBMISSION;BOT_TAKER;VELVETFRUIT_EXTRACT;XIRECS;5238.0;5
94100;BOT_MAKER;BOT_TAKER;VELVETFRUIT_EXTRACT;XIRECS;5237.0;2
94100;SUBMISSION;BOT_TAKER;VEV_5400;XIRECS;15.0;2
94200;BOT_TAKER;BOT_MAKER;VEV_6500;XIRECS;1.0;5
94300;BOT_MAKER;BOT_TAKER;HYDROGEL_PACK;XIRECS;10006.0;4
94300;BOT_MAKER;BOT_TAKER;VEV_6000;XIRECS;0.0;3
94400;BOT_TAKER;BOT_MAKER;HYDROGEL_PACK;XIRECS;10023.0;3
94400;BOT_MAKER;BOT_TAKER;VEV_4000;XIRECS;1217.0;3
94500;BOT_MAKER;BOT_TAKER;VELVETFRUIT_EXTRACT;XIRECS;5237.0;8
94500;SUBMISSION;BOT_TAKER;VELVETFRUIT_EXTRACT;XIRECS;5238.0;4
94600;BOT_MAKER;BOT_TAKER;HYDROGEL_PACK;XIRECS;10010.0;6
94600;BOT_TAKER;BOT_MAKER;VELVETFRUIT_EXTRACT;XIRECS;5243.0;4
94700;BOT_MAKER;BOT_TAKER;VELVETFRUIT_EXTRACT;XIRECS;5238.0;12
94700;BOT_TAKER;BOT_MAKER;VEV_6000;XIRECS;1.0;4
94900;BOT_TAKER;BOT_MAKER;HYDROGEL_PACK;XIRECS;10021.0;4
94900;SUBMISSION;BOT_TAKER;VEV_4000;XIRECS;1218.0;1
95000;BOT_TAKER;BOT_MAKER;HYDROGEL_PACK;XIRECS;10021.0;4
95000;BOT_MAKER;BOT_TAKER;VEV_5500;XIRECS;4.0;3
95200;BOT_TAKER;BOT_MAKER;VELVETFRUIT_EXTRACT;XIRECS;5241.0;3
95300;BOT_MAKER;BOT_TAKER;VEV_4000;XIRECS;1221.0;3
95400;BOT_TAKER;BOT_MAKER;VEV_4000;XIRECS;1242.0;1
95600;BOT_MAKER;BOT_TAKER;VELVETFRUIT_EXTRACT;XIRECS;5235.0;5
95700;BOT_MAKER;BOT_TAKER;VELVETFRUIT_EXTRACT;XIRECS;5235.0;5
95700;BOT_TAKER;BOT_MAKER;VEV_6000;XIRECS;1.0;4
95700;SUBMISSION;BOT_TAKER;HYDROGEL_PACK;XIRECS;10002.0;3
95800;BOT_MAKER;BOT_TAKER;VEV_5500;XIRECS;4.0;3
95900;BOT_MAKER;BOT_TAKER;HYDROGEL_PACK;XIRECS;10001.0;5
95900;BOT_TAKER;BOT_MAKER;VELVETFRUIT_EXTRACT;XIRECS;5238.0;6
95900;BOT_MAKER;BOT_TAKER;VEV_5400;XIRECS;14.0;4
96000;BOT_MAKER;BOT_TAKER;VELVETFRUIT_EXTRACT;XIRECS;5233.0;8
96000;BOT_TAKER;SUBMISSION;VELVETFRUIT_EXTRACT;XIRECS;5237.0;5
96000;BOT_TAKER;BOT_MAKER;VELVETFRUIT_EXTRACT;XIRECS;5238.0;3
96200;BOT_MAKER;BOT_TAKER;VELVETFRUIT_EXTRACT;XIRECS;5231.0;5
96200;BOT_MAKER;BOT_TAKER;VEV_6500;XIRECS;0.0;3
96200;SUBMISSION;BOT_TAKER;VELVETFRUIT_EXTRACT;XIRECS;5232.0;5
96200;BOT_MAKER;BOT_TAKER;VELVETFRUIT_EXTRACT;XIRECS;5231.0;2
96300;BOT_MAKER;BOT_TAKER;VEV_5400;XIRECS;15.0;4
96300;BOT_MAKER;BOT_TAKER;VEV_6500;XIRECS;0.0;4
96400;BOT_TAKER;BOT_MAKER;HYDROGEL_PACK;XIRECS;10021.0;2
96400;BOT_MAKER;BOT_TAKER;VEV_6000;XIRECS;0.0;5
96600;BOT_TAKER;BOT_MAKER;VELVETFRUIT_EXTRACT;XIRECS;5234.0;15
96800;BOT_TAKER;BOT_MAKER;HYDROGEL_PACK;XIRECS;10024.0;5
96800;BOT_MAKER;BOT_TAKER;VEV_5300;XIRECS;74.0;4
96900;BOT_TAKER;BOT_MAKER;HYDROGEL_PACK;XIRECS;10027.0;4
96900;BOT_TAKER;BOT_MAKER;VELVETFRUIT_EXTRACT;XIRECS;5230.0;6
96900;BOT_TAKER;BOT_MAKER;VEV_6000;XIRECS;1.0;4
97000;BOT_TAKER;BOT_MAKER;VELVETFRUIT_EXTRACT;XIRECS;5230.0;9
97000;BOT_MAKER;BOT_TAKER;VEV_4000;XIRECS;1222.0;3
97100;BOT_TAKER;BOT_MAKER;VELVETFRUIT_EXTRACT;XIRECS;5231.0;3
97200;BOT_TAKER;BOT_MAKER;HYDROGEL_PACK;XIRECS;10027.0;3
97200;BOT_MAKER;BOT_TAKER;VELVETFRUIT_EXTRACT;XIRECS;5224.0;7
97200;SUBMISSION;BOT_TAKER;VEV_4000;XIRECS;1221.0;3
97400;BOT_TAKER;BOT_MAKER;HYDROGEL_PACK;XIRECS;10028.0;4
97400;BOT_TAKER;BOT_MAKER;VELVETFRUIT_EXTRACT;XIRECS;5228.0;7
97400;BOT_TAKER;BOT_MAKER;VEV_5400;XIRECS;16.0;3
97500;BOT_MAKER;BOT_TAKER;HYDROGEL_PACK;XIRECS;10011.0;5
97600;BOT_MAKER;BOT_TAKER;HYDROGEL_PACK;XIRECS;10010.0;6
97600;BOT_MAKER;BOT_TAKER;VEV_5300;XIRECS;74.0;4
97700;BOT_TAKER;BOT_MAKER;HYDROGEL_PACK;XIRECS;10026.0;5
97800;BOT_TAKER;BOT_MAKER;HYDROGEL_PACK;XIRECS;10026.0;6
97800;BOT_TAKER;SUBMISSION;VELVETFRUIT_EXTRACT;XIRECS;5227.0;5
97800;BOT_TAKER;BOT_MAKER;VELVETFRUIT_EXTRACT;XIRECS;5228.0;2
97900;BOT_MAKER;BOT_TAKER;HYDROGEL_PACK;XIRECS;10010.0;6
97900;BOT_TAKER;BOT_MAKER;VELVETFRUIT_EXTRACT;XIRECS;5230.0;8
98000;BOT_MAKER;BOT_TAKER;HYDROGEL_PACK;XIRECS;10010.0;3
98000;BOT_MAKER;BOT_TAKER;VELVETFRUIT_EXTRACT;XIRECS;5223.0;5
98200;BOT_TAKER;BOT_MAKER;VELVETFRUIT_EXTRACT;XIRECS;5230.0;3
98300;BOT_MAKER;BOT_TAKER;HYDROGEL_PACK;XIRECS;10006.0;2
98300;BOT_TAKER;BOT_MAKER;VELVETFRUIT_EXTRACT;XIRECS;5230.0;5
98300;BOT_MAKER;BOT_TAKER;VELVETFRUIT_EXTRACT;XIRECS;5224.0;8
98400;BOT_MAKER;BOT_TAKER;VELVETFRUIT_EXTRACT;XIRECS;5225.0;6
98500;BOT_MAKER;BOT_TAKER;VELVETFRUIT_EXTRACT;XIRECS;5226.0;7
98500;BOT_TAKER;BOT_MAKER;VEV_5500;XIRECS;5.0;4
98500;BOT_MAKER;BOT_TAKER;VEV_6500;XIRECS;0.0;5
98600;BOT_MAKER;BOT_TAKER;VELVETFRUIT_EXTRACT;XIRECS;5223.0;7
98700;BOT_TAKER;BOT_MAKER;HYDROGEL_PACK;XIRECS;10027.0;5
98700;BOT_MAKER;BOT_TAKER;VELVETFRUIT_EXTRACT;XIRECS;5223.0;5
98900;BOT_TAKER;SUBMISSION;VEV_4000;XIRECS;1237.0;2
99000;BOT_TAKER;BOT_MAKER;HYDROGEL_PACK;XIRECS;10033.0;2
99100;BOT_TAKER;BOT_MAKER;VELVETFRUIT_EXTRACT;XIRECS;5231.0;7
99100;BOT_MAKER;BOT_TAKER;VEV_5500;XIRECS;3.0;4
99200;BOT_TAKER;BOT_MAKER;HYDROGEL_PACK;XIRECS;10034.0;5
99400;BOT_TAKER;BOT_MAKER;HYDROGEL_PACK;XIRECS;10034.0;2
99500;BOT_MAKER;BOT_TAKER;HYDROGEL_PACK;XIRECS;10019.0;4
99500;BOT_MAKER;BOT_TAKER;VEV_4000;XIRECS;1217.0;2
99600;BOT_MAKER;BOT_TAKER;VELVETFRUIT_EXTRACT;XIRECS;5227.0;7
99600;BOT_TAKER;BOT_MAKER;VEV_6500;XIRECS;1.0;5
99800;BOT_TAKER;BOT_MAKER;VELVETFRUIT_EXTRACT;XIRECS;5233.0;6
99800;BOT_MAKER;BOT_TAKER;VEV_4000;XIRECS;1217.0;1
100000;BOT_TAKER;BOT_MAKER;HYDROGEL_PACK;XIRECS;10029.0;6
100000;BOT_TAKER;SUBMISSION;VELVETFRUIT_EXTRACT;XIRECS;5233.0;5
100000;BOT_TAKER;BOT_MAKER;VELVETFRUIT_EXTRACT;XIRECS;5234.0;2
100100;BOT_MAKER;BOT_TAKER;VEV_4000;XIRECS;1220.0;1
100100;BOT_MAKER;BOT_TAKER;VEV_6000;XIRECS;0.0;2
100100;BOT_MAKER;BOT_TAKER;VEV_6500;XIRECS;0.0;4
100200;BOT_TAKER;BOT_MAKER;VEV_6500;XIRECS;1.0;2
100300;SUBMISSION;BOT_TAKER;HYDROGEL_PACK;XIRECS;10018.0;5
100300;BOT_MAKER;BOT_TAKER;HYDROGEL_PACK;XIRECS;10017.0;1
100300;SUBMISSION;BOT_TAKER;VELVETFRUIT_EXTRACT;XIRECS;5228.0;4
100300;BOT_TAKER;SUBMISSION;VEV_5300;XIRECS;72.0;5
100500;BOT_MAKER;BOT_TAKER;HYDROGEL_PACK;XIRECS;10019.0;5
100500;BOT_TAKER;BOT_MAKER;VELVETFRUIT_EXTRACT;XIRECS;5232.0;5
100500;BOT_MAKER;BOT_TAKER;VEV_4000;XIRECS;1221.0;3
100500;BOT_MAKER;BOT_TAKER;VEV_5500;XIRECS;3.0;2
100700;BOT_MAKER;BOT_TAKER;HYDROGEL_PACK;XIRECS;10024.0;2
100800;BOT_MAKER;BOT_TAKER;VEV_5400;XIRECS;15.0;4
100900;SUBMISSION;BOT_TAKER;VELVETFRUIT_EXTRACT;XIRECS;5225.0;5
100900;BOT_MAKER;BOT_TAKER;VELVETFRUIT_EXTRACT;XIRECS;5224.0;3
101000;BOT_TAKER;BOT_MAKER;VEV_6500;XIRECS;1.0;5
101000;BOT_TAKER;SUBMISSION;VELVETFRUIT_EXTRACT;XIRECS;5228.0;5
101000;BOT_TAKER;BOT_MAKER;VELVETFRUIT_EXTRACT;XIRECS;5229.0;2
101100;BOT_TAKER;BOT_MAKER;HYDROGEL_PACK;XIRECS;10045.0;4
101100;BOT_MAKER;BOT_TAKER;VELVETFRUIT_EXTRACT;XIRECS;5224.0;4
101200;BOT_TAKER;BOT_MAKER;VEV_5500;XIRECS;4.0;3
101300;BOT_TAKER;BOT_MAKER;VELVETFRUIT_EXTRACT;XIRECS;5229.0;7
101400;BOT_MAKER;BOT_TAKER;VEV_5400;XIRECS;14.0;2
101400;BOT_TAKER;BOT_MAKER;VEV_6000;XIRECS;1.0;3
101500;BOT_MAKER;BOT_TAKER;HYDROGEL_PACK;XIRECS;10024.0;5
101500;BOT_MAKER;BOT_TAKER;VELVETFRUIT_EXTRACT;XIRECS;5224.0;6
101600;BOT_TAKER;BOT_MAKER;VEV_6000;XIRECS;1.0;3
101700;BOT_TAKER;BOT_MAKER;HYDROGEL_PACK;XIRECS;10036.0;2
101700;BOT_TAKER;BOT_MAKER;VELVETFRUIT_EXTRACT;XIRECS;5231.0;3
101700;BOT_TAKER;BOT_MAKER;VELVETFRUIT_EXTRACT;XIRECS;5231.0;14
101700;BOT_TAKER;BOT_MAKER;VEV_6500;XIRECS;1.0;4
101900;BOT_TAKER;BOT_MAKER;HYDROGEL_PACK;XIRECS;10038.0;5
101900;BOT_TAKER;BOT_MAKER;VELVETFRUIT_EXTRACT;XIRECS;5228.0;7
101900;BOT_MAKER;BOT_TAKER;VEV_6000;XIRECS;0.0;5
101900;BOT_MAKER;BOT_TAKER;VEV_6500;XIRECS;0.0;4
101900;SUBMISSION;BOT_TAKER;VEV_5300;XIRECS;69.0;4
102000;BOT_MAKER;BOT_TAKER;VEV_4000;XIRECS;1217.0;2
102100;BOT_MAKER;BOT_TAKER;VELVETFRUIT_EXTRACT;XIRECS;5223.0;8
102100;SUBMISSION;BOT_TAKER;HYDROGEL_PACK;XIRECS;10021.0;5
102100;BOT_MAKER;BOT_TAKER;HYDROGEL_PACK;XIRECS;10020.0;1
102200;BOT_TAKER;BOT_MAKER;VELVETFRUIT_EXTRACT;XIRECS;5230.0;12
102300;BOT_MAKER;BOT_TAKER;HYDROGEL_PACK;XIRECS;10019.0;5
102300;BOT_MAKER;BOT_TAKER;VELVETFRUIT_EXTRACT;XIRECS;5225.0;3
102300;BOT_MAKER;BOT_TAKER;VEV_6500;XIRECS;0.0;2
102400;BOT_TAKER;BOT_MAKER;HYDROGEL_PACK;XIRECS;10034.0;2
102400;BOT_TAKER;BOT_MAKER;VELVETFRUIT_EXTRACT;XIRECS;5229.0;8
102400;BOT_TAKER;BOT_MAKER;VELVETFRUIT_EXTRACT;XIRECS;5229.0;4
102500;BOT_TAKER;BOT_MAKER;VEV_4000;XIRECS;1235.0;2
102500;BOT_MAKER;BOT_TAKER;VEV_5400;XIRECS;14.0;5
102500;BOT_TAKER;BOT_MAKER;VEV_6000;XIRECS;1.0;3
102500;SUBMISSION;BOT_TAKER;VELVETFRUIT_EXTRACT;XIRECS;5227.0;5
102500;BOT_MAKER;BOT_TAKER;VELVETFRUIT_EXTRACT;XIRECS;5226.0;2
102600;BOT_MAKER;BOT_TAKER;HYDROGEL_PACK;XIRECS;10017.0;5
102600;BOT_TAKER;BOT_MAKER;VELVETFRUIT_EXTRACT;XIRECS;5231.0;5
102600;BOT_TAKER;SUBMISSION;HYDROGEL_PACK;XIRECS;10032.0;4
102800;SUBMISSION;BOT_TAKER;VELVETFRUIT_EXTRACT;XIRECS;5229.0;5
102800;BOT_MAKER;BOT_TAKER;VELVETFRUIT_EXTRACT;XIRECS;5228.0;1
102900;BOT_TAKER;BOT_MAKER;VELVETFRUIT_EXTRACT;XIRECS;5235.0;7
102900;BOT_MAKER;BOT_TAKER;VEV_6500;XIRECS;0.0;4
103000;BOT_TAKER;BOT_MAKER;VEV_6500;XIRECS;1.0;3
103200;BOT_TAKER;BOT_MAKER;VELVETFRUIT_EXTRACT;XIRECS;5239.0;6
103300;BOT_TAKER;BOT_MAKER;HYDROGEL_PACK;XIRECS;10040.0;5
103400;BOT_TAKER;BOT_MAKER;VELVETFRUIT_EXTRACT;XIRECS;5238.0;15
103400;SUBMISSION;BOT_TAKER;VEV_4000;XIRECS;1217.0;3
103500;BOT_TAKER;BOT_MAKER;VELVETFRUIT_EXTRACT;XIRECS;5237.0;7
103500;BOT_TAKER;SUBMISSION;HYDROGEL_PACK;XIRECS;10039.0;5
103500;BOT_TAKER;BOT_MAKER;HYDROGEL_PACK;XIRECS;10040.0;1
103600;BOT_MAKER;BOT_TAKER;HYDROGEL_PACK;XIRECS;10020.0;6
103600;BOT_MAKER;BOT_TAKER;VELVETFRUIT_EXTRACT;XIRECS;5230.0;8
103600;SUBMISSION;BOT_TAKER;HYDROGEL_PACK;XIRECS;10021.0;4
103600;BOT_TAKER;SUBMISSION;VEV_4000;XIRECS;1235.0;3
103800;BOT_TAKER;BOT_MAKER;VEV_6000;XIRECS;1.0;4
103900;BOT_MAKER;BOT_TAKER;VEV_4000;XIRECS;1214.0;1
104000;BOT_TAKER;BOT_MAKER;HYDROGEL_PACK;XIRECS;10032.0;6
104000;BOT_TAKER;BOT_MAKER;VELVETFRUIT_EXTRACT;XIRECS;5236.0;6
104000;BOT_TAKER;BOT_MAKER;VEV_6500;XIRECS;1.0;3
104100;BOT_TAKER;BOT_MAKER;HYDROGEL_PACK;XIRECS;10032.0;5
104100;BOT_MAKER;BOT_TAKER;VELVETFRUIT_EXTRACT;XIRECS;5230.0;8
104100;BOT_TAKER;SUBMISSION;VELVETFRUIT_EXTRACT;XIRECS;5235.0;5
104100;BOT_TAKER;BOT_MAKER;VELVETFRUIT_EXTRACT;XIRECS;5236.0;3
104200;BOT_MAKER;BOT_TAKER;VEV_4000;XIRECS;1215.0;2
104300;BOT_MAKER;BOT_TAKER;VEV_6500;XIRECS;0.0;2
104600;BOT_MAKER;BOT_TAKER;HYDROGEL_PACK;XIRECS;10015.0;4
104600;BOT_TAKER;BOT_MAKER;VELVETFRUIT_EXTRACT;XIRECS;5236.0;3
104800;BOT_TAKER;BOT_MAKER;VELVETFRUIT_EXTRACT;XIRECS;5235.0;10
104900;BOT_MAKER;BOT_TAKER;HYDROGEL_PACK;XIRECS;10021.0;5
105000;BOT_TAKER;BOT_MAKER;HYDROGEL_PACK;XIRECS;10037.0;6
105000;BOT_TAKER;BOT_MAKER;VEV_5500;XIRECS;4.0;3
105100;BOT_TAKER;BOT_MAKER;VELVETFRUIT_EXTRACT;XIRECS;5237.0;8
105100;BOT_MAKER;BOT_TAKER;VELVETFRUIT_EXTRACT;XIRECS;5231.0;6
105100;BOT_TAKER;BOT_MAKER;VEV_5500;XIRECS;4.0;2
105200;BOT_TAKER;BOT_MAKER;VELVETFRUIT_EXTRACT;XIRECS;5237.0;4
105200;SUBMISSION;BOT_TAKER;VEV_5400;XIRECS;14.0;5
105300;BOT_TAKER;BOT_MAKER;HYDROGEL_PACK;XIRECS;10043.0;5
105300;BOT_TAKER;BOT_MAKER;VELVETFRUIT_EXTRACT;XIRECS;5239.0;7
105300;SUBMISSION;BOT_TAKER;HYDROGEL_PACK;XIRECS;10028.0;5
105300;BOT_TAKER;SUBMISSION;VELVETFRUIT_EXTRACT;XIRECS;5238.0;5
105300;BOT_TAKER;BOT_MAKER;VELVETFRUIT_EXTRACT;XIRECS;5239.0;5
105600;BOT_MAKER;BOT_TAKER;VELVETFRUIT_EXTRACT;XIRECS;5234.0;8
105600;BOT_MAKER;BOT_TAKER;VEV_5500;XIRECS;3.0;2
105700;BOT_TAKER;BOT_MAKER;HYDROGEL_PACK;XIRECS;10039.0;6
105700;BOT_TAKER;BOT_MAKER;VELVETFRUIT_EXTRACT;XIRECS;5240.0;4
105800;BOT_MAKER;BOT_TAKER;VELVETFRUIT_EXTRACT;XIRECS;5234.0;3
105800;BOT_TAKER;BOT_MAKER;VEV_6000;XIRECS;1.0;4
105900;BOT_MAKER;BOT_TAKER;VEV_4000;XIRECS;1214.0;3
105900;BOT_MAKER;BOT_TAKER;VEV_6500;XIRECS;0.0;3
106100;BOT_TAKER;BOT_MAKER;VELVETFRUIT_EXTRACT;XIRECS;5240.0;7
106200;BOT_TAKER;BOT_MAKER;VELVETFRUIT_EXTRACT;XIRECS;5242.0;3
106300;BOT_TAKER;SUBMISSION;VELVETFRUIT_EXTRACT;XIRECS;5241.0;4
106400;BOT_MAKER;BOT_TAKER;HYDROGEL_PACK;XIRECS;10030.0;6
106400;BOT_MAKER;BOT_TAKER;VEV_4000;XIRECS;1212.0;2
106400;SUBMISSION;BOT_TAKER;VELVETFRUIT_EXTRACT;XIRECS;5238.0;5
106400;BOT_MAKER;BOT_TAKER;VELVETFRUIT_EXTRACT;XIRECS;5237.0;1
106500;BOT_TAKER;BOT_MAKER;HYDROGEL_PACK;XIRECS;10046.0;3
106500;BOT_TAKER;BOT_MAKER;VELVETFRUIT_EXTRACT;XIRECS;5243.0;9
106500;BOT_TAKER;BOT_MAKER;VEV_5500;XIRECS;4.0;3
106500;BOT_TAKER;SUBMISSION;HYDROGEL_PACK;XIRECS;10045.0;5
106600;BOT_MAKER;BOT_TAKER;VEV_4000;XIRECS;1213.0;3
106600;SUBMISSION;BOT_TAKER;VELVETFRUIT_EXTRACT;XIRECS;5237.0;5
106600;BOT_MAKER;BOT_TAKER;VELVETFRUIT_EXTRACT;XIRECS;5236.0;1
106700;BOT_MAKER;BOT_TAKER;VELVETFRUIT_EXTRACT;XIRECS;5236.0;4
106700;BOT_TAKER;BOT_MAKER;VEV_6000;XIRECS;1.0;4
106800;BOT_MAKER;BOT_TAKER;VEV_5400;XIRECS;13.0;2
106900;BOT_TAKER;BOT_MAKER;VELVETFRUIT_EXTRACT;XIRECS;5243.0;6
106900;BOT_TAKER;SUBMISSION;HYDROGEL_PACK;XIRECS;10038.0;5
107000;BOT_TAKER;BOT_MAKER;VELVETFRUIT_EXTRACT;XIRECS;5242.0;14
107000;SUBMISSION;BOT_TAKER;VEV_4000;XIRECS;1215.0;1
107300;BOT_TAKER;BOT_MAKER;VELVETFRUIT_EXTRACT;XIRECS;5245.0;5
107300;SUBMISSION;BOT_TAKER;VELVETFRUIT_EXTRACT;XIRECS;5240.0;5
107300;BOT_MAKER;BOT_TAKER;VELVETFRUIT_EXTRACT;XIRECS;5239.0;3
107500;BOT_TAKER;BOT_MAKER;HYDROGEL_PACK;XIRECS;10047.0;2
107500;BOT_MAKER;BOT_TAKER;VEV_6000;XIRECS;0.0;5
107500;BOT_MAKER;BOT_TAKER;VEV_6000;XIRECS;0.0;3
107600;BOT_TAKER;BOT_MAKER;VELVETFRUIT_EXTRACT;XIRECS;5245.0;3
107600;BOT_MAKER;BOT_TAKER;VEV_4000;XIRECS;1216.0;2
107600;BOT_MAKER;BOT_TAKER;VEV_6000;XIRECS;0.0;5
107600;BOT_TAKER;SUBMISSION;VELVETFRUIT_EXTRACT;XIRECS;5244.0;4
107700;BOT_TAKER;BOT_MAKER;HYDROGEL_PACK;XIRECS;10050.0;4
107700;BOT_MAKER;BOT_TAKER;VEV_4000;XIRECS;1216.0;3
107700;BOT_MAKER;BOT_TAKER;VEV_6000;XIRECS;0.0;5
107800;BOT_MAKER;BOT_TAKER;VELVETFRUIT_EXTRACT;XIRECS;5240.0;7
107900;BOT_TAKER;BOT_MAKER;HYDROGEL_PACK;XIRECS;10048.0;5
107900;BOT_TAKER;BOT_MAKER;VELVETFRUIT_EXTRACT;XIRECS;5246.0;4
107900;BOT_TAKER;BOT_MAKER;VEV_6000;XIRECS;1.0;4
108000;BOT_MAKER;BOT_TAKER;VEV_6500;XIRECS;0.0;2
108200;BOT_MAKER;BOT_TAKER;HYDROGEL_PACK;XIRECS;10031.0;5
108200;BOT_TAKER;SUBMISSION;HYDROGEL_PACK;XIRECS;10049.0;2
108300;BOT_TAKER;BOT_MAKER;VEV_4000;XIRECS;1242.0;2
108300;BOT_MAKER;BOT_TAKER;VEV_6500;XIRECS;0.0;3
108300;SUBMISSION;BOT_TAKER;VELVETFRUIT_EXTRACT;XIRECS;5239.0;3
108400;SUBMISSION;BOT_TAKER;VELVETFRUIT_EXTRACT;XIRECS;5239.0;5
108400;BOT_MAKER;BOT_TAKER;VELVETFRUIT_EXTRACT;XIRECS;5238.0;3
108500;BOT_TAKER;BOT_MAKER;VELVETFRUIT_EXTRACT;XIRECS;5244.0;10
108500;BOT_MAKER;BOT_TAKER;VEV_5300;XIRECS;68.0;4
108600;BOT_TAKER;BOT_MAKER;VEV_6000;XIRECS;1.0;2
108700;BOT_TAKER;BOT_MAKER;HYDROGEL_PACK;XIRECS;10055.0;6
108700;BOT_MAKER;BOT_TAKER;HYDROGEL_PACK;XIRECS;10037.0;4
108700;BOT_MAKER;BOT_TAKER;VEV_6000;XIRECS;0.0;2
108800;BOT_MAKER;BOT_TAKER;VELVETFRUIT_EXTRACT;XIRECS;5239.0;4
108800;BOT_MAKER;BOT_TAKER;VEV_4000;XIRECS;1221.0;1
109100;BOT_MAKER;BOT_TAKER;VEV_4000;XIRECS;1220.0;3
109100;BOT_MAKER;BOT_TAKER;VEV_6500;XIRECS;0.0;4
109100;BOT_TAKER;SUBMISSION;VEV_4000;XIRECS;1239.0;2
109400;BOT_TAKER;BOT_MAKER;VEV_5500;XIRECS;4.0;2
109500;BOT_TAKER;BOT_MAKER;VELVETFRUIT_EXTRACT;XIRECS;5247.0;7
109500;BOT_MAKER;BOT_TAKER;VEV_4000;XIRECS;1219.0;1
109500;BOT_TAKER;BOT_MAKER;VEV_4000;XIRECS;1240.0;3
109600;BOT_TAKER;BOT_MAKER;VEV_4000;XIRECS;1239.0;3
109700;BOT_TAKER;BOT_MAKER;VEV_5400;XIRECS;13.0;2
109700;BOT_TAKER;BOT_MAKER;VEV_6000;XIRECS;1.0;3
109800;BOT_TAKER;SUBMISSION;VELVETFRUIT_EXTRACT;XIRECS;5244.0;5
109900;BOT_TAKER;BOT_MAKER;VELVETFRUIT_EXTRACT;XIRECS;5245.0;3
109900;BOT_MAKER;BOT_TAKER;VEV_6000;XIRECS;0.0;2
109900;BOT_TAKER;SUBMISSION;VELVETFRUIT_EXTRACT;XIRECS;5244.0;5
