day;timestamp;product;bid_price_1;bid_volume_1;bid_price_2;bid_volume_2;bid_price_3;bid_volume_3;ask_price_1;ask_volume_1;ask_price_2;ask_volume_2;ask_price_3;ask_volume_3;mid_price;profit_and_loss
-2;0;ASH_COATED_OSMIUM;9992;11;9990;30;;;10008;11;10010;30;;;10000.0;0.0
-2;0;HYDROGEL_PACK;9971;12;9969;25;;;9987;12;9990;25;;;9979.0;0.0
-2;0;INTARIAN_PEPPER_ROOT;12993;9;12990;15;;;13007;9;13010;15;;;13000.0;0.0
-2;0;VELVETFRUIT_EXTRACT;5259;25;;;;;5265;43;;;;;5262.0;0.0
-2;0;VEV_4000;1252;7;1249;30;;;1273;7;1276;30;;;1262.5;0.0
-2;0;VEV_4500;754;8;752;19;;;770;8;772;19;;;762.0;0.0
-2;0;VEV_5000;263;10;;;;;269;8;270;14;;;266.0;0.0
-2;0;VEV_5100;172;27;;;;;177;12;178;23;;;174.5;0.0
-2;0;VEV_5200;100;12;;;;;;;;;;;100.0;0.0
-2;0;VEV_5300;49;19;48;19;;;51;17;;;;;50.0;0.0
-2;0;VEV_5400;;;;;;;;;;;;;0.0;0.0
-2;0;VEV_5500;6;21;;;;;7;18;;;;;6.5;0.0
-2;0;VEV_6000;0;29;;;;;1;29;;;;;0.5;0.0
-2;0;VEV_6500;0;18;;;;;1;18;;;;;0.5;0.0
-2;100;ASH_COATED_OSMIUM;9989;27;;;;;10010;27;;;;;9999.5;0.0
-2;100;HYDROGEL_PACK;9973;11;9970;26;;;9989;11;9991;26;;;9981.0;0.0
-2;100;INTARIAN_PEPPER_ROOT;12993;12;;;;;13007;12;13010;22;;;13000.0;0.0
-2;100;VELVETFRUIT_EXTRACT;5261;22;5260;48;;;5266;63;;;;;5263.5;0.0
-2;100;VEV_4000;1251;12;1248;15;;;1272;12;1274;15;;;1261.5;0.0
-2;100;VEV_4500;753;6;752;19;751;19;769;6;771;19;;;761.0;0.0
-2;100;VEV_5000;263;11;;;;;270;27;;;;;266.5;0.0
-2;100;VEV_5100;171;22;;;;;176;29;177;15;;;173.5;0.0
-2;100;VEV_5200;100;11;;;;;;;;;;;100.0;0.0
-2;100;VEV_5300;49;26;;;;;51;5;;;;;50.0;0.0
-2;100;VEV_5400;16;16;15;19;;;16;17;17;21;;;16.0;0.0
-2;100;VEV_5500;6;20;;;;;7;27;;;;;6.5;0.0
-2;100;VEV_6000;0;24;;;;;1;24;;;;;0.5;0.0
-2;100;VEV_6500;0;13;;;;;1;13;;;;;0.5;0.0
-2;200;ASH_COATED_OSMIUM;9990;27;;;;;10008;10;10011;27;;;9999.0;0.0
-2;200;HYDROGEL_PACK;9974;13;9971;29;;;9990;13;9992;29;;;9982.0;0.0
-2;200;INTARIAN_PEPPER_ROOT;12993;8;12990;24;;;13007;8;;;;;13000.0;0.0
-2;200;VELVETFRUIT_EXTRACT;5262;16;5261;30;;;5267;49;;;;;5264.5;0.0
-2;200;VEV_4000;1250;14;1247;15;;;1271;14;1273;15;;;1260.5;0.0
-2;200;VEV_4500;755;9;753;16;;;773;16;;;;;764.0;0.0
-2;200;VEV_5000;264;10;263;19;;;270;12;271;13;;;267.0;0.0
-2;200;VEV_5100;172;33;;;;;176;21;177;27;;;174.0;0.0
-2;200;VEV_5200;100;28;;;;;102;8;103;20;;;101.0;0.0
-2;200;VEV_5300;49;25;;;;;52;13;;;;;50.5;0.0
-2;200;VEV_5400;16;6;15;25;;;17;21;;;;;16.5;0.0
-2;200;VEV_5500;6;19;;;;;7;22;;;;;6.5;0.0
-2;200;VEV_6000;0;26;;;;;1;26;;;;;0.5;0.0
-2;200;VEV_6500;0;20;;;;;1;20;;;;;0.5;0.0
-2;300;ASH_COATED_OSMIUM;9991;13;9989;25;;;10007;13;;;;;9999.0;0.0
-2;300;HYDROGEL_PACK;9975;12;9972;21;;;9991;12;9993;21;;;9983.0;0.0
-2;300;INTARIAN_PEPPER_ROOT;12993;8;12990;19;;;13007;8;13011;19;;;13000.0;0.0
-2;300;VELVETFRUIT_EXTRACT;5261;19;5260;31;;;5266;49;;;;;5263.5;0.0
-2;300;VEV_4000;1249;8;1247;24;;;1270;8;1273;24;;;1259.5;0.0
-2;300;VEV_4500;757;6;755;16;;;773;6;775;16;;;765.0;0.0
-2;300;VEV_5000;264;7;;;;;270;8;271;16;;;267.0;0.0
-2;300;VEV_5100;170;27;;;;;;;;;;;170.0;0.0
-2;300;VEV_5200;99;29;;;;;103;17;;;;;101.0;0.0
-2;300;VEV_5300;49;27;;;;;51;18;;;;;50.0;0.0
-2;300;VEV_5400;;;;;;;;;;;;;0.0;0.0
-2;300;VEV_5500;6;27;;;;;7;23;;;;;6.5;0.0
-2;300;VEV_6000;0;30;;;;;1;30;;;;;0.5;0.0
-2;300;VEV_6500;0;14;;;;;1;14;;;;;0.5;0.0
-2;400;ASH_COATED_OSMIUM;9992;14;;;;;10010;25;;;;;10001.0;0.0
-2;400;HYDROGEL_PACK;9973;11;9970;29;;;9989;11;9991;29;;;9981.0;0.0
-2;400;INTARIAN_PEPPER_ROOT;12993;10;12990;20;;;13011;20;;;;;13002.0;0.0
-2;400;VELVETFRUIT_EXTRACT;5261;15;5260;53;;;5266;53;;;;;5263.5;0.0
-2;400;VEV_4000;1249;15;1246;24;;;1270;15;1272;24;;;1259.5;0.0
-2;400;VEV_4500;756;7;754;15;;;772;7;774;15;;;764.0;0.0
-2;400;VEV_5000;264;9;263;22;;;270;22;271;18;;;267.0;0.0
-2;400;VEV_5100;169;34;;;;;173;9;;;;;171.0;0.0
-2;400;VEV_5200;;;;;;;102;7;103;27;;;102.0;0.0
-2;400;VEV_5300;50;22;49;21;;;52;19;;;;;51.0;0.0
-2;400;VEV_5400;16;20;15;16;;;16;27;17;22;;;16.0;0.0
-2;400;VEV_5500;6;23;;;;;7;17;;;;;6.5;0.0
-2;400;VEV_6000;0;19;;;;;1;19;;;;;0.5;0.0
-2;400;VEV_6500;0;13;;;;;1;13;;;;;0.5;0.0
-2;500;ASH_COATED_OSMIUM;9990;21;;;;;10008;14;10011;21;;;9999.0;0.0
-2;500;HYDROGEL_PACK;9970;15;9968;30;;;9986;15;9989;30;;;9978.0;0.0
-2;500;INTARIAN_PEPPER_ROOT;12993;10;12990;15;;;13008;10;13011;15;;;13000.5;0.0
-2;500;VELVETFRUIT_EXTRACT;5258;44;;;;;5264;22;5265;46;;;5261.0;0.0
-2;500;VEV_4000;1250;12;1248;15;;;1271;12;1274;15;;;1260.5;0.0
-2;500;VEV_4500;756;7;;;;;772;7;774;13;;;764.0;0.0
-2;500;VEV_5000;264;8;;;;;270;7;271;16;;;267.0;0.0
-2;500;VEV_5100;169;9;168;27;;;;;;;;;169.0;0.0
-2;500;VEV_5200;99;22;;;;;102;8;103;30;;;100.5;0.0
-2;500;VEV_5300;50;26;49;20;;;52;18;53;12;;;51.0;0.0
-2;500;VEV_5400;16;23;;;;;;;;;;;16.0;0.0
-2;500;VEV_5500;6;23;;;;;7;28;;;;;6.5;0.0
-2;500;VEV_6000;0;20;;;;;1;20;;;;;0.5;0.0
-2;500;VEV_6500;0;19;;;;;1;19;;;;;0.5;0.0
-2;600;ASH_COATED_OSMIUM;9989;28;;;;;10008;12;10010;28;;;9998.5;0.0
-2;600;HYDROGEL_PACK;9971;15;9969;27;;;9987;15;9990;27;;;9979.0;0.0
-2;600;INTARIAN_PEPPER_ROOT;12994;10;12990;19;;;13011;19;;;;;13002.5;0.0
-2;600;VELVETFRUIT_EXTRACT;5257;23;;;;;5263;54;;;;;5260.0;0.0
-2;600;VEV_4000;1250;11;1248;18;;;1272;11;1274;18;;;1261.0;0.0
-2;600;VEV_4500;755;7;753;21;;;771;7;773;21;;;763.0;0.0
-2;600;VEV_5000;265;6;264;12;;;271;8;272;15;;;268.0;0.0
-2;600;VEV_5100;167;14;;;;;172;28;173;23;;;169.5;0.0
-2;600;VEV_5200;99;27;;;;;102;7;103;17;;;100.5;0.0
-2;600;VEV_5300;;;;;;;52;24;;;;;52.0;0.0
-2;600;VEV_5400;16;24;16;23;;;18;30;;;;;17.0;0.0
-2;600;VEV_5500;6;25;;;;;7;28;;;;;6.5;0.0
-2;600;VEV_6000;0;21;;;;;1;21;;;;;0.5;0.0
-2;600;VEV_6500;0;16;;;;;1;16;;;;;0.5;0.0
-2;700;ASH_COATED_OSMIUM;9992;14;9990;29;;;10008;14;10011;29;;;10000.0;0.0
-2;700;HYDROGEL_PACK;9969;26;;;;;9988;11;9990;26;;;9978.5;0.0
-2;700;INTARIAN_PEPPER_ROOT;12994;8;12990;25;;;13008;8;13011;25;;;13001.0;0.0
-2;700;VELVETFRUIT_EXTRACT;5258;50;;;;;5264;60;;;;;5261.0;0.0
-2;700;VEV_4000;1252;7;1250;24;;;1273;7;1276;24;;;1262.5;0.0
-2;700;VEV_4500;754;9;752;21;;;770;9;772;21;;;762.0;0.0
-2;700;VEV_5000;264;15;;;;;271;8;272;14;;;267.5;0.0
-2;700;VEV_5100;167;12;166;31;;;172;23;;;;;169.5;0.0
-2;700;VEV_5200;98;29;;;;;101;33;102;22;;;99.5;0.0
-2;700;VEV_5300;51;24;50;12;;;53;5;;;;;52.0;0.0
-2;700;VEV_5400;15;25;;;;;16;21;17;24;;;15.5;0.0
-2;700;VEV_5500;6;23;;;;;7;24;;;;;6.5;0.0
-2;700;VEV_6000;0;25;;;;;1;25;;;;;0.5;0.0
-2;700;VEV_6500;0;14;;;;;1;14;;;;;0.5;0.0
-2;800;ASH_COATED_OSMIUM;9992;13;9989;30;;;10008;13;10010;30;;;10000.0;0.0
-2;800;HYDROGEL_PACK;9972;12;9969;30;;;9988;12;9990;30;;;9980.0;0.0
-2;800;INTARIAN_PEPPER_ROOT;12994;8;12991;18;;;13011;18;;;;;13002.5;0.0
-2;800;VELVETFRUIT_EXTRACT;5257;16;5256;63;;;5262;37;;;;;5259.5;0.0
-2;800;VEV_4000;1254;12;1251;30;;;1275;12;1278;30;;;1264.5;0.0
-2;800;VEV_4500;752;7;750;12;;;768;7;770;12;;;760.0;0.0
-2;800;VEV_5000;263;24;262;15;;;270;23;;;;;266.5;0.0
-2;800;VEV_5100;168;8;167;12;;;172;21;173;21;;;170.0;0.0
-2;800;VEV_5200;98;24;;;;;102;28;;;;;100.0;0.0
-2;800;VEV_5300;51;16;;;;;53;5;;;;;52.0;0.0
-2;800;VEV_5400;16;15;16;24;;;18;28;;;;;17.0;0.0
-2;800;VEV_5500;6;21;;;;;7;12;;;;;6.5;0.0
-2;800;VEV_6000;0;21;;;;;1;21;;;;;0.5;0.0
-2;800;VEV_6500;0;16;;;;;1;16;;;;;0.5;0.0
-2;900;ASH_COATED_OSMIUM;9993;10;9990;28;;;10011;28;;;;;10002.0;0.0
-2;900;HYDROGEL_PACK;9975;14;9972;25;;;9991;14;9993;25;;;9983.0;0.0
-2;900;INTARIAN_PEPPER_ROOT;12994;8;12991;19;;;13011;19;;;;;13002.5;0.0
-2;900;VELVETFRUIT_EXTRACT;5257;25;5256;30;;;5261;25;5262;48;5263;42;5259.0;0.0
-2;900;VEV_4000;1253;7;1251;28;;;1274;7;1277;28;;;1263.5;0.0
-2;900;VEV_4500;752;9;750;13;;;770;13;;;;;761.0;0.0
-2;900;VEV_5000;262;8;261;15;;;268;12;269;20;;;265.0;0.0
-2;900;VEV_5100;168;26;;;;;172;33;173;24;;;170.0;0.0
-2;900;VEV_5200;99;32;;;;;102;27;103;12;;;100.5;0.0
-2;900;VEV_5300;51;24;;;;;53;5;;;;;52.0;0.0
-2;900;VEV_5400;15;20;;;;;17;13;;;;;16.0;0.0
-2;900;VEV_5500;6;23;;;;;7;22;;;;;6.5;0.0
-2;900;VEV_6000;0;22;;;;;1;22;;;;;0.5;0.0
-2;900;VEV_6500;0;15;;;;;1;15;;;;;0.5;0.0
-2;1000;ASH_COATED_OSMIUM;9992;11;9990;20;;;10008;11;10011;20;;;10000.0;0.0
-2;1000;HYDROGEL_PACK;9975;10;9972;25;;;9991;10;9993;25;;;9983.0;0.0
-2;1000;INTARIAN_PEPPER_ROOT;12994;9;12991;18;;;13008;9;13011;18;;;13001.0;0.0
-2;1000;VELVETFRUIT_EXTRACT;5256;52;5256;22;;;5262;52;;;;;5259.0;0.0
-2;1000;VEV_4000;1252;10;1250;15;;;1274;10;1276;15;;;1263.0;0.0
-2;1000;VEV_4500;753;12;751;14;;;769;12;771;14;;;761.0;0.0
-2;1000;VEV_5000;263;12;262;15;;;269;8;270;19;;;266.0;0.0
-2;1000;VEV_5100;169;31;;;;;173;12;174;23;;;171.0;0.0
-2;1000;VEV_5200;100;22;;;;;103;19;;;;;101.5;0.0
-2;1000;VEV_5300;50;15;;;;;52;8;;;;;51.0;0.0
-2;1000;VEV_5400;16;29;15;26;;;17;24;;;;;16.5;0.0
-2;1000;VEV_5500;6;25;;;;;7;24;;;;;6.5;0.0
-2;1000;VEV_6000;0;23;;;;;1;23;;;;;0.5;0.0
-2;1000;VEV_6500;0;15;;;;;1;15;;;;;0.5;0.0
-2;1100;ASH_COATED_OSMIUM;9992;12;9989;22;;;10008;12;10010;22;;;10000.0;0.0
-2;1100;HYDROGEL_PACK;9977;13;9975;29;;;9993;13;9995;29;;;9985.0;0.0
-2;1100;INTARIAN_PEPPER_ROOT;12994;8;12991;15;;;13008;8;;;;;13001.0;0.0
-2;1100;VELVETFRUIT_EXTRACT;5255;33;;;;;5261;59;;;;;5258.0;0.0
-2;1100;VEV_4000;1253;7;1251;25;;;1275;7;1277;25;;;1264.0;0.0
-2;1100;VEV_4500;754;11;752;13;;;770;11;772;13;;;762.0;0.0
-2;1100;VEV_5000;263;10;262;13;;;269;8;;;;;266.0;0.0
-2;1100;VEV_5100;169;6;168;18;;;173;21;174;15;;;171.0;0.0
-2;1100;VEV_5200;;;;;;;104;20;;;;;104.0;0.0
-2;1100;VEV_5300;50;17;49;21;;;53;23;;;;;51.5;0.0
-2;1100;VEV_5400;15;22;;;;;;;;;;;15.0;0.0
-2;1100;VEV_5500;6;26;;;;;7;26;;;;;6.5;0.0
-2;1100;VEV_6000;0;19;;;;;1;19;;;;;0.5;0.0
-2;1100;VEV_6500;0;16;;;;;1;16;;;;;0.5;0.0
-2;1200;ASH_COATED_OSMIUM;9992;13;;;;;10008;13;10010;24;;;10000.0;0.0
-2;1200;HYDROGEL_PACK;9980;13;9977;25;;;9996;13;9998;25;;;9988.0;0.0
-2;1200;INTARIAN_PEPPER_ROOT;12994;11;12991;20;;;13008;11;;;;;13001.0;0.0
-2;1200;VELVETFRUIT_EXTRACT;5255;43;;;;;5261;67;;;;;5258.0;0.0
-2;1200;VEV_4000;1254;15;1252;16;;;1275;15;1278;16;;;1264.5;0.0
-2;1200;VEV_4500;753;8;751;23;;;769;8;770;9;771;23;761.0;0.0
-2;1200;VEV_5000;263;10;262;20;;;269;8;;;;;266.0;0.0
-2;1200;VEV_5100;168;11;167;35;;;172;9;173;13;;;170.0;0.0
-2;1200;VEV_5200;100;29;;;;;104;20;;;;;102.0;0.0
-2;1200;VEV_5300;50;22;;;;;52;19;;;;;51.0;0.0
-2;1200;VEV_5400;;;;;;;17;20;;;;;17.0;0.0
-2;1200;VEV_5500;6;22;;;;;7;22;;;;;6.5;0.0
-2;1200;VEV_6000;0;20;;;;;1;20;;;;;0.5;0.0
-2;1200;VEV_6500;0;18;;;;;1;18;;;;;0.5;0.0
-2;1300;ASH_COATED_OSMIUM;9992;13;9989;28;;;10008;13;10010;28;;;10000.0;0.0
-2;1300;HYDROGEL_PACK;9981;14;9979;25;;;9997;14;10000;25;;;9989.0;0.0
-2;1300;INTARIAN_PEPPER_ROOT;12994;12;12991;21;;;;;;;;;12994.0;0.0
-2;1300;VELVETFRUIT_EXTRACT;5255;57;;;;;5261;32;;;;;5258.0;0.0
-2;1300;VEV_4000;1255;12;1252;24;;;1276;12;1278;24;;;1265.5;0.0
-2;1300;VEV_4500;752;12;750;23;;;768;12;770;23;;;760.0;0.0
-2;1300;VEV_5000;264;10;;;;;270;9;271;19;;;267.0;0.0
-2;1300;VEV_5100;167;19;166;30;;;171;6;;;;;169.0;0.0
-2;1300;VEV_5200;100;12;;;;;104;27;;;;;102.0;0.0
-2;1300;VEV_5300;;;;;;;52;23;;;;;52.0;0.0
-2;1300;VEV_5400;16;6;15;18;;;16;17;;;;;16.0;0.0
-2;1300;VEV_5500;6;22;;;;;7;17;;;;;6.5;0.0
-2;1300;VEV_6000;0;29;;;;;1;29;;;;;0.5;0.0
-2;1300;VEV_6500;0;17;;;;;1;17;;;;;0.5;0.0
-2;1400;ASH_COATED_OSMIUM;9991;14;9989;23;;;10007;14;10010;23;;;9999.0;0.0
-2;1400;HYDROGEL_PACK;9979;11;9977;28;;;9995;11;9998;28;;;9987.0;0.0
-2;1400;INTARIAN_PEPPER_ROOT;12994;11;;;;;;;;;;;12994.0;0.0
-2;1400;VELVETFRUIT_EXTRACT;5254;71;;;;;5260;54;;;;;5257.0;0.0
-2;1400;VEV_4000;1254;9;1252;18;;;1275;9;1278;18;;;1264.5;0.0
-2;1400;VEV_4500;752;11;750;15;;;768;11;769;10;770;15;760.0;0.0
-2;1400;VEV_5000;263;10;262;13;;;269;10;270;15;;;266.0;0.0
-2;1400;VEV_5100;168;9;167;23;;;172;31;173;26;;;170.0;0.0
-2;1400;VEV_5200;101;10;;;;;103;12;;;;;102.0;0.0
-2;1400;VEV_5300;50;8;;;;;52;27;;;;;51.0;0.0
-2;1400;VEV_5400;15;16;15;26;;;16;30;17;25;;;15.5;0.0
-2;1400;VEV_5500;6;25;;;;;7;22;;;;;6.5;0.0
-2;1400;VEV_6000;0;19;;;;;1;19;;;;;0.5;0.0
-2;1400;VEV_6500;0;13;;;;;1;13;;;;;0.5;0.0
-2;1500;ASH_COATED_OSMIUM;9991;14;;;;;10010;27;;;;;10000.5;0.0
-2;1500;HYDROGEL_PACK;9976;25;;;;;9995;14;9997;25;;;9985.5;0.0
-2;1500;INTARIAN_PEPPER_ROOT;13005;8;12994;8;12991;16;;;;;;;13005.0;0.0
-2;1500;VELVETFRUIT_EXTRACT;5255;24;5254;37;5254;34;5260;37;;;;;5257.5;0.0
-2;1500;VEV_4000;1256;10;1253;16;;;1277;10;1279;16;;;1266.5;0.0
-2;1500;VEV_4500;751;22;;;;;769;8;771;22;;;760.0;0.0
-2;1500;VEV_5000;263;12;262;24;;;269;8;270;12;;;266.0;0.0
-2;1500;VEV_5100;168;24;167;14;;;173;21;;;;;170.5;0.0
-2;1500;VEV_5200;100;28;;;;;;;;;;;100.0;0.0
-2;1500;VEV_5300;50;22;49;21;;;52;20;53;22;;;51.0;0.0
-2;1500;VEV_5400;15;25;;;;;17;21;;;;;16.0;0.0
-2;1500;VEV_5500;6;25;;;;;7;19;;;;;6.5;0.0
-2;1500;VEV_6000;0;25;;;;;1;25;;;;;0.5;0.0
-2;1500;VEV_6500;0;14;;;;;1;14;;;;;0.5;0.0
-2;1600;ASH_COATED_OSMIUM;9991;14;9989;29;;;10007;14;10010;29;;;9999.0;0.0
-2;1600;HYDROGEL_PACK;9981;11;9979;27;;;9997;11;10000;27;;;9989.0;0.0
-2;1600;INTARIAN_PEPPER_ROOT;12995;12;12991;24;;;13009;12;13012;24;;;13002.0;0.0
-2;1600;VELVETFRUIT_EXTRACT;5253;47;5253;48;;;5259;47;;;;;5256.0;0.0
-2;1600;VEV_4000;1255;8;1253;27;;;1277;8;1279;27;;;1266.0;0.0
-2;1600;VEV_4500;754;8;753;6;752;15;771;18;773;15;;;762.5;0.0
-2;1600;VEV_5000;264;12;263;24;;;270;11;271;27;;;267.0;0.0
-2;1600;VEV_5100;169;10;168;29;;;173;9;174;21;;;171.0;0.0
-2;1600;VEV_5200;102;34;101;21;;;104;9;105;13;;;103.0;0.0
-2;1600;VEV_5300;50;29;;;;;52;20;;;;;51.0;0.0
-2;1600;VEV_5400;16;23;15;22;;;17;20;;;;;16.5;0.0
-2;1600;VEV_5500;6;21;;;;;7;16;;;;;6.5;0.0
-2;1600;VEV_6000;0;24;;;;;1;24;;;;;0.5;0.0
-2;1600;VEV_6500;0;18;;;;;1;18;;;;;0.5;0.0
-2;1700;ASH_COATED_OSMIUM;9989;25;;;;;9996;8;10007;15;10010;25;9992.5;0.0
-2;1700;HYDROGEL_PACK;9981;10;9979;23;;;9997;10;10000;23;;;9989.0;0.0
-2;1700;INTARIAN_PEPPER_ROOT;12995;9;12991;22;;;;;;;;;12995.0;0.0
-2;1700;VELVETFRUIT_EXTRACT;5254;53;;;;;5260;54;;;;;5257.0;0.0
-2;1700;VEV_4000;1256;12;1253;30;;;1277;12;1280;30;;;1266.5;0.0
-2;1700;VEV_4500;755;9;753;16;;;771;9;773;16;;;763.0;0.0
-2;1700;VEV_5000;264;7;263;19;;;271;13;;;;;267.5;0.0
-2;1700;VEV_5100;168;9;;;;;172;8;173;15;;;170.0;0.0
-2;1700;VEV_5200;101;31;;;;;105;29;;;;;103.0;0.0
-2;1700;VEV_5300;50;24;49;16;;;52;7;53;12;;;51.0;0.0
-2;1700;VEV_5400;15;23;;;;;17;20;;;;;16.0;0.0
-2;1700;VEV_5500;6;29;;;;;7;20;;;;;6.5;0.0
-2;1700;VEV_6000;0;22;;;;;1;22;;;;;0.5;0.0
-2;1700;VEV_6500;0;15;;;;;1;15;;;;;0.5;0.0
-2;1800;ASH_COATED_OSMIUM;9991;11;9989;21;;;10010;21;;;;;10000.5;0.0
-2;1800;HYDROGEL_PACK;9981;12;9978;25;;;9997;12;9999;25;;;9989.0;0.0
-2;1800;INTARIAN_PEPPER_ROOT;12995;11;;;;;13009;11;13012;25;;;13002.0;0.0
-2;1800;VELVETFRUIT_EXTRACT;5255;32;5255;20;;;5261;33;;;;;5258.0;0.0
-2;1800;VEV_4000;1254;8;1252;15;;;1276;8;1278;15;;;1265.0;0.0
-2;1800;VEV_4500;755;11;753;16;;;771;11;773;16;;;763.0;0.0
-2;1800;VEV_5000;265;12;;;;;271;8;272;18;;;268.0;0.0
-2;1800;VEV_5100;168;27;167;33;;;173;21;;;;;170.5;0.0
-2;1800;VEV_5200;101;28;;;;;104;22;105;29;;;102.5;0.0
-2;1800;VEV_5300;50;24;;;;;52;19;;;;;51.0;0.0
-2;1800;VEV_5400;15;20;15;16;;;17;24;;;;;16.0;0.0
-2;1800;VEV_5500;6;29;;;;;7;21;;;;;6.5;0.0
-2;1800;VEV_6000;0;24;;;;;1;24;;;;;0.5;0.0
-2;1800;VEV_6500;0;17;;;;;1;17;;;;;0.5;0.0
-2;1900;ASH_COATED_OSMIUM;9991;12;9989;22;;;10007;12;10010;22;;;9999.0;0.0
-2;1900;HYDROGEL_PACK;9980;12;9978;22;;;9996;12;9998;22;;;9988.0;0.0
-2;1900;INTARIAN_PEPPER_ROOT;12995;10;12992;18;;;13009;10;;;;;13002.0;0.0
-2;1900;VELVETFRUIT_EXTRACT;5254;37;5254;23;;;5259;23;5260;53;;;5256.5;0.0
-2;1900;VEV_4000;1254;10;1252;25;;;1276;10;1278;25;;;1265.0;0.0
-2;1900;VEV_4500;756;7;;;;;772;7;774;12;;;764.0;0.0
-2;1900;VEV_5000;265;8;264;27;;;271;34;;;;;268.0;0.0
-2;1900;VEV_5100;169;25;;;;;173;6;174;20;;;171.0;0.0
-2;1900;VEV_5200;103;8;102;15;;;105;8;106;23;;;104.0;0.0
-2;1900;VEV_5300;50;30;;;;;52;28;;;;;51.0;0.0
-2;1900;VEV_5400;15;24;;;;;17;10;;;;;16.0;0.0
-2;1900;VEV_5500;6;15;;;;;7;22;;;;;6.5;0.0
-2;1900;VEV_6000;0;20;;;;;1;20;;;;;0.5;0.0
-2;1900;VEV_6500;0;15;;;;;1;15;;;;;0.5;0.0
-2;2000;ASH_COATED_OSMIUM;9991;15;;;;;10007;15;10010;25;;;9999.0;0.0
-2;2000;HYDROGEL_PACK;9976;10;9974;23;;;9992;10;9995;23;;;9984.0;0.0
-2;2000;INTARIAN_PEPPER_ROOT;12992;21;;;;;13009;9;;;;;13000.5;0.0
-2;2000;VELVETFRUIT_EXTRACT;5255;16;5254;65;;;5259;16;5260;54;5261;48;5257.0;0.0
-2;2000;VEV_4000;1255;7;1252;27;;;1276;7;1279;27;;;1265.5;0.0
-2;2000;VEV_4500;757;9;756;6;755;14;773;9;775;14;;;765.0;0.0
-2;2000;VEV_5000;264;8;263;19;;;270;10;;;;;267.0;0.0
-2;2000;VEV_5100;169;7;168;23;;;173;8;174;17;;;171.0;0.0
-2;2000;VEV_5200;103;10;;;;;106;22;;;;;104.5;0.0
-2;2000;VEV_5300;50;23;;;;;52;20;53;21;;;51.0;0.0
-2;2000;VEV_5400;;;;;;;17;24;;;;;17.0;0.0
-2;2000;VEV_5500;6;23;;;;;7;18;;;;;6.5;0.0
-2;2000;VEV_6000;0;25;;;;;1;25;;;;;0.5;0.0
-2;2000;VEV_6500;0;17;;;;;1;17;;;;;0.5;0.0
-2;2100;ASH_COATED_OSMIUM;9991;11;;;;;10007;11;10010;25;;;9999.0;0.0
-2;2100;HYDROGEL_PACK;9978;12;9976;25;;;9994;12;9997;25;;;9986.0;0.0
-2;2100;INTARIAN_PEPPER_ROOT;12995;10;12992;21;;;13009;10;13012;21;;;13002.0;0.0
-2;2100;VELVETFRUIT_EXTRACT;5254;21;5253;38;5253;24;5258;21;5259;60;;;5256.0;0.0
-2;2100;VEV_4000;1255;9;1253;29;;;1276;9;1279;29;;;1265.5;0.0
-2;2100;VEV_4500;757;7;755;12;;;773;7;776;12;;;765.0;0.0
-2;2100;VEV_5000;264;16;;;;;271;26;;;;;267.5;0.0
-2;2100;VEV_5100;169;11;168;17;;;173;8;174;29;;;171.0;0.0
-2;2100;VEV_5200;102;30;;;;;105;9;106;24;;;103.5;0.0
-2;2100;VEV_5300;50;7;;;;;52;22;;;;;51.0;0.0
-2;2100;VEV_5400;15;25;;;;;17;24;;;;;16.0;0.0
-2;2100;VEV_5500;6;25;;;;;7;23;;;;;6.5;0.0
-2;2100;VEV_6000;0;25;;;;;1;25;;;;;0.5;0.0
-2;2100;VEV_6500;0;18;;;;;1;18;;;;;0.5;0.0
-2;2200;ASH_COATED_OSMIUM;9991;10;9988;27;;;10001;1;10007;10;10009;27;9996.0;0.0
-2;2200;HYDROGEL_PACK;9980;14;9978;28;;;9996;14;9999;28;;;9988.0;0.0
-2;2200;INTARIAN_PEPPER_ROOT;12992;19;;;;;13009;9;13012;19;;;13000.5;0.0
-2;2200;VELVETFRUIT_EXTRACT;5252;60;;;;;5257;15;5258;54;;;5254.5;0.0
-2;2200;VEV_4000;1254;10;1251;15;;;1275;10;1277;15;;;1264.5;0.0
-2;2200;VEV_4500;757;12;755;16;;;773;12;775;16;;;765.0;0.0
-2;2200;VEV_5000;265;8;264;14;;;271;12;272;12;;;268.0;0.0
-2;2200;VEV_5100;168;14;;;;;173;12;174;17;;;170.5;0.0
-2;2200;VEV_5200;102;33;;;;;106;26;;;;;104.0;0.0
-2;2200;VEV_5300;50;22;;;;;52;23;53;10;;;51.0;0.0
-2;2200;VEV_5400;15;25;;;;;17;25;;;;;16.0;0.0
-2;2200;VEV_5500;6;22;;;;;7;20;;;;;6.5;0.0
-2;2200;VEV_6000;0;25;;;;;1;25;;;;;0.5;0.0
-2;2200;VEV_6500;0;25;;;;;1;25;;;;;0.5;0.0
-2;2300;ASH_COATED_OSMIUM;9991;14;9988;24;;;10009;24;;;;;10000.0;0.0
-2;2300;HYDROGEL_PACK;9979;10;9977;20;;;9995;10;9997;20;;;9987.0;0.0
-2;2300;INTARIAN_PEPPER_ROOT;12995;10;12992;24;;;13009;10;13013;24;;;13002.0;0.0
-2;2300;VELVETFRUIT_EXTRACT;5253;18;5252;54;;;5257;18;5258;55;5259;36;5255.0;0.0
-2;2300;VEV_4000;1254;9;1252;25;;;1276;9;1278;25;;;1265.0;0.0
-2;2300;VEV_4500;756;7;755;23;;;773;8;775;23;;;764.5;0.0
-2;2300;VEV_5000;265;23;264;13;;;271;23;272;19;;;268.0;0.0
-2;2300;VEV_5100;170;27;169;22;;;174;8;;;;;172.0;0.0
-2;2300;VEV_5200;103;15;;;;;106;21;107;32;;;104.5;0.0
-2;2300;VEV_5300;51;17;50;22;;;53;26;;;;;52.0;0.0
-2;2300;VEV_5400;16;29;15;19;;;16;19;17;19;;;16.0;0.0
-2;2300;VEV_5500;6;27;;;;;7;23;;;;;6.5;0.0
-2;2300;VEV_6000;0;21;;;;;1;21;;;;;0.5;0.0
-2;2300;VEV_6500;0;17;;;;;1;17;;;;;0.5;0.0
-2;2400;ASH_COATED_OSMIUM;9991;15;9988;30;;;10009;30;;;;;10000.0;0.0
-2;2400;HYDROGEL_PACK;9975;14;9973;20;;;9991;14;9994;20;;;9983.0;0.0
-2;2400;INTARIAN_PEPPER_ROOT;12995;10;12992;18;;;13009;10;13013;18;;;13002.0;0.0
-2;2400;VELVETFRUIT_EXTRACT;5253;69;;;;;5258;18;5259;47;;;5255.5;0.0
-2;2400;VEV_4000;1253;10;1251;19;;;1274;10;1277;19;;;1263.5;0.0
-2;2400;VEV_4500;757;8;755;22;;;773;8;775;22;;;765.0;0.0
-2;2400;VEV_5000;266;31;265;17;;;273;20;;;;;269.5;0.0
-2;2400;VEV_5100;170;30;169;18;;;175;23;;;;;172.5;0.0
-2;2400;VEV_5200;103;5;102;13;;;105;11;;;;;104.0;0.0
-2;2400;VEV_5300;;;;;;;52;26;;;;;52.0;0.0
-2;2400;VEV_5400;16;3;15;30;;;17;26;;;;;16.5;0.0
-2;2400;VEV_5500;6;19;;;;;7;25;;;;;6.5;0.0
-2;2400;VEV_6000;0;29;;;;;1;29;;;;;0.5;0.0
-2;2400;VEV_6500;0;15;;;;;1;15;;;;;0.5;0.0
-2;2500;ASH_COATED_OSMIUM;9991;13;9989;22;;;10007;13;10010;22;;;9999.0;0.0
-2;2500;HYDROGEL_PACK;9976;11;9974;30;;;9992;11;9994;30;;;9984.0;0.0
-2;2500;INTARIAN_PEPPER_ROOT;12995;10;12992;19;;;13010;10;;;;;13002.5;0.0
-2;2500;VELVETFRUIT_EXTRACT;5253;16;5252;34;;;5258;24;;;;;5255.5;0.0
-2;2500;VEV_4000;1253;8;1251;21;;;1275;8;1277;21;;;1264.0;0.0
-2;2500;VEV_4500;756;19;;;;;774;12;776;19;;;765.0;0.0
-2;2500;VEV_5000;266;27;265;20;;;272;6;273;21;;;269.0;0.0
-2;2500;VEV_5100;170;20;169;24;;;174;27;175;21;;;172.0;0.0
-2;2500;VEV_5200;103;25;102;29;;;105;8;;;;;104.0;0.0
-2;2500;VEV_5300;51;23;50;15;;;53;26;54;16;;;52.0;0.0
-2;2500;VEV_5400;15;15;;;;;17;21;;;;;16.0;0.0
-2;2500;VEV_5500;6;22;;;;;7;23;;;;;6.5;0.0
-2;2500;VEV_6000;0;18;;;;;1;18;;;;;0.5;0.0
-2;2500;VEV_6500;0;18;;;;;1;18;;;;;0.5;0.0
-2;2600;ASH_COATED_OSMIUM;9989;29;;;;;10007;15;10010;29;;;9998.0;0.0
-2;2600;HYDROGEL_PACK;9976;12;9974;30;;;9992;12;9995;30;;;9984.0;0.0
-2;2600;INTARIAN_PEPPER_ROOT;12992;25;;;;;13010;11;13013;25;;;13001.0;0.0
-2;2600;VELVETFRUIT_EXTRACT;5251;19;5251;22;;;5256;22;5257;49;;;5253.5;0.0
-2;2600;VEV_4000;1254;12;1252;28;;;1275;12;1278;28;;;1264.5;0.0
-2;2600;VEV_4500;756;14;;;;;776;14;;;;;766.0;0.0
-2;2600;VEV_5000;265;9;264;30;;;271;8;272;26;;;268.0;0.0
-2;2600;VEV_5100;169;26;;;;;175;24;;;;;172.0;0.0
-2;2600;VEV_5200;102;17;;;;;105;7;;;;;103.5;0.0
-2;2600;VEV_5300;51;10;;;;;53;22;;;;;52.0;0.0
-2;2600;VEV_5400;15;24;;;;;17;13;;;;;16.0;0.0
-2;2600;VEV_5500;6;21;;;;;7;19;;;;;6.5;0.0
-2;2600;VEV_6000;0;19;;;;;1;19;;;;;0.5;0.0
-2;2600;VEV_6500;0;12;;;;;1;12;;;;;0.5;0.0
-2;2700;ASH_COATED_OSMIUM;9991;10;9989;23;;;10007;10;10010;23;;;9999.0;0.0
-2;2700;HYDROGEL_PACK;9976;11;9973;26;;;9992;11;9994;26;;;9984.0;0.0
-2;2700;INTARIAN_PEPPER_ROOT;12996;11;12992;23;;;13010;11;13013;23;;;13003.0;0.0
-2;2700;VELVETFRUIT_EXTRACT;5251;67;;;;;5256;17;5257;33;;;5253.5;0.0
-2;2700;VEV_4000;1254;9;1252;21;;;1276;9;1278;21;;;1265.0;0.0
-2;2700;VEV_4500;758;10;756;18;;;774;10;776;18;;;766.0;0.0
-2;2700;VEV_5000;265;10;264;14;;;271;6;272;22;;;268.0;0.0
-2;2700;VEV_5100;168;11;167;14;;;173;19;;;;;170.5;0.0
-2;2700;VEV_5200;103;7;102;31;;;105;26;106;22;;;104.0;0.0
-2;2700;VEV_5300;51;22;;;;;53;18;;;;;52.0;0.0
-2;2700;VEV_5400;15;21;;;;;16;19;;;;;15.5;0.0
-2;2700;VEV_5500;6;24;;;;;7;23;;;;;6.5;0.0
-2;2700;VEV_6000;0;25;;;;;1;25;;;;;0.5;0.0
-2;2700;VEV_6500;0;20;;;;;1;20;;;;;0.5;0.0
-2;2800;ASH_COATED_OSMIUM;9988;29;;;;;10007;10;10009;29;;;9997.5;0.0
-2;2800;HYDROGEL_PACK;9974;15;9972;20;;;9990;15;9993;20;;;9982.0;0.0
-2;2800;INTARIAN_PEPPER_ROOT;12996;11;12993;22;;;13010;11;;;;;13003.0;0.0
-2;2800;VELVETFRUIT_EXTRACT;5251;39;5251;17;;;5257;66;;;;;5254.0;0.0
-2;2800;VEV_4000;1255;12;1253;19;;;1277;12;1279;19;;;1266.0;0.0
-2;2800;VEV_4500;758;11;757;10;756;14;774;11;776;14;;;766.0;0.0
-2;2800;VEV_5000;266;9;265;14;;;272;29;273;23;;;269.0;0.0
-2;2800;VEV_5100;168;12;167;24;;;172;6;173;22;;;170.0;0.0
-2;2800;VEV_5200;102;12;;;;;105;8;;;;;103.5;0.0
-2;2800;VEV_5300;51;23;;;;;53;28;;;;;52.0;0.0
-2;2800;VEV_5400;15;24;;;;;17;22;;;;;16.0;0.0
-2;2800;VEV_5500;6;23;;;;;7;19;;;;;6.5;0.0
-2;2800;VEV_6000;0;19;;;;;1;19;;;;;0.5;0.0
-2;2800;VEV_6500;0;17;;;;;1;17;;;;;0.5;0.0
-2;2900;ASH_COATED_OSMIUM;9990;14;9988;26;;;10006;14;10009;26;;;9998.0;0.0
-2;2900;HYDROGEL_PACK;9977;15;9975;24;;;9993;15;9996;24;;;9985.0;0.0
-2;2900;INTARIAN_PEPPER_ROOT;12996;9;;;;;13010;9;13013;24;;;13003.0;0.0
-2;2900;VELVETFRUIT_EXTRACT;5250;53;5250;22;5249;33;5255;22;5256;69;;;5252.5;0.0
-2;2900;VEV_4000;1256;14;1254;19;;;1278;14;1280;19;;;1267.0;0.0
-2;2900;VEV_4500;757;6;755;19;;;773;6;775;19;;;765.0;0.0
-2;2900;VEV_5000;265;21;;;;;272;10;273;20;;;268.5;0.0
-2;2900;VEV_5100;167;22;;;;;172;11;;;;;169.5;0.0
-2;2900;VEV_5200;102;25;;;;;105;29;;;;;103.5;0.0
-2;2900;VEV_5300;51;19;50;13;;;;;;;;;51.0;0.0
-2;2900;VEV_5400;16;26;15;27;;;16;17;17;22;;;16.0;0.0
-2;2900;VEV_5500;6;25;;;;;7;23;;;;;6.5;0.0
-2;2900;VEV_6000;0;22;;;;;1;22;;;;;0.5;0.0
-2;2900;VEV_6500;0;19;;;;;1;19;;;;;0.5;0.0
-2;3000;ASH_COATED_OSMIUM;9990;13;9988;28;;;10006;13;10009;28;;;9998.0;0.0
-2;3000;HYDROGEL_PACK;9981;15;9978;25;;;9997;15;9999;25;;;9989.0;0.0
-2;3000;INTARIAN_PEPPER_ROOT;12996;9;12993;15;;;13010;9;13013;15;;;13003.0;0.0
-2;3000;VELVETFRUIT_EXTRACT;5252;21;5251;37;;;5256;21;5257;33;;;5254.0;0.0
-2;3000;VEV_4000;1256;7;1253;25;;;1277;7;1280;25;;;1266.5;0.0
-2;3000;VEV_4500;756;11;755;6;754;23;772;11;774;23;;;764.0;0.0
-2;3000;VEV_5000;266;7;;;;;273;15;;;;;269.5;0.0
-2;3000;VEV_5100;168;27;167;13;;;;;;;;;168.0;0.0
-2;3000;VEV_5200;101;19;;;;;104;9;105;20;;;102.5;0.0
-2;3000;VEV_5300;;;;;;;53;19;;;;;53.0;0.0
-2;3000;VEV_5400;16;19;15;16;;;17;26;;;;;16.5;0.0
-2;3000;VEV_5500;6;25;;;;;7;24;;;;;6.5;0.0
-2;3000;VEV_6000;0;18;;;;;1;18;;;;;0.5;0.0
-2;3000;VEV_6500;0;17;;;;;1;17;;;;;0.5;0.0
-2;3100;ASH_COATED_OSMIUM;9990;10;;;;;10006;10;;;;;9998.0;0.0
-2;3100;HYDROGEL_PACK;9978;11;9976;30;;;9994;11;9997;30;;;9986.0;0.0
-2;3100;INTARIAN_PEPPER_ROOT;12993;15;;;;;13010;10;13013;15;;;13001.5;0.0
-2;3100;VELVETFRUIT_EXTRACT;5251;43;5251;56;;;5256;15;5257;50;;;5253.5;0.0
-2;3100;VEV_4000;1255;9;1253;24;;;1276;9;1279;24;;;1265.5;0.0
-2;3100;VEV_4500;757;12;755;15;;;773;12;775;15;;;765.0;0.0
-2;3100;VEV_5000;267;6;;;;;273;9;274;14;;;270.0;0.0
-2;3100;VEV_5100;167;12;;;;;172;9;;;;;169.5;0.0
-2;3100;VEV_5200;101;27;;;;;;;;;;;101.0;0.0
-2;3100;VEV_5300;52;21;;;;;54;15;;;;;53.0;0.0
-2;3100;VEV_5400;15;25;;;;;16;25;17;18;;;15.5;0.0
-2;3100;VEV_5500;6;21;;;;;7;22;;;;;6.5;0.0
-2;3100;VEV_6000;0;25;;;;;1;25;;;;;0.5;0.0
-2;3100;VEV_6500;0;15;;;;;1;15;;;;;0.5;0.0
-2;3200;ASH_COATED_OSMIUM;;;;;;;10006;10;10008;29;;;10006.0;0.0
-2;3200;HYDROGEL_PACK;9979;12;9976;29;;;9995;12;9997;29;;;9987.0;0.0
-2;3200;INTARIAN_PEPPER_ROOT;12996;11;12993;19;;;13010;11;;;;;13003.0;0.0
-2;3200;VELVETFRUIT_EXTRACT;5250;15;5249;46;;;5254;15;5255;55;;;5252.0;0.0
-2;3200;VEV_4000;1254;11;1251;30;;;1275;11;1278;30;;;1264.5;0.0
-2;3200;VEV_4500;759;12;757;24;;;775;12;777;24;;;767.0;0.0
-2;3200;VEV_5000;265;19;;;;;272;10;273;12;;;268.5;0.0
-2;3200;VEV_5100;167;11;166;17;;;171;23;172;27;;;169.0;0.0
-2;3200;VEV_5200;103;22;102;24;;;106;24;;;;;104.5;0.0
-2;3200;VEV_5300;;;;;;;54;20;;;;;54.0;0.0
-2;3200;VEV_5400;15;22;;;;;;;;;;;15.0;0.0
-2;3200;VEV_5500;6;19;;;;;7;27;;;;;6.5;0.0
-2;3200;VEV_6000;0;22;;;;;1;22;;;;;0.5;0.0
-2;3200;VEV_6500;0;14;;;;;1;14;;;;;0.5;0.0
-2;3300;ASH_COATED_OSMIUM;9988;26;;;;;10007;15;;;;;9997.5;0.0
-2;3300;HYDROGEL_PACK;9980;15;9978;24;;;9996;15;9999;24;;;9988.0;0.0
-2;3300;INTARIAN_PEPPER_ROOT;12996;8;;;;;13010;8;13014;20;;;13003.0;0.0
-2;3300;VELVETFRUIT_EXTRACT;5250;44;;;;;5256;36;;;;;5253.0;0.0
-2;3300;VEV_4000;1254;13;1251;27;;;1275;13;1278;27;;;1264.5;0.0
-2;3300;VEV_4500;760;7;758;13;;;778;13;;;;;769.0;0.0
-2;3300;VEV_5000;266;11;265;21;;;272;10;273;17;;;269.0;0.0
-2;3300;VEV_5100;168;24;;;;;172;12;173;14;;;170.0;0.0
-2;3300;VEV_5200;;;;;;;105;23;;;;;105.0;0.0
-2;3300;VEV_5300;;;;;;;55;25;;;;;55.0;0.0
-2;3300;VEV_5400;15;8;;;;;17;23;;;;;16.0;0.0
-2;3300;VEV_5500;6;22;;;;;7;25;;;;;6.5;0.0
-2;3300;VEV_6000;0;22;;;;;1;22;;;;;0.5;0.0
-2;3300;VEV_6500;0;13;;;;;1;13;;;;;0.5;0.0
-2;3400;ASH_COATED_OSMIUM;9990;13;9988;27;;;10006;13;10009;27;;;9998.0;0.0
-2;3400;HYDROGEL_PACK;9983;15;9981;21;;;9999;15;10002;21;;;9991.0;0.0
-2;3400;INTARIAN_PEPPER_ROOT;12996;10;12993;25;;;13010;10;13014;25;;;13003.0;0.0
-2;3400;VELVETFRUIT_EXTRACT;5252;22;5251;30;5251;49;5256;22;5257;41;;;5254.0;0.0
-2;3400;VEV_4000;1254;11;1251;21;;;1275;11;1278;21;;;1264.5;0.0
-2;3400;VEV_4500;761;12;759;18;;;777;12;779;18;;;769.0;0.0
-2;3400;VEV_5000;265;10;;;;;271;6;;;;;268.0;0.0
-2;3400;VEV_5100;167;19;;;;;172;10;173;21;;;169.5;0.0
-2;3400;VEV_5200;101;32;;;;;105;25;;;;;103.0;0.0
-2;3400;VEV_5300;53;29;;;;;55;29;;;;;54.0;0.0
-2;3400;VEV_5400;15;21;;;;;17;22;;;;;16.0;0.0
-2;3400;VEV_5500;6;19;;;;;7;18;;;;;6.5;0.0
-2;3400;VEV_6000;0;28;;;;;1;28;;;;;0.5;0.0
-2;3400;VEV_6500;0;15;;;;;1;15;;;;;0.5;0.0
-2;3500;ASH_COATED_OSMIUM;9991;12;9988;26;;;10007;12;;;;;9999.0;0.0
-2;3500;HYDROGEL_PACK;9984;11;9982;23;;;10000;11;10003;23;;;9992.0;0.0
-2;3500;INTARIAN_PEPPER_ROOT;12993;23;;;;;13011;12;13014;23;;;13002.0;0.0
-2;3500;VELVETFRUIT_EXTRACT;5251;23;;;;;5257;67;;;;;5254.0;0.0
-2;3500;VEV_4000;1255;10;1252;23;;;1276;10;1279;23;;;1265.5;0.0
-2;3500;VEV_4500;760;8;758;14;;;776;8;777;8;778;14;768.0;0.0
-2;3500;VEV_5000;265;6;264;17;;;271;9;272;13;;;268.0;0.0
-2;3500;VEV_5100;169;9;;;;;173;34;174;14;;;171.0;0.0
-2;3500;VEV_5200;102;34;101;22;;;104;7;105;22;;;103.0;0.0
-2;3500;VEV_5300;;;;;;;56;28;;;;;56.0;0.0
-2;3500;VEV_5400;16;18;;;;;17;15;;;;;16.5;0.0
-2;3500;VEV_5500;6;22;;;;;7;24;;;;;6.5;0.0
-2;3500;VEV_6000;0;22;;;;;1;22;;;;;0.5;0.0
-2;3500;VEV_6500;0;18;;;;;1;18;;;;;0.5;0.0
-2;3600;ASH_COATED_OSMIUM;9990;15;9988;26;;;10006;15;10009;26;;;9998.0;0.0
-2;3600;HYDROGEL_PACK;9986;15;9983;30;;;10002;15;10004;30;;;9994.0;0.0
-2;3600;INTARIAN_PEPPER_ROOT;12997;8;12993;24;;;13014;24;;;;;13005.5;0.0
-2;3600;VELVETFRUIT_EXTRACT;5251;58;;;;;5256;15;5257;32;;;5253.5;0.0
-2;3600;VEV_4000;1253;8;1251;24;;;1274;8;1277;24;;;1263.5;0.0
-2;3600;VEV_4500;760;8;758;19;;;776;8;778;19;;;768.0;0.0
-2;3600;VEV_5000;265;30;264;15;;;271;7;272;13;;;268.0;0.0
-2;3600;VEV_5100;168;19;;;;;174;23;;;;;171.0;0.0
-2;3600;VEV_5200;102;8;101;15;;;105;27;;;;;103.5;0.0
-2;3600;VEV_5300;54;23;;;;;56;26;56;18;;;55.0;0.0
-2;3600;VEV_5400;16;20;15;20;;;16;21;;;;;16.0;0.0
-2;3600;VEV_5500;6;23;;;;;7;19;;;;;6.5;0.0
-2;3600;VEV_6000;0;18;;;;;1;18;;;;;0.5;0.0
-2;3600;VEV_6500;0;11;;;;;1;11;;;;;0.5;0.0
-2;3700;ASH_COATED_OSMIUM;9990;14;9987;27;;;10006;14;10008;27;;;9998.0;0.0
-2;3700;HYDROGEL_PACK;9988;15;9985;30;;;10004;15;10006;30;;;9996.0;0.0
-2;3700;INTARIAN_PEPPER_ROOT;12997;8;12993;24;;;13014;24;;;;;13005.5;0.0
-2;3700;VELVETFRUIT_EXTRACT;5252;21;5251;32;;;5257;34;;;;;5254.5;0.0
-2;3700;VEV_4000;1254;7;1252;16;;;1275;7;1278;16;;;1264.5;0.0
-2;3700;VEV_4500;759;8;757;21;;;775;8;776;20;777;21;767.0;0.0
-2;3700;VEV_5000;266;9;;;;;272;28;;;;;269.0;0.0
-2;3700;VEV_5100;168;26;;;;;173;35;174;14;;;170.5;0.0
-2;3700;VEV_5200;101;19;;;;;105;19;;;;;103.0;0.0
-2;3700;VEV_5300;53;25;52;17;;;55;8;;;;;54.0;0.0
-2;3700;VEV_5400;16;21;;;;;18;23;;;;;17.0;0.0
-2;3700;VEV_5500;6;25;;;;;7;24;;;;;6.5;0.0
-2;3700;VEV_6000;0;19;;;;;1;19;;;;;0.5;0.0
-2;3700;VEV_6500;0;16;;;;;1;16;;;;;0.5;0.0
-2;3800;ASH_COATED_OSMIUM;9988;22;;;;;10006;12;10009;22;;;9997.0;0.0
-2;3800;HYDROGEL_PACK;9989;12;9986;22;;;10005;12;10007;22;;;9997.0;0.0
-2;3800;INTARIAN_PEPPER_ROOT;12997;12;;;;;13011;12;13014;25;;;13004.0;0.0
-2;3800;VELVETFRUIT_EXTRACT;5251;30;;;;;5257;32;5257;65;;;5254.0;0.0
-2;3800;VEV_4000;1255;11;1252;16;;;1276;11;1278;16;;;1265.5;0.0
-2;3800;VEV_4500;759;12;757;13;;;775;12;776;10;777;13;767.0;0.0
-2;3800;VEV_5000;265;15;;;;;272;26;273;13;;;268.5;0.0
-2;3800;VEV_5100;169;11;;;;;174;26;;;;;171.5;0.0
-2;3800;VEV_5200;101;25;;;;;105;26;;;;;103.0;0.0
-2;3800;VEV_5300;53;23;;;;;55;22;;;;;54.0;0.0
-2;3800;VEV_5400;;;;;;;17;25;;;;;17.0;0.0
-2;3800;VEV_5500;6;18;;;;;7;21;;;;;6.5;0.0
-2;3800;VEV_6000;0;27;;;;;1;27;;;;;0.5;0.0
-2;3800;VEV_6500;0;14;;;;;1;14;;;;;0.5;0.0
-2;3900;ASH_COATED_OSMIUM;9990;13;9987;22;;;10006;13;10008;22;;;9998.0;0.0
-2;3900;HYDROGEL_PACK;9988;10;9986;24;;;10004;10;10007;24;;;9996.0;0.0
-2;3900;INTARIAN_PEPPER_ROOT;;;;;;;13011;10;13014;18;;;13011.0;0.0
-2;3900;VELVETFRUIT_EXTRACT;5251;58;5251;21;;;5257;64;;;;;5254.0;0.0
-2;3900;VEV_4000;1255;14;1253;25;;;1276;14;1279;25;;;1265.5;0.0
-2;3900;VEV_4500;760;11;758;18;;;776;11;778;18;;;768.0;0.0
-2;3900;VEV_5000;266;11;265;16;;;272;11;273;34;;;269.0;0.0
-2;3900;VEV_5100;167;13;;;;;;;;;;;167.0;0.0
-2;3900;VEV_5200;103;26;102;16;;;106;20;;;;;104.5;0.0
-2;3900;VEV_5300;54;20;;;;;56;20;56;23;;;55.0;0.0
-2;3900;VEV_5400;16;18;;;;;17;29;;;;;16.5;0.0
-2;3900;VEV_5500;6;21;;;;;7;21;;;;;6.5;0.0
-2;3900;VEV_6000;0;29;;;;;1;29;;;;;0.5;0.0
-2;3900;VEV_6500;0;16;;;;;1;16;;;;;0.5;0.0
-2;4000;ASH_COATED_OSMIUM;9987;20;;;;;;;;;;;9987.0;0.0
-2;4000;HYDROGEL_PACK;9988;15;9985;26;;;10006;26;;;;;9997.0;0.0
-2;4000;INTARIAN_PEPPER_ROOT;12997;12;;;;;13011;12;;;;;13004.0;0.0
-2;4000;VELVETFRUIT_EXTRACT;5250;66;;;;;5256;39;;;;;5253.0;0.0
-2;4000;VEV_4000;1254;8;1251;25;;;1275;8;1278;25;;;1264.5;0.0
-2;4000;VEV_4500;759;6;757;23;;;775;6;777;23;;;767.0;0.0
-2;4000;VEV_5000;267;6;266;13;;;273;6;;;;;270.0;0.0
-2;4000;VEV_5100;;;;;;;173;15;;;;;173.0;0.0
-2;4000;VEV_5200;103;31;;;;;105;9;;;;;104.0;0.0
-2;4000;VEV_5300;54;19;;;;;56;24;;;;;55.0;0.0
-2;4000;VEV_5400;16;24;;;;;18;20;;;;;17.0;0.0
-2;4000;VEV_5500;6;21;;;;;7;26;;;;;6.5;0.0
-2;4000;VEV_6000;0;22;;;;;1;22;;;;;0.5;0.0
-2;4000;VEV_6500;0;17;;;;;1;17;;;;;0.5;0.0
-2;4100;ASH_COATED_OSMIUM;9990;11;9988;20;;;10006;11;;;;;9998.0;0.0
-2;4100;HYDROGEL_PACK;9992;13;9989;20;;;10008;13;10010;20;;;10000.0;0.0
-2;4100;INTARIAN_PEPPER_ROOT;12994;15;;;;;13011;9;13014;15;;;13002.5;0.0
-2;4100;VELVETFRUIT_EXTRACT;5250;39;;;;;5255;15;5256;62;;;5252.5;0.0
-2;4100;VEV_4000;1254;10;1251;25;;;1275;10;1277;25;;;1264.5;0.0
-2;4100;VEV_4500;759;11;;;;;775;11;777;19;;;767.0;0.0
-2;4100;VEV_5000;266;11;;;;;272;28;273;16;;;269.0;0.0
-2;4100;VEV_5100;169;9;168;15;;;;;;;;;169.0;0.0
-2;4100;VEV_5200;103;31;102;20;;;105;34;106;30;;;104.0;0.0
-2;4100;VEV_5300;54;20;;;;;56;9;;;;;55.0;0.0
-2;4100;VEV_5400;16;25;;;;;17;25;18;23;;;16.5;0.0
-2;4100;VEV_5500;6;22;;;;;7;24;;;;;6.5;0.0
-2;4100;VEV_6000;0;24;;;;;1;24;;;;;0.5;0.0
-2;4100;VEV_6500;0;18;;;;;1;18;;;;;0.5;0.0
-2;4200;ASH_COATED_OSMIUM;9990;10;;;;;10006;10;10008;23;;;9998.0;0.0
-2;4200;HYDROGEL_PACK;9995;11;9992;20;;;10011;11;10013;20;;;10003.0;0.0
-2;4200;INTARIAN_PEPPER_ROOT;12997;12;12994;23;;;13011;12;;;;;13004.0;0.0
-2;4200;VELVETFRUIT_EXTRACT;5249;33;;;;;5254;17;5255;74;;;5251.5;0.0
-2;4200;VEV_4000;1255;13;1252;24;;;1276;13;1279;24;;;1265.5;0.0
-2;4200;VEV_4500;759;8;757;12;;;775;8;777;12;;;767.0;0.0
-2;4200;VEV_5000;264;7;263;14;;;270;8;;;;;267.0;0.0
-2;4200;VEV_5100;169;9;168;26;;;173;8;;;;;171.0;0.0
-2;4200;VEV_5200;104;9;103;27;;;106;11;107;21;;;105.0;0.0
-2;4200;VEV_5300;54;5;;;;;56;21;;;;;55.0;0.0
-2;4200;VEV_5400;16;21;;;;;18;18;;;;;17.0;0.0
-2;4200;VEV_5500;6;23;;;;;7;30;;;;;6.5;0.0
-2;4200;VEV_6000;0;23;;;;;1;23;;;;;0.5;0.0
-2;4200;VEV_6500;0;16;;;;;1;16;;;;;0.5;0.0
-2;4300;ASH_COATED_OSMIUM;9990;13;;;;;10006;13;10008;29;;;9998.0;0.0
-2;4300;HYDROGEL_PACK;9995;11;9993;25;;;10011;11;10014;25;;;10003.0;0.0
-2;4300;INTARIAN_PEPPER_ROOT;12997;12;12994;16;;;13011;12;13015;16;;;13004.0;0.0
-2;4300;VELVETFRUIT_EXTRACT;5247;24;;;;;5253;46;;;;;5250.0;0.0
-2;4300;VEV_4000;1253;15;1251;22;;;1274;15;1277;22;;;1263.5;0.0
-2;4300;VEV_4500;758;6;756;24;;;774;6;776;24;;;766.0;0.0
-2;4300;VEV_5000;265;10;264;20;;;271;29;;;;;268.0;0.0
-2;4300;VEV_5100;169;29;168;13;;;173;12;174;25;;;171.0;0.0
-2;4300;VEV_5200;;;;;;;106;27;;;;;106.0;0.0
-2;4300;VEV_5300;;;;;;;56;28;;;;;56.0;0.0
-2;4300;VEV_5400;16;20;;;;;;;;;;;16.0;0.0
-2;4300;VEV_5500;6;29;;;;;7;17;;;;;6.5;0.0
-2;4300;VEV_6000;0;28;;;;;1;28;;;;;0.5;0.0
-2;4300;VEV_6500;0;18;;;;;1;18;;;;;0.5;0.0
-2;4400;ASH_COATED_OSMIUM;9987;28;;;;;10006;11;10008;28;;;9996.5;0.0
-2;4400;HYDROGEL_PACK;9996;15;9993;28;;;10012;15;10014;28;;;10004.0;0.0
-2;4400;INTARIAN_PEPPER_ROOT;12997;12;12994;21;;;13011;12;13015;21;;;13004.0;0.0
-2;4400;VELVETFRUIT_EXTRACT;5247;47;;;;;5252;15;5253;32;;;5249.5;0.0
-2;4400;VEV_4000;1253;7;1251;16;;;1274;7;1277;16;;;1263.5;0.0
-2;4400;VEV_4500;759;8;757;13;;;775;8;776;8;777;13;767.0;0.0
-2;4400;VEV_5000;266;10;;;;;272;11;273;15;;;269.0;0.0
-2;4400;VEV_5100;170;12;169;15;;;174;31;175;23;;;172.0;0.0
-2;4400;VEV_5200;102;12;;;;;105;23;106;35;;;103.5;0.0
-2;4400;VEV_5300;54;9;;;;;56;23;;;;;55.0;0.0
-2;4400;VEV_5400;;;;;;;17;21;;;;;17.0;0.0
-2;4400;VEV_5500;6;24;;;;;7;24;;;;;6.5;0.0
-2;4400;VEV_6000;0;29;;;;;1;29;;;;;0.5;0.0
-2;4400;VEV_6500;0;13;;;;;1;13;;;;;0.5;0.0
-2;4500;ASH_COATED_OSMIUM;9990;13;9988;29;;;10006;13;10009;29;;;9998.0;0.0
-2;4500;HYDROGEL_PACK;9996;12;9994;24;;;10012;12;10015;24;;;10004.0;0.0
-2;4500;INTARIAN_PEPPER_ROOT;12997;12;12994;17;;;13015;17;;;;;13006.0;0.0
-2;4500;VELVETFRUIT_EXTRACT;5246;64;;;;;5252;66;;;;;5249.0;0.0
-2;4500;VEV_4000;1251;14;1249;29;;;1273;14;1275;29;;;1262.0;0.0
-2;4500;VEV_4500;758;7;756;15;;;774;7;;;;;766.0;0.0
-2;4500;VEV_5000;265;28;264;23;;;272;29;;;;;268.5;0.0
-2;4500;VEV_5100;169;6;;;;;173;6;174;26;;;171.0;0.0
-2;4500;VEV_5200;103;8;;;;;106;19;;;;;104.5;0.0
-2;4500;VEV_5300;54;23;;;;;56;26;57;10;;;55.0;0.0
-2;4500;VEV_5400;15;21;;;;;16;22;17;13;;;15.5;0.0
-2;4500;VEV_5500;6;24;;;;;7;25;;;;;6.5;0.0
-2;4500;VEV_6000;0;24;;;;;1;24;;;;;0.5;0.0
-2;4500;VEV_6500;0;16;;;;;1;16;;;;;0.5;0.0
-2;4600;ASH_COATED_OSMIUM;9990;11;9988;25;;;10006;11;10009;25;;;9998.0;0.0
-2;4600;HYDROGEL_PACK;9996;14;9994;21;;;10012;14;10015;21;;;10004.0;0.0
-2;4600;INTARIAN_PEPPER_ROOT;12998;10;12994;19;;;13012;10;13015;19;;;13005.0;0.0
-2;4600;VELVETFRUIT_EXTRACT;5246;35;5246;23;;;5252;63;;;;;5249.0;0.0
-2;4600;VEV_4000;1250;7;1247;29;;;1271;7;1274;29;;;1260.5;0.0
-2;4600;VEV_4500;756;12;;;;;774;12;776;12;;;765.0;0.0
-2;4600;VEV_5000;266;24;265;14;;;272;12;;;;;269.0;0.0
-2;4600;VEV_5100;169;14;;;;;174;30;175;21;;;171.5;0.0
-2;4600;VEV_5200;103;7;102;20;;;;;;;;;103.0;0.0
-2;4600;VEV_5300;55;19;54;21;;;57;10;57;5;;;56.0;0.0
-2;4600;VEV_5400;15;23;;;;;16;26;17;19;;;15.5;0.0
-2;4600;VEV_5500;6;24;;;;;7;26;;;;;6.5;0.0
-2;4600;VEV_6000;0;16;;;;;1;16;;;;;0.5;0.0
-2;4600;VEV_6500;0;16;;;;;1;16;;;;;0.5;0.0
-2;4700;ASH_COATED_OSMIUM;9990;14;9988;25;;;10006;14;10009;25;;;9998.0;0.0
-2;4700;HYDROGEL_PACK;9996;12;9994;27;;;10012;12;10015;27;;;10004.0;0.0
-2;4700;INTARIAN_PEPPER_ROOT;12998;12;12994;21;;;13012;12;;;;;13005.0;0.0
-2;4700;VELVETFRUIT_EXTRACT;5245;57;;;;;5251;32;5252;42;;;5248.0;0.0
-2;4700;VEV_4000;1250;14;1247;30;;;1271;14;1273;30;;;1260.5;0.0
-2;4700;VEV_4500;758;12;;;;;774;12;775;22;776;22;766.0;0.0
-2;4700;VEV_5000;265;34;264;16;;;271;12;272;13;;;268.0;0.0
-2;4700;VEV_5100;170;11;;;;;175;22;;;;;172.5;0.0
-2;4700;VEV_5200;103;12;102;21;;;105;19;106;17;;;104.0;0.0
-2;4700;VEV_5300;55;28;54;19;;;57;23;;;;;56.0;0.0
-2;4700;VEV_5400;15;24;;;;;17;20;;;;;16.0;0.0
-2;4700;VEV_5500;6;23;;;;;7;23;;;;;6.5;0.0
-2;4700;VEV_6000;0;18;;;;;1;18;;;;;0.5;0.0
-2;4700;VEV_6500;0;17;;;;;1;17;;;;;0.5;0.0
-2;4800;ASH_COATED_OSMIUM;9990;15;9987;21;;;10006;15;10008;21;;;9998.0;0.0
-2;4800;HYDROGEL_PACK;9998;13;9995;22;;;10014;13;10016;22;;;10006.0;0.0
-2;4800;INTARIAN_PEPPER_ROOT;12998;8;12995;21;;;13015;21;;;;;13006.5;0.0
-2;4800;VELVETFRUIT_EXTRACT;5246;60;;;;;5251;24;5252;41;;;5248.5;0.0
-2;4800;VEV_4000;1250;12;1247;22;;;1271;12;1274;22;;;1260.5;0.0
-2;4800;VEV_4500;757;6;755;15;;;773;6;774;6;775;15;765.0;0.0
-2;4800;VEV_5000;266;8;265;13;;;272;11;273;20;;;269.0;0.0
-2;4800;VEV_5100;171;28;170;19;;;175;30;176;21;;;173.0;0.0
-2;4800;VEV_5200;104;12;103;33;;;107;24;;;;;105.5;0.0
-2;4800;VEV_5300;;;;;;;58;12;58;24;;;58.0;0.0
-2;4800;VEV_5400;15;22;;;;;17;23;;;;;16.0;0.0
-2;4800;VEV_5500;6;28;;;;;7;26;;;;;6.5;0.0
-2;4800;VEV_6000;0;24;;;;;1;24;;;;;0.5;0.0
-2;4800;VEV_6500;0;15;;;;;1;15;;;;;0.5;0.0
-2;4900;ASH_COATED_OSMIUM;9987;27;;;;;10008;27;;;;;9997.5;0.0
-2;4900;HYDROGEL_PACK;9998;14;9996;26;;;10014;14;10017;26;;;10006.0;0.0
-2;4900;INTARIAN_PEPPER_ROOT;12998;8;12995;24;;;13012;8;13015;24;;;13005.0;0.0
-2;4900;VELVETFRUIT_EXTRACT;5246;40;;;;;5252;20;;;;;5249.0;0.0
-2;4900;VEV_4000;1252;7;1249;26;;;1273;7;1276;26;;;1262.5;0.0
-2;4900;VEV_4500;754;24;;;;;772;6;774;24;;;763.0;0.0
-2;4900;VEV_5000;266;12;265;23;;;272;11;273;15;;;269.0;0.0
-2;4900;VEV_5100;;;;;;;176;7;;;;;176.0;0.0
-2;4900;VEV_5200;103;24;102;23;;;106;36;;;;;104.5;0.0
-2;4900;VEV_5300;56;28;;;;;58;8;;;;;57.0;0.0
-2;4900;VEV_5400;15;28;15;30;;;17;24;;;;;16.0;0.0
-2;4900;VEV_5500;6;20;;;;;7;20;;;;;6.5;0.0
-2;4900;VEV_6000;0;17;;;;;1;17;;;;;0.5;0.0
-2;4900;VEV_6500;0;14;;;;;1;14;;;;;0.5;0.0
-2;5000;ASH_COATED_OSMIUM;9989;13;;;;;10005;13;10008;23;;;9997.0;0.0
-2;5000;HYDROGEL_PACK;9997;12;9995;22;;;10013;12;10016;22;;;10005.0;0.0
-2;5000;INTARIAN_PEPPER_ROOT;12998;10;12995;17;;;13012;10;13015;17;;;13005.0;0.0
-2;5000;VELVETFRUIT_EXTRACT;5246;22;5245;43;;;5250;22;5251;41;;;5248.0;0.0
-2;5000;VEV_4000;1254;7;1251;15;;;1275;7;1277;15;;;1264.5;0.0
-2;5000;VEV_4500;757;11;755;16;;;773;11;775;16;;;765.0;0.0
-2;5000;VEV_5000;266;32;265;17;;;272;26;273;13;;;269.0;0.0
-2;5000;VEV_5100;172;31;171;26;;;176;29;177;19;;;174.0;0.0
-2;5000;VEV_5200;103;6;;;;;105;18;106;26;;;104.0;0.0
-2;5000;VEV_5300;;;;;;;58;24;;;;;58.0;0.0
-2;5000;VEV_5400;;;;;;;17;20;;;;;17.0;0.0
-2;5000;VEV_5500;6;15;;;;;7;20;;;;;6.5;0.0
-2;5000;VEV_6000;0;22;;;;;1;22;;;;;0.5;0.0
-2;5000;VEV_6500;0;13;;;;;1;13;;;;;0.5;0.0
-2;5100;ASH_COATED_OSMIUM;9990;12;9988;27;;;10006;12;;;;;9998.0;0.0
-2;5100;HYDROGEL_PACK;9998;15;9996;25;;;10014;15;10017;25;;;10006.0;0.0
-2;5100;INTARIAN_PEPPER_ROOT;12998;11;12995;22;;;13012;11;13015;22;;;13005.0;0.0
-2;5100;VELVETFRUIT_EXTRACT;5245;35;;;;;5251;34;;;;;5248.0;0.0
-2;5100;VEV_4000;1254;8;1252;30;;;1275;8;1278;30;;;1264.5;0.0
-2;5100;VEV_4500;755;22;;;;;773;6;775;22;;;764.0;0.0
-2;5100;VEV_5000;267;11;;;;;273;10;274;13;;;270.0;0.0
-2;5100;VEV_5100;172;11;171;15;;;176;8;;;;;174.0;0.0
-2;5100;VEV_5200;103;22;102;30;;;106;22;;;;;104.5;0.0
-2;5100;VEV_5300;55;23;;;;;57;26;;;;;56.0;0.0
-2;5100;VEV_5400;15;22;;;;;17;21;;;;;16.0;0.0
-2;5100;VEV_5500;6;19;;;;;7;29;;;;;6.5;0.0
-2;5100;VEV_6000;0;24;;;;;1;24;;;;;0.5;0.0
-2;5100;VEV_6500;0;15;;;;;1;15;;;;;0.5;0.0
-2;5200;ASH_COATED_OSMIUM;9990;12;9987;25;;;9996;9;10006;12;;;9993.0;0.0
-2;5200;HYDROGEL_PACK;10000;14;9997;26;;;10016;14;10018;26;;;10008.0;0.0
-2;5200;INTARIAN_PEPPER_ROOT;12998;9;12995;21;;;13012;9;13015;21;;;13005.0;0.0
-2;5200;VELVETFRUIT_EXTRACT;5245;51;;;;;5251;40;;;;;5248.0;0.0
-2;5200;VEV_4000;1254;12;1251;22;;;1275;12;1277;22;;;1264.5;0.0
-2;5200;VEV_4500;758;6;756;24;;;774;6;776;24;;;766.0;0.0
-2;5200;VEV_5000;267;8;;;;;273;9;274;21;;;270.0;0.0
-2;5200;VEV_5100;171;32;170;23;;;175;31;176;16;;;173.0;0.0
-2;5200;VEV_5200;103;7;102;24;;;105;24;106;36;;;104.0;0.0
-2;5200;VEV_5300;55;21;;;;;57;27;58;10;;;56.0;0.0
-2;5200;VEV_5400;15;23;;;;;;;;;;;15.0;0.0
-2;5200;VEV_5500;6;27;;;;;7;20;;;;;6.5;0.0
-2;5200;VEV_6000;0;30;;;;;1;30;;;;;0.5;0.0
-2;5200;VEV_6500;0;16;;;;;1;16;;;;;0.5;0.0
-2;5300;ASH_COATED_OSMIUM;9986;21;;;;;9994;7;10005;10;;;9990.0;0.0
-2;5300;HYDROGEL_PACK;10000;11;9998;24;;;10016;11;10019;24;;;10008.0;0.0
-2;5300;INTARIAN_PEPPER_ROOT;12998;12;12995;19;;;13012;12;13016;19;;;13005.0;0.0
-2;5300;VELVETFRUIT_EXTRACT;5244;53;;;;;5249;23;5250;62;;;5246.5;0.0
-2;5300;VEV_4000;1255;12;1252;17;;;1276;12;1278;17;;;1265.5;0.0
-2;5300;VEV_4500;759;12;757;22;;;775;12;777;22;;;767.0;0.0
-2;5300;VEV_5000;267;10;266;16;;;273;18;274;22;;;270.0;0.0
-2;5300;VEV_5100;170;9;;;;;175;16;;;;;172.5;0.0
-2;5300;VEV_5200;103;26;102;28;;;;;;;;;103.0;0.0
-2;5300;VEV_5300;55;22;;;;;57;26;;;;;56.0;0.0
-2;5300;VEV_5400;16;10;15;24;;;17;22;;;;;16.5;0.0
-2;5300;VEV_5500;6;21;;;;;7;24;;;;;6.5;0.0
-2;5300;VEV_6000;0;22;;;;;1;22;;;;;0.5;0.0
-2;5300;VEV_6500;0;18;;;;;1;18;;;;;0.5;0.0
-2;5400;ASH_COATED_OSMIUM;9989;10;9987;26;;;10005;10;10008;26;;;9997.0;0.0
-2;5400;HYDROGEL_PACK;10000;14;9997;20;;;10016;14;10018;20;;;10008.0;0.0
-2;5400;INTARIAN_PEPPER_ROOT;12998;10;;;;;13012;10;13016;21;;;13005.0;0.0
-2;5400;VELVETFRUIT_EXTRACT;5245;25;5244;32;;;5251;48;;;;;5248.0;0.0
-2;5400;VEV_4000;1255;12;1253;19;;;1277;12;1279;19;;;1266.0;0.0
-2;5400;VEV_4500;757;11;755;23;;;773;11;775;23;;;765.0;0.0
-2;5400;VEV_5000;265;6;;;;;271;25;272;20;;;268.0;0.0
-2;5400;VEV_5100;171;9;170;24;;;175;20;176;27;;;173.0;0.0
-2;5400;VEV_5200;102;32;;;;;106;28;;;;;104.0;0.0
-2;5400;VEV_5300;55;19;;;;;57;22;58;25;;;56.0;0.0
-2;5400;VEV_5400;16;25;15;29;;;;;;;;;16.0;0.0
-2;5400;VEV_5500;6;9;;;;;7;30;;;;;6.5;0.0
-2;5400;VEV_6000;0;20;;;;;1;20;;;;;0.5;0.0
-2;5400;VEV_6500;0;20;;;;;1;20;;;;;0.5;0.0
-2;5500;ASH_COATED_OSMIUM;9989;15;9986;30;;;10007;30;;;;;9998.0;0.0
-2;5500;HYDROGEL_PACK;9999;14;9997;21;;;10015;14;10018;21;;;10007.0;0.0
-2;5500;INTARIAN_PEPPER_ROOT;12998;11;12995;17;;;13013;11;13016;17;;;13005.5;0.0
-2;5500;VELVETFRUIT_EXTRACT;5245;24;5244;39;;;5250;47;;;;;5247.5;0.0
-2;5500;VEV_4000;1255;7;1253;24;;;1276;7;1279;24;;;1265.5;0.0
-2;5500;VEV_4500;759;11;758;8;757;17;775;11;777;17;;;767.0;0.0
-2;5500;VEV_5000;262;12;;;;;269;10;270;23;;;265.5;0.0
-2;5500;VEV_5100;171;33;170;25;;;176;30;;;;;173.5;0.0
-2;5500;VEV_5200;103;16;;;;;107;22;;;;;105.0;0.0
-2;5500;VEV_5300;55;23;;;;;57;19;;;;;56.0;0.0
-2;5500;VEV_5400;15;24;;;;;;;;;;;15.0;0.0
-2;5500;VEV_5500;6;25;;;;;7;25;;;;;6.5;0.0
-2;5500;VEV_6000;0;17;;;;;1;17;;;;;0.5;0.0
-2;5500;VEV_6500;0;20;;;;;1;20;;;;;0.5;0.0
-2;5600;ASH_COATED_OSMIUM;9989;11;9986;24;;;10005;11;;;;;9997.0;0.0
-2;5600;HYDROGEL_PACK;9999;12;9997;21;;;10015;12;10018;21;;;10007.0;0.0
-2;5600;INTARIAN_PEPPER_ROOT;12999;9;12995;18;;;;;;;;;12999.0;0.0
-2;5600;VELVETFRUIT_EXTRACT;5246;53;5246;22;;;5252;49;;;;;5249.0;0.0
-2;5600;VEV_4000;1256;9;1253;19;;;1277;9;1279;19;;;1266.5;0.0
-2;5600;VEV_4500;760;9;758;24;;;776;9;779;24;;;768.0;0.0
-2;5600;VEV_5000;262;6;261;14;;;269;19;;;;;265.5;0.0
-2;5600;VEV_5100;171;32;;;;;175;31;176;15;;;173.0;0.0
-2;5600;VEV_5200;104;12;;;;;107;27;;;;;105.5;0.0
-2;5600;VEV_5300;54;19;;;;;;;;;;;54.0;0.0
-2;5600;VEV_5400;;;;;;;17;25;;;;;17.0;0.0
-2;5600;VEV_5500;6;17;;;;;7;26;;;;;6.5;0.0
-2;5600;VEV_6000;0;28;;;;;1;28;;;;;0.5;0.0
-2;5600;VEV_6500;0;15;;;;;1;15;;;;;0.5;0.0
-2;5700;ASH_COATED_OSMIUM;9990;15;9987;22;;;10006;15;10008;22;;;9998.0;0.0
-2;5700;HYDROGEL_PACK;10001;12;9999;23;;;10017;12;10020;23;;;10009.0;0.0
-2;5700;INTARIAN_PEPPER_ROOT;12999;9;12995;15;;;13013;9;13016;15;;;13006.0;0.0
-2;5700;VELVETFRUIT_EXTRACT;5245;46;;;;;5251;48;;;;;5248.0;0.0
-2;5700;VEV_4000;1254;11;1252;27;;;1276;11;1278;27;;;1265.0;0.0
-2;5700;VEV_4500;761;11;760;6;759;19;777;11;779;19;;;769.0;0.0
-2;5700;VEV_5000;263;11;;;;;269;6;270;24;;;266.0;0.0
-2;5700;VEV_5100;170;10;169;15;;;175;19;;;;;172.5;0.0
-2;5700;VEV_5200;104;31;103;12;;;106;11;107;22;;;105.0;0.0
-2;5700;VEV_5300;55;24;54;20;;;57;26;;;;;56.0;0.0
-2;5700;VEV_5400;;;;;;;17;21;;;;;17.0;0.0
-2;5700;VEV_5500;6;25;;;;;7;23;;;;;6.5;0.0
-2;5700;VEV_6000;0;24;;;;;1;24;;;;;0.5;0.0
-2;5700;VEV_6500;0;18;;;;;1;18;;;;;0.5;0.0
-2;5800;ASH_COATED_OSMIUM;9989;14;9986;24;;;10005;14;10007;24;;;9997.0;0.0
-2;5800;HYDROGEL_PACK;10002;11;10000;22;;;10018;11;10021;22;;;10010.0;0.0
-2;5800;INTARIAN_PEPPER_ROOT;12996;23;;;;;13016;23;;;;;13006.0;0.0
-2;5800;VELVETFRUIT_EXTRACT;5246;17;5245;23;;;5250;17;5251;64;;;5248.0;0.0
-2;5800;VEV_4000;1254;9;1251;30;;;1275;9;1278;30;;;1264.5;0.0
-2;5800;VEV_4500;761;9;759;17;;;777;9;779;17;;;769.0;0.0
-2;5800;VEV_5000;261;9;260;12;;;267;9;268;14;;;264.0;0.0
-2;5800;VEV_5100;173;32;172;14;;;177;26;178;13;;;175.0;0.0
-2;5800;VEV_5200;103;30;;;;;106;6;;;;;104.5;0.0
-2;5800;VEV_5300;55;19;54;10;;;57;27;;;;;56.0;0.0
-2;5800;VEV_5400;15;18;;;;;17;21;;;;;16.0;0.0
-2;5800;VEV_5500;6;20;;;;;7;24;;;;;6.5;0.0
-2;5800;VEV_6000;0;28;;;;;1;28;;;;;0.5;0.0
-2;5800;VEV_6500;0;14;;;;;1;14;;;;;0.5;0.0
-2;5900;ASH_COATED_OSMIUM;9989;13;9987;28;;;10008;28;;;;;9998.5;0.0
-2;5900;HYDROGEL_PACK;10002;13;10000;27;;;10018;13;10021;27;;;10010.0;0.0
-2;5900;INTARIAN_PEPPER_ROOT;12999;11;12996;15;;;13013;11;13016;15;;;13006.0;0.0
-2;5900;VELVETFRUIT_EXTRACT;5247;64;;;;;5252;20;5253;23;;;5249.5;0.0
-2;5900;VEV_4000;1254;9;1252;18;;;1276;9;1278;18;;;1265.0;0.0
-2;5900;VEV_4500;761;8;759;16;;;777;8;779;16;;;769.0;0.0
-2;5900;VEV_5000;261;23;;;;;268;10;;;;;264.5;0.0
-2;5900;VEV_5100;172;10;171;27;;;176;28;177;16;;;174.0;0.0
-2;5900;VEV_5200;104;12;103;16;;;107;24;;;;;105.5;0.0
-2;5900;VEV_5300;56;22;;;;;;;;;;;56.0;0.0
-2;5900;VEV_5400;15;30;15;22;;;;;;;;;15.0;0.0
-2;5900;VEV_5500;6;16;;;;;7;24;;;;;6.5;0.0
-2;5900;VEV_6000;0;22;;;;;1;22;;;;;0.5;0.0
-2;5900;VEV_6500;0;23;;;;;1;23;;;;;0.5;0.0
-2;6000;ASH_COATED_OSMIUM;9989;13;9986;28;;;10005;13;;;;;9997.0;0.0
-2;6000;HYDROGEL_PACK;10003;13;10001;25;;;10019;13;10022;25;;;10011.0;0.0
-2;6000;INTARIAN_PEPPER_ROOT;12999;9;12996;16;;;13013;9;13016;16;;;13006.0;0.0
-2;6000;VELVETFRUIT_EXTRACT;5246;56;;;;;5252;56;;;;;5249.0;0.0
-2;6000;VEV_4000;1255;13;1252;30;;;1276;13;1278;30;;;1265.5;0.0
-2;6000;VEV_4500;761;12;759;15;;;777;12;779;15;;;769.0;0.0
-2;6000;VEV_5000;262;9;261;16;;;268;33;269;32;;;265.0;0.0
-2;6000;VEV_5100;172;28;;;;;176;12;177;18;;;174.0;0.0
-2;6000;VEV_5200;103;21;102;32;;;;;;;;;103.0;0.0
-2;6000;VEV_5300;56;21;;;;;58;26;;;;;57.0;0.0
-2;6000;VEV_5400;15;15;;;;;;;;;;;15.0;0.0
-2;6000;VEV_5500;6;22;;;;;7;24;;;;;6.5;0.0
-2;6000;VEV_6000;0;26;;;;;1;26;;;;;0.5;0.0
-2;6000;VEV_6500;0;15;;;;;1;15;;;;;0.5;0.0
-2;6100;ASH_COATED_OSMIUM;9986;22;;;;;10005;14;10007;22;;;9995.5;0.0
-2;6100;HYDROGEL_PACK;10000;13;9998;24;;;10016;13;10019;24;;;10008.0;0.0
-2;6100;INTARIAN_PEPPER_ROOT;12999;8;12996;16;;;13016;16;;;;;13007.5;0.0
-2;6100;VELVETFRUIT_EXTRACT;5246;64;;;;;5251;17;5252;20;;;5248.5;0.0
-2;6100;VEV_4000;1254;9;1252;26;;;1276;9;1278;26;;;1265.0;0.0
-2;6100;VEV_4500;762;10;760;24;;;780;24;;;;;771.0;0.0
-2;6100;VEV_5000;262;10;;;;;268;11;269;17;;;265.0;0.0
-2;6100;VEV_5100;170;20;;;;;176;15;;;;;173.0;0.0
-2;6100;VEV_5200;104;25;103;24;;;107;22;;;;;105.5;0.0
-2;6100;VEV_5300;56;19;;;;;58;23;;;;;57.0;0.0
-2;6100;VEV_5400;15;19;;;;;16;25;;;;;15.5;0.0
-2;6100;VEV_5500;6;26;;;;;7;27;;;;;6.5;0.0
-2;6100;VEV_6000;0;23;;;;;1;23;;;;;0.5;0.0
-2;6100;VEV_6500;0;15;;;;;1;15;;;;;0.5;0.0
-2;6200;ASH_COATED_OSMIUM;9986;30;;;;;10005;15;10007;30;;;9995.5;0.0
-2;6200;HYDROGEL_PACK;10003;13;10000;30;;;10019;13;10021;30;;;10011.0;0.0
-2;6200;INTARIAN_PEPPER_ROOT;12999;12;12996;23;;;13013;12;13016;23;;;13006.0;0.0
-2;6200;VELVETFRUIT_EXTRACT;5246;66;;;;;5251;25;5252;40;5253;39;5248.5;0.0
-2;6200;VEV_4000;1255;15;1253;24;;;1276;15;1279;24;;;1265.5;0.0
-2;6200;VEV_4500;762;12;760;15;;;778;12;780;15;;;770.0;0.0
-2;6200;VEV_5000;261;12;;;;;268;15;;;;;264.5;0.0
-2;6200;VEV_5100;173;9;172;21;;;177;27;178;21;;;175.0;0.0
-2;6200;VEV_5200;102;23;;;;;105;11;106;22;;;103.5;0.0
-2;6200;VEV_5300;56;19;;;;;;;;;;;56.0;0.0
-2;6200;VEV_5400;15;28;15;27;;;17;20;;;;;16.0;0.0
-2;6200;VEV_5500;6;20;;;;;7;18;;;;;6.5;0.0
-2;6200;VEV_6000;0;20;;;;;1;20;;;;;0.5;0.0
-2;6200;VEV_6500;0;13;;;;;1;13;;;;;0.5;0.0
-2;6300;ASH_COATED_OSMIUM;9986;30;;;;;10007;30;;;;;9996.5;0.0
-2;6300;HYDROGEL_PACK;10003;15;10001;27;;;10019;15;10022;27;;;10011.0;0.0
-2;6300;INTARIAN_PEPPER_ROOT;12999;9;;;;;13013;9;;;;;13006.0;0.0
-2;6300;VELVETFRUIT_EXTRACT;5245;23;5245;24;;;5250;24;5251;66;;;5247.5;0.0
-2;6300;VEV_4000;1254;8;1251;17;;;1275;8;1278;17;;;1264.5;0.0
-2;6300;VEV_4500;762;13;;;;;780;8;782;13;;;771.0;0.0
-2;6300;VEV_5000;260;7;259;12;;;266;6;;;;;263.0;0.0
-2;6300;VEV_5100;172;21;;;;;176;33;177;22;;;174.0;0.0
-2;6300;VEV_5200;;;;;;;105;26;106;29;;;105.0;0.0
-2;6300;VEV_5300;56;24;;;;;58;11;58;19;;;57.0;0.0
-2;6300;VEV_5400;15;17;15;23;;;17;18;;;;;16.0;0.0
-2;6300;VEV_5500;6;25;;;;;7;22;;;;;6.5;0.0
-2;6300;VEV_6000;0;29;;;;;1;29;;;;;0.5;0.0
-2;6300;VEV_6500;0;18;;;;;1;18;;;;;0.5;0.0
-2;6400;ASH_COATED_OSMIUM;9988;12;9986;26;;;10007;26;;;;;9997.5;0.0
-2;6400;HYDROGEL_PACK;10002;12;10000;20;;;10018;12;10021;20;;;10010.0;0.0
-2;6400;INTARIAN_PEPPER_ROOT;;;;;;;13013;9;13017;20;;;13013.0;0.0
-2;6400;VELVETFRUIT_EXTRACT;5244;55;5244;18;;;5249;18;5250;53;;;5246.5;0.0
-2;6400;VEV_4000;1255;13;1252;23;;;1276;13;1279;23;;;1265.5;0.0
-2;6400;VEV_4500;764;12;762;19;;;780;12;782;19;;;772.0;0.0
-2;6400;VEV_5000;259;8;258;24;;;265;8;266;24;;;262.0;0.0
-2;6400;VEV_5100;170;12;169;24;;;175;21;;;;;172.5;0.0
-2;6400;VEV_5200;;;;;;;105;22;106;27;;;105.0;0.0
-2;6400;VEV_5300;56;24;55;19;;;58;24;;;;;57.0;0.0
-2;6400;VEV_5400;15;20;;;;;16;24;17;22;;;15.5;0.0
-2;6400;VEV_5500;6;26;;;;;7;19;;;;;6.5;0.0
-2;6400;VEV_6000;0;26;;;;;1;26;;;;;0.5;0.0
-2;6400;VEV_6500;0;15;;;;;1;15;;;;;0.5;0.0
-2;6500;ASH_COATED_OSMIUM;9988;13;9986;29;;;10004;13;10007;29;;;9996.0;0.0
-2;6500;HYDROGEL_PACK;10000;14;9997;26;;;10016;14;10019;26;;;10008.0;0.0
-2;6500;INTARIAN_PEPPER_ROOT;12999;12;;;;;13017;16;;;;;13008.0;0.0
-2;6500;VELVETFRUIT_EXTRACT;5244;30;;;;;5249;15;5250;52;;;5246.5;0.0
-2;6500;VEV_4000;1253;12;1251;19;;;1275;12;1277;19;;;1264.0;0.0
-2;6500;VEV_4500;763;8;761;16;;;779;8;782;16;;;771.0;0.0
-2;6500;VEV_5000;256;15;;;;;263;8;264;15;;;259.5;0.0
-2;6500;VEV_5100;169;32;;;;;173;12;;;;;171.0;0.0
-2;6500;VEV_5200;104;8;;;;;106;8;107;29;;;105.0;0.0
-2;6500;VEV_5300;56;20;;;;;58;22;;;;;57.0;0.0
-2;6500;VEV_5400;;;;;;;17;18;;;;;17.0;0.0
-2;6500;VEV_5500;6;22;;;;;7;25;;;;;6.5;0.0
-2;6500;VEV_6000;0;17;;;;;1;17;;;;;0.5;0.0
-2;6500;VEV_6500;0;21;;;;;1;21;;;;;0.5;0.0
-2;6600;ASH_COATED_OSMIUM;9989;14;9986;25;;;9995;5;10005;14;10007;25;9992.0;0.0
-2;6600;HYDROGEL_PACK;10000;13;9998;30;;;10016;13;10019;30;;;10008.0;0.0
-2;6600;INTARIAN_PEPPER_ROOT;13010;7;13000;10;12996;22;13014;10;13017;22;;;13012.0;0.0
-2;6600;VELVETFRUIT_EXTRACT;5246;17;5245;67;;;5251;19;;;;;5248.5;0.0
-2;6600;VEV_4000;1255;11;1252;25;;;1276;11;1278;25;;;1265.5;0.0
-2;6600;VEV_4500;764;9;762;18;;;780;9;782;18;;;772.0;0.0
-2;6600;VEV_5000;258;26;257;30;;;264;12;265;22;;;261.0;0.0
-2;6600;VEV_5100;169;21;;;;;173;29;174;24;;;171.0;0.0
-2;6600;VEV_5200;104;24;103;23;;;106;9;;;;;105.0;0.0
-2;6600;VEV_5300;56;26;;;;;58;21;59;15;;;57.0;0.0
-2;6600;VEV_5400;15;28;;;;;17;25;;;;;16.0;0.0
-2;6600;VEV_5500;6;26;;;;;7;28;;;;;6.5;0.0
-2;6600;VEV_6000;0;20;;;;;1;20;;;;;0.5;0.0
-2;6600;VEV_6500;0;15;;;;;1;15;;;;;0.5;0.0
-2;6700;ASH_COATED_OSMIUM;9989;11;9986;21;;;10005;11;10007;21;;;9997.0;0.0
-2;6700;HYDROGEL_PACK;9998;15;9995;21;;;10014;15;10016;21;;;10006.0;0.0
-2;6700;INTARIAN_PEPPER_ROOT;13004;9;13000;10;12996;22;13014;10;13017;22;;;13009.0;0.0
-2;6700;VELVETFRUIT_EXTRACT;5245;21;5244;15;;;5250;66;;;;;5247.5;0.0
-2;6700;VEV_4000;1254;10;1251;18;;;1275;10;1277;18;;;1264.5;0.0
-2;6700;VEV_4500;765;9;763;15;;;781;9;782;8;783;15;773.0;0.0
-2;6700;VEV_5000;259;8;258;15;;;266;17;;;;;262.5;0.0
-2;6700;VEV_5100;169;8;;;;;173;7;;;;;171.0;0.0
-2;6700;VEV_5200;104;21;103;27;;;107;26;;;;;105.5;0.0
-2;6700;VEV_5300;56;23;;;;;59;18;;;;;57.5;0.0
-2;6700;VEV_5400;15;18;;;;;16;23;17;24;;;15.5;0.0
-2;6700;VEV_5500;6;25;;;;;7;25;;;;;6.5;0.0
-2;6700;VEV_6000;0;22;;;;;1;22;;;;;0.5;0.0
-2;6700;VEV_6500;0;14;;;;;1;14;;;;;0.5;0.0
-2;6800;ASH_COATED_OSMIUM;;;;;;;10005;11;10007;29;;;10005.0;0.0
-2;6800;HYDROGEL_PACK;9996;11;9994;28;;;10012;11;10015;28;;;10004.0;0.0
-2;6800;INTARIAN_PEPPER_ROOT;13000;8;12997;21;;;13017;21;;;;;13008.5;0.0
-2;6800;VELVETFRUIT_EXTRACT;5247;24;5246;44;;;5252;15;5253;38;;;5249.5;0.0
-2;6800;VEV_4000;1253;7;1250;25;;;1274;7;1277;25;;;1263.5;0.0
-2;6800;VEV_4500;762;15;;;;;780;7;783;15;;;771.0;0.0
-2;6800;VEV_5000;258;10;257;21;;;264;12;265;12;;;261.0;0.0
-2;6800;VEV_5100;;;;;;;174;26;175;20;;;174.0;0.0
-2;6800;VEV_5200;104;31;103;18;;;106;25;107;17;;;105.0;0.0
-2;6800;VEV_5300;57;29;56;17;;;59;27;;;;;58.0;0.0
-2;6800;VEV_5400;;;;;;;16;28;17;20;;;16.0;0.0
-2;6800;VEV_5500;6;24;;;;;7;24;;;;;6.5;0.0
-2;6800;VEV_6000;0;20;;;;;1;20;;;;;0.5;0.0
-2;6800;VEV_6500;0;16;;;;;1;16;;;;;0.5;0.0
-2;6900;ASH_COATED_OSMIUM;9989;13;9986;22;;;10007;22;;;;;9998.0;0.0
-2;6900;HYDROGEL_PACK;9998;12;9996;27;;;10014;12;10017;27;;;10006.0;0.0
-2;6900;INTARIAN_PEPPER_ROOT;12997;16;;;;;13003;8;13014;10;13017;16;13000.0;0.0
-2;6900;VELVETFRUIT_EXTRACT;5247;16;5246;52;;;5252;69;;;;;5249.5;0.0
-2;6900;VEV_4000;1254;8;1251;30;;;1275;8;1277;30;;;1264.5;0.0
-2;6900;VEV_4500;765;8;763;16;;;781;8;784;16;;;773.0;0.0
-2;6900;VEV_5000;257;10;256;29;;;263;12;264;18;;;260.0;0.0
-2;6900;VEV_5100;170;12;;;;;176;24;;;;;173.0;0.0
-2;6900;VEV_5200;104;11;103;31;;;107;32;;;;;105.5;0.0
-2;6900;VEV_5300;57;19;56;11;;;59;26;;;;;58.0;0.0
-2;6900;VEV_5400;15;19;;;;;17;28;;;;;16.0;0.0
-2;6900;VEV_5500;6;19;;;;;7;19;;;;;6.5;0.0
-2;6900;VEV_6000;0;23;;;;;1;23;;;;;0.5;0.0
-2;6900;VEV_6500;0;16;;;;;1;16;;;;;0.5;0.0
-2;7000;ASH_COATED_OSMIUM;9989;12;9987;23;;;10005;12;10008;23;;;9997.0;0.0
-2;7000;HYDROGEL_PACK;9998;11;9995;26;;;10014;11;10017;26;;;10006.0;0.0
-2;7000;INTARIAN_PEPPER_ROOT;13000;8;12997;18;;;13014;8;13017;18;;;13007.0;0.0
-2;7000;VELVETFRUIT_EXTRACT;5247;25;;;;;5253;60;;;;;5250.0;0.0
-2;7000;VEV_4000;1253;7;1250;16;;;1274;7;;;;;1263.5;0.0
-2;7000;VEV_4500;766;8;765;9;764;16;782;8;;;;;774.0;0.0
-2;7000;VEV_5000;257;10;256;32;;;263;6;;;;;260.0;0.0
-2;7000;VEV_5100;171;8;;;;;175;30;176;27;;;173.0;0.0
-2;7000;VEV_5200;103;21;102;12;;;105;24;;;;;104.0;0.0
-2;7000;VEV_5300;57;26;;;;;;;;;;;57.0;0.0
-2;7000;VEV_5400;16;24;15;20;;;17;27;;;;;16.5;0.0
-2;7000;VEV_5500;6;29;;;;;7;27;;;;;6.5;0.0
-2;7000;VEV_6000;0;28;;;;;1;28;;;;;0.5;0.0
-2;7000;VEV_6500;0;18;;;;;1;18;;;;;0.5;0.0
-2;7100;ASH_COATED_OSMIUM;9989;12;;;;;9995;9;10005;12;;;9992.0;0.0
-2;7100;HYDROGEL_PACK;9996;14;9994;25;;;10012;14;10015;25;;;10004.0;0.0
-2;7100;INTARIAN_PEPPER_ROOT;13000;12;;;;;13014;12;13017;22;;;13007.0;0.0
-2;7100;VELVETFRUIT_EXTRACT;5246;62;;;;;5251;21;5252;40;;;5248.5;0.0
-2;7100;VEV_4000;1253;10;1251;21;;;1274;10;1277;21;;;1263.5;0.0
-2;7100;VEV_4500;766;10;764;18;;;782;10;785;18;;;774.0;0.0
-2;7100;VEV_5000;;;;;;;263;6;264;32;;;263.0;0.0
-2;7100;VEV_5100;172;33;;;;;176;8;177;26;;;174.0;0.0
-2;7100;VEV_5200;103;20;102;26;;;105;6;106;17;;;104.0;0.0
-2;7100;VEV_5300;57;17;56;28;;;59;20;;;;;58.0;0.0
-2;7100;VEV_5400;15;22;;;;;16;19;17;25;;;15.5;0.0
-2;7100;VEV_5500;6;18;;;;;7;24;;;;;6.5;0.0
-2;7100;VEV_6000;0;29;;;;;1;29;;;;;0.5;0.0
-2;7100;VEV_6500;0;15;;;;;1;15;;;;;0.5;0.0
-2;7200;ASH_COATED_OSMIUM;9989;12;9987;20;;;10008;20;;;;;9998.5;0.0
-2;7200;HYDROGEL_PACK;9990;11;9988;30;;;10006;11;10009;30;;;9998.0;0.0
-2;7200;INTARIAN_PEPPER_ROOT;12997;25;;;;;13017;25;;;;;13007.0;0.0
-2;7200;VELVETFRUIT_EXTRACT;5247;41;;;;;5252;19;5253;52;;;5249.5;0.0
-2;7200;VEV_4000;1253;12;1251;23;;;1274;12;1277;23;;;1263.5;0.0
-2;7200;VEV_4500;;;;;;;782;12;784;17;;;782.0;0.0
-2;7200;VEV_5000;256;9;255;24;;;262;11;;;;;259.0;0.0
-2;7200;VEV_5100;172;13;;;;;177;6;178;12;;;174.5;0.0
-2;7200;VEV_5200;104;7;103;28;;;107;20;;;;;105.5;0.0
-2;7200;VEV_5300;57;26;56;19;;;59;24;60;26;;;58.0;0.0
-2;7200;VEV_5400;15;24;15;20;;;17;21;;;;;16.0;0.0
-2;7200;VEV_5500;6;25;;;;;7;27;;;;;6.5;0.0
-2;7200;VEV_6000;0;26;;;;;1;26;;;;;0.5;0.0
-2;7200;VEV_6500;0;12;;;;;1;12;;;;;0.5;0.0
-2;7300;ASH_COATED_OSMIUM;9989;14;9987;25;;;10005;14;10008;25;;;9997.0;0.0
-2;7300;HYDROGEL_PACK;9988;14;9986;25;;;10004;14;10007;25;;;9996.0;0.0
-2;7300;INTARIAN_PEPPER_ROOT;13000;12;12997;22;;;13014;12;13018;22;;;13007.0;0.0
-2;7300;VELVETFRUIT_EXTRACT;5247;32;;;;;5252;22;5253;65;5254;38;5249.5;0.0
-2;7300;VEV_4000;1253;10;1250;24;;;1274;10;1276;24;;;1263.5;0.0
-2;7300;VEV_4500;765;8;763;16;;;784;16;;;;;774.5;0.0
-2;7300;VEV_5000;255;18;;;;;262;8;263;15;;;258.5;0.0
-2;7300;VEV_5100;171;13;;;;;176;12;177;30;;;173.5;0.0
-2;7300;VEV_5200;104;29;103;21;;;106;24;107;20;;;105.0;0.0
-2;7300;VEV_5300;57;21;;;;;59;22;;;;;58.0;0.0
-2;7300;VEV_5400;15;25;15;21;;;17;26;;;;;16.0;0.0
-2;7300;VEV_5500;6;25;;;;;7;13;;;;;6.5;0.0
-2;7300;VEV_6000;0;28;;;;;1;28;;;;;0.5;0.0
-2;7300;VEV_6500;0;18;;;;;1;18;;;;;0.5;0.0
-2;7400;ASH_COATED_OSMIUM;9987;21;;;;;;;;;;;9987.0;0.0
-2;7400;HYDROGEL_PACK;9990;13;9987;28;;;10006;13;10008;28;;;9998.0;0.0
-2;7400;INTARIAN_PEPPER_ROOT;13000;10;12997;25;;;13009;6;13014;10;13018;25;13004.5;0.0
-2;7400;VELVETFRUIT_EXTRACT;5250;15;5249;24;;;5255;64;5256;36;;;5252.5;0.0
-2;7400;VEV_4000;1253;8;1250;16;;;1274;8;1277;16;;;1263.5;0.0
-2;7400;VEV_4500;766;12;764;14;;;782;12;785;14;;;774.0;0.0
-2;7400;VEV_5000;254;6;253;21;;;261;24;;;;;257.5;0.0
-2;7400;VEV_5100;172;21;;;;;176;30;;;;;174.0;0.0
-2;7400;VEV_5200;103;8;102;13;;;106;17;;;;;104.5;0.0
-2;7400;VEV_5300;58;8;;;;;60;5;;;;;59.0;0.0
-2;7400;VEV_5400;14;26;;;;;16;18;;;;;15.0;0.0
-2;7400;VEV_5500;6;13;;;;;7;29;;;;;6.5;0.0
-2;7400;VEV_6000;0;19;;;;;1;19;;;;;0.5;0.0
-2;7400;VEV_6500;0;15;;;;;1;15;;;;;0.5;0.0
-2;7500;ASH_COATED_OSMIUM;9989;14;;;;;10005;14;10008;27;;;9997.0;0.0
-2;7500;HYDROGEL_PACK;9994;15;9991;27;;;10010;15;10012;27;;;10002.0;0.0
-2;7500;INTARIAN_PEPPER_ROOT;13000;9;12997;19;;;13015;9;13018;19;;;13007.5;0.0
-2;7500;VELVETFRUIT_EXTRACT;5248;24;5247;60;;;5253;30;;;;;5250.5;0.0
-2;7500;VEV_4000;1257;7;1254;21;;;1278;7;1280;21;;;1267.5;0.0
-2;7500;VEV_4500;766;11;764;12;;;782;11;784;12;;;774.0;0.0
-2;7500;VEV_5000;253;8;252;20;;;259;12;260;13;;;256.0;0.0
-2;7500;VEV_5100;172;31;;;;;177;29;;;;;174.5;0.0
-2;7500;VEV_5200;104;9;103;18;;;106;35;;;;;105.0;0.0
-2;7500;VEV_5300;57;28;;;;;;;;;;;57.0;0.0
-2;7500;VEV_5400;14;19;;;;;16;24;;;;;15.0;0.0
-2;7500;VEV_5500;6;21;;;;;7;21;;;;;6.5;0.0
-2;7500;VEV_6000;0;27;;;;;1;27;;;;;0.5;0.0
-2;7500;VEV_6500;0;11;;;;;1;11;;;;;0.5;0.0
-2;7600;ASH_COATED_OSMIUM;9987;23;;;;;;;;;;;9987.0;0.0
-2;7600;HYDROGEL_PACK;9996;14;9994;26;;;10012;14;10015;26;;;10004.0;0.0
-2;7600;INTARIAN_PEPPER_ROOT;13001;11;12997;22;;;13015;11;13018;22;;;13008.0;0.0
-2;7600;VELVETFRUIT_EXTRACT;5248;25;5247;35;5247;32;5252;25;5253;42;;;5250.0;0.0
-2;7600;VEV_4000;1257;11;1255;18;;;1279;11;1281;18;;;1268.0;0.0
-2;7600;VEV_4500;766;6;764;22;;;782;6;784;22;;;774.0;0.0
-2;7600;VEV_5000;254;8;253;30;;;260;9;261;22;;;257.0;0.0
-2;7600;VEV_5100;172;10;;;;;176;19;177;18;;;174.0;0.0
-2;7600;VEV_5200;103;24;;;;;106;8;107;27;;;104.5;0.0
-2;7600;VEV_5300;57;23;56;18;;;59;29;60;19;;;58.0;0.0
-2;7600;VEV_5400;;;;;;;16;26;;;;;16.0;0.0
-2;7600;VEV_5500;6;20;;;;;7;23;;;;;6.5;0.0
-2;7600;VEV_6000;0;26;;;;;1;26;;;;;0.5;0.0
-2;7600;VEV_6500;0;14;;;;;1;14;;;;;0.5;0.0
-2;7700;ASH_COATED_OSMIUM;9989;11;9987;27;;;10008;27;;;;;9998.5;0.0
-2;7700;HYDROGEL_PACK;9999;14;9997;29;;;10015;14;10018;29;;;10007.0;0.0
-2;7700;INTARIAN_PEPPER_ROOT;13001;12;12997;15;;;13015;12;13018;15;;;13008.0;0.0
-2;7700;VELVETFRUIT_EXTRACT;5247;70;;;;;5253;57;;;;;5250.0;0.0
-2;7700;VEV_4000;1259;13;1256;28;;;1280;13;1283;28;;;1269.5;0.0
-2;7700;VEV_4500;766;8;764;13;;;782;8;784;13;;;774.0;0.0
-2;7700;VEV_5000;254;7;253;15;;;260;10;261;16;;;257.0;0.0
-2;7700;VEV_5100;171;11;170;20;;;176;21;;;;;173.5;0.0
-2;7700;VEV_5200;106;32;;;;;108;12;109;19;;;107.0;0.0
-2;7700;VEV_5300;;;;;;;59;24;;;;;59.0;0.0
-2;7700;VEV_5400;14;25;;;;;15;28;16;27;;;14.5;0.0
-2;7700;VEV_5500;6;17;;;;;7;17;;;;;6.5;0.0
-2;7700;VEV_6000;0;24;;;;;1;24;;;;;0.5;0.0
-2;7700;VEV_6500;0;13;;;;;1;13;;;;;0.5;0.0
-2;7800;ASH_COATED_OSMIUM;9989;13;9987;30;;;9994;6;10005;13;10008;30;9991.5;0.0
-2;7800;HYDROGEL_PACK;9997;13;9995;23;;;10013;13;10016;23;;;10005.0;0.0
-2;7800;INTARIAN_PEPPER_ROOT;13001;8;12998;21;;;13015;8;13018;21;;;13008.0;0.0
-2;7800;VELVETFRUIT_EXTRACT;5249;20;5249;21;;;5255;43;;;;;5252.0;0.0
-2;7800;VEV_4000;1259;7;1257;15;;;1281;7;1283;15;;;1270.0;0.0
-2;7800;VEV_4500;766;9;765;12;764;14;782;9;783;10;784;14;774.0;0.0
-2;7800;VEV_5000;253;9;252;22;;;260;15;;;;;256.5;0.0
-2;7800;VEV_5100;169;23;;;;;175;23;;;;;172.0;0.0
-2;7800;VEV_5200;107;10;106;18;;;110;30;;;;;108.5;0.0
-2;7800;VEV_5300;;;;;;;59;16;;;;;59.0;0.0
-2;7800;VEV_5400;14;19;;;;;15;19;;;;;14.5;0.0
-2;7800;VEV_5500;6;18;;;;;7;18;;;;;6.5;0.0
-2;7800;VEV_6000;0;19;;;;;1;19;;;;;0.5;0.0
-2;7800;VEV_6500;0;12;;;;;1;12;;;;;0.5;0.0
-2;7900;ASH_COATED_OSMIUM;9995;3;9987;29;;;10005;15;10008;29;;;10000.0;0.0
-2;7900;HYDROGEL_PACK;9997;10;9995;22;;;10013;10;10016;22;;;10005.0;0.0
-2;7900;INTARIAN_PEPPER_ROOT;13001;9;;;;;13015;9;13018;15;;;13008.0;0.0
-2;7900;VELVETFRUIT_EXTRACT;5250;49;;;;;5255;25;5256;48;5257;33;5252.5;0.0
-2;7900;VEV_4000;1260;9;1257;22;;;1281;9;1284;22;;;1270.5;0.0
-2;7900;VEV_4500;765;12;763;15;;;781;12;783;15;;;773.0;0.0
-2;7900;VEV_5000;254;28;253;28;;;260;10;261;27;;;257.0;0.0
-2;7900;VEV_5100;170;12;;;;;175;25;;;;;172.5;0.0
-2;7900;VEV_5200;106;10;105;12;;;108;24;109;19;;;107.0;0.0
-2;7900;VEV_5300;57;18;;;;;59;9;;;;;58.0;0.0
-2;7900;VEV_5400;15;26;14;23;;;16;24;;;;;15.5;0.0
-2;7900;VEV_5500;6;24;;;;;7;19;;;;;6.5;0.0
-2;7900;VEV_6000;0;22;;;;;1;22;;;;;0.5;0.0
-2;7900;VEV_6500;0;17;;;;;1;17;;;;;0.5;0.0
-2;8000;ASH_COATED_OSMIUM;9989;14;;;;;10005;14;10008;28;;;9997.0;0.0
-2;8000;HYDROGEL_PACK;10000;14;9997;24;;;10016;14;10018;24;;;10008.0;0.0
-2;8000;INTARIAN_PEPPER_ROOT;13001;8;12998;22;;;13018;22;;;;;13009.5;0.0
-2;8000;VELVETFRUIT_EXTRACT;5251;25;5250;63;;;5255;25;5256;56;;;5253.0;0.0
-2;8000;VEV_4000;1260;8;1257;29;;;1281;8;1284;29;;;1270.5;0.0
-2;8000;VEV_4500;764;24;;;;;782;10;;;;;773.0;0.0
-2;8000;VEV_5000;254;11;;;;;261;17;;;;;257.5;0.0
-2;8000;VEV_5100;171;19;;;;;176;33;177;14;;;173.5;0.0
-2;8000;VEV_5200;;;;;;;110;21;;;;;110.0;0.0
-2;8000;VEV_5300;57;23;;;;;59;22;;;;;58.0;0.0
-2;8000;VEV_5400;14;26;;;;;15;5;16;24;;;14.5;0.0
-2;8000;VEV_5500;6;21;;;;;7;19;;;;;6.5;0.0
-2;8000;VEV_6000;0;29;;;;;1;29;;;;;0.5;0.0
-2;8000;VEV_6500;0;19;;;;;1;19;;;;;0.5;0.0
-2;8100;ASH_COATED_OSMIUM;9987;22;;;;;9994;6;10005;10;10008;22;9990.5;0.0
-2;8100;HYDROGEL_PACK;9999;12;9997;20;;;10015;12;10018;20;;;10007.0;0.0
-2;8100;INTARIAN_PEPPER_ROOT;13001;12;;;;;13015;12;13018;20;;;13008.0;0.0
-2;8100;VELVETFRUIT_EXTRACT;5248;45;;;;;5253;19;5254;60;;;5250.5;0.0
-2;8100;VEV_4000;1260;13;1257;18;;;1281;13;1284;18;;;1270.5;0.0
-2;8100;VEV_4500;765;14;;;;;783;10;;;;;774.0;0.0
-2;8100;VEV_5000;253;12;252;21;;;259;25;;;;;256.0;0.0
-2;8100;VEV_5100;172;9;171;13;;;;;;;;;172.0;0.0
-2;8100;VEV_5200;105;21;;;;;109;22;;;;;107.0;0.0
-2;8100;VEV_5300;57;30;;;;;59;29;;;;;58.0;0.0
-2;8100;VEV_5400;;;;;;;15;27;16;16;;;15.0;0.0
-2;8100;VEV_5500;6;21;;;;;7;27;;;;;6.5;0.0
-2;8100;VEV_6000;0;21;;;;;1;21;;;;;0.5;0.0
-2;8100;VEV_6500;0;16;;;;;1;16;;;;;0.5;0.0
-2;8200;ASH_COATED_OSMIUM;9990;10;9987;24;;;10006;10;10008;24;;;9998.0;0.0
-2;8200;HYDROGEL_PACK;9998;13;9995;26;;;10014;13;10016;26;;;10006.0;0.0
-2;8200;INTARIAN_PEPPER_ROOT;12998;23;;;;;13015;10;13018;23;;;13006.5;0.0
-2;8200;VELVETFRUIT_EXTRACT;5247;22;5246;32;;;5252;19;;;;;5249.5;0.0
-2;8200;VEV_4000;1261;13;1258;18;;;1282;13;1285;18;;;1271.5;0.0
-2;8200;VEV_4500;768;9;;;;;784;9;786;21;;;776.0;0.0
-2;8200;VEV_5000;252;16;;;;;259;6;;;;;255.5;0.0
-2;8200;VEV_5100;172;31;;;;;176;11;177;23;;;174.0;0.0
-2;8200;VEV_5200;107;9;106;33;;;109;11;110;13;;;108.0;0.0
-2;8200;VEV_5300;57;20;56;10;;;59;19;;;;;58.0;0.0
-2;8200;VEV_5400;15;20;14;19;;;16;25;;;;;15.5;0.0
-2;8200;VEV_5500;6;22;;;;;7;22;;;;;6.5;0.0
-2;8200;VEV_6000;0;18;;;;;1;18;;;;;0.5;0.0
-2;8200;VEV_6500;0;17;;;;;1;17;;;;;0.5;0.0
-2;8300;ASH_COATED_OSMIUM;9988;24;;;;;10007;13;;;;;9997.5;0.0
-2;8300;HYDROGEL_PACK;9995;13;9993;25;;;10011;13;10014;25;;;10003.0;0.0
-2;8300;INTARIAN_PEPPER_ROOT;13001;8;;;;;13004;6;;;;;13002.5;0.0
-2;8300;VELVETFRUIT_EXTRACT;5246;53;;;;;5252;15;;;;;5249.0;0.0
-2;8300;VEV_4000;1261;14;1258;25;;;1282;14;1285;25;;;1271.5;0.0
-2;8300;VEV_4500;768;11;;;;;784;11;786;15;;;776.0;0.0
-2;8300;VEV_5000;254;11;253;25;;;261;23;;;;;257.5;0.0
-2;8300;VEV_5100;173;21;;;;;177;33;178;17;;;175.0;0.0
-2;8300;VEV_5200;107;20;;;;;;;;;;;107.0;0.0
-2;8300;VEV_5300;57;15;;;;;;;;;;;57.0;0.0
-2;8300;VEV_5400;14;28;;;;;16;19;;;;;15.0;0.0
-2;8300;VEV_5500;6;22;;;;;7;17;;;;;6.5;0.0
-2;8300;VEV_6000;0;21;;;;;1;21;;;;;0.5;0.0
-2;8300;VEV_6500;0;21;;;;;1;21;;;;;0.5;0.0
-2;8400;ASH_COATED_OSMIUM;9989;14;;;;;10005;14;10008;25;;;9997.0;0.0
-2;8400;HYDROGEL_PACK;9997;13;9995;23;;;10013;13;10016;23;;;10005.0;0.0
-2;8400;INTARIAN_PEPPER_ROOT;13001;8;;;;;13015;8;;;;;13008.0;0.0
-2;8400;VELVETFRUIT_EXTRACT;5246;60;5246;18;;;5251;18;5252;46;;;5248.5;0.0
-2;8400;VEV_4000;1260;10;1258;24;;;1282;10;1284;24;;;1271.0;0.0
-2;8400;VEV_4500;769;7;767;18;;;785;7;787;18;;;777.0;0.0
-2;8400;VEV_5000;252;9;251;31;;;258;11;259;17;;;255.0;0.0
-2;8400;VEV_5100;172;12;;;;;;;;;;;172.0;0.0
-2;8400;VEV_5200;105;16;;;;;109;24;;;;;107.0;0.0
-2;8400;VEV_5300;56;9;;;;;58;18;;;;;57.0;0.0
-2;8400;VEV_5400;;;;;;;17;17;;;;;17.0;0.0
-2;8400;VEV_5500;6;24;;;;;8;24;;;;;7.0;0.0
-2;8400;VEV_6000;0;26;;;;;1;26;;;;;0.5;0.0
-2;8400;VEV_6500;0;16;;;;;1;16;;;;;0.5;0.0
-2;8500;ASH_COATED_OSMIUM;9990;14;9988;24;;;10009;24;;;;;9999.5;0.0
-2;8500;HYDROGEL_PACK;9998;15;9995;22;;;10014;15;10016;22;;;10006.0;0.0
-2;8500;INTARIAN_PEPPER_ROOT;13001;10;12998;19;;;13016;10;13019;19;;;13008.5;0.0
-2;8500;VELVETFRUIT_EXTRACT;5244;48;5244;15;;;5249;25;5250;56;;;5246.5;0.0
-2;8500;VEV_4000;1261;8;1258;25;;;1282;8;1285;25;;;1271.5;0.0
-2;8500;VEV_4500;766;23;;;;;784;11;786;23;;;775.0;0.0
-2;8500;VEV_5000;250;21;;;;;257;6;;;;;253.5;0.0
-2;8500;VEV_5100;173;28;172;15;;;177;33;178;14;;;175.0;0.0
-2;8500;VEV_5200;105;23;;;;;108;33;109;25;;;106.5;0.0
-2;8500;VEV_5300;57;24;;;;;59;26;;;;;58.0;0.0
-2;8500;VEV_5400;15;20;;;;;17;19;;;;;16.0;0.0
-2;8500;VEV_5500;6;12;;;;;8;19;;;;;7.0;0.0
-2;8500;VEV_6000;0;27;;;;;1;27;;;;;0.5;0.0
-2;8500;VEV_6500;0;14;;;;;1;14;;;;;0.5;0.0
-2;8600;ASH_COATED_OSMIUM;9991;10;;;;;10007;10;10009;25;;;9999.0;0.0
-2;8600;HYDROGEL_PACK;10002;11;9999;27;;;10018;11;10020;27;;;10010.0;0.0
-2;8600;INTARIAN_PEPPER_ROOT;13002;11;12998;18;;;13016;11;13019;18;;;13009.0;0.0
-2;8600;VELVETFRUIT_EXTRACT;5243;46;;;;;5248;18;5249;47;;;5245.5;0.0
-2;8600;VEV_4000;1262;10;1259;26;;;1283;10;1285;26;;;1272.5;0.0
-2;8600;VEV_4500;769;8;767;13;;;;;;;;;769.0;0.0
-2;8600;VEV_5000;252;30;251;23;;;258;10;259;21;;;255.0;0.0
-2;8600;VEV_5100;173;6;172;19;;;177;6;178;15;;;175.0;0.0
-2;8600;VEV_5200;;;;;;;;;;;;;0.0;0.0
-2;8600;VEV_5300;57;29;;;;;59;19;;;;;58.0;0.0
-2;8600;VEV_5400;15;24;15;21;;;16;26;17;24;;;15.5;0.0
-2;8600;VEV_5500;6;26;;;;;8;22;;;;;7.0;0.0
-2;8600;VEV_6000;0;21;;;;;1;21;;;;;0.5;0.0
-2;8600;VEV_6500;0;15;;;;;1;15;;;;;0.5;0.0
-2;8700;ASH_COATED_OSMIUM;9991;15;;;;;10007;15;10010;26;;;9999.0;0.0
-2;8700;HYDROGEL_PACK;10002;13;10000;24;;;10018;13;10021;24;;;10010.0;0.0
-2;8700;INTARIAN_PEPPER_ROOT;13002;12;12998;17;;;13016;12;13019;17;;;13009.0;0.0
-2;8700;VELVETFRUIT_EXTRACT;5243;60;;;;;5249;30;;;;;5246.0;0.0
-2;8700;VEV_4000;1262;8;1259;20;;;1283;8;1286;20;;;1272.5;0.0
-2;8700;VEV_4500;771;6;769;12;;;787;6;789;12;;;779.0;0.0
-2;8700;VEV_5000;252;8;;;;;258;9;259;21;;;255.0;0.0
-2;8700;VEV_5100;173;9;172;15;;;177;6;178;23;;;175.0;0.0
-2;8700;VEV_5200;105;12;104;21;;;;;;;;;105.0;0.0
-2;8700;VEV_5300;57;5;;;;;59;29;60;16;;;58.0;0.0
-2;8700;VEV_5400;;;;;;;;;;;;;0.0;0.0
-2;8700;VEV_5500;6;27;;;;;8;28;;;;;7.0;0.0
-2;8700;VEV_6000;0;20;;;;;1;20;;;;;0.5;0.0
-2;8700;VEV_6500;0;15;;;;;1;15;;;;;0.5;0.0
-2;8800;ASH_COATED_OSMIUM;9991;15;;;;;10007;15;;;;;9999.0;0.0
-2;8800;HYDROGEL_PACK;10003;14;10001;28;;;10019;14;10022;28;;;10011.0;0.0
-2;8800;INTARIAN_PEPPER_ROOT;13002;9;;;;;13016;9;13019;19;;;13009.0;0.0
-2;8800;VELVETFRUIT_EXTRACT;5244;53;5244;21;;;5250;39;;;;;5247.0;0.0
-2;8800;VEV_4000;1260;15;1258;15;;;1282;15;1284;15;;;1271.0;0.0
-2;8800;VEV_4500;772;9;770;15;;;788;9;791;15;;;780.0;0.0
-2;8800;VEV_5000;253;7;252;14;;;259;29;260;19;;;256.0;0.0
-2;8800;VEV_5100;173;12;;;;;177;27;178;18;;;175.0;0.0
-2;8800;VEV_5200;105;10;104;23;;;107;32;108;23;;;106.0;0.0
-2;8800;VEV_5300;57;17;;;;;59;17;;;;;58.0;0.0
-2;8800;VEV_5400;15;20;;;;;17;26;;;;;16.0;0.0
-2;8800;VEV_5500;6;20;;;;;8;27;;;;;7.0;0.0
-2;8800;VEV_6000;0;23;;;;;1;23;;;;;0.5;0.0
-2;8800;VEV_6500;0;14;;;;;1;14;;;;;0.5;0.0
-2;8900;ASH_COATED_OSMIUM;9990;14;9988;30;;;10006;14;10009;30;;;9998.0;0.0
-2;8900;HYDROGEL_PACK;10000;10;9997;24;;;10016;10;10018;24;;;10008.0;0.0
-2;8900;INTARIAN_PEPPER_ROOT;13002;11;12999;17;;;13016;11;13019;17;;;13009.0;0.0
-2;8900;VELVETFRUIT_EXTRACT;5245;15;5244;63;;;5249;15;5250;32;;;5247.0;0.0
-2;8900;VEV_4000;1261;15;1258;18;;;1282;15;1285;18;;;1271.5;0.0
-2;8900;VEV_4500;772;9;770;24;;;788;9;790;24;;;780.0;0.0
-2;8900;VEV_5000;252;12;251;21;;;258;8;;;;;255.0;0.0
-2;8900;VEV_5100;171;19;;;;;175;22;176;30;;;173.0;0.0
-2;8900;VEV_5200;105;20;;;;;108;25;109;30;;;106.5;0.0
-2;8900;VEV_5300;57;23;56;30;;;59;18;60;22;;;58.0;0.0
-2;8900;VEV_5400;15;21;14;19;;;16;19;;;;;15.5;0.0
-2;8900;VEV_5500;6;26;;;;;8;24;;;;;7.0;0.0
-2;8900;VEV_6000;0;22;;;;;1;22;;;;;0.5;0.0
-2;8900;VEV_6500;0;16;;;;;1;16;;;;;0.5;0.0
-2;9000;ASH_COATED_OSMIUM;;;;;;;10007;11;10009;22;;;10007.0;0.0
-2;9000;HYDROGEL_PACK;9999;13;9996;23;;;10015;13;10017;23;;;10007.0;0.0
-2;9000;INTARIAN_PEPPER_ROOT;13002;10;12999;16;;;13016;10;;;;;13009.0;0.0
-2;9000;VELVETFRUIT_EXTRACT;5243;70;;;;;5249;60;;;;;5246.0;0.0
-2;9000;VEV_4000;1259;15;1256;22;;;1280;15;1283;22;;;1269.5;0.0
-2;9000;VEV_4500;770;12;768;21;;;786;12;789;21;;;778.0;0.0
-2;9000;VEV_5000;253;7;252;21;;;259;8;260;12;;;256.0;0.0
-2;9000;VEV_5100;170;31;169;32;;;174;12;175;24;;;172.0;0.0
-2;9000;VEV_5200;105;14;;;;;;;;;;;105.0;0.0
-2;9000;VEV_5300;57;22;;;;;59;19;;;;;58.0;0.0
-2;9000;VEV_5400;;;;;;;17;19;;;;;17.0;0.0
-2;9000;VEV_5500;6;25;;;;;7;23;;;;;6.5;0.0
-2;9000;VEV_6000;0;27;;;;;1;27;;;;;0.5;0.0
-2;9000;VEV_6500;0;18;;;;;1;18;;;;;0.5;0.0
-2;9100;ASH_COATED_OSMIUM;9990;15;;;;;10006;15;10009;22;;;9998.0;0.0
-2;9100;HYDROGEL_PACK;9999;13;9996;24;;;10015;13;10017;24;;;10007.0;0.0
-2;9100;INTARIAN_PEPPER_ROOT;13002;9;12999;18;;;13016;9;13019;18;;;13009.0;0.0
-2;9100;VELVETFRUIT_EXTRACT;5241;30;;;;;5247;62;;;;;5244.0;0.0
-2;9100;VEV_4000;1259;7;1256;26;;;1280;7;1283;26;;;1269.5;0.0
-2;9100;VEV_4500;770;7;768;13;;;786;7;789;13;;;778.0;0.0
-2;9100;VEV_5000;253;8;252;12;;;259;7;;;;;256.0;0.0
-2;9100;VEV_5100;170;9;;;;;175;27;;;;;172.5;0.0
-2;9100;VEV_5200;;;;;;;108;12;109;19;;;108.0;0.0
-2;9100;VEV_5300;57;8;;;;;59;29;60;16;;;58.0;0.0
-2;9100;VEV_5400;;;;;;;17;21;;;;;17.0;0.0
-2;9100;VEV_5500;6;20;;;;;7;17;;;;;6.5;0.0
-2;9100;VEV_6000;0;23;;;;;1;23;;;;;0.5;0.0
-2;9100;VEV_6500;0;14;;;;;1;14;;;;;0.5;0.0
-2;9200;ASH_COATED_OSMIUM;9990;10;9988;20;;;10006;10;10009;20;;;9998.0;0.0
-2;9200;HYDROGEL_PACK;10001;14;9998;26;;;10017;14;10019;26;;;10009.0;0.0
-2;9200;INTARIAN_PEPPER_ROOT;13002;8;12999;23;;;13016;8;;;;;13009.0;0.0
-2;9200;VELVETFRUIT_EXTRACT;5240;41;;;;;5245;23;5246;41;;;5242.5;0.0
-2;9200;VEV_4000;1259;12;1256;28;;;1280;12;1282;28;;;1269.5;0.0
-2;9200;VEV_4500;772;6;770;12;;;788;6;790;12;;;780.0;0.0
-2;9200;VEV_5000;254;7;253;12;;;260;9;261;13;;;257.0;0.0
-2;9200;VEV_5100;170;21;169;24;;;174;30;175;19;;;172.0;0.0
-2;9200;VEV_5200;106;22;;;;;108;10;;;;;107.0;0.0
-2;9200;VEV_5300;57;21;;;;;59;22;60;23;;;58.0;0.0
-2;9200;VEV_5400;15;17;15;18;;;17;28;;;;;16.0;0.0
-2;9200;VEV_5500;6;25;;;;;7;19;;;;;6.5;0.0
-2;9200;VEV_6000;0;26;;;;;1;26;;;;;0.5;0.0
-2;9200;VEV_6500;0;12;;;;;1;12;;;;;0.5;0.0
-2;9300;ASH_COATED_OSMIUM;9990;10;9988;30;;;10006;10;10009;30;;;9998.0;0.0
-2;9300;HYDROGEL_PACK;10001;10;9999;20;;;10020;20;;;;;10010.5;0.0
-2;9300;INTARIAN_PEPPER_ROOT;13006;12;13002;10;12999;24;13016;10;13020;24;;;13011.0;0.0
-2;9300;VELVETFRUIT_EXTRACT;5241;41;5241;18;;;5246;18;5247;65;;;5243.5;0.0
-2;9300;VEV_4000;1259;9;1257;21;;;1280;9;1283;21;;;1269.5;0.0
-2;9300;VEV_4500;772;12;770;16;;;788;12;789;6;790;16;780.0;0.0
-2;9300;VEV_5000;254;26;253;21;;;260;10;261;21;;;257.0;0.0
-2;9300;VEV_5100;170;8;169;13;;;174;21;175;20;;;172.0;0.0
-2;9300;VEV_5200;107;34;;;;;109;11;110;24;;;108.0;0.0
-2;9300;VEV_5300;57;23;;;;;59;24;;;;;58.0;0.0
-2;9300;VEV_5400;15;16;;;;;17;11;;;;;16.0;0.0
-2;9300;VEV_5500;6;12;;;;;8;19;;;;;7.0;0.0
-2;9300;VEV_6000;0;30;;;;;1;30;;;;;0.5;0.0
-2;9300;VEV_6500;0;13;;;;;1;13;;;;;0.5;0.0
-2;9400;ASH_COATED_OSMIUM;9991;14;;;;;10009;22;;;;;10000.0;0.0
-2;9400;HYDROGEL_PACK;9999;14;9996;24;;;10015;14;10017;24;;;10007.0;0.0
-2;9400;INTARIAN_PEPPER_ROOT;13002;10;;;;;13016;10;13020;19;;;13009.0;0.0
-2;9400;VELVETFRUIT_EXTRACT;5241;64;5241;24;;;5247;60;;;;;5244.0;0.0
-2;9400;VEV_4000;1259;12;1257;19;;;1280;12;1283;19;;;1269.5;0.0
-2;9400;VEV_4500;774;8;772;12;;;790;8;792;12;;;782.0;0.0
-2;9400;VEV_5000;252;7;;;;;258;7;259;18;;;255.0;0.0
-2;9400;VEV_5100;170;25;169;24;;;174;8;175;19;;;172.0;0.0
-2;9400;VEV_5200;;;;;;;109;10;110;16;;;109.0;0.0
-2;9400;VEV_5300;;;;;;;59;21;;;;;59.0;0.0
-2;9400;VEV_5400;15;22;14;25;;;;;;;;;15.0;0.0
-2;9400;VEV_5500;6;25;;;;;8;23;;;;;7.0;0.0
-2;9400;VEV_6000;0;24;;;;;1;24;;;;;0.5;0.0
-2;9400;VEV_6500;0;14;;;;;1;14;;;;;0.5;0.0
-2;9500;ASH_COATED_OSMIUM;9991;14;9988;23;;;10007;14;;;;;9999.0;0.0
-2;9500;HYDROGEL_PACK;9999;11;9997;27;;;10015;11;10018;27;;;10007.0;0.0
-2;9500;INTARIAN_PEPPER_ROOT;12999;19;;;;;13017;10;13020;19;;;13008.0;0.0
-2;9500;VELVETFRUIT_EXTRACT;5239;17;;;;;5245;24;;;;;5242.0;0.0
-2;9500;VEV_4000;1260;11;1257;22;;;1281;11;1283;22;;;1270.5;0.0
-2;9500;VEV_4500;773;12;771;13;;;789;12;792;13;;;781.0;0.0
-2;9500;VEV_5000;252;7;251;18;;;258;6;259;14;;;255.0;0.0
-2;9500;VEV_5100;170;19;;;;;;;;;;;170.0;0.0
-2;9500;VEV_5200;107;24;;;;;111;13;;;;;109.0;0.0
-2;9500;VEV_5300;57;19;56;19;;;59;27;;;;;58.0;0.0
-2;9500;VEV_5400;14;24;;;;;16;20;;;;;15.0;0.0
-2;9500;VEV_5500;6;27;;;;;8;22;;;;;7.0;0.0
-2;9500;VEV_6000;0;25;;;;;1;25;;;;;0.5;0.0
-2;9500;VEV_6500;0;12;;;;;1;12;;;;;0.5;0.0
-2;9600;ASH_COATED_OSMIUM;9988;23;;;;;9996;8;10006;10;10009;23;9992.0;0.0
-2;9600;HYDROGEL_PACK;9999;14;9996;25;;;10015;14;10017;25;;;10007.0;0.0
-2;9600;INTARIAN_PEPPER_ROOT;13003;11;12999;17;;;13017;11;;;;;13010.0;0.0
-2;9600;VELVETFRUIT_EXTRACT;5241;39;;;;;5246;24;5247;47;5247;62;5243.5;0.0
-2;9600;VEV_4000;1259;13;1256;21;;;1280;13;1283;21;;;1269.5;0.0
-2;9600;VEV_4500;774;11;772;22;;;790;11;792;22;;;782.0;0.0
-2;9600;VEV_5000;251;7;250;23;;;257;10;258;21;;;254.0;0.0
-2;9600;VEV_5100;170;10;169;19;;;174;9;;;;;172.0;0.0
-2;9600;VEV_5200;;;;;;;111;33;;;;;111.0;0.0
-2;9600;VEV_5300;57;9;;;;;59;24;60;26;;;58.0;0.0
-2;9600;VEV_5400;15;27;;;;;;;;;;;15.0;0.0
-2;9600;VEV_5500;6;19;;;;;8;18;;;;;7.0;0.0
-2;9600;VEV_6000;0;19;;;;;1;19;;;;;0.5;0.0
-2;9600;VEV_6500;0;14;;;;;1;14;;;;;0.5;0.0
-2;9700;ASH_COATED_OSMIUM;;;;;;;10007;15;10009;29;;;10007.0;0.0
-2;9700;HYDROGEL_PACK;9996;11;9994;26;;;10012;11;10015;26;;;10004.0;0.0
-2;9700;INTARIAN_PEPPER_ROOT;13003;10;12999;17;;;13017;10;13020;17;;;13010.0;0.0
-2;9700;VELVETFRUIT_EXTRACT;5241;18;5240;67;;;5245;18;5246;25;;;5243.0;0.0
-2;9700;VEV_4000;1259;8;1256;15;;;1280;8;1283;15;;;1269.5;0.0
-2;9700;VEV_4500;773;8;771;23;;;789;8;792;23;;;781.0;0.0
-2;9700;VEV_5000;252;9;251;22;;;258;29;259;12;;;255.0;0.0
-2;9700;VEV_5100;171;6;170;16;;;175;25;176;21;;;173.0;0.0
-2;9700;VEV_5200;108;30;107;12;;;110;33;111;12;;;109.0;0.0
-2;9700;VEV_5300;57;19;56;25;;;59;25;;;;;58.0;0.0
-2;9700;VEV_5400;;;;;;;16;28;;;;;16.0;0.0
-2;9700;VEV_5500;6;25;;;;;8;20;;;;;7.0;0.0
-2;9700;VEV_6000;0;15;;;;;1;15;;;;;0.5;0.0
-2;9700;VEV_6500;0;18;;;;;1;18;;;;;0.5;0.0
-2;9800;ASH_COATED_OSMIUM;;;;;;;10006;12;10009;23;;;10006.0;0.0
-2;9800;HYDROGEL_PACK;9997;10;9995;26;;;10013;10;10016;26;;;10005.0;0.0
-2;9800;INTARIAN_PEPPER_ROOT;13003;11;13000;22;;;13017;11;;;;;13010.0;0.0
-2;9800;VELVETFRUIT_EXTRACT;5241;30;;;;;5246;22;5247;69;;;5243.5;0.0
-2;9800;VEV_4000;1258;12;1255;22;;;1279;12;1281;22;;;1268.5;0.0
-2;9800;VEV_4500;772;11;;;;;788;11;790;14;;;780.0;0.0
-2;9800;VEV_5000;251;20;;;;;258;12;259;16;;;254.5;0.0
-2;9800;VEV_5100;171;28;;;;;176;7;;;;;173.5;0.0
-2;9800;VEV_5200;;;;;;;109;11;110;26;;;109.0;0.0
-2;9800;VEV_5300;58;23;;;;;60;17;;;;;59.0;0.0
-2;9800;VEV_5400;15;17;;;;;15;29;16;24;;;15.0;0.0
-2;9800;VEV_5500;6;22;;;;;8;25;;;;;7.0;0.0
-2;9800;VEV_6000;0;21;;;;;1;21;;;;;0.5;0.0
-2;9800;VEV_6500;0;15;;;;;1;15;;;;;0.5;0.0
-2;9900;ASH_COATED_OSMIUM;9990;15;9988;21;;;;;;;;;9990.0;0.0
-2;9900;HYDROGEL_PACK;9996;14;9993;24;;;10012;14;10014;24;;;10004.0;0.0
-2;9900;INTARIAN_PEPPER_ROOT;13003;10;13000;18;;;13017;10;13020;18;;;13010.0;0.0
-2;9900;VELVETFRUIT_EXTRACT;5241;25;;;;;5246;25;5247;63;;;5243.5;0.0
-2;9900;VEV_4000;1258;11;1255;26;;;1279;11;1281;26;;;1268.5;0.0
-2;9900;VEV_4500;772;7;770;15;;;791;15;;;;;781.5;0.0
-2;9900;VEV_5000;254;29;253;17;;;261;19;;;;;257.5;0.0
-2;9900;VEV_5100;;;;;;;176;18;177;26;;;176.0;0.0
-2;9900;VEV_5200;108;6;107;25;;;111;23;;;;;109.5;0.0
-2;9900;VEV_5300;58;20;;;;;60;21;;;;;59.0;0.0
-2;9900;VEV_5400;14;26;;;;;16;23;;;;;15.0;0.0
-2;9900;VEV_5500;6;17;;;;;8;27;;;;;7.0;0.0
-2;9900;VEV_6000;0;18;;;;;1;18;;;;;0.5;0.0
-2;9900;VEV_6500;0;11;;;;;1;11;;;;;0.5;0.0
-2;10000;ASH_COATED_OSMIUM;9991;15;;;;;10007;15;10009;21;;;9999.0;0.0
-2;10000;HYDROGEL_PACK;9995;15;9992;27;;;10011;15;10013;27;;;10003.0;0.0
-2;10000;INTARIAN_PEPPER_ROOT;13003;9;13000;16;;;13020;16;;;;;13011.5;0.0
-2;10000;VELVETFRUIT_EXTRACT;5242;24;5241;50;;;5247;57;;;;;5244.5;0.0
-2;10000;VEV_4000;1260;8;1257;19;;;1281;8;1284;19;;;1270.5;0.0
-2;10000;VEV_4500;771;15;;;;;789;12;791;15;;;780.0;0.0
-2;10000;VEV_5000;255;8;254;24;;;261;10;262;23;;;258.0;0.0
-2;10000;VEV_5100;173;22;172;29;;;177;27;;;;;175.0;0.0
-2;10000;VEV_5200;107;26;106;17;;;110;28;;;;;108.5;0.0
-2;10000;VEV_5300;58;26;;;;;60;24;61;11;;;59.0;0.0
-2;10000;VEV_5400;14;23;14;23;;;16;26;;;;;15.0;0.0
-2;10000;VEV_5500;6;25;;;;;7;10;;;;;6.5;0.0
-2;10000;VEV_6000;0;22;;;;;1;22;;;;;0.5;0.0
-2;10000;VEV_6500;0;10;;;;;1;10;;;;;0.5;0.0
-2;10100;ASH_COATED_OSMIUM;9991;13;9989;29;;;10007;13;;;;;9999.0;0.0
-2;10100;HYDROGEL_PACK;9998;15;9995;23;;;10014;15;10016;23;;;10006.0;0.0
-2;10100;INTARIAN_PEPPER_ROOT;13003;10;13000;25;;;13020;25;;;;;13011.5;0.0
-2;10100;VELVETFRUIT_EXTRACT;5240;47;5240;19;;;5245;18;5246;31;;;5242.5;0.0
-2;10100;VEV_4000;1258;12;1255;24;;;1279;12;1282;24;;;1268.5;0.0
-2;10100;VEV_4500;773;12;771;16;;;789;12;792;16;;;781.0;0.0
-2;10100;VEV_5000;256;8;255;16;;;263;13;;;;;259.5;0.0
-2;10100;VEV_5100;;;;;;;178;7;;;;;178.0;0.0
-2;10100;VEV_5200;108;29;;;;;110;11;111;22;;;109.0;0.0
-2;10100;VEV_5300;58;15;;;;;60;19;60;29;;;59.0;0.0
-2;10100;VEV_5400;14;19;14;22;;;;;;;;;14.0;0.0
-2;10100;VEV_5500;6;19;;;;;7;18;;;;;6.5;0.0
-2;10100;VEV_6000;0;25;;;;;1;25;;;;;0.5;0.0
-2;10100;VEV_6500;0;12;;;;;1;12;;;;;0.5;0.0
-2;10200;ASH_COATED_OSMIUM;9991;10;9989;27;;;10007;10;10010;27;;;9999.0;0.0
-2;10200;HYDROGEL_PACK;9998;14;9995;24;;;10014;14;10016;24;;;10006.0;0.0
-2;10200;INTARIAN_PEPPER_ROOT;13003;8;13000;15;;;13017;8;;;;;13010.0;0.0
-2;10200;VELVETFRUIT_EXTRACT;5239;39;;;;;5245;51;;;;;5242.0;0.0
-2;10200;VEV_4000;1257;14;1254;21;;;1278;14;1281;21;;;1267.5;0.0
-2;10200;VEV_4500;771;8;769;19;;;787;8;788;10;790;19;779.0;0.0
-2;10200;VEV_5000;255;7;;;;;261;9;262;24;;;258.0;0.0
-2;10200;VEV_5100;174;7;173;17;;;178;8;179;22;;;176.0;0.0
-2;10200;VEV_5200;108;27;;;;;112;31;;;;;110.0;0.0
-2;10200;VEV_5300;58;6;57;19;;;60;21;;;;;59.0;0.0
-2;10200;VEV_5400;;;;;;;15;22;16;19;;;15.0;0.0
-2;10200;VEV_5500;6;19;;;;;8;19;;;;;7.0;0.0
-2;10200;VEV_6000;0;23;;;;;1;23;;;;;0.5;0.0
-2;10200;VEV_6500;0;13;;;;;1;13;;;;;0.5;0.0
-2;10300;ASH_COATED_OSMIUM;9991;10;;;;;10007;10;10010;29;;;9999.0;0.0
-2;10300;HYDROGEL_PACK;10000;14;9998;25;;;10016;14;10019;25;;;10008.0;0.0
-2;10300;INTARIAN_PEPPER_ROOT;13003;8;13000;20;;;13017;8;13021;20;;;13010.0;0.0
-2;10300;VELVETFRUIT_EXTRACT;5241;49;5241;22;;;5246;22;5247;64;;;5243.5;0.0
-2;10300;VEV_4000;1257;15;1255;29;;;1278;15;1281;29;;;1267.5;0.0
-2;10300;VEV_4500;771;12;769;13;;;787;12;789;13;;;779.0;0.0
-2;10300;VEV_5000;255;31;;;;;261;11;;;;;258.0;0.0
-2;10300;VEV_5100;174;8;173;18;;;178;12;179;17;;;176.0;0.0
-2;10300;VEV_5200;109;28;108;24;;;112;32;;;;;110.5;0.0
-2;10300;VEV_5300;57;26;;;;;59;26;60;15;;;58.0;0.0
-2;10300;VEV_5400;14;26;;;;;;;;;;;14.0;0.0
-2;10300;VEV_5500;6;24;;;;;8;29;;;;;7.0;0.0
-2;10300;VEV_6000;0;23;;;;;1;23;;;;;0.5;0.0
-2;10300;VEV_6500;0;14;;;;;1;14;;;;;0.5;0.0
-2;10400;ASH_COATED_OSMIUM;9992;10;9989;22;;;10008;10;10010;22;;;10000.0;0.0
-2;10400;HYDROGEL_PACK;10002;12;9999;21;;;10018;12;10020;21;;;10010.0;0.0
-2;10400;INTARIAN_PEPPER_ROOT;13003;8;;;;;13017;8;13021;19;;;13010.0;0.0
-2;10400;VELVETFRUIT_EXTRACT;5241;18;5240;34;;;5246;38;;;;;5243.5;0.0
-2;10400;VEV_4000;1256;10;1254;21;;;1278;10;1280;21;;;1267.0;0.0
-2;10400;VEV_4500;771;10;769;15;;;787;10;789;15;;;779.0;0.0
-2;10400;VEV_5000;254;7;253;15;;;260;10;;;;;257.0;0.0
-2;10400;VEV_5100;172;8;;;;;176;35;177;12;;;174.0;0.0
-2;10400;VEV_5200;108;18;;;;;112;30;;;;;110.0;0.0
-2;10400;VEV_5300;57;4;;;;;59;18;;;;;58.0;0.0
-2;10400;VEV_5400;14;25;14;19;;;16;25;;;;;15.0;0.0
-2;10400;VEV_5500;6;18;;;;;8;22;;;;;7.0;0.0
-2;10400;VEV_6000;0;29;;;;;1;29;;;;;0.5;0.0
-2;10400;VEV_6500;0;18;;;;;1;18;;;;;0.5;0.0
-2;10500;ASH_COATED_OSMIUM;9992;15;9989;24;;;9998;9;10008;15;10010;24;9995.0;0.0
-2;10500;HYDROGEL_PACK;10002;12;10000;27;;;10018;12;10021;27;;;10010.0;0.0
-2;10500;INTARIAN_PEPPER_ROOT;13003;11;13000;24;;;13018;11;13021;24;;;13010.5;0.0
-2;10500;VELVETFRUIT_EXTRACT;5240;47;;;;;5245;19;5246;55;;;5242.5;0.0
-2;10500;VEV_4000;1256;15;1253;20;;;1277;15;1280;20;;;1266.5;0.0
-2;10500;VEV_4500;771;11;769;17;;;787;11;789;17;;;779.0;0.0
-2;10500;VEV_5000;255;32;254;16;;;261;6;;;;;258.0;0.0
-2;10500;VEV_5100;173;33;172;24;;;177;11;178;20;;;175.0;0.0
-2;10500;VEV_5200;109;9;108;20;;;111;25;112;27;;;110.0;0.0
-2;10500;VEV_5300;57;15;;;;;59;24;;;;;58.0;0.0
-2;10500;VEV_5400;15;21;14;26;;;16;22;;;;;15.5;0.0
-2;10500;VEV_5500;6;23;;;;;8;23;;;;;7.0;0.0
-2;10500;VEV_6000;0;22;;;;;1;22;;;;;0.5;0.0
-2;10500;VEV_6500;0;15;;;;;1;15;;;;;0.5;0.0
-2;10600;ASH_COATED_OSMIUM;9992;15;9990;26;;;10011;26;;;;;10001.5;0.0
-2;10600;HYDROGEL_PACK;10002;10;9999;23;;;10018;10;10020;23;;;10010.0;0.0
-2;10600;INTARIAN_PEPPER_ROOT;13004;12;13000;21;;;13021;21;;;;;13012.5;0.0
-2;10600;VELVETFRUIT_EXTRACT;5240;23;5239;58;;;5245;23;5246;36;;;5242.5;0.0
-2;10600;VEV_4000;1256;8;1254;22;;;1278;8;1280;22;;;1267.0;0.0
-2;10600;VEV_4500;772;12;770;20;;;788;12;;;;;780.0;0.0
-2;10600;VEV_5000;256;10;255;29;;;262;6;263;24;;;259.0;0.0
-2;10600;VEV_5100;173;31;;;;;178;12;179;13;;;175.5;0.0
-2;10600;VEV_5200;;;;;;;110;25;111;18;;;110.0;0.0
-2;10600;VEV_5300;58;24;;;;;60;22;;;;;59.0;0.0
-2;10600;VEV_5400;15;22;14;20;;;16;19;;;;;15.5;0.0
-2;10600;VEV_5500;6;20;;;;;8;22;;;;;7.0;0.0
-2;10600;VEV_6000;0;20;;;;;1;20;;;;;0.5;0.0
-2;10600;VEV_6500;0;14;;;;;1;14;;;;;0.5;0.0
-2;10700;ASH_COATED_OSMIUM;9990;24;;;;;10011;24;;;;;10000.5;0.0
-2;10700;HYDROGEL_PACK;10001;14;9998;20;;;10017;14;10020;20;;;10009.0;0.0
-2;10700;INTARIAN_PEPPER_ROOT;13004;12;13000;15;;;13018;12;13021;15;;;13011.0;0.0
-2;10700;VELVETFRUIT_EXTRACT;5239;60;;;;;5244;25;5245;53;;;5241.5;0.0
-2;10700;VEV_4000;1257;10;1255;30;;;1278;10;1281;30;;;1267.5;0.0
-2;10700;VEV_4500;773;9;771;19;;;789;9;790;7;791;19;781.0;0.0
-2;10700;VEV_5000;254;8;;;;;260;7;261;21;;;257.0;0.0
-2;10700;VEV_5100;174;21;173;17;;;178;8;179;13;;;176.0;0.0
-2;10700;VEV_5200;108;9;107;30;;;111;32;;;;;109.5;0.0
-2;10700;VEV_5300;57;21;56;16;;;;;;;;;57.0;0.0
-2;10700;VEV_5400;15;26;;;;;16;21;;;;;15.5;0.0
-2;10700;VEV_5500;6;25;;;;;8;21;;;;;7.0;0.0
-2;10700;VEV_6000;0;27;;;;;1;27;;;;;0.5;0.0
-2;10700;VEV_6500;0;13;;;;;1;13;;;;;0.5;0.0
-2;10800;ASH_COATED_OSMIUM;9991;12;9989;26;;;10007;12;10010;26;;;9999.0;0.0
-2;10800;HYDROGEL_PACK;10001;12;9998;26;;;10017;12;10019;26;;;10009.0;0.0
-2;10800;INTARIAN_PEPPER_ROOT;13004;10;13001;22;;;13018;10;13021;22;;;13011.0;0.0
-2;10800;VELVETFRUIT_EXTRACT;5238;22;5237;24;;;5243;56;;;;;5240.5;0.0
-2;10800;VEV_4000;1256;8;1253;28;;;1277;8;1280;28;;;1266.5;0.0
-2;10800;VEV_4500;772;6;770;13;;;788;6;791;13;;;780.0;0.0
-2;10800;VEV_5000;254;7;;;;;260;23;;;;;257.0;0.0
-2;10800;VEV_5100;175;23;174;35;;;179;28;180;24;;;177.0;0.0
-2;10800;VEV_5200;108;12;107;31;;;;;;;;;108.0;0.0
-2;10800;VEV_5300;57;8;;;;;59;25;;;;;58.0;0.0
-2;10800;VEV_5400;14;20;;;;;16;17;;;;;15.0;0.0
-2;10800;VEV_5500;7;25;;;;;8;22;;;;;7.5;0.0
-2;10800;VEV_6000;0;26;;;;;1;26;;;;;0.5;0.0
-2;10800;VEV_6500;0;16;;;;;1;16;;;;;0.5;0.0
-2;10900;ASH_COATED_OSMIUM;9989;27;;;;;10010;27;;;;;9999.5;0.0
-2;10900;HYDROGEL_PACK;9998;14;9996;29;;;10014;14;10017;29;;;10006.0;0.0
-2;10900;INTARIAN_PEPPER_ROOT;13001;17;;;;;13018;9;13021;17;;;13009.5;0.0
-2;10900;VELVETFRUIT_EXTRACT;5237;51;;;;;5243;39;5243;56;;;5240.0;0.0
-2;10900;VEV_4000;1255;14;1252;21;;;1276;14;1279;21;;;1265.5;0.0
-2;10900;VEV_4500;770;6;768;17;;;786;6;788;17;;;778.0;0.0
-2;10900;VEV_5000;252;10;;;;;258;12;259;14;;;255.0;0.0
-2;10900;VEV_5100;177;12;176;12;;;181;6;182;15;;;179.0;0.0
-2;10900;VEV_5200;107;23;;;;;;;;;;;107.0;0.0
-2;10900;VEV_5300;;;;;;;59;28;;;;;59.0;0.0
-2;10900;VEV_5400;14;25;;;;;15;25;16;25;;;14.5;0.0
-2;10900;VEV_5500;7;24;;;;;8;27;;;;;7.5;0.0
-2;10900;VEV_6000;0;16;;;;;1;16;;;;;0.5;0.0
-2;10900;VEV_6500;0;19;;;;;1;19;;;;;0.5;0.0
-2;11000;ASH_COATED_OSMIUM;9991;11;9988;28;;;10007;11;10009;28;;;9999.0;0.0
-2;11000;HYDROGEL_PACK;9999;10;9996;29;;;10015;10;10017;29;;;10007.0;0.0
-2;11000;INTARIAN_PEPPER_ROOT;13004;10;13001;16;;;13018;10;;;;;13011.0;0.0
-2;11000;VELVETFRUIT_EXTRACT;5238;49;;;;;5244;46;;;;;5241.0;0.0
-2;11000;VEV_4000;1255;15;1252;21;;;1276;15;1278;21;;;1265.5;0.0
-2;11000;VEV_4500;770;7;768;15;;;786;7;788;15;;;778.0;0.0
-2;11000;VEV_5000;253;12;252;29;;;259;10;260;24;;;256.0;0.0
-2;11000;VEV_5100;176;26;;;;;181;22;;;;;178.5;0.0
-2;11000;VEV_5200;107;27;106;22;;;110;25;;;;;108.5;0.0
-2;11000;VEV_5300;57;24;;;;;59;26;;;;;58.0;0.0
-2;11000;VEV_5400;15;21;;;;;17;19;;;;;16.0;0.0
-2;11000;VEV_5500;7;26;;;;;8;16;;;;;7.5;0.0
-2;11000;VEV_6000;0;22;;;;;1;22;;;;;0.5;0.0
-2;11000;VEV_6500;0;14;;;;;1;14;;;;;0.5;0.0
-2;11100;ASH_COATED_OSMIUM;9991;10;9988;30;;;10007;10;10009;30;;;9999.0;0.0
-2;11100;HYDROGEL_PACK;10000;10;9998;30;;;10016;10;10019;30;;;10008.0;0.0
-2;11100;INTARIAN_PEPPER_ROOT;13004;8;;;;;13018;8;13021;17;;;13011.0;0.0
-2;11100;VELVETFRUIT_EXTRACT;5237;59;;;;;5243;59;;;;;5240.0;0.0
-2;11100;VEV_4000;1255;7;1252;19;;;1276;7;1278;19;;;1265.5;0.0
-2;11100;VEV_4500;771;12;;;;;787;12;790;13;;;779.0;0.0
-2;11100;VEV_5000;254;11;253;12;;;260;26;;;;;257.0;0.0
-2;11100;VEV_5100;176;23;;;;;180;33;181;12;;;178.0;0.0
-2;11100;VEV_5200;108;31;;;;;111;19;112;24;;;109.5;0.0
-2;11100;VEV_5300;57;21;;;;;59;21;60;20;;;58.0;0.0
-2;11100;VEV_5400;15;17;15;18;;;17;17;;;;;16.0;0.0
-2;11100;VEV_5500;7;23;;;;;8;23;;;;;7.5;0.0
-2;11100;VEV_6000;0;24;;;;;1;24;;;;;0.5;0.0
-2;11100;VEV_6500;0;18;;;;;1;18;;;;;0.5;0.0
-2;11200;ASH_COATED_OSMIUM;9991;10;9988;29;;;10007;10;10009;29;;;9999.0;0.0
-2;11200;HYDROGEL_PACK;9999;12;9997;23;;;10015;12;10018;23;;;10007.0;0.0
-2;11200;INTARIAN_PEPPER_ROOT;13004;12;13001;15;;;13018;12;;;;;13011.0;0.0
-2;11200;VELVETFRUIT_EXTRACT;5237;64;;;;;5242;15;5243;41;;;5239.5;0.0
-2;11200;VEV_4000;1255;15;1252;21;;;1276;15;1278;21;;;1265.5;0.0
-2;11200;VEV_4500;772;6;;;;;788;6;789;11;790;13;780.0;0.0
-2;11200;VEV_5000;254;10;253;18;;;260;24;261;17;;;257.0;0.0
-2;11200;VEV_5100;174;28;173;23;;;178;23;179;32;;;176.0;0.0
-2;11200;VEV_5200;108;20;;;;;111;27;112;24;;;109.5;0.0
-2;11200;VEV_5300;57;24;;;;;59;21;;;;;58.0;0.0
-2;11200;VEV_5400;14;30;;;;;16;26;;;;;15.0;0.0
-2;11200;VEV_5500;7;17;;;;;8;15;;;;;7.5;0.0
-2;11200;VEV_6000;0;21;;;;;1;21;;;;;0.5;0.0
-2;11200;VEV_6500;0;15;;;;;1;15;;;;;0.5;0.0
-2;11300;ASH_COATED_OSMIUM;9990;12;9987;28;;;10008;28;;;;;9999.0;0.0
-2;11300;HYDROGEL_PACK;9998;14;9995;27;;;10014;14;10017;27;;;10006.0;0.0
-2;11300;INTARIAN_PEPPER_ROOT;13004;11;13001;18;;;13018;11;13022;18;;;13011.0;0.0
-2;11300;VELVETFRUIT_EXTRACT;5237;24;5236;58;;;5241;24;5242;30;;;5239.0;0.0
-2;11300;VEV_4000;1255;9;1252;18;;;1276;9;1279;18;;;1265.5;0.0
-2;11300;VEV_4500;772;20;;;;;792;20;;;;;782.0;0.0
-2;11300;VEV_5000;252;25;;;;;259;8;260;14;;;255.5;0.0
-2;11300;VEV_5100;172;9;171;24;;;;;;;;;172.0;0.0
-2;11300;VEV_5200;108;30;;;;;111;28;;;;;109.5;0.0
-2;11300;VEV_5300;57;19;;;;;;;;;;;57.0;0.0
-2;11300;VEV_5400;14;18;;;;;15;20;16;24;;;14.5;0.0
-2;11300;VEV_5500;7;30;;;;;8;24;;;;;7.5;0.0
-2;11300;VEV_6000;0;16;;;;;1;16;;;;;0.5;0.0
-2;11300;VEV_6500;0;18;;;;;1;18;;;;;0.5;0.0
-2;11400;ASH_COATED_OSMIUM;9990;10;9987;28;;;10006;10;10008;28;;;9998.0;0.0
-2;11400;HYDROGEL_PACK;10000;15;9997;24;;;10016;15;10018;24;;;10008.0;0.0
-2;11400;INTARIAN_PEPPER_ROOT;13004;11;13001;23;;;13018;11;;;;;13011.0;0.0
-2;11400;VELVETFRUIT_EXTRACT;5236;17;5235;56;;;5240;17;5241;33;;;5238.0;0.0
-2;11400;VEV_4000;1254;11;1252;27;;;1275;11;1278;27;;;1264.5;0.0
-2;11400;VEV_4500;774;10;772;19;;;790;10;792;19;;;782.0;0.0
-2;11400;VEV_5000;253;10;252;17;;;259;9;260;16;;;256.0;0.0
-2;11400;VEV_5100;171;24;;;;;177;24;;;;;174.0;0.0
-2;11400;VEV_5200;109;24;108;33;;;111;29;112;32;;;110.0;0.0
-2;11400;VEV_5300;57;25;;;;;59;23;;;;;58.0;0.0
-2;11400;VEV_5400;;;;;;;;;;;;;0.0;0.0
-2;11400;VEV_5500;7;22;;;;;8;19;;;;;7.5;0.0
-2;11400;VEV_6000;0;24;;;;;1;24;;;;;0.5;0.0
-2;11400;VEV_6500;0;15;;;;;1;15;;;;;0.5;0.0
-2;11500;ASH_COATED_OSMIUM;9990;14;9988;20;;;10006;14;;;;;9998.0;0.0
-2;11500;HYDROGEL_PACK;9997;12;9995;21;;;10013;12;10016;21;;;10005.0;0.0
-2;11500;INTARIAN_PEPPER_ROOT;13004;9;;;;;13019;9;13022;24;;;13011.5;0.0
-2;11500;VELVETFRUIT_EXTRACT;5237;21;5236;44;;;5242;63;;;;;5239.5;0.0
-2;11500;VEV_4000;1252;14;1250;20;;;1274;14;1276;20;;;1263.0;0.0
-2;11500;VEV_4500;774;7;772;22;;;792;22;;;;;783.0;0.0
-2;11500;VEV_5000;253;6;252;20;;;259;11;;;;;256.0;0.0
-2;11500;VEV_5100;172;30;171;28;;;177;15;;;;;174.5;0.0
-2;11500;VEV_5200;108;30;;;;;112;18;;;;;110.0;0.0
-2;11500;VEV_5300;56;13;;;;;59;16;;;;;57.5;0.0
-2;11500;VEV_5400;15;22;15;20;;;17;15;;;;;16.0;0.0
-2;11500;VEV_5500;7;23;;;;;8;27;;;;;7.5;0.0
-2;11500;VEV_6000;0;19;;;;;1;19;;;;;0.5;0.0
-2;11500;VEV_6500;0;11;;;;;1;11;;;;;0.5;0.0
-2;11600;ASH_COATED_OSMIUM;9990;14;9988;27;;;10006;14;10009;27;;;9998.0;0.0
-2;11600;HYDROGEL_PACK;9999;10;9996;29;;;10015;10;10017;29;;;10007.0;0.0
-2;11600;INTARIAN_PEPPER_ROOT;13005;11;13001;23;;;13019;11;13022;23;;;13012.0;0.0
-2;11600;VELVETFRUIT_EXTRACT;5237;33;;;;;5242;15;5243;40;;;5239.5;0.0
-2;11600;VEV_4000;1252;10;1250;18;;;1274;10;1276;18;;;1263.0;0.0
-2;11600;VEV_4500;773;10;771;19;;;789;10;790;11;791;19;781.0;0.0
-2;11600;VEV_5000;253;28;;;;;259;11;260;30;;;256.0;0.0
-2;11600;VEV_5100;172;23;171;15;;;177;13;;;;;174.5;0.0
-2;11600;VEV_5200;;;;;;;112;19;;;;;112.0;0.0
-2;11600;VEV_5300;57;19;;;;;59;26;;;;;58.0;0.0
-2;11600;VEV_5400;15;30;;;;;17;26;;;;;16.0;0.0
-2;11600;VEV_5500;7;26;;;;;8;24;;;;;7.5;0.0
-2;11600;VEV_6000;0;23;;;;;1;23;;;;;0.5;0.0
-2;11600;VEV_6500;0;17;;;;;1;17;;;;;0.5;0.0
-2;11700;ASH_COATED_OSMIUM;9991;13;;;;;10007;13;;;;;9999.0;0.0
-2;11700;HYDROGEL_PACK;10000;11;9998;26;;;10016;11;10019;26;;;10008.0;0.0
-2;11700;INTARIAN_PEPPER_ROOT;13005;10;13001;15;;;13019;10;13022;15;;;13012.0;0.0
-2;11700;VELVETFRUIT_EXTRACT;5237;22;5236;30;;;5242;61;;;;;5239.5;0.0
-2;11700;VEV_4000;1252;7;1250;15;;;1274;7;1276;15;;;1263.0;0.0
-2;11700;VEV_4500;771;12;;;;;789;7;792;12;;;780.0;0.0
-2;11700;VEV_5000;253;12;252;13;;;259;11;260;21;;;256.0;0.0
-2;11700;VEV_5100;;;;;;;176;23;;;;;176.0;0.0
-2;11700;VEV_5200;110;25;109;16;;;113;16;;;;;111.5;0.0
-2;11700;VEV_5300;57;19;;;;;59;20;60;13;;;58.0;0.0
-2;11700;VEV_5400;15;16;15;23;;;17;23;;;;;16.0;0.0
-2;11700;VEV_5500;7;24;;;;;8;18;;;;;7.5;0.0
-2;11700;VEV_6000;0;22;;;;;1;22;;;;;0.5;0.0
-2;11700;VEV_6500;0;15;;;;;1;15;;;;;0.5;0.0
-2;11800;ASH_COATED_OSMIUM;9991;14;9988;23;;;10007;14;10009;23;;;9999.0;0.0
-2;11800;HYDROGEL_PACK;10002;13;9999;28;;;10018;13;10020;28;;;10010.0;0.0
-2;11800;INTARIAN_PEPPER_ROOT;13005;8;13002;16;;;13019;8;;;;;13012.0;0.0
-2;11800;VELVETFRUIT_EXTRACT;5236;43;;;;;5242;70;;;;;5239.0;0.0
-2;11800;VEV_4000;1252;15;1250;20;;;1273;15;1276;20;;;1262.5;0.0
-2;11800;VEV_4500;772;11;770;14;;;788;11;791;14;;;780.0;0.0
-2;11800;VEV_5000;252;22;;;;;;;;;;;252.0;0.0
-2;11800;VEV_5100;170;30;;;;;174;33;175;12;;;172.0;0.0
-2;11800;VEV_5200;110;28;109;23;;;113;26;;;;;111.5;0.0
-2;11800;VEV_5300;57;25;;;;;59;9;;;;;58.0;0.0
-2;11800;VEV_5400;15;19;15;18;;;17;23;;;;;16.0;0.0
-2;11800;VEV_5500;7;23;;;;;8;24;;;;;7.5;0.0
-2;11800;VEV_6000;0;20;;;;;1;20;;;;;0.5;0.0
-2;11800;VEV_6500;0;16;;;;;1;16;;;;;0.5;0.0
-2;11900;ASH_COATED_OSMIUM;9991;15;9989;30;;;9997;9;10007;15;10010;30;9994.0;0.0
-2;11900;HYDROGEL_PACK;10002;10;10000;20;;;10018;10;10021;20;;;10010.0;0.0
-2;11900;INTARIAN_PEPPER_ROOT;13005;10;;;;;13019;10;13022;23;;;13012.0;0.0
-2;11900;VELVETFRUIT_EXTRACT;5236;56;;;;;5242;17;;;;;5239.0;0.0
-2;11900;VEV_4000;1251;12;1249;27;;;1272;12;1275;27;;;1261.5;0.0
-2;11900;VEV_4500;774;11;772;23;;;790;11;792;23;;;782.0;0.0
-2;11900;VEV_5000;253;27;252;24;;;259;9;260;14;;;256.0;0.0
-2;11900;VEV_5100;170;31;169;15;;;174;7;175;21;;;172.0;0.0
-2;11900;VEV_5200;111;6;110;23;;;114;24;;;;;112.5;0.0
-2;11900;VEV_5300;58;16;57;25;;;61;25;;;;;59.5;0.0
-2;11900;VEV_5400;15;21;;;;;16;16;17;25;;;15.5;0.0
-2;11900;VEV_5500;7;20;;;;;8;21;;;;;7.5;0.0
-2;11900;VEV_6000;0;21;;;;;1;21;;;;;0.5;0.0
-2;11900;VEV_6500;0;14;;;;;1;14;;;;;0.5;0.0
-2;12000;ASH_COATED_OSMIUM;9989;29;;;;;10007;13;10010;29;;;9998.0;0.0
-2;12000;HYDROGEL_PACK;10002;14;9999;24;;;10018;14;10020;24;;;10010.0;0.0
-2;12000;INTARIAN_PEPPER_ROOT;13005;10;13002;19;;;13022;19;;;;;13013.5;0.0
-2;12000;VELVETFRUIT_EXTRACT;5235;33;;;;;5241;58;;;;;5238.0;0.0
-2;12000;VEV_4000;1251;14;1249;18;;;1273;14;1275;18;;;1262.0;0.0
-2;12000;VEV_4500;773;10;772;8;771;14;789;10;790;8;792;14;781.0;0.0
-2;12000;VEV_5000;252;17;;;;;259;7;260;22;;;255.5;0.0
-2;12000;VEV_5100;169;10;168;15;;;173;8;;;;;171.0;0.0
-2;12000;VEV_5200;111;14;;;;;114;6;115;30;;;112.5;0.0
-2;12000;VEV_5300;58;23;57;18;;;60;9;61;20;;;59.0;0.0
-2;12000;VEV_5400;;;;;;;17;23;;;;;17.0;0.0
-2;12000;VEV_5500;7;21;;;;;8;21;;;;;7.5;0.0
-2;12000;VEV_6000;0;23;;;;;1;23;;;;;0.5;0.0
-2;12000;VEV_6500;0;20;;;;;1;20;;;;;0.5;0.0
-2;12100;ASH_COATED_OSMIUM;9991;10;9989;26;;;10010;26;;;;;10000.5;0.0
-2;12100;HYDROGEL_PACK;10002;10;9999;20;;;10018;10;10020;20;;;10010.0;0.0
-2;12100;INTARIAN_PEPPER_ROOT;13002;20;;;;;13019;12;;;;;13010.5;0.0
-2;12100;VELVETFRUIT_EXTRACT;5234;31;5234;22;;;5239;22;5240;50;;;5236.5;0.0
-2;12100;VEV_4000;1252;15;1249;22;;;1273;15;1276;22;;;1262.5;0.0
-2;12100;VEV_4500;774;12;772;19;;;790;12;792;19;;;782.0;0.0
-2;12100;VEV_5000;253;11;252;15;;;259;11;260;14;;;256.0;0.0
-2;12100;VEV_5100;170;10;169;25;;;174;10;175;23;;;172.0;0.0
-2;12100;VEV_5200;111;25;110;13;;;114;16;;;;;112.5;0.0
-2;12100;VEV_5300;58;18;57;14;;;60;26;;;;;59.0;0.0
-2;12100;VEV_5400;16;19;15;17;;;17;29;;;;;16.5;0.0
-2;12100;VEV_5500;7;24;;;;;8;18;;;;;7.5;0.0
-2;12100;VEV_6000;0;26;;;;;1;26;;;;;0.5;0.0
-2;12100;VEV_6500;0;15;;;;;1;15;;;;;0.5;0.0
-2;12200;ASH_COATED_OSMIUM;9992;15;;;;;10008;15;10010;27;;;10000.0;0.0
-2;12200;HYDROGEL_PACK;10002;11;10000;28;;;10018;11;10021;28;;;10010.0;0.0
-2;12200;INTARIAN_PEPPER_ROOT;13002;22;;;;;13022;22;;;;;13012.0;0.0
-2;12200;VELVETFRUIT_EXTRACT;5233;38;5233;39;;;5239;51;5240;38;;;5236.0;0.0
-2;12200;VEV_4000;1252;10;1250;17;;;1274;10;1276;17;;;1263.0;0.0
-2;12200;VEV_4500;774;12;772;14;;;791;8;792;14;;;782.5;0.0
-2;12200;VEV_5000;252;7;251;24;;;258;7;259;13;;;255.0;0.0
-2;12200;VEV_5100;170;23;;;;;174;29;175;16;;;172.0;0.0
-2;12200;VEV_5200;110;21;;;;;113;31;114;27;;;111.5;0.0
-2;12200;VEV_5300;58;23;;;;;60;27;;;;;59.0;0.0
-2;12200;VEV_5400;15;25;;;;;16;6;17;23;;;15.5;0.0
-2;12200;VEV_5500;7;15;;;;;8;16;;;;;7.5;0.0
-2;12200;VEV_6000;0;16;;;;;1;16;;;;;0.5;0.0
-2;12200;VEV_6500;0;12;;;;;1;12;;;;;0.5;0.0
-2;12300;ASH_COATED_OSMIUM;9991;10;9989;27;;;10007;10;10010;27;;;9999.0;0.0
-2;12300;HYDROGEL_PACK;10001;14;9999;26;;;10017;14;10020;26;;;10009.0;0.0
-2;12300;INTARIAN_PEPPER_ROOT;13005;8;13002;16;;;13019;8;13023;16;;;13012.0;0.0
-2;12300;VELVETFRUIT_EXTRACT;5234;17;5233;66;;;5239;49;;;;;5236.5;0.0
-2;12300;VEV_4000;1252;9;1249;30;;;1273;9;1276;30;;;1262.5;0.0
-2;12300;VEV_4500;770;22;;;;;788;9;;;;;779.0;0.0
-2;12300;VEV_5000;254;10;253;17;;;260;11;261;15;;;257.0;0.0
-2;12300;VEV_5100;169;11;;;;;174;14;;;;;171.5;0.0
-2;12300;VEV_5200;110;21;;;;;113;9;114;22;;;111.5;0.0
-2;12300;VEV_5300;58;18;;;;;60;26;;;;;59.0;0.0
-2;12300;VEV_5400;15;26;;;;;17;26;;;;;16.0;0.0
-2;12300;VEV_5500;7;19;;;;;8;30;;;;;7.5;0.0
-2;12300;VEV_6000;0;26;;;;;1;26;;;;;0.5;0.0
-2;12300;VEV_6500;0;14;;;;;1;14;;;;;0.5;0.0
-2;12400;ASH_COATED_OSMIUM;;;;;;;10008;10;10010;28;;;10008.0;0.0
-2;12400;HYDROGEL_PACK;10001;10;9998;30;;;10017;10;10019;30;;;10009.0;0.0
-2;12400;INTARIAN_PEPPER_ROOT;13002;23;;;;;13019;10;13023;23;;;13010.5;0.0
-2;12400;VELVETFRUIT_EXTRACT;5233;19;5232;61;;;5237;19;5238;33;;;5235.0;0.0
-2;12400;VEV_4000;1252;10;1249;20;;;1273;10;1275;20;;;1262.5;0.0
-2;12400;VEV_4500;770;14;;;;;788;6;790;14;;;779.0;0.0
-2;12400;VEV_5000;254;25;253;23;;;260;12;261;21;;;257.0;0.0
-2;12400;VEV_5100;169;11;168;19;;;174;24;;;;;171.5;0.0
-2;12400;VEV_5200;111;23;;;;;115;12;;;;;113.0;0.0
-2;12400;VEV_5300;59;17;;;;;61;21;;;;;60.0;0.0
-2;12400;VEV_5400;15;19;;;;;16;25;;;;;15.5;0.0
-2;12400;VEV_5500;7;21;;;;;8;24;;;;;7.5;0.0
-2;12400;VEV_6000;0;19;;;;;1;19;;;;;0.5;0.0
-2;12400;VEV_6500;0;12;;;;;1;12;;;;;0.5;0.0
-2;12500;ASH_COATED_OSMIUM;9993;12;9990;27;;;10009;12;10011;27;;;10001.0;0.0
-2;12500;HYDROGEL_PACK;9999;21;;;;;10017;11;10020;21;;;10008.0;0.0
-2;12500;INTARIAN_PEPPER_ROOT;13005;12;13002;23;;;13020;12;13023;23;;;13012.5;0.0
-2;12500;VELVETFRUIT_EXTRACT;5231;39;;;;;5237;66;;;;;5234.0;0.0
-2;12500;VEV_4000;1252;11;1250;25;;;1273;11;1276;25;;;1262.5;0.0
-2;12500;VEV_4500;771;10;769;12;;;787;10;789;12;;;779.0;0.0
-2;12500;VEV_5000;253;20;252;34;;;259;7;;;;;256.0;0.0
-2;12500;VEV_5100;168;33;;;;;173;21;;;;;170.5;0.0
-2;12500;VEV_5200;111;29;110;33;;;;;;;;;111.0;0.0
-2;12500;VEV_5300;;;;;;;60;5;;;;;60.0;0.0
-2;12500;VEV_5400;15;7;;;;;16;22;17;22;;;15.5;0.0
-2;12500;VEV_5500;7;21;;;;;8;25;;;;;7.5;0.0
-2;12500;VEV_6000;0;26;;;;;1;26;;;;;0.5;0.0
-2;12500;VEV_6500;0;20;;;;;1;20;;;;;0.5;0.0
-2;12600;ASH_COATED_OSMIUM;9990;30;;;;;10008;11;;;;;9999.0;0.0
-2;12600;HYDROGEL_PACK;10004;10;10001;24;;;10020;10;10022;24;;;10012.0;0.0
