timestamp;buyer;seller;symbol;currency;price;quantity
0;BOT_MAKER;BOT_TAKER;HYDROGEL_PACK;XIRECS;9971.0;5
0;SUBMISSION;BOT;INTARIAN_PEPPER_ROOT;XIRECS;13007.0;9
0;SUBMISSION;BOT;INTARIAN_PEPPER_ROOT;XIRECS;13010.0;15
100;BOT_MAKER;BOT_TAKER;HYDROGEL_PACK;XIRECS;9973.0;6
100;SUBMISSION;BOT;INTARIAN_PEPPER_ROOT;XIRECS;13007.0;12
200;BOT_MAKER;BOT_TAKER;VELVETFRUIT_EXTRACT;XIRECS;5262.0;6
200;SUBMISSION;BOT;INTARIAN_PEPPER_ROOT;XIRECS;13007.0;8
300;BOT_TAKER;BOT_MAKER;VEV_5500;XIRECS;7.0;5
300;SUBMISSION;BOT;INTARIAN_PEPPER_ROOT;XIRECS;13007.0;8
400;BOT_MAKER;BOT_TAKER;VELVETFRUIT_EXTRACT;XIRECS;5261.0;7
400;SUBMISSION;BOT_TAKER;VEV_4000;XIRECS;1250.0;2
500;BOT_TAKER;BOT_MAKER;HYDROGEL_PACK;XIRECS;9986.0;6
500;SUBMISSION;BOT;INTARIAN_PEPPER_ROOT;XIRECS;13008.0;10
500;SUBMISSION;BOT;INTARIAN_PEPPER_ROOT;XIRECS;13011.0;15
700;BOT_TAKER;BOT_MAKER;HYDROGEL_PACK;XIRECS;9988.0;4
700;BOT_TAKER;BOT_MAKER;VELVETFRUIT_EXTRACT;XIRECS;5264.0;5
700;SUBMISSION;BOT;INTARIAN_PEPPER_ROOT;XIRECS;13008.0;3
700;SUBMISSION;BOT_TAKER;HYDROGEL_PACK;XIRECS;9970.0;5
700;BOT_MAKER;BOT_TAKER;HYDROGEL_PACK;XIRECS;9969.0;1
800;BOT_MAKER;BOT_TAKER;HYDROGEL_PACK;XIRECS;9972.0;3
900;BOT_MAKER;BOT_TAKER;VELVETFRUIT_EXTRACT;XIRECS;5257.0;5
1000;BOT_MAKER;BOT_TAKER;HYDROGEL_PACK;XIRECS;9975.0;3
1000;SUBMISSION;BOT_TAKER;VELVETFRUIT_EXTRACT;XIRECS;5257.0;5
1000;BOT_MAKER;BOT_TAKER;VELVETFRUIT_EXTRACT;XIRECS;5256.0;1
1100;BOT_TAKER;BOT_MAKER;VEV_4000;XIRECS;1275.0;1
1100;BOT_TAKER;BOT_MAKER;VEV_6000;XIRECS;1.0;3
1200;BOT_TAKER;BOT_MAKER;HYDROGEL_PACK;XIRECS;9996.0;5
1200;BOT_MAKER;BOT_TAKER;HYDROGEL_PACK;XIRECS;9980.0;2
1200;BOT_MAKER;BOT_TAKER;INTARIAN_PEPPER_ROOT;XIRECS;12994.0;5
1300;BOT_TAKER;BOT_MAKER;VELVETFRUIT_EXTRACT;XIRECS;5261.0;3
1300;BOT_TAKER;BOT_MAKER;VEV_6000;XIRECS;1.0;2
1400;BOT_TAKER;BOT_MAKER;HYDROGEL_PACK;XIRECS;9995.0;3
1400;BOT_TAKER;BOT_MAKER;VEV_4000;XIRECS;1275.0;3
1400;BOT_TAKER;BOT_MAKER;VEV_4000;XIRECS;1275.0;2
1500;BOT_TAKER;BOT_MAKER;HYDROGEL_PACK;XIRECS;9995.0;3
1500;BOT_TAKER;BOT_MAKER;VEV_5500;XIRECS;7.0;4
1600;BOT_MAKER;BOT_TAKER;VEV_4000;XIRECS;1255.0;2
1600;BOT_TAKER;SUBMISSION;HYDROGEL_PACK;XIRECS;9996.0;2
1700;SUBMISSION;BOT;ASH_COATED_OSMIUM;XIRECS;9996.0;8
1800;BOT_MAKER;BOT_TAKER;VEV_5300;XIRECS;50.0;2
1900;BOT_TAKER;BOT_MAKER;VELVETFRUIT_EXTRACT;XIRECS;5259.0;3
1900;SUBMISSION;BOT_TAKER;ASH_COATED_OSMIUM;XIRECS;9992.0;4
2000;BOT_MAKER;BOT_TAKER;HYDROGEL_PACK;XIRECS;9976.0;4
2000;BOT_MAKER;BOT_TAKER;VELVETFRUIT_EXTRACT;XIRECS;5255.0;10
2000;BOT_TAKER;BOT_MAKER;VEV_5500;XIRECS;7.0;4
2100;BOT_TAKER;BOT_MAKER;VEV_5300;XIRECS;52.0;5
2100;BOT_TAKER;BOT_MAKER;VEV_6500;XIRECS;1.0;5
2100;BOT_MAKER;BOT_TAKER;INTARIAN_PEPPER_ROOT;XIRECS;12995.0;7
2100;SUBMISSION;BOT_TAKER;VELVETFRUIT_EXTRACT;XIRECS;5255.0;3
2200;BOT_TAKER;BOT_MAKER;HYDROGEL_PACK;XIRECS;9996.0;5
2200;BOT_MAKER;BOT_TAKER;VELVETFRUIT_EXTRACT;XIRECS;5252.0;4
2200;BOT_TAKER;BOT_MAKER;VEV_4000;XIRECS;1275.0;3
2300;BOT_MAKER;BOT_TAKER;HYDROGEL_PACK;XIRECS;9979.0;5
2300;BOT_TAKER;BOT_MAKER;VEV_4000;XIRECS;1276.0;3
2300;BOT_TAKER;BOT_MAKER;VEV_5300;XIRECS;53.0;3
2300;BOT_MAKER;BOT_TAKER;VEV_5500;XIRECS;6.0;4
2500;BOT_MAKER;BOT_TAKER;HYDROGEL_PACK;XIRECS;9976.0;3
2500;SUBMISSION;BOT_TAKER;ASH_COATED_OSMIUM;XIRECS;9992.0;10
2700;BOT_MAKER;BOT_TAKER;VEV_5500;XIRECS;6.0;2
2800;BOT_TAKER;BOT_MAKER;HYDROGEL_PACK;XIRECS;9990.0;4
2900;BOT_TAKER;BOT_MAKER;HYDROGEL_PACK;XIRECS;9993.0;3
2900;BOT_MAKER;BOT_TAKER;VELVETFRUIT_EXTRACT;XIRECS;5250.0;7
2900;BOT_MAKER;BOT_TAKER;VEV_5400;XIRECS;16.0;5
3000;BOT_TAKER;BOT_MAKER;HYDROGEL_PACK;XIRECS;9997.0;4
3100;BOT_MAKER;BOT_TAKER;HYDROGEL_PACK;XIRECS;9978.0;3
3200;BOT_MAKER;BOT_TAKER;VEV_6000;XIRECS;0.0;2
3200;BOT_TAKER;BOT_MAKER;VEV_6500;XIRECS;1.0;4
3300;BOT_MAKER;BOT_TAKER;ASH_COATED_OSMIUM;XIRECS;9988.0;9
3300;BOT_MAKER;BOT_TAKER;VEV_4500;XIRECS;760.0;1
3400;BOT_TAKER;BOT_MAKER;HYDROGEL_PACK;XIRECS;9999.0;6
3500;BOT_MAKER;BOT_TAKER;VELVETFRUIT_EXTRACT;XIRECS;5251.0;6
3500;SUBMISSION;BOT_TAKER;VELVETFRUIT_EXTRACT;XIRECS;5252.0;5
3500;BOT_MAKER;BOT_TAKER;VELVETFRUIT_EXTRACT;XIRECS;5251.0;2
3700;BOT_TAKER;BOT_MAKER;HYDROGEL_PACK;XIRECS;10004.0;3
3800;BOT_TAKER;BOT_MAKER;HYDROGEL_PACK;XIRECS;10005.0;6
3800;BOT_TAKER;BOT_MAKER;VELVETFRUIT_EXTRACT;XIRECS;5257.0;7
3800;BOT_MAKER;BOT_TAKER;VEV_4000;XIRECS;1255.0;3
3800;BOT_TAKER;SUBMISSION;VELVETFRUIT_EXTRACT;XIRECS;5256.0;3
3900;BOT_MAKER;BOT_TAKER;HYDROGEL_PACK;XIRECS;9988.0;3
3900;BOT_MAKER;BOT_TAKER;VELVETFRUIT_EXTRACT;XIRECS;5251.0;5
4000;BOT_TAKER;BOT_MAKER;VEV_6000;XIRECS;1.0;4
4100;BOT_TAKER;BOT_MAKER;VELVETFRUIT_EXTRACT;XIRECS;5255.0;7
4200;BOT_MAKER;BOT_TAKER;HYDROGEL_PACK;XIRECS;9995.0;6
4200;BOT_MAKER;BOT_TAKER;VELVETFRUIT_EXTRACT;XIRECS;5249.0;6
4200;BOT_TAKER;SUBMISSION;HYDROGEL_PACK;XIRECS;10010.0;5
4300;BOT_MAKER;BOT_TAKER;VEV_5400;XIRECS;16.0;5
4300;SUBMISSION;BOT_TAKER;HYDROGEL_PACK;XIRECS;9996.0;3
4400;BOT_TAKER;BOT_MAKER;VEV_5300;XIRECS;56.0;5
4400;BOT_TAKER;SUBMISSION;VELVETFRUIT_EXTRACT;XIRECS;5251.0;3
4500;BOT_MAKER;BOT_TAKER;VEV_5400;XIRECS;15.0;4
4600;BOT_MAKER;BOT_TAKER;VELVETFRUIT_EXTRACT;XIRECS;5246.0;8
4700;BOT_MAKER;BOT_TAKER;HYDROGEL_PACK;XIRECS;9996.0;3
4700;BOT_TAKER;BOT_MAKER;VELVETFRUIT_EXTRACT;XIRECS;5251.0;6
4700;BOT_TAKER;BOT_MAKER;VEV_4000;XIRECS;1271.0;2
4700;BOT_TAKER;BOT_MAKER;VEV_6000;XIRECS;1.0;2
4700;SUBMISSION;BOT_TAKER;ASH_COATED_OSMIUM;XIRECS;9991.0;2
4800;BOT_MAKER;BOT_TAKER;HYDROGEL_PACK;XIRECS;9998.0;3
5000;BOT_TAKER;BOT_MAKER;VEV_5300;XIRECS;58.0;4
5200;SUBMISSION;BOT;ASH_COATED_OSMIUM;XIRECS;9996.0;9
5300;BOT_MAKER;BOT_TAKER;VELVETFRUIT_EXTRACT;XIRECS;5244.0;7
5300;SUBMISSION;BOT;ASH_COATED_OSMIUM;XIRECS;9994.0;7
5400;BOT_TAKER;BOT_MAKER;HYDROGEL_PACK;XIRECS;10016.0;5
5400;BOT_TAKER;BOT_MAKER;VELVETFRUIT_EXTRACT;XIRECS;5251.0;8
5400;BOT_MAKER;BOT_TAKER;VEV_5500;XIRECS;6.0;3
5400;BOT_MAKER;BOT_TAKER;VEV_6000;XIRECS;0.0;2
5600;BOT_TAKER;BOT_MAKER;HYDROGEL_PACK;XIRECS;10015.0;3
5600;BOT_MAKER;BOT_TAKER;VELVETFRUIT_EXTRACT;XIRECS;5246.0;7
5600;BOT_TAKER;SUBMISSION;ASH_COATED_OSMIUM;XIRECS;10004.0;9
5600;SUBMISSION;BOT_TAKER;HYDROGEL_PACK;XIRECS;10000.0;5
5600;SUBMISSION;BOT_TAKER;VELVETFRUIT_EXTRACT;XIRECS;5247.0;5
5900;BOT_MAKER;BOT_TAKER;VELVETFRUIT_EXTRACT;XIRECS;5247.0;7
5900;BOT_TAKER;BOT_MAKER;VEV_4000;XIRECS;1276.0;2
5900;SUBMISSION;BOT_TAKER;VEV_4000;XIRECS;1255.0;1
6100;BOT_MAKER;BOT_TAKER;HYDROGEL_PACK;XIRECS;10000.0;3
6100;BOT_MAKER;BOT_TAKER;VEV_5500;XIRECS;6.0;4
6100;BOT_TAKER;BOT_MAKER;VEV_6500;XIRECS;1.0;4
6200;BOT_MAKER;BOT_TAKER;HYDROGEL_PACK;XIRECS;10003.0;2
6200;BOT_MAKER;BOT_TAKER;VELVETFRUIT_EXTRACT;XIRECS;5246.0;5
6400;BOT_MAKER;BOT_TAKER;VELVETFRUIT_EXTRACT;XIRECS;5244.0;7
6400;BOT_MAKER;BOT_TAKER;VEV_6000;XIRECS;0.0;3
6500;BOT_MAKER;BOT_TAKER;VELVETFRUIT_EXTRACT;XIRECS;5244.0;9
6600;BOT_MAKER;BOT_TAKER;VEV_5300;XIRECS;56.0;5
6600;SUBMISSION;BOT;ASH_COATED_OSMIUM;XIRECS;9995.0;5
6700;BOT_TAKER;BOT_MAKER;VELVETFRUIT_EXTRACT;XIRECS;5250.0;4
6900;BOT_MAKER;BOT_TAKER;HYDROGEL_PACK;XIRECS;9998.0;3
6900;BOT_TAKER;BOT_MAKER;VEV_6500;XIRECS;1.0;2
7000;BOT_TAKER;BOT_MAKER;ASH_COATED_OSMIUM;XIRECS;10005.0;3
7000;BOT_TAKER;BOT_MAKER;VEV_5400;XIRECS;17.0;5
7100;BOT_MAKER;BOT_TAKER;VEV_6000;XIRECS;0.0;4
7100;SUBMISSION;BOT;ASH_COATED_OSMIUM;XIRECS;9995.0;9
7300;BOT_TAKER;BOT_MAKER;HYDROGEL_PACK;XIRECS;10004.0;5
7300;BOT_TAKER;BOT_MAKER;VELVETFRUIT_EXTRACT;XIRECS;5252.0;12
7300;BOT_TAKER;SUBMISSION;HYDROGEL_PACK;XIRECS;10003.0;5
7400;BOT_TAKER;BOT_MAKER;HYDROGEL_PACK;XIRECS;10006.0;6
7400;BOT_TAKER;BOT_MAKER;VEV_5500;XIRECS;7.0;2
7600;BOT_TAKER;BOT_MAKER;VEV_4000;XIRECS;1279.0;3
7600;BOT_MAKER;BOT_TAKER;VEV_6500;XIRECS;0.0;5
7700;BOT_MAKER;BOT_TAKER;VELVETFRUIT_EXTRACT;XIRECS;5247.0;3
7700;BOT_TAKER;BOT_MAKER;VEV_6500;XIRECS;1.0;4
7800;SUBMISSION;BOT;ASH_COATED_OSMIUM;XIRECS;9994.0;6
8000;BOT_TAKER;BOT_MAKER;VELVETFRUIT_EXTRACT;XIRECS;5255.0;3
8100;SUBMISSION;BOT;ASH_COATED_OSMIUM;XIRECS;9994.0;6
8100;SUBMISSION;BOT_TAKER;VELVETFRUIT_EXTRACT;XIRECS;5249.0;5
8100;BOT_MAKER;BOT_TAKER;VELVETFRUIT_EXTRACT;XIRECS;5248.0;2
8200;BOT_TAKER;BOT_MAKER;HYDROGEL_PACK;XIRECS;10014.0;2
8200;SUBMISSION;BOT_TAKER;VELVETFRUIT_EXTRACT;XIRECS;5248.0;5
8200;BOT_MAKER;BOT_TAKER;VELVETFRUIT_EXTRACT;XIRECS;5247.0;1
8300;SUBMISSION;BOT_TAKER;HYDROGEL_PACK;XIRECS;9996.0;5
8400;BOT_TAKER;SUBMISSION;VEV_4000;XIRECS;1281.0;2
8500;BOT_TAKER;BOT_MAKER;HYDROGEL_PACK;XIRECS;10014.0;3
8500;BOT_MAKER;BOT_TAKER;VELVETFRUIT_EXTRACT;XIRECS;5244.0;8
8500;BOT_MAKER;BOT_TAKER;VEV_4000;XIRECS;1261.0;1
8500;BOT_MAKER;BOT_TAKER;VEV_5500;XIRECS;6.0;4
8600;BOT_MAKER;BOT_TAKER;HYDROGEL_PACK;XIRECS;10002.0;3
8600;BOT_MAKER;BOT_TAKER;VEV_6000;XIRECS;0.0;5
8600;SUBMISSION;BOT_TAKER;HYDROGEL_PACK;XIRECS;10003.0;2
8600;BOT_TAKER;SUBMISSION;VEV_4000;XIRECS;1282.0;3
8700;BOT_TAKER;BOT_MAKER;HYDROGEL_PACK;XIRECS;10018.0;2
8700;BOT_MAKER;BOT_TAKER;VELVETFRUIT_EXTRACT;XIRECS;5243.0;8
8800;BOT_MAKER;BOT_TAKER;VELVETFRUIT_EXTRACT;XIRECS;5244.0;6
8800;BOT_MAKER;BOT_TAKER;VELVETFRUIT_EXTRACT;XIRECS;5244.0;7
8800;BOT_TAKER;BOT_MAKER;VEV_4000;XIRECS;1282.0;3
8900;BOT_TAKER;BOT_MAKER;HYDROGEL_PACK;XIRECS;10016.0;2
8900;BOT_TAKER;BOT_MAKER;VELVETFRUIT_EXTRACT;XIRECS;5249.0;6
9000;BOT_MAKER;BOT_TAKER;HYDROGEL_PACK;XIRECS;9999.0;3
9000;BOT_TAKER;BOT_MAKER;VEV_4000;XIRECS;1280.0;3
9200;BOT_MAKER;BOT_TAKER;VELVETFRUIT_EXTRACT;XIRECS;5240.0;6
9200;BOT_TAKER;BOT_MAKER;VEV_5300;XIRECS;59.0;3
9200;BOT_MAKER;BOT_TAKER;VEV_6000;XIRECS;0.0;5
9300;BOT_TAKER;BOT_MAKER;VELVETFRUIT_EXTRACT;XIRECS;5246.0;4
9300;BOT_TAKER;BOT_MAKER;VEV_6500;XIRECS;1.0;2
9400;BOT_TAKER;BOT_MAKER;VEV_6000;XIRECS;1.0;2
9400;BOT_MAKER;BOT_TAKER;VEV_6500;XIRECS;0.0;2
9500;BOT_TAKER;BOT_MAKER;VELVETFRUIT_EXTRACT;XIRECS;5245.0;8
9600;BOT_MAKER;BOT_TAKER;VELVETFRUIT_EXTRACT;XIRECS;5241.0;4
9600;BOT_MAKER;BOT_TAKER;VEV_5500;XIRECS;6.0;3
9600;BOT_MAKER;BOT_TAKER;VEV_6500;XIRECS;0.0;2
9600;SUBMISSION;BOT;ASH_COATED_OSMIUM;XIRECS;9996.0;8
9700;BOT_TAKER;BOT_MAKER;VELVETFRUIT_EXTRACT;XIRECS;5245.0;3
9900;BOT_TAKER;BOT_MAKER;HYDROGEL_PACK;XIRECS;10012.0;3
10000;BOT_TAKER;BOT_MAKER;VEV_5400;XIRECS;16.0;2
10100;BOT_TAKER;BOT_MAKER;HYDROGEL_PACK;XIRECS;10014.0;5
10100;BOT_MAKER;BOT_TAKER;VELVETFRUIT_EXTRACT;XIRECS;5240.0;6
10100;BOT_TAKER;BOT_MAKER;VEV_5500;XIRECS;7.0;4
10100;BOT_MAKER;BOT_TAKER;VEV_6500;XIRECS;0.0;3
10200;BOT_TAKER;BOT_MAKER;VELVETFRUIT_EXTRACT;XIRECS;5245.0;6
10300;BOT_MAKER;BOT_TAKER;HYDROGEL_PACK;XIRECS;10000.0;6
10300;BOT_TAKER;BOT_MAKER;VELVETFRUIT_EXTRACT;XIRECS;5246.0;6
10300;BOT_TAKER;BOT_MAKER;VEV_6500;XIRECS;1.0;4
10300;BOT_TAKER;SUBMISSION;VELVETFRUIT_EXTRACT;XIRECS;5245.0;5
10500;BOT_TAKER;BOT_MAKER;HYDROGEL_PACK;XIRECS;10018.0;4
10500;SUBMISSION;BOT;ASH_COATED_OSMIUM;XIRECS;9998.0;9
10500;SUBMISSION;BOT_TAKER;HYDROGEL_PACK;XIRECS;10003.0;5
10600;BOT_TAKER;BOT_MAKER;HYDROGEL_PACK;XIRECS;10018.0;3
10600;BOT_TAKER;BOT_MAKER;VELVETFRUIT_EXTRACT;XIRECS;5245.0;5
10600;BOT_TAKER;BOT_MAKER;VELVETFRUIT_EXTRACT;XIRECS;5245.0;4
10600;BOT_TAKER;BOT_MAKER;VEV_6500;XIRECS;1.0;3
10600;SUBMISSION;BOT_TAKER;VELVETFRUIT_EXTRACT;XIRECS;5241.0;5
10600;BOT_MAKER;BOT_TAKER;VELVETFRUIT_EXTRACT;XIRECS;5240.0;2
10700;BOT_TAKER;BOT_MAKER;HYDROGEL_PACK;XIRECS;10017.0;6
10700;BOT_TAKER;BOT_MAKER;VELVETFRUIT_EXTRACT;XIRECS;5244.0;6
10800;BOT_MAKER;BOT_TAKER;VELVETFRUIT_EXTRACT;XIRECS;5238.0;5
10900;BOT_MAKER;BOT_TAKER;VELVETFRUIT_EXTRACT;XIRECS;5237.0;8
10900;SUBMISSION;BOT_TAKER;ASH_COATED_OSMIUM;XIRECS;9990.0;5
11000;BOT_MAKER;BOT_TAKER;VELVETFRUIT_EXTRACT;XIRECS;5238.0;8
11000;BOT_MAKER;BOT_TAKER;VEV_6500;XIRECS;0.0;2
11100;BOT_TAKER;BOT_MAKER;VEV_5400;XIRECS;17.0;4
11200;BOT_TAKER;BOT_MAKER;HYDROGEL_PACK;XIRECS;10015.0;5
11200;BOT_TAKER;BOT_MAKER;VEV_4000;XIRECS;1276.0;3
11200;BOT_TAKER;SUBMISSION;VEV_4000;XIRECS;1275.0;3
11300;BOT_TAKER;BOT_MAKER;VEV_5500;XIRECS;8.0;5
11400;BOT_TAKER;BOT_MAKER;VELVETFRUIT_EXTRACT;XIRECS;5240.0;3
11500;BOT_TAKER;BOT_MAKER;HYDROGEL_PACK;XIRECS;10013.0;4
11500;BOT_MAKER;BOT_TAKER;VELVETFRUIT_EXTRACT;XIRECS;5237.0;5
11600;BOT_TAKER;BOT_MAKER;ASH_COATED_OSMIUM;XIRECS;10006.0;8
11600;BOT_TAKER;BOT_MAKER;VELVETFRUIT_EXTRACT;XIRECS;5242.0;5
11700;BOT_TAKER;BOT_MAKER;VEV_6500;XIRECS;1.0;2
11800;BOT_MAKER;BOT_TAKER;VEV_5300;XIRECS;57.0;5
11900;BOT_MAKER;BOT_TAKER;VEV_4000;XIRECS;1251.0;3
11900;BOT_MAKER;BOT_TAKER;VEV_6000;XIRECS;0.0;3
11900;SUBMISSION;BOT;ASH_COATED_OSMIUM;XIRECS;9997.0;1
12000;BOT_TAKER;BOT_MAKER;VELVETFRUIT_EXTRACT;XIRECS;5241.0;3
12000;BOT_MAKER;BOT_TAKER;VEV_6500;XIRECS;0.0;2
12100;BOT_MAKER;BOT_TAKER;VELVETFRUIT_EXTRACT;XIRECS;5234.0;6
12200;BOT_MAKER;BOT_TAKER;VELVETFRUIT_EXTRACT;XIRECS;5233.0;8
12200;BOT_MAKER;BOT_TAKER;VELVETFRUIT_EXTRACT;XIRECS;5233.0;5
12300;BOT_MAKER;BOT_TAKER;HYDROGEL_PACK;XIRECS;10001.0;5
12300;BOT_MAKER;BOT_TAKER;INTARIAN_PEPPER_ROOT;XIRECS;13005.0;8
12400;BOT_MAKER;BOT_TAKER;HYDROGEL_PACK;XIRECS;10001.0;4
12400;BOT_TAKER;BOT_MAKER;HYDROGEL_PACK;XIRECS;10017.0;3
12400;BOT_MAKER;BOT_TAKER;VEV_5500;XIRECS;7.0;3
12500;BOT_MAKER;BOT_TAKER;HYDROGEL_PACK;XIRECS;9999.0;4
12500;BOT_MAKER;BOT_TAKER;VEV_5400;XIRECS;15.0;4
12600;BOT_MAKER;BOT_TAKER;HYDROGEL_PACK;XIRECS;10004.0;3
12700;BOT_MAKER;BOT_TAKER;HYDROGEL_PACK;XIRECS;10003.0;6
12700;BOT_TAKER;BOT_MAKER;VEV_5500;XIRECS;8.0;4
12700;BOT_MAKER;BOT_TAKER;VEV_6000;XIRECS;0.0;4
12700;BOT_TAKER;SUBMISSION;VEV_4000;XIRECS;1273.0;3
12800;BOT_TAKER;BOT_MAKER;VELVETFRUIT_EXTRACT;XIRECS;5236.0;4
12800;BOT_MAKER;BOT_TAKER;VEV_5400;XIRECS;15.0;5
12900;BOT_TAKER;BOT_MAKER;VELVETFRUIT_EXTRACT;XIRECS;5237.0;6
12900;BOT_TAKER;BOT_MAKER;VEV_4000;XIRECS;1274.0;3
13000;BOT_TAKER;BOT_MAKER;HYDROGEL_PACK;XIRECS;10018.0;6
13000;BOT_MAKER;BOT_TAKER;VELVETFRUIT_EXTRACT;XIRECS;5232.0;6
13000;SUBMISSION;BOT_TAKER;HYDROGEL_PACK;XIRECS;10003.0;3
13100;BOT_MAKER;BOT_TAKER;VELVETFRUIT_EXTRACT;XIRECS;5232.0;3
13200;BOT_MAKER;BOT_TAKER;VELVETFRUIT_EXTRACT;XIRECS;5233.0;6
13300;BOT_MAKER;BOT_TAKER;INTARIAN_PEPPER_ROOT;XIRECS;13006.0;5
13400;BOT_TAKER;BOT_MAKER;VELVETFRUIT_EXTRACT;XIRECS;5242.0;7
13400;BOT_TAKER;BOT_MAKER;VEV_4000;XIRECS;1279.0;2
13500;BOT_MAKER;BOT_TAKER;VELVETFRUIT_EXTRACT;XIRECS;5235.0;4
13600;SUBMISSION;BOT_TAKER;HYDROGEL_PACK;XIRECS;10001.0;5
13600;BOT_MAKER;BOT_TAKER;HYDROGEL_PACK;XIRECS;10000.0;1
13600;BOT_TAKER;SUBMISSION;VELVETFRUIT_EXTRACT;XIRECS;5240.0;5
13600;BOT_TAKER;BOT_MAKER;VELVETFRUIT_EXTRACT;XIRECS;5241.0;6
13900;BOT_TAKER;BOT_MAKER;HYDROGEL_PACK;XIRECS;10014.0;6
13900;SUBMISSION;BOT_TAKER;VEV_4000;XIRECS;1258.0;3
14300;BOT_TAKER;BOT_MAKER;VELVETFRUIT_EXTRACT;XIRECS;5238.0;5
14400;BOT_TAKER;BOT_MAKER;VELVETFRUIT_EXTRACT;XIRECS;5237.0;3
14400;BOT_MAKER;BOT_TAKER;VEV_5500;XIRECS;6.0;2
14400;BOT_TAKER;BOT_MAKER;VEV_6000;XIRECS;1.0;2
14600;BOT_TAKER;BOT_MAKER;HYDROGEL_PACK;XIRECS;10015.0;4
14600;BOT_TAKER;BOT_MAKER;VELVETFRUIT_EXTRACT;XIRECS;5233.0;4
14600;BOT_MAKER;BOT_TAKER;VEV_5400;XIRECS;14.0;5
14700;BOT_TAKER;BOT_MAKER;HYDROGEL_PACK;XIRECS;10015.0;5
14700;BOT_TAKER;SUBMISSION;VEV_4000;XIRECS;1280.0;2
14800;BOT_TAKER;BOT_MAKER;HYDROGEL_PACK;XIRECS;10013.0;6
14800;BOT_TAKER;BOT_MAKER;VELVETFRUIT_EXTRACT;XIRECS;5234.0;7
14800;BOT_TAKER;BOT_MAKER;VEV_6500;XIRECS;1.0;4
14800;SUBMISSION;BOT_TAKER;HYDROGEL_PACK;XIRECS;9998.0;2
14900;BOT_MAKER;BOT_TAKER;VELVETFRUIT_EXTRACT;XIRECS;5228.0;10
14900;BOT_MAKER;BOT_TAKER;VELVETFRUIT_EXTRACT;XIRECS;5228.0;6
14900;BOT_TAKER;SUBMISSION;ASH_COATED_OSMIUM;XIRECS;10008.0;6
15100;BOT_MAKER;BOT_TAKER;VELVETFRUIT_EXTRACT;XIRECS;5229.0;7
15200;BOT_TAKER;SUBMISSION;HYDROGEL_PACK;XIRECS;10013.0;5
15300;BOT_MAKER;BOT_TAKER;ASH_COATED_OSMIUM;XIRECS;9992.0;8
15300;BOT_MAKER;BOT_TAKER;HYDROGEL_PACK;XIRECS;9998.0;2
15300;SUBMISSION;BOT_TAKER;VEV_4000;XIRECS;1262.0;3
15400;BOT_MAKER;BOT_TAKER;INTARIAN_PEPPER_ROOT;XIRECS;13008.0;7
15500;BOT_TAKER;BOT_MAKER;VEV_5400;XIRECS;15.0;4
15600;BOT_TAKER;BOT_MAKER;VELVETFRUIT_EXTRACT;XIRECS;5234.0;6
15700;BOT_TAKER;BOT_MAKER;HYDROGEL_PACK;XIRECS;10009.0;2
15700;BOT_MAKER;BOT_TAKER;VEV_5300;XIRECS;62.0;4
15700;BOT_TAKER;BOT_MAKER;VEV_5500;XIRECS;7.0;3
15700;BOT_TAKER;BOT_MAKER;VEV_6000;XIRECS;1.0;2
15700;SUBMISSION;BOT_TAKER;VELVETFRUIT_EXTRACT;XIRECS;5230.0;4
15800;BOT_TAKER;BOT_MAKER;HYDROGEL_PACK;XIRECS;10005.0;5
15900;BOT_MAKER;BOT_TAKER;VEV_6500;XIRECS;0.0;2
16000;BOT_TAKER;BOT_MAKER;HYDROGEL_PACK;XIRECS;10005.0;6
16000;BOT_TAKER;BOT_MAKER;VEV_4000;XIRECS;1283.0;2
16000;BOT_TAKER;BOT_MAKER;VEV_5400;XIRECS;14.0;4
16000;SUBMISSION;BOT;ASH_COATED_OSMIUM;XIRECS;9998.0;6
16100;BOT_MAKER;BOT_TAKER;VEV_4000;XIRECS;1262.0;2
16200;BOT_MAKER;BOT_TAKER;VEV_6500;XIRECS;0.0;2
16300;BOT_TAKER;BOT_MAKER;HYDROGEL_PACK;XIRECS;10006.0;6
16300;BOT_MAKER;BOT_TAKER;VELVETFRUIT_EXTRACT;XIRECS;5228.0;7
16300;BOT_MAKER;BOT_TAKER;ASH_COATED_OSMIUM;XIRECS;9993.0;5
16300;BOT_TAKER;SUBMISSION;HYDROGEL_PACK;XIRECS;10005.0;5
16300;BOT_TAKER;BOT_MAKER;HYDROGEL_PACK;XIRECS;10006.0;1
16400;BOT_TAKER;BOT_MAKER;VELVETFRUIT_EXTRACT;XIRECS;5235.0;7
16400;BOT_TAKER;BOT_MAKER;VEV_6000;XIRECS;1.0;4
16500;BOT_MAKER;BOT_TAKER;VEV_4000;XIRECS;1260.0;2
16500;BOT_MAKER;BOT_TAKER;VEV_5500;XIRECS;5.0;3
16600;BOT_MAKER;BOT_TAKER;HYDROGEL_PACK;XIRECS;9995.0;4
16600;BOT_TAKER;BOT_MAKER;VELVETFRUIT_EXTRACT;XIRECS;5234.0;5
16700;BOT_TAKER;BOT_MAKER;VELVETFRUIT_EXTRACT;XIRECS;5234.0;7
16700;BOT_TAKER;BOT_MAKER;VEV_5400;XIRECS;14.0;5
16700;BOT_TAKER;BOT_MAKER;VEV_6500;XIRECS;1.0;4
16800;BOT_TAKER;BOT_MAKER;HYDROGEL_PACK;XIRECS;10011.0;2
16800;BOT_MAKER;BOT_TAKER;VELVETFRUIT_EXTRACT;XIRECS;5229.0;3
16900;BOT_TAKER;BOT_MAKER;VEV_4000;XIRECS;1281.0;3
17100;BOT_TAKER;BOT_MAKER;VELVETFRUIT_EXTRACT;XIRECS;5235.0;7
17100;BOT_TAKER;BOT_MAKER;VEV_6000;XIRECS;1.0;2
17100;BOT_TAKER;BOT_MAKER;VEV_6500;XIRECS;1.0;3
17200;BOT_TAKER;BOT_MAKER;VEV_5500;XIRECS;7.0;3
17400;BOT_TAKER;SUBMISSION;VELVETFRUIT_EXTRACT;XIRECS;5233.0;5
17400;BOT_TAKER;BOT_MAKER;VELVETFRUIT_EXTRACT;XIRECS;5234.0;1
17500;BOT_MAKER;BOT_TAKER;VELVETFRUIT_EXTRACT;XIRECS;5230.0;3
17500;BOT_MAKER;BOT_TAKER;VELVETFRUIT_EXTRACT;XIRECS;5230.0;7
17500;BOT_TAKER;BOT_MAKER;VEV_6500;XIRECS;1.0;4
17600;BOT_MAKER;BOT_TAKER;VELVETFRUIT_EXTRACT;XIRECS;5232.0;7
17600;BOT_MAKER;BOT_TAKER;VEV_5500;XIRECS;6.0;2
17700;BOT_TAKER;BOT_MAKER;VELVETFRUIT_EXTRACT;XIRECS;5237.0;8
17700;BOT_MAKER;BOT_TAKER;VEV_6000;XIRECS;0.0;3
17800;BOT_MAKER;BOT_TAKER;INTARIAN_PEPPER_ROOT;XIRECS;13011.0;5
17800;BOT_MAKER;BOT_TAKER;VELVETFRUIT_EXTRACT;XIRECS;5232.0;5
17900;BOT_MAKER;BOT_TAKER;HYDROGEL_PACK;XIRECS;9993.0;2
18000;BOT_MAKER;BOT_TAKER;HYDROGEL_PACK;XIRECS;9996.0;2
18100;BOT_MAKER;BOT_TAKER;VELVETFRUIT_EXTRACT;XIRECS;5232.0;7
18200;BOT_TAKER;BOT_MAKER;HYDROGEL_PACK;XIRECS;10015.0;4
18200;BOT_TAKER;BOT_MAKER;VELVETFRUIT_EXTRACT;XIRECS;5238.0;6
18200;BOT_TAKER;SUBMISSION;HYDROGEL_PACK;XIRECS;10014.0;3
18200;BOT_TAKER;SUBMISSION;VELVETFRUIT_EXTRACT;XIRECS;5237.0;3
18300;BOT_TAKER;BOT_MAKER;VEV_5400;XIRECS;14.0;3
18300;BOT_MAKER;BOT_TAKER;VEV_6500;XIRECS;0.0;5
18400;BOT;SUBMISSION;ASH_COATED_OSMIUM;XIRECS;10002.0;5
18500;BOT_MAKER;BOT_TAKER;VELVETFRUIT_EXTRACT;XIRECS;5232.0;6
18500;BOT_MAKER;BOT_TAKER;VEV_4000;XIRECS;1263.0;3
18500;BOT_TAKER;SUBMISSION;VEV_4000;XIRECS;1284.0;2
18700;BOT_MAKER;BOT_TAKER;HYDROGEL_PACK;XIRECS;9996.0;2
18700;BOT_TAKER;BOT_MAKER;VELVETFRUIT_EXTRACT;XIRECS;5236.0;3
18700;BOT_MAKER;BOT_TAKER;VELVETFRUIT_EXTRACT;XIRECS;5232.0;4
18700;BOT_MAKER;BOT_TAKER;VEV_6000;XIRECS;0.0;4
18700;BOT_MAKER;BOT_TAKER;VEV_6500;XIRECS;0.0;3
18800;BOT_MAKER;BOT_TAKER;VEV_4000;XIRECS;1264.0;2
18900;BOT_MAKER;BOT_TAKER;HYDROGEL_PACK;XIRECS;9994.0;2
18900;BOT_MAKER;BOT_TAKER;VEV_5500;XIRECS;6.0;5
18900;BOT_TAKER;SUBMISSION;VELVETFRUIT_EXTRACT;XIRECS;5235.0;5
18900;BOT_TAKER;BOT_MAKER;VELVETFRUIT_EXTRACT;XIRECS;5236.0;2
19100;BOT_MAKER;BOT_TAKER;HYDROGEL_PACK;XIRECS;9997.0;3
19300;BOT_MAKER;BOT_TAKER;VELVETFRUIT_EXTRACT;XIRECS;5233.0;8
19400;BOT_TAKER;BOT_MAKER;VELVETFRUIT_EXTRACT;XIRECS;5240.0;8
19400;BOT_TAKER;SUBMISSION;VELVETFRUIT_EXTRACT;XIRECS;5239.0;5
19400;BOT_TAKER;BOT_MAKER;VELVETFRUIT_EXTRACT;XIRECS;5240.0;1
19700;BOT_TAKER;BOT_MAKER;HYDROGEL_PACK;XIRECS;10011.0;2
19700;BOT_TAKER;BOT_MAKER;VELVETFRUIT_EXTRACT;XIRECS;5237.0;6
19700;BOT_TAKER;BOT_MAKER;INTARIAN_PEPPER_ROOT;XIRECS;13027.0;8
19800;BOT_TAKER;BOT_MAKER;HYDROGEL_PACK;XIRECS;10012.0;2
19800;BOT_TAKER;BOT_MAKER;VELVETFRUIT_EXTRACT;XIRECS;5239.0;4
19800;BOT_TAKER;SUBMISSION;HYDROGEL_PACK;XIRECS;10011.0;2
19900;BOT_MAKER;BOT_TAKER;HYDROGEL_PACK;XIRECS;9996.0;2
20000;BOT_TAKER;BOT_MAKER;VELVETFRUIT_EXTRACT;XIRECS;5239.0;8
20000;SUBMISSION;BOT_TAKER;HYDROGEL_PACK;XIRECS;10000.0;4
20100;BOT_MAKER;BOT_TAKER;HYDROGEL_PACK;XIRECS;9999.0;2
20100;BOT_TAKER;BOT_MAKER;VEV_5500;XIRECS;7.0;3
20100;BOT_TAKER;SUBMISSION;VELVETFRUIT_EXTRACT;XIRECS;5238.0;5
20100;BOT_TAKER;BOT_MAKER;VELVETFRUIT_EXTRACT;XIRECS;5239.0;3
20200;BOT_TAKER;BOT_MAKER;HYDROGEL_PACK;XIRECS;10015.0;4
20200;BOT_MAKER;BOT_TAKER;VELVETFRUIT_EXTRACT;XIRECS;5233.0;5
20200;SUBMISSION;BOT;ASH_COATED_OSMIUM;XIRECS;9998.0;5
20300;BOT_MAKER;BOT_TAKER;HYDROGEL_PACK;XIRECS;9999.0;3
20400;BOT_MAKER;BOT_TAKER;ASH_COATED_OSMIUM;XIRECS;9989.0;3
20400;BOT_MAKER;BOT_TAKER;HYDROGEL_PACK;XIRECS;10001.0;3
20400;BOT_TAKER;BOT_MAKER;VEV_6500;XIRECS;1.0;3
20400;BOT_TAKER;SUBMISSION;ASH_COATED_OSMIUM;XIRECS;10010.0;4
20500;BOT_TAKER;BOT_MAKER;VEV_5500;XIRECS;7.0;4
20700;BOT_MAKER;BOT_TAKER;VELVETFRUIT_EXTRACT;XIRECS;5234.0;6
20700;BOT_TAKER;BOT_MAKER;VEV_5400;XIRECS;15.0;2
20700;BOT_TAKER;BOT_MAKER;VEV_5500;XIRECS;7.0;2
20800;BOT_TAKER;BOT_MAKER;HYDROGEL_PACK;XIRECS;10020.0;3
20800;BOT_TAKER;BOT_MAKER;VEV_4000;XIRECS;1285.0;3
20800;BOT_TAKER;SUBMISSION;ASH_COATED_OSMIUM;XIRECS;10009.0;6
20900;BOT_MAKER;BOT_TAKER;VELVETFRUIT_EXTRACT;XIRECS;5235.0;7
20900;BOT_TAKER;BOT_MAKER;VEV_6000;XIRECS;1.0;3
20900;BOT_MAKER;BOT_TAKER;VEV_6000;XIRECS;0.0;2
20900;BOT_TAKER;SUBMISSION;HYDROGEL_PACK;XIRECS;10021.0;4
21200;BOT_TAKER;BOT_MAKER;HYDROGEL_PACK;XIRECS;10017.0;4
21200;BOT_MAKER;BOT_TAKER;VEV_4000;XIRECS;1266.0;1
21300;BOT_MAKER;BOT_TAKER;VEV_5500;XIRECS;6.0;3
21300;BOT_TAKER;SUBMISSION;HYDROGEL_PACK;XIRECS;10018.0;4
21400;SUBMISSION;BOT_TAKER;VEV_4000;XIRECS;1267.0;2
21500;BOT_MAKER;BOT_TAKER;HYDROGEL_PACK;XIRECS;9999.0;2
21500;BOT_MAKER;BOT_TAKER;VEV_6000;XIRECS;0.0;2
21600;BOT_MAKER;BOT_TAKER;HYDROGEL_PACK;XIRECS;9999.0;2
21600;BOT_MAKER;BOT_TAKER;VELVETFRUIT_EXTRACT;XIRECS;5230.0;8
21700;BOT_TAKER;SUBMISSION;HYDROGEL_PACK;XIRECS;10015.0;5
21700;BOT_TAKER;BOT_MAKER;HYDROGEL_PACK;XIRECS;10016.0;1
21800;BOT_MAKER;BOT_TAKER;VEV_5400;XIRECS;13.0;2
21900;SUBMISSION;BOT;ASH_COATED_OSMIUM;XIRECS;9996.0;9
22000;BOT_TAKER;BOT_MAKER;VEV_5500;XIRECS;7.0;4
22100;BOT_TAKER;BOT_MAKER;HYDROGEL_PACK;XIRECS;10022.0;4
22200;BOT_MAKER;BOT_TAKER;HYDROGEL_PACK;XIRECS;10004.0;2
22200;BOT_TAKER;BOT_MAKER;VEV_5500;XIRECS;7.0;3
22300;BOT_MAKER;BOT_TAKER;HYDROGEL_PACK;XIRECS;10002.0;4
22300;BOT_TAKER;BOT_MAKER;VELVETFRUIT_EXTRACT;XIRECS;5235.0;3
22300;BOT_TAKER;BOT_MAKER;VEV_5300;XIRECS;65.0;5
22400;BOT_MAKER;BOT_TAKER;VEV_5400;XIRECS;13.0;2
22500;BOT_MAKER;BOT_TAKER;VEV_4000;XIRECS;1270.0;1
22700;BOT_TAKER;BOT_MAKER;HYDROGEL_PACK;XIRECS;10012.0;4
22700;BOT_MAKER;BOT_TAKER;VEV_6000;XIRECS;0.0;2
22700;SUBMISSION;BOT_TAKER;VELVETFRUIT_EXTRACT;XIRECS;5233.0;5
22700;BOT_MAKER;BOT_TAKER;VELVETFRUIT_EXTRACT;XIRECS;5232.0;2
22800;BOT_TAKER;BOT_MAKER;VELVETFRUIT_EXTRACT;XIRECS;5238.0;5
22800;SUBMISSION;BOT_TAKER;HYDROGEL_PACK;XIRECS;9998.0;5
22800;BOT_TAKER;SUBMISSION;VELVETFRUIT_EXTRACT;XIRECS;5237.0;5
22800;BOT_TAKER;BOT_MAKER;VELVETFRUIT_EXTRACT;XIRECS;5238.0;3
22900;BOT_MAKER;BOT_TAKER;VELVETFRUIT_EXTRACT;XIRECS;5233.0;6
22900;BOT_TAKER;SUBMISSION;ASH_COATED_OSMIUM;XIRECS;10007.0;2
23000;BOT_TAKER;BOT_MAKER;HYDROGEL_PACK;XIRECS;10010.0;3
23000;BOT_MAKER;BOT_TAKER;VELVETFRUIT_EXTRACT;XIRECS;5231.0;7
23100;BOT_MAKER;BOT_TAKER;HYDROGEL_PACK;XIRECS;9993.0;2
23100;BOT_MAKER;BOT_TAKER;VELVETFRUIT_EXTRACT;XIRECS;5232.0;4
23100;BOT_TAKER;SUBMISSION;VELVETFRUIT_EXTRACT;XIRECS;5236.0;5
23100;BOT_TAKER;BOT_MAKER;VELVETFRUIT_EXTRACT;XIRECS;5237.0;3
23200;BOT_TAKER;BOT_MAKER;VELVETFRUIT_EXTRACT;XIRECS;5234.0;4
23200;BOT_MAKER;BOT_TAKER;VEV_5500;XIRECS;5.0;3
23300;BOT_MAKER;BOT_TAKER;HYDROGEL_PACK;XIRECS;9992.0;3
23400;BOT_TAKER;BOT_MAKER;VEV_6500;XIRECS;1.0;3
23500;BOT_TAKER;BOT_MAKER;HYDROGEL_PACK;XIRECS;10010.0;2
23500;SUBMISSION;BOT_TAKER;VELVETFRUIT_EXTRACT;XIRECS;5231.0;3
23600;BOT_MAKER;BOT_TAKER;VELVETFRUIT_EXTRACT;XIRECS;5229.0;6
23700;BOT_MAKER;BOT_TAKER;INTARIAN_PEPPER_ROOT;XIRECS;13017.0;7
23700;BOT_MAKER;BOT_TAKER;VEV_6000;XIRECS;0.0;5
23800;BOT_TAKER;BOT_MAKER;VEV_5400;XIRECS;16.0;2
23800;SUBMISSION;BOT_TAKER;VELVETFRUIT_EXTRACT;XIRECS;5232.0;3
23900;BOT_TAKER;BOT_MAKER;HYDROGEL_PACK;XIRECS;10012.0;2
23900;BOT_MAKER;BOT_TAKER;VEV_5200;XIRECS;106.0;3
24100;BOT_TAKER;BOT_MAKER;VELVETFRUIT_EXTRACT;XIRECS;5238.0;8
24200;BOT_MAKER;BOT_TAKER;INTARIAN_PEPPER_ROOT;XIRECS;13017.0;5
24200;BOT_TAKER;SUBMISSION;VELVETFRUIT_EXTRACT;XIRECS;5235.0;3
24300;BOT_TAKER;BOT_MAKER;HYDROGEL_PACK;XIRECS;10011.0;5
24300;BOT_TAKER;BOT_MAKER;VELVETFRUIT_EXTRACT;XIRECS;5236.0;5
24300;BOT_TAKER;SUBMISSION;ASH_COATED_OSMIUM;XIRECS;10005.0;4
24400;BOT_TAKER;BOT_MAKER;VELVETFRUIT_EXTRACT;XIRECS;5238.0;3
24500;BOT_TAKER;BOT_MAKER;HYDROGEL_PACK;XIRECS;10014.0;5
24500;BOT_TAKER;BOT_MAKER;VEV_6500;XIRECS;1.0;4
24700;BOT_MAKER;BOT_TAKER;HYDROGEL_PACK;XIRECS;9995.0;3
24700;BOT_MAKER;BOT_TAKER;VELVETFRUIT_EXTRACT;XIRECS;5234.0;5
24700;SUBMISSION;BOT_TAKER;VELVETFRUIT_EXTRACT;XIRECS;5235.0;5
24800;BOT_TAKER;BOT_MAKER;HYDROGEL_PACK;XIRECS;10010.0;3
24900;BOT_TAKER;BOT_MAKER;VELVETFRUIT_EXTRACT;XIRECS;5240.0;6
25000;BOT_TAKER;BOT_MAKER;HYDROGEL_PACK;XIRECS;10008.0;4
25000;BOT_TAKER;BOT_MAKER;VELVETFRUIT_EXTRACT;XIRECS;5240.0;6
25000;BOT_MAKER;BOT_TAKER;VEV_6000;XIRECS;0.0;4
25000;BOT;SUBMISSION;ASH_COATED_OSMIUM;XIRECS;9998.0;7
25100;BOT_MAKER;BOT_TAKER;HYDROGEL_PACK;XIRECS;9992.0;5
25100;BOT_TAKER;BOT_MAKER;VEV_5500;XIRECS;6.0;3
25100;BOT_MAKER;BOT_TAKER;VEV_6500;XIRECS;0.0;5
25200;BOT_TAKER;BOT_MAKER;VEV_5500;XIRECS;6.0;5
25400;SUBMISSION;BOT_TAKER;ASH_COATED_OSMIUM;XIRECS;9990.0;6
25500;BOT_MAKER;BOT_TAKER;INTARIAN_PEPPER_ROOT;XIRECS;13018.0;3
25500;BOT_MAKER;BOT_TAKER;VEV_5400;XIRECS;14.0;5
25600;BOT_MAKER;BOT_TAKER;VEV_5300;XIRECS;64.0;2
25700;BOT_TAKER;BOT_MAKER;VELVETFRUIT_EXTRACT;XIRECS;5242.0;6
25700;BOT_MAKER;BOT_TAKER;VEV_6500;XIRECS;0.0;5
25800;BOT_TAKER;BOT_MAKER;HYDROGEL_PACK;XIRECS;10012.0;5
25800;BOT_MAKER;BOT_TAKER;VELVETFRUIT_EXTRACT;XIRECS;5237.0;11
25900;BOT_TAKER;BOT_MAKER;VEV_5400;XIRECS;15.0;3
25900;BOT_TAKER;BOT_MAKER;VEV_6000;XIRECS;1.0;4
26200;BOT_TAKER;BOT_MAKER;HYDROGEL_PACK;XIRECS;10017.0;4
26200;BOT_MAKER;BOT_TAKER;VELVETFRUIT_EXTRACT;XIRECS;5238.0;7
26300;BOT_TAKER;BOT_MAKER;HYDROGEL_PACK;XIRECS;10017.0;3
26300;SUBMISSION;BOT;ASH_COATED_OSMIUM;XIRECS;9994.0;7
26400;BOT_MAKER;BOT_TAKER;HYDROGEL_PACK;XIRECS;10001.0;2
26400;BOT_TAKER;BOT_MAKER;VELVETFRUIT_EXTRACT;XIRECS;5245.0;3
26400;BOT_TAKER;BOT_MAKER;VEV_4000;XIRECS;1289.0;3
26400;BOT_TAKER;BOT_MAKER;VEV_5400;XIRECS;14.0;4
26500;BOT_TAKER;BOT_MAKER;HYDROGEL_PACK;XIRECS;10019.0;3
26500;BOT_TAKER;BOT_MAKER;VEV_4000;XIRECS;1290.0;1
26500;SUBMISSION;BOT_TAKER;HYDROGEL_PACK;XIRECS;10002.0;5
26500;BOT_MAKER;BOT_TAKER;HYDROGEL_PACK;XIRECS;10001.0;1
26600;BOT_TAKER;BOT_MAKER;HYDROGEL_PACK;XIRECS;10016.0;5
26700;BOT_TAKER;BOT_MAKER;HYDROGEL_PACK;XIRECS;10018.0;4
26700;BOT_MAKER;BOT_TAKER;VELVETFRUIT_EXTRACT;XIRECS;5241.0;13
26700;BOT_TAKER;BOT_MAKER;VEV_4000;XIRECS;1289.0;2
26700;BOT_TAKER;BOT_MAKER;VEV_5500;XIRECS;6.0;3
26700;BOT_TAKER;SUBMISSION;HYDROGEL_PACK;XIRECS;10017.0;4
26800;BOT_MAKER;BOT_TAKER;HYDROGEL_PACK;XIRECS;10003.0;4
26800;BOT_MAKER;BOT_TAKER;VEV_5500;XIRECS;5.0;3
26800;BOT_MAKER;BOT_TAKER;VEV_6000;XIRECS;0.0;5
26900;BOT_TAKER;BOT_MAKER;VELVETFRUIT_EXTRACT;XIRECS;5247.0;5
26900;BOT_MAKER;BOT_TAKER;VELVETFRUIT_EXTRACT;XIRECS;5241.0;7
27000;BOT_MAKER;BOT_TAKER;VEV_6000;XIRECS;0.0;4
27100;BOT_MAKER;BOT_TAKER;VELVETFRUIT_EXTRACT;XIRECS;5241.0;4
27200;BOT_MAKER;BOT_TAKER;VEV_5400;XIRECS;13.0;2
27200;BOT_MAKER;BOT_TAKER;VEV_6500;XIRECS;0.0;2
27200;BOT_TAKER;SUBMISSION;ASH_COATED_OSMIUM;XIRECS;10005.0;6
27300;BOT_TAKER;BOT_MAKER;VEV_6000;XIRECS;1.0;2
27300;SUBMISSION;BOT_TAKER;VELVETFRUIT_EXTRACT;XIRECS;5240.0;5
27300;BOT_MAKER;BOT_TAKER;VELVETFRUIT_EXTRACT;XIRECS;5239.0;5
27400;SUBMISSION;BOT_TAKER;VEV_4000;XIRECS;1270.0;2
27500;BOT_MAKER;BOT_TAKER;HYDROGEL_PACK;XIRECS;10000.0;5
27500;BOT_TAKER;SUBMISSION;HYDROGEL_PACK;XIRECS;10015.0;4
27700;BOT_MAKER;BOT_TAKER;VEV_6000;XIRECS;0.0;3
27800;BOT_TAKER;SUBMISSION;HYDROGEL_PACK;XIRECS;10018.0;5
27800;SUBMISSION;BOT_TAKER;VELVETFRUIT_EXTRACT;XIRECS;5236.0;5
27900;BOT_TAKER;BOT_MAKER;VELVETFRUIT_EXTRACT;XIRECS;5239.0;7
28200;BOT_MAKER;BOT_TAKER;VEV_4000;XIRECS;1270.0;2
28300;BOT_MAKER;BOT_TAKER;VELVETFRUIT_EXTRACT;XIRECS;5235.0;4
28300;BOT_TAKER;BOT_MAKER;VELVETFRUIT_EXTRACT;XIRECS;5240.0;3
28400;BOT_MAKER;BOT_TAKER;ASH_COATED_OSMIUM;XIRECS;9991.0;9
28400;BOT_TAKER;BOT_MAKER;HYDROGEL_PACK;XIRECS;10017.0;3
28400;BOT_MAKER;BOT_TAKER;VELVETFRUIT_EXTRACT;XIRECS;5235.0;6
28500;BOT_TAKER;BOT_MAKER;VEV_6500;XIRECS;1.0;3
28600;BOT_MAKER;BOT_TAKER;HYDROGEL_PACK;XIRECS;10006.0;4
28700;BOT_MAKER;BOT_TAKER;VEV_4000;XIRECS;1271.0;2
28900;BOT_TAKER;BOT_MAKER;VEV_6500;XIRECS;1.0;2
29000;BOT_TAKER;BOT_MAKER;VEV_6000;XIRECS;1.0;2
29100;BOT_TAKER;BOT_MAKER;HYDROGEL_PACK;XIRECS;10021.0;3
29400;BOT_TAKER;BOT_MAKER;VELVETFRUIT_EXTRACT;XIRECS;5250.0;10
29400;BOT_MAKER;BOT_TAKER;VEV_6000;XIRECS;0.0;5
29400;BOT_TAKER;BOT_MAKER;VEV_6500;XIRECS;1.0;2
29500;BOT_MAKER;BOT_TAKER;ASH_COATED_OSMIUM;XIRECS;9991.0;4
29600;BOT_TAKER;BOT_MAKER;HYDROGEL_PACK;XIRECS;10021.0;2
29600;BOT_MAKER;BOT_TAKER;VELVETFRUIT_EXTRACT;XIRECS;5245.0;7
29700;BOT_MAKER;BOT_TAKER;HYDROGEL_PACK;XIRECS;10005.0;4
29700;BOT_TAKER;BOT_MAKER;VELVETFRUIT_EXTRACT;XIRECS;5251.0;8
29700;BOT_MAKER;BOT_TAKER;VEV_4000;XIRECS;1271.0;2
29900;BOT_TAKER;BOT_MAKER;HYDROGEL_PACK;XIRECS;10026.0;5
30000;BOT_MAKER;BOT_TAKER;HYDROGEL_PACK;XIRECS;10010.0;6
30100;BOT_MAKER;BOT_TAKER;HYDROGEL_PACK;XIRECS;10015.0;5
30100;BOT_MAKER;BOT_TAKER;VEV_4000;XIRECS;1270.0;1
30100;SUBMISSION;BOT_TAKER;VEV_4000;XIRECS;1271.0;2
30200;BOT_MAKER;BOT_TAKER;VELVETFRUIT_EXTRACT;XIRECS;5243.0;8
30300;BOT_TAKER;BOT_MAKER;HYDROGEL_PACK;XIRECS;10030.0;5
30300;BOT_TAKER;BOT_MAKER;VELVETFRUIT_EXTRACT;XIRECS;5250.0;7
30300;BOT_TAKER;BOT_MAKER;VEV_4000;XIRECS;1291.0;3
30300;BOT_TAKER;BOT_MAKER;VEV_5300;XIRECS;69.0;4
30300;SUBMISSION;BOT;ASH_COATED_OSMIUM;XIRECS;9995.0;5
30400;BOT_TAKER;BOT_MAKER;VEV_6000;XIRECS;1.0;2
30400;SUBMISSION;BOT;ASH_COATED_OSMIUM;XIRECS;9996.0;2
30500;BOT_TAKER;BOT_MAKER;VELVETFRUIT_EXTRACT;XIRECS;5250.0;6
30600;BOT_TAKER;BOT_MAKER;HYDROGEL_PACK;XIRECS;10031.0;6
30600;BOT_TAKER;BOT_MAKER;VELVETFRUIT_EXTRACT;XIRECS;5249.0;6
30600;BOT_TAKER;SUBMISSION;VELVETFRUIT_EXTRACT;XIRECS;5248.0;5
30700;BOT_TAKER;BOT_MAKER;VEV_6500;XIRECS;1.0;3
30800;BOT_MAKER;BOT_TAKER;VEV_5400;XIRECS;13.0;5
30900;BOT_TAKER;BOT_MAKER;VELVETFRUIT_EXTRACT;XIRECS;5249.0;5
30900;BOT_TAKER;SUBMISSION;VELVETFRUIT_EXTRACT;XIRECS;5248.0;5
30900;BOT_TAKER;BOT_MAKER;VELVETFRUIT_EXTRACT;XIRECS;5249.0;3
31100;BOT_MAKER;BOT_TAKER;HYDROGEL_PACK;XIRECS;10018.0;5
31100;BOT_MAKER;BOT_TAKER;VELVETFRUIT_EXTRACT;XIRECS;5246.0;6
31200;BOT_TAKER;BOT_MAKER;HYDROGEL_PACK;XIRECS;10034.0;3
31200;BOT_MAKER;BOT_TAKER;VELVETFRUIT_EXTRACT;XIRECS;5246.0;6
31200;BOT_MAKER;BOT_TAKER;VELVETFRUIT_EXTRACT;XIRECS;5246.0;3
31300;BOT_TAKER;BOT_MAKER;HYDROGEL_PACK;XIRECS;10031.0;5
31300;BOT_TAKER;BOT_MAKER;VEV_4000;XIRECS;1292.0;1
31300;BOT_MAKER;BOT_TAKER;VEV_5500;XIRECS;5.0;4
31300;BOT_TAKER;BOT_MAKER;VEV_6000;XIRECS;1.0;5
31400;BOT_MAKER;BOT_TAKER;HYDROGEL_PACK;XIRECS;10012.0;4
31600;BOT_TAKER;BOT_MAKER;ASH_COATED_OSMIUM;XIRECS;9994.0;4
31600;BOT_TAKER;BOT_MAKER;ASH_COATED_OSMIUM;XIRECS;10005.0;3
31700;BOT_MAKER;BOT_TAKER;VELVETFRUIT_EXTRACT;XIRECS;5246.0;8
31700;BOT_MAKER;BOT_TAKER;VEV_4000;XIRECS;1272.0;3
31700;BOT_MAKER;BOT_TAKER;VEV_5500;XIRECS;6.0;3
31700;BOT_TAKER;SUBMISSION;VELVETFRUIT_EXTRACT;XIRECS;5250.0;4
31800;BOT_MAKER;BOT_TAKER;ASH_COATED_OSMIUM;XIRECS;9986.0;8
31800;BOT_TAKER;BOT_MAKER;VELVETFRUIT_EXTRACT;XIRECS;5247.0;6
31900;BOT_TAKER;BOT_MAKER;HYDROGEL_PACK;XIRECS;10028.0;2
31900;BOT_MAKER;BOT_TAKER;VEV_6500;XIRECS;0.0;2
31900;BOT_MAKER;BOT_TAKER;INTARIAN_PEPPER_ROOT;XIRECS;13025.0;5
32000;BOT_TAKER;BOT_MAKER;HYDROGEL_PACK;XIRECS;10028.0;2
32100;BOT_MAKER;BOT_TAKER;HYDROGEL_PACK;XIRECS;10010.0;4
32200;BOT_MAKER;BOT_TAKER;VELVETFRUIT_EXTRACT;XIRECS;5238.0;8
32300;BOT_MAKER;BOT_TAKER;VELVETFRUIT_EXTRACT;XIRECS;5239.0;6
32300;BOT_MAKER;BOT_TAKER;VELVETFRUIT_EXTRACT;XIRECS;5239.0;4
32300;BOT_TAKER;BOT_MAKER;VEV_6000;XIRECS;1.0;4
32400;BOT_TAKER;BOT_MAKER;HYDROGEL_PACK;XIRECS;10032.0;4
32400;BOT_TAKER;BOT_MAKER;VEV_5300;XIRECS;70.0;2
32500;BOT_TAKER;BOT_MAKER;HYDROGEL_PACK;XIRECS;10030.0;6
32700;BOT_TAKER;BOT_MAKER;ASH_COATED_OSMIUM;XIRECS;10004.0;6
32700;BOT_MAKER;BOT_TAKER;HYDROGEL_PACK;XIRECS;10014.0;6
32800;BOT_MAKER;BOT_TAKER;HYDROGEL_PACK;XIRECS;10014.0;6
32800;BOT_TAKER;BOT_MAKER;VELVETFRUIT_EXTRACT;XIRECS;5242.0;4
32800;SUBMISSION;BOT_TAKER;HYDROGEL_PACK;XIRECS;10015.0;5
32900;BOT_TAKER;BOT_MAKER;VELVETFRUIT_EXTRACT;XIRECS;5242.0;6
32900;BOT_MAKER;BOT_TAKER;VEV_6000;XIRECS;0.0;4
32900;BOT_TAKER;BOT_MAKER;VEV_6500;XIRECS;1.0;2
33000;BOT_MAKER;BOT_TAKER;HYDROGEL_PACK;XIRECS;10011.0;5
33200;BOT_MAKER;BOT_TAKER;VEV_5400;XIRECS;12.0;5
33300;BOT_MAKER;BOT_TAKER;HYDROGEL_PACK;XIRECS;10013.0;5
33300;BOT_MAKER;BOT_TAKER;VELVETFRUIT_EXTRACT;XIRECS;5236.0;7
33400;BOT_TAKER;BOT_MAKER;VEV_5500;XIRECS;6.0;5
33500;BOT_MAKER;BOT_TAKER;HYDROGEL_PACK;XIRECS;10011.0;2
33500;BOT_MAKER;BOT_TAKER;VELVETFRUIT_EXTRACT;XIRECS;5236.0;6
33600;BOT_TAKER;BOT_MAKER;VELVETFRUIT_EXTRACT;XIRECS;5239.0;5
33600;SUBMISSION;BOT_TAKER;HYDROGEL_PACK;XIRECS;10015.0;5
33600;BOT_MAKER;BOT_TAKER;HYDROGEL_PACK;XIRECS;10014.0;1
33700;BOT_MAKER;BOT_TAKER;HYDROGEL_PACK;XIRECS;10012.0;4
33700;BOT_MAKER;BOT_TAKER;VEV_5500;XIRECS;5.0;5
33800;BOT_TAKER;BOT_MAKER;HYDROGEL_PACK;XIRECS;10026.0;5
34000;BOT_MAKER;BOT_TAKER;VELVETFRUIT_EXTRACT;XIRECS;5234.0;3
34100;SUBMISSION;BOT_TAKER;HYDROGEL_PACK;XIRECS;10011.0;2
34100;SUBMISSION;BOT_TAKER;VELVETFRUIT_EXTRACT;XIRECS;5235.0;5
34200;BOT_MAKER;BOT_TAKER;VELVETFRUIT_EXTRACT;XIRECS;5233.0;3
34300;BOT_MAKER;BOT_TAKER;HYDROGEL_PACK;XIRECS;10003.0;3
34300;BOT_TAKER;BOT_MAKER;VEV_4000;XIRECS;1299.0;1
34300;BOT_MAKER;BOT_TAKER;VEV_5400;XIRECS;12.0;2
34400;BOT_MAKER;BOT_TAKER;VELVETFRUIT_EXTRACT;XIRECS;5235.0;3
34500;BOT_TAKER;BOT_MAKER;HYDROGEL_PACK;XIRECS;10017.0;3
34500;BOT_TAKER;BOT_MAKER;VEV_6000;XIRECS;1.0;3
34600;BOT_MAKER;BOT_TAKER;ASH_COATED_OSMIUM;XIRECS;9990.0;6
34600;BOT_TAKER;BOT_MAKER;INTARIAN_PEPPER_ROOT;XIRECS;13042.0;3
34600;SUBMISSION;BOT_TAKER;HYDROGEL_PACK;XIRECS;10002.0;2
34700;BOT_MAKER;BOT_TAKER;VEV_5500;XIRECS;5.0;5
34700;BOT_TAKER;BOT_MAKER;VEV_6000;XIRECS;1.0;4
34800;BOT_MAKER;BOT_TAKER;HYDROGEL_PACK;XIRECS;9999.0;5
34800;BOT_TAKER;BOT_MAKER;VELVETFRUIT_EXTRACT;XIRECS;5237.0;5
34800;BOT_TAKER;BOT_MAKER;VEV_5300;XIRECS;70.0;2
35000;BOT_MAKER;BOT_TAKER;VELVETFRUIT_EXTRACT;XIRECS;5232.0;4
35200;BOT_TAKER;BOT_MAKER;VELVETFRUIT_EXTRACT;XIRECS;5238.0;5
35300;BOT_TAKER;BOT_MAKER;VELVETFRUIT_EXTRACT;XIRECS;5239.0;5
35300;BOT_MAKER;BOT_TAKER;VEV_5300;XIRECS;68.0;5
35400;BOT_TAKER;BOT_MAKER;HYDROGEL_PACK;XIRECS;10015.0;5
35400;BOT_TAKER;BOT_MAKER;VELVETFRUIT_EXTRACT;XIRECS;5238.0;4
35400;BOT_TAKER;BOT_MAKER;VEV_6500;XIRECS;1.0;2
35500;BOT_TAKER;BOT_MAKER;VELVETFRUIT_EXTRACT;XIRECS;5234.0;8
35600;BOT_MAKER;BOT_TAKER;VELVETFRUIT_EXTRACT;XIRECS;5231.0;5
35600;BOT_TAKER;BOT_MAKER;VELVETFRUIT_EXTRACT;XIRECS;5236.0;3
35600;BOT_MAKER;BOT_TAKER;VEV_4000;XIRECS;1284.0;1
35600;BOT_TAKER;BOT_MAKER;ASH_COATED_OSMIUM;XIRECS;9994.0;3
35700;BOT_MAKER;BOT_TAKER;HYDROGEL_PACK;XIRECS;10001.0;6
35700;BOT_TAKER;BOT_MAKER;VELVETFRUIT_EXTRACT;XIRECS;5235.0;3
35800;BOT_MAKER;BOT_TAKER;VELVETFRUIT_EXTRACT;XIRECS;5232.0;3
35900;BOT_TAKER;BOT_MAKER;VEV_5400;XIRECS;14.0;4
35900;BOT_TAKER;BOT_MAKER;VEV_5500;XIRECS;6.0;4
35900;BOT_TAKER;BOT_MAKER;VEV_6000;XIRECS;1.0;2
36000;BOT_MAKER;BOT_TAKER;HYDROGEL_PACK;XIRECS;9999.0;4
36000;BOT_MAKER;BOT_TAKER;VEV_4000;XIRECS;1286.0;2
36000;BOT_MAKER;BOT_TAKER;VEV_5300;XIRECS;69.0;5
36100;BOT_MAKER;BOT_TAKER;HYDROGEL_PACK;XIRECS;9996.0;5
36200;BOT_MAKER;BOT_TAKER;VELVETFRUIT_EXTRACT;XIRECS;5235.0;10
36200;BOT_MAKER;BOT_TAKER;VEV_6500;XIRECS;0.0;3
36300;BOT_MAKER;BOT_TAKER;HYDROGEL_PACK;XIRECS;10000.0;6
36300;BOT_MAKER;BOT_TAKER;VELVETFRUIT_EXTRACT;XIRECS;5235.0;5
36300;BOT_TAKER;SUBMISSION;HYDROGEL_PACK;XIRECS;10015.0;4
36400;BOT_MAKER;BOT_TAKER;VEV_5400;XIRECS;13.0;5
36500;BOT_MAKER;BOT_TAKER;VELVETFRUIT_EXTRACT;XIRECS;5234.0;4
36500;BOT_TAKER;BOT_MAKER;VEV_4000;XIRECS;1309.0;1
36600;BOT_TAKER;SUBMISSION;VEV_4000;XIRECS;1307.0;3
36700;BOT_MAKER;BOT_TAKER;VELVETFRUIT_EXTRACT;XIRECS;5235.0;7
36700;SUBMISSION;BOT_TAKER;VELVETFRUIT_EXTRACT;XIRECS;5236.0;5
36700;BOT_MAKER;BOT_TAKER;VELVETFRUIT_EXTRACT;XIRECS;5235.0;2
37000;BOT_TAKER;BOT_MAKER;VELVETFRUIT_EXTRACT;XIRECS;5239.0;4
37000;BOT_TAKER;BOT_MAKER;VEV_4000;XIRECS;1307.0;2
37100;BOT_TAKER;BOT_MAKER;HYDROGEL_PACK;XIRECS;10023.0;5
37100;BOT_MAKER;BOT_TAKER;HYDROGEL_PACK;XIRECS;10007.0;3
37100;BOT_MAKER;BOT_TAKER;VELVETFRUIT_EXTRACT;XIRECS;5235.0;6
37100;BOT_TAKER;BOT_MAKER;VEV_6000;XIRECS;1.0;2
37200;BOT_TAKER;SUBMISSION;VELVETFRUIT_EXTRACT;XIRECS;5240.0;5
37300;SUBMISSION;BOT_TAKER;VEV_4000;XIRECS;1286.0;3
37400;BOT_TAKER;BOT_MAKER;ASH_COATED_OSMIUM;XIRECS;10006.0;6
37500;BOT_MAKER;BOT_TAKER;VELVETFRUIT_EXTRACT;XIRECS;5234.0;3
37700;BOT_MAKER;BOT_TAKER;ASH_COATED_OSMIUM;XIRECS;9989.0;4
37700;BOT_MAKER;BOT_TAKER;VELVETFRUIT_EXTRACT;XIRECS;5235.0;5
37700;BOT_MAKER;BOT_TAKER;VEV_5400;XIRECS;14.0;4
37800;BOT_TAKER;BOT_MAKER;VELVETFRUIT_EXTRACT;XIRECS;5239.0;4
37800;BOT_TAKER;BOT_MAKER;VEV_5500;XIRECS;6.0;2
37900;BOT_TAKER;BOT_MAKER;VELVETFRUIT_EXTRACT;XIRECS;5239.0;5
38000;BOT_MAKER;BOT_TAKER;HYDROGEL_PACK;XIRECS;10015.0;6
38000;BOT_TAKER;SUBMISSION;HYDROGEL_PACK;XIRECS;10030.0;5
38000;BOT_TAKER;BOT_MAKER;HYDROGEL_PACK;XIRECS;10031.0;1
38100;BOT_MAKER;BOT_TAKER;ASH_COATED_OSMIUM;XIRECS;9989.0;6
38200;BOT_MAKER;BOT_TAKER;HYDROGEL_PACK;XIRECS;10015.0;4
38200;BOT_MAKER;BOT_TAKER;VEV_5400;XIRECS;14.0;2
38300;BOT_MAKER;BOT_TAKER;VELVETFRUIT_EXTRACT;XIRECS;5235.0;5
38300;BOT_TAKER;BOT_MAKER;VEV_4000;XIRECS;1306.0;1
38300;BOT_MAKER;BOT_TAKER;VEV_6000;XIRECS;0.0;3
38400;BOT_TAKER;BOT_MAKER;VELVETFRUIT_EXTRACT;XIRECS;5239.0;7
38500;BOT_TAKER;BOT_MAKER;HYDROGEL_PACK;XIRECS;10029.0;4
38600;BOT_MAKER;BOT_TAKER;VELVETFRUIT_EXTRACT;XIRECS;5233.0;5
38600;BOT_TAKER;BOT_MAKER;VEV_4000;XIRECS;1308.0;1
38700;BOT_MAKER;BOT_TAKER;HYDROGEL_PACK;XIRECS;10008.0;5
38700;BOT_TAKER;BOT_MAKER;VEV_4000;XIRECS;1307.0;2
38900;BOT_MAKER;BOT_TAKER;HYDROGEL_PACK;XIRECS;10008.0;5
38900;BOT_MAKER;BOT_TAKER;VELVETFRUIT_EXTRACT;XIRECS;5235.0;6
39000;BOT_TAKER;BOT_MAKER;VELVETFRUIT_EXTRACT;XIRECS;5241.0;5
39000;BOT_TAKER;BOT_MAKER;VEV_5500;XIRECS;6.0;4
39000;BOT_TAKER;BOT_MAKER;VEV_6000;XIRECS;1.0;2
39000;SUBMISSION;BOT_TAKER;HYDROGEL_PACK;XIRECS;10011.0;5
39100;BOT_MAKER;BOT_TAKER;HYDROGEL_PACK;XIRECS;10012.0;6
39500;BOT_TAKER;BOT_MAKER;HYDROGEL_PACK;XIRECS;10031.0;6
39500;BOT_MAKER;BOT_TAKER;VEV_6500;XIRECS;0.0;4
39600;BOT_MAKER;BOT_TAKER;VELVETFRUIT_EXTRACT;XIRECS;5238.0;3
39600;BOT_MAKER;BOT_TAKER;VEV_5200;XIRECS;110.0;2
39700;BOT_MAKER;BOT_TAKER;HYDROGEL_PACK;XIRECS;10014.0;3
39700;BOT_TAKER;BOT_MAKER;VEV_5400;XIRECS;16.0;5
39800;BOT_MAKER;BOT_TAKER;HYDROGEL_PACK;XIRECS;10016.0;5
39800;BOT_MAKER;BOT_TAKER;VELVETFRUIT_EXTRACT;XIRECS;5239.0;5
39900;BOT_MAKER;BOT_TAKER;HYDROGEL_PACK;XIRECS;10014.0;2
39900;BOT_TAKER;BOT_MAKER;VEV_5300;XIRECS;74.0;4
39900;SUBMISSION;BOT_TAKER;VELVETFRUIT_EXTRACT;XIRECS;5239.0;5
39900;BOT_MAKER;BOT_TAKER;VELVETFRUIT_EXTRACT;XIRECS;5238.0;1
40000;BOT_MAKER;BOT_TAKER;VELVETFRUIT_EXTRACT;XIRECS;5238.0;8
40000;BOT_MAKER;BOT_TAKER;VEV_5400;XIRECS;14.0;2
40100;BOT_MAKER;BOT_TAKER;VELVETFRUIT_EXTRACT;XIRECS;5237.0;6
40100;BOT_MAKER;BOT_TAKER;VEV_5400;XIRECS;14.0;2
40300;BOT_MAKER;BOT_TAKER;HYDROGEL_PACK;XIRECS;10018.0;4
40300;BOT_TAKER;BOT_MAKER;VELVETFRUIT_EXTRACT;XIRECS;5243.0;7
40300;BOT_MAKER;BOT_TAKER;VEV_4000;XIRECS;1281.0;3
40300;BOT_TAKER;SUBMISSION;ASH_COATED_OSMIUM;XIRECS;10007.0;10
40500;BOT_MAKER;BOT_TAKER;VELVETFRUIT_EXTRACT;XIRECS;5237.0;7
40500;BOT_MAKER;BOT_TAKER;VEV_5500;XIRECS;4.0;2
40500;SUBMISSION;BOT_TAKER;ASH_COATED_OSMIUM;XIRECS;9992.0;8
40600;BOT_TAKER;BOT_MAKER;VEV_6500;XIRECS;1.0;4
40700;BOT_MAKER;BOT_TAKER;VELVETFRUIT_EXTRACT;XIRECS;5237.0;8
40700;BOT_MAKER;BOT_TAKER;VELVETFRUIT_EXTRACT;XIRECS;5237.0;8
40900;BOT_MAKER;BOT_TAKER;HYDROGEL_PACK;XIRECS;10014.0;3
40900;BOT_TAKER;BOT_MAKER;VELVETFRUIT_EXTRACT;XIRECS;5244.0;6
40900;BOT_MAKER;BOT_TAKER;VEV_5400;XIRECS;13.0;5
41100;BOT_TAKER;BOT_MAKER;HYDROGEL_PACK;XIRECS;10029.0;5
41100;BOT_TAKER;BOT_MAKER;VELVETFRUIT_EXTRACT;XIRECS;5243.0;6
41100;BOT_MAKER;BOT_TAKER;INTARIAN_PEPPER_ROOT;XIRECS;13034.0;5
41200;BOT_TAKER;BOT_MAKER;HYDROGEL_PACK;XIRECS;10031.0;4
41300;BOT_TAKER;BOT_MAKER;VEV_4000;XIRECS;1302.0;3
41500;BOT_MAKER;BOT_TAKER;VELVETFRUIT_EXTRACT;XIRECS;5239.0;5
41500;BOT_TAKER;BOT_MAKER;VEV_6500;XIRECS;1.0;2
41600;BOT_MAKER;BOT_TAKER;VELVETFRUIT_EXTRACT;XIRECS;5239.0;4
41600;BOT_MAKER;BOT_TAKER;VEV_5500;XIRECS;4.0;3
41600;BOT_MAKER;BOT_TAKER;VEV_6500;XIRECS;0.0;4
41800;BOT_TAKER;BOT_MAKER;VEV_5500;XIRECS;5.0;3
42000;BOT_MAKER;BOT_TAKER;VELVETFRUIT_EXTRACT;XIRECS;5239.0;5
42000;BOT_TAKER;BOT_MAKER;VEV_5400;XIRECS;14.0;5
42000;SUBMISSION;BOT;ASH_COATED_OSMIUM;XIRECS;9995.0;2
42100;BOT_TAKER;BOT_MAKER;VELVETFRUIT_EXTRACT;XIRECS;5241.0;7
42100;BOT_TAKER;BOT_MAKER;VEV_4000;XIRECS;1302.0;2
42200;BOT_TAKER;BOT_MAKER;HYDROGEL_PACK;XIRECS;10037.0;6
42200;BOT_TAKER;SUBMISSION;HYDROGEL_PACK;XIRECS;10036.0;5
42300;BOT_MAKER;BOT_TAKER;ASH_COATED_OSMIUM;XIRECS;9989.0;5
42400;BOT_TAKER;BOT_MAKER;VELVETFRUIT_EXTRACT;XIRECS;5242.0;9
42400;BOT_TAKER;BOT_MAKER;VEV_5300;XIRECS;75.0;4
42500;BOT_TAKER;BOT_MAKER;HYDROGEL_PACK;XIRECS;10040.0;6
42500;BOT_TAKER;BOT_MAKER;VELVETFRUIT_EXTRACT;XIRECS;5243.0;4
42600;BOT_MAKER;BOT_TAKER;HYDROGEL_PACK;XIRECS;10019.0;6
42600;BOT_TAKER;BOT_MAKER;VELVETFRUIT_EXTRACT;XIRECS;5244.0;3
42600;BOT_MAKER;BOT_TAKER;VEV_6500;XIRECS;0.0;2
42700;BOT_TAKER;BOT_MAKER;VEV_5500;XIRECS;5.0;4
42800;BOT_MAKER;BOT_TAKER;VELVETFRUIT_EXTRACT;XIRECS;5240.0;4
42800;BOT_MAKER;BOT_TAKER;VELVETFRUIT_EXTRACT;XIRECS;5240.0;7
42800;SUBMISSION;BOT_TAKER;VEV_4000;XIRECS;1278.0;3
42900;BOT_MAKER;BOT_TAKER;HYDROGEL_PACK;XIRECS;10016.0;3
42900;BOT_MAKER;BOT_TAKER;VELVETFRUIT_EXTRACT;XIRECS;5241.0;3
43200;BOT_MAKER;BOT_TAKER;VEV_4000;XIRECS;1278.0;1
43400;BOT_MAKER;BOT_TAKER;VELVETFRUIT_EXTRACT;XIRECS;5242.0;14
43400;BOT_MAKER;BOT_TAKER;VELVETFRUIT_EXTRACT;XIRECS;5242.0;7
43400;BOT_MAKER;BOT_TAKER;VEV_6000;XIRECS;0.0;4
43400;BOT_TAKER;SUBMISSION;HYDROGEL_PACK;XIRECS;10030.0;2
43500;BOT_MAKER;BOT_TAKER;HYDROGEL_PACK;XIRECS;10013.0;6
43500;BOT_TAKER;BOT_MAKER;VELVETFRUIT_EXTRACT;XIRECS;5246.0;6
43600;BOT_TAKER;BOT_MAKER;VEV_6000;XIRECS;1.0;5
43700;BOT_MAKER;BOT_TAKER;HYDROGEL_PACK;XIRECS;10012.0;2
43700;BOT_TAKER;SUBMISSION;HYDROGEL_PACK;XIRECS;10027.0;3
43800;BOT_MAKER;BOT_TAKER;INTARIAN_PEPPER_ROOT;XIRECS;13037.0;4
43900;BOT_TAKER;BOT_MAKER;VEV_5300;XIRECS;75.0;5
44000;BOT_TAKER;BOT_MAKER;HYDROGEL_PACK;XIRECS;10026.0;6
44000;BOT_TAKER;BOT_MAKER;VELVETFRUIT_EXTRACT;XIRECS;5246.0;6
44000;BOT_TAKER;BOT_MAKER;VEV_5500;XIRECS;5.0;2
44100;BOT_TAKER;BOT_MAKER;HYDROGEL_PACK;XIRECS;10028.0;2
44200;BOT_MAKER;BOT_TAKER;VELVETFRUIT_EXTRACT;XIRECS;5241.0;5
44300;BOT_TAKER;SUBMISSION;HYDROGEL_PACK;XIRECS;10025.0;5
44300;BOT_TAKER;BOT_MAKER;HYDROGEL_PACK;XIRECS;10026.0;1
44500;BOT_TAKER;BOT_MAKER;VEV_4000;XIRECS;1306.0;1
44500;BOT_MAKER;BOT_TAKER;VEV_4000;XIRECS;1284.0;3
44600;BOT_MAKER;BOT_TAKER;HYDROGEL_PACK;XIRECS;10013.0;3
44600;BOT_TAKER;BOT_MAKER;VEV_4000;XIRECS;1306.0;2
44600;BOT_MAKER;BOT_TAKER;VEV_6500;XIRECS;0.0;2
44700;BOT_MAKER;BOT_TAKER;VEV_5400;XIRECS;15.0;5
44700;BOT_TAKER;SUBMISSION;VELVETFRUIT_EXTRACT;XIRECS;5246.0;5
44700;BOT_TAKER;BOT_MAKER;VELVETFRUIT_EXTRACT;XIRECS;5247.0;3
44800;BOT_MAKER;BOT_TAKER;VELVETFRUIT_EXTRACT;XIRECS;5242.0;7
44800;BOT_TAKER;BOT_MAKER;VEV_6000;XIRECS;1.0;3
44900;BOT_TAKER;BOT_MAKER;INTARIAN_PEPPER_ROOT;XIRECS;13052.0;4
44900;BOT_MAKER;BOT_TAKER;VELVETFRUIT_EXTRACT;XIRECS;5242.0;5
44900;BOT_MAKER;BOT_TAKER;VEV_4000;XIRECS;1285.0;2
44900;BOT_MAKER;BOT_TAKER;VEV_5400;XIRECS;16.0;5
45000;BOT_TAKER;BOT_MAKER;VEV_6000;XIRECS;1.0;2
45200;BOT_TAKER;BOT_MAKER;VELVETFRUIT_EXTRACT;XIRECS;5245.0;7
45200;BOT_MAKER;BOT_TAKER;VEV_6000;XIRECS;0.0;3
45200;SUBMISSION;BOT_TAKER;HYDROGEL_PACK;XIRECS;10009.0;4
45200;BOT_TAKER;SUBMISSION;VELVETFRUIT_EXTRACT;XIRECS;5244.0;3
45300;BOT_TAKER;BOT_MAKER;VEV_4000;XIRECS;1310.0;3
45300;BOT_TAKER;BOT_MAKER;VEV_6000;XIRECS;1.0;5
45400;BOT_MAKER;BOT_TAKER;VELVETFRUIT_EXTRACT;XIRECS;5241.0;7
45400;BOT_TAKER;BOT_MAKER;VEV_6000;XIRECS;1.0;4
45500;BOT_MAKER;BOT_TAKER;HYDROGEL_PACK;XIRECS;10010.0;6
45500;BOT_MAKER;BOT_TAKER;VELVETFRUIT_EXTRACT;XIRECS;5241.0;3
45600;BOT_TAKER;BOT_MAKER;HYDROGEL_PACK;XIRECS;10025.0;2
45600;BOT_TAKER;BOT_MAKER;VELVETFRUIT_EXTRACT;XIRECS;5247.0;9
45700;BOT_TAKER;BOT_MAKER;VELVETFRUIT_EXTRACT;XIRECS;5248.0;7
45800;BOT_MAKER;BOT_TAKER;VELVETFRUIT_EXTRACT;XIRECS;5243.0;8
45800;BOT_MAKER;BOT_TAKER;VEV_5400;XIRECS;15.0;4
45900;BOT_MAKER;BOT_TAKER;VELVETFRUIT_EXTRACT;XIRECS;5244.0;4
45900;BOT_TAKER;BOT_MAKER;VEV_6000;XIRECS;1.0;5
45900;SUBMISSION;BOT_TAKER;VELVETFRUIT_EXTRACT;XIRECS;5245.0;4
46000;BOT_TAKER;BOT_MAKER;VELVETFRUIT_EXTRACT;XIRECS;5249.0;5
46000;BOT_MAKER;BOT_TAKER;VEV_4000;XIRECS;1291.0;1
46100;BOT_TAKER;BOT_MAKER;VELVETFRUIT_EXTRACT;XIRECS;5249.0;8
46100;BOT_TAKER;BOT_MAKER;VEV_4000;XIRECS;1312.0;2
46200;BOT_MAKER;BOT_TAKER;VELVETFRUIT_EXTRACT;XIRECS;5246.0;12
46200;BOT_MAKER;BOT_TAKER;VEV_6500;XIRECS;0.0;5
46300;BOT_MAKER;BOT_TAKER;VELVETFRUIT_EXTRACT;XIRECS;5247.0;6
46400;BOT_MAKER;BOT_TAKER;HYDROGEL_PACK;XIRECS;10009.0;6
46400;BOT_TAKER;BOT_MAKER;VELVETFRUIT_EXTRACT;XIRECS;5252.0;8
46500;BOT_MAKER;BOT_TAKER;HYDROGEL_PACK;XIRECS;10009.0;3
46500;BOT_TAKER;BOT_MAKER;VELVETFRUIT_EXTRACT;XIRECS;5253.0;9
46500;BOT_MAKER;BOT_TAKER;VEV_5400;XIRECS;15.0;2
46600;BOT_TAKER;BOT_MAKER;VELVETFRUIT_EXTRACT;XIRECS;5251.0;6
46600;SUBMISSION;BOT_TAKER;VELVETFRUIT_EXTRACT;XIRECS;5246.0;5
46600;BOT_MAKER;BOT_TAKER;VELVETFRUIT_EXTRACT;XIRECS;5245.0;5
46700;BOT_TAKER;BOT_MAKER;HYDROGEL_PACK;XIRECS;10028.0;2
46700;BOT_TAKER;SUBMISSION;ASH_COATED_OSMIUM;XIRECS;10005.0;7
47000;BOT_MAKER;BOT_TAKER;VELVETFRUIT_EXTRACT;XIRECS;5245.0;7
47000;BOT_MAKER;BOT_TAKER;VELVETFRUIT_EXTRACT;XIRECS;5245.0;8
47200;BOT_TAKER;BOT_MAKER;VEV_4000;XIRECS;1315.0;1
47200;SUBMISSION;BOT_TAKER;HYDROGEL_PACK;XIRECS;10019.0;5
47300;BOT_TAKER;SUBMISSION;VELVETFRUIT_EXTRACT;XIRECS;5247.0;5
47300;BOT_TAKER;BOT_MAKER;VELVETFRUIT_EXTRACT;XIRECS;5248.0;3
47300;BOT_TAKER;SUBMISSION;VEV_4000;XIRECS;1314.0;1
47400;BOT_MAKER;BOT_TAKER;VEV_4000;XIRECS;1293.0;3
47400;SUBMISSION;BOT_TAKER;ASH_COATED_OSMIUM;XIRECS;9992.0;6
47500;BOT_MAKER;BOT_TAKER;VELVETFRUIT_EXTRACT;XIRECS;5241.0;6
47600;BOT_TAKER;BOT_MAKER;HYDROGEL_PACK;XIRECS;10032.0;5
47700;BOT_MAKER;BOT_TAKER;HYDROGEL_PACK;XIRECS;10015.0;4
47700;BOT_MAKER;BOT_TAKER;INTARIAN_PEPPER_ROOT;XIRECS;13041.0;5
47800;BOT_TAKER;BOT_MAKER;VELVETFRUIT_EXTRACT;XIRECS;5248.0;8
47800;BOT_TAKER;BOT_MAKER;VEV_4000;XIRECS;1317.0;3
47900;BOT_TAKER;BOT_MAKER;VELVETFRUIT_EXTRACT;XIRECS;5248.0;7
47900;BOT_MAKER;BOT_TAKER;VEV_5400;XIRECS;16.0;5
48000;BOT_TAKER;BOT_MAKER;HYDROGEL_PACK;XIRECS;10031.0;3
48000;BOT_TAKER;BOT_MAKER;VELVETFRUIT_EXTRACT;XIRECS;5249.0;7
48000;BOT_MAKER;BOT_TAKER;VEV_4000;XIRECS;1294.0;1
48000;SUBMISSION;BOT_TAKER;VELVETFRUIT_EXTRACT;XIRECS;5245.0;5
48000;BOT_MAKER;BOT_TAKER;VELVETFRUIT_EXTRACT;XIRECS;5244.0;3
48100;BOT_TAKER;BOT_MAKER;HYDROGEL_PACK;XIRECS;10031.0;2
48200;BOT_MAKER;BOT_TAKER;HYDROGEL_PACK;XIRECS;10014.0;6
48200;BOT_TAKER;BOT_MAKER;VELVETFRUIT_EXTRACT;XIRECS;5248.0;5
48300;BOT_MAKER;BOT_TAKER;HYDROGEL_PACK;XIRECS;10015.0;5
48300;BOT_MAKER;BOT_TAKER;VEV_6000;XIRECS;0.0;3
48400;BOT_TAKER;BOT_MAKER;ASH_COATED_OSMIUM;XIRECS;10009.0;2
48400;BOT_TAKER;BOT_MAKER;HYDROGEL_PACK;XIRECS;10029.0;2
48400;BOT_TAKER;BOT_MAKER;VELVETFRUIT_EXTRACT;XIRECS;5247.0;7
48400;BOT_TAKER;SUBMISSION;VEV_4000;XIRECS;1314.0;1
48500;BOT_TAKER;BOT_MAKER;HYDROGEL_PACK;XIRECS;10030.0;5
48500;BOT_TAKER;BOT_MAKER;VEV_6000;XIRECS;1.0;5
48600;BOT_TAKER;BOT_MAKER;HYDROGEL_PACK;XIRECS;10034.0;6
48600;BOT_TAKER;BOT_MAKER;VEV_6000;XIRECS;1.0;4
48700;BOT_MAKER;BOT_TAKER;VEV_4000;XIRECS;1293.0;1
48700;BOT_TAKER;SUBMISSION;VELVETFRUIT_EXTRACT;XIRECS;5250.0;4
48900;BOT_TAKER;BOT_MAKER;INTARIAN_PEPPER_ROOT;XIRECS;13056.0;3
48900;BOT_TAKER;BOT_MAKER;VEV_4000;XIRECS;1316.0;1
49000;BOT_TAKER;BOT_MAKER;VELVETFRUIT_EXTRACT;XIRECS;5252.0;6
49000;BOT_TAKER;BOT_MAKER;VEV_5400;XIRECS;18.0;2
49100;BOT_TAKER;BOT_MAKER;HYDROGEL_PACK;XIRECS;10028.0;5
49100;BOT_MAKER;BOT_TAKER;VELVETFRUIT_EXTRACT;XIRECS;5245.0;4
49100;BOT_TAKER;BOT_MAKER;VELVETFRUIT_EXTRACT;XIRECS;5251.0;14
49100;BOT_MAKER;BOT_TAKER;VEV_4000;XIRECS;1294.0;2
49100;BOT_MAKER;BOT_TAKER;VEV_6000;XIRECS;0.0;5
49200;BOT_TAKER;BOT_MAKER;VELVETFRUIT_EXTRACT;XIRECS;5249.0;10
49200;BOT_TAKER;SUBMISSION;HYDROGEL_PACK;XIRECS;10028.0;5
49300;BOT_TAKER;BOT_MAKER;HYDROGEL_PACK;XIRECS;10028.0;6
49300;BOT_TAKER;BOT_MAKER;VEV_6500;XIRECS;1.0;5
49300;SUBMISSION;BOT_TAKER;HYDROGEL_PACK;XIRECS;10013.0;2
49400;BOT_TAKER;BOT_MAKER;VELVETFRUIT_EXTRACT;XIRECS;5249.0;6
49500;BOT_TAKER;BOT_MAKER;VELVETFRUIT_EXTRACT;XIRECS;5248.0;7
49600;BOT_MAKER;BOT_TAKER;VELVETFRUIT_EXTRACT;XIRECS;5244.0;3
49600;BOT_MAKER;BOT_TAKER;VEV_4000;XIRECS;1296.0;3
49600;BOT_TAKER;SUBMISSION;ASH_COATED_OSMIUM;XIRECS;10010.0;4
49700;BOT_TAKER;BOT_MAKER;HYDROGEL_PACK;XIRECS;10035.0;2
50000;BOT_MAKER;BOT_TAKER;VEV_5500;XIRECS;4.0;3
50000;BOT_MAKER;BOT_TAKER;VEV_6000;XIRECS;0.0;2
50100;BOT_MAKER;BOT_TAKER;VEV_5500;XIRECS;4.0;4
50200;BOT_TAKER;BOT_MAKER;VELVETFRUIT_EXTRACT;XIRECS;5244.0;6
50200;BOT;SUBMISSION;ASH_COATED_OSMIUM;XIRECS;10000.0;9
50200;BOT_TAKER;SUBMISSION;ASH_COATED_OSMIUM;XIRECS;10006.0;3
50300;BOT_MAKER;BOT_TAKER;HYDROGEL_PACK;XIRECS;10020.0;3
50300;BOT_MAKER;BOT_TAKER;VELVETFRUIT_EXTRACT;XIRECS;5241.0;5
50500;BOT_TAKER;BOT_MAKER;HYDROGEL_PACK;XIRECS;10042.0;6
50500;BOT_TAKER;SUBMISSION;VEV_4000;XIRECS;1314.0;1
50600;BOT_MAKER;BOT_TAKER;VELVETFRUIT_EXTRACT;XIRECS;5243.0;3
50700;BOT_MAKER;BOT_TAKER;VELVETFRUIT_EXTRACT;XIRECS;5241.0;3
50800;BOT_MAKER;BOT_TAKER;VELVETFRUIT_EXTRACT;XIRECS;5242.0;4
50900;BOT_MAKER;BOT_TAKER;VELVETFRUIT_EXTRACT;XIRECS;5243.0;4
51000;BOT_TAKER;BOT_MAKER;HYDROGEL_PACK;XIRECS;10042.0;5
51000;BOT_TAKER;BOT_MAKER;VEV_4000;XIRECS;1314.0;1
51000;BOT_TAKER;SUBMISSION;HYDROGEL_PACK;XIRECS;10041.0;2
51100;BOT_TAKER;BOT_MAKER;HYDROGEL_PACK;XIRECS;10044.0;4
51100;BOT_MAKER;BOT_TAKER;VELVETFRUIT_EXTRACT;XIRECS;5244.0;4
51200;BOT_TAKER;BOT_MAKER;INTARIAN_PEPPER_ROOT;XIRECS;13058.0;3
51300;BOT_TAKER;BOT_MAKER;VEV_4000;XIRECS;1312.0;1
51400;BOT_TAKER;BOT_MAKER;ASH_COATED_OSMIUM;XIRECS;10006.0;9
51400;BOT_MAKER;BOT_TAKER;ASH_COATED_OSMIUM;XIRECS;9990.0;5
51400;BOT_MAKER;BOT_TAKER;HYDROGEL_PACK;XIRECS;10032.0;6
51500;BOT_MAKER;BOT_TAKER;VEV_5500;XIRECS;4.0;4
51600;BOT_TAKER;BOT_MAKER;VELVETFRUIT_EXTRACT;XIRECS;5242.0;6
51600;BOT_MAKER;BOT_TAKER;VEV_4000;XIRECS;1291.0;2
51600;SUBMISSION;BOT_TAKER;HYDROGEL_PACK;XIRECS;10032.0;5
51700;BOT_TAKER;BOT_MAKER;HYDROGEL_PACK;XIRECS;10044.0;2
51700;BOT_TAKER;BOT_MAKER;VELVETFRUIT_EXTRACT;XIRECS;5244.0;4
51700;BOT_TAKER;BOT_MAKER;VEV_5400;XIRECS;17.0;4
51800;BOT_TAKER;BOT_MAKER;VELVETFRUIT_EXTRACT;XIRECS;5243.0;5
51800;BOT;SUBMISSION;ASH_COATED_OSMIUM;XIRECS;10000.0;9
51900;BOT_TAKER;BOT_MAKER;HYDROGEL_PACK;XIRECS;10042.0;2
51900;BOT_TAKER;BOT_MAKER;VEV_4000;XIRECS;1314.0;3
52000;BOT_TAKER;BOT_MAKER;VELVETFRUIT_EXTRACT;XIRECS;5243.0;4
52100;BOT_MAKER;BOT_TAKER;HYDROGEL_PACK;XIRECS;10026.0;6
52100;BOT_TAKER;BOT_MAKER;VELVETFRUIT_EXTRACT;XIRECS;5241.0;6
52200;BOT_TAKER;BOT_MAKER;HYDROGEL_PACK;XIRECS;10042.0;6
52200;BOT_TAKER;SUBMISSION;VELVETFRUIT_EXTRACT;XIRECS;5240.0;5
52200;BOT_TAKER;BOT_MAKER;VELVETFRUIT_EXTRACT;XIRECS;5241.0;2
52200;BOT_TAKER;SUBMISSION;VEV_4000;XIRECS;1315.0;1
52400;BOT_TAKER;BOT_MAKER;VELVETFRUIT_EXTRACT;XIRECS;5242.0;10
52500;BOT_TAKER;BOT_MAKER;VEV_4000;XIRECS;1317.0;1
52600;BOT_MAKER;BOT_TAKER;HYDROGEL_PACK;XIRECS;10026.0;6
52700;BOT_TAKER;BOT_MAKER;HYDROGEL_PACK;XIRECS;10039.0;3
52700;BOT;SUBMISSION;ASH_COATED_OSMIUM;XIRECS;10001.0;8
52800;BOT_MAKER;BOT_TAKER;VELVETFRUIT_EXTRACT;XIRECS;5234.0;5
52800;BOT_MAKER;BOT_TAKER;VEV_5500;XIRECS;4.0;2
52900;BOT_MAKER;BOT_TAKER;VEV_6500;XIRECS;0.0;5
53000;SUBMISSION;BOT_TAKER;ASH_COATED_OSMIUM;XIRECS;9989.0;6
53100;BOT_TAKER;BOT_MAKER;VELVETFRUIT_EXTRACT;XIRECS;5240.0;3
53100;BOT_TAKER;BOT_MAKER;VEV_5300;XIRECS;78.0;4
53200;BOT_MAKER;BOT_TAKER;VEV_4000;XIRECS;1295.0;2
53400;BOT_MAKER;BOT_TAKER;VEV_4000;XIRECS;1294.0;3
53500;BOT_TAKER;BOT_MAKER;VEV_5500;XIRECS;5.0;4
53600;BOT_MAKER;BOT_TAKER;VELVETFRUIT_EXTRACT;XIRECS;5236.0;7
53700;BOT_MAKER;BOT_TAKER;HYDROGEL_PACK;XIRECS;10010.0;3
53700;BOT_TAKER;BOT_MAKER;VELVETFRUIT_EXTRACT;XIRECS;5240.0;6
53700;BOT_TAKER;BOT_MAKER;VEV_5500;XIRECS;5.0;2
53800;BOT_MAKER;BOT_TAKER;HYDROGEL_PACK;XIRECS;10013.0;3
53800;BOT_MAKER;BOT_TAKER;VELVETFRUIT_EXTRACT;XIRECS;5235.0;8
53800;SUBMISSION;BOT_TAKER;VEV_4000;XIRECS;1295.0;2
53900;BOT_TAKER;BOT_MAKER;HYDROGEL_PACK;XIRECS;10031.0;3
53900;BOT_MAKER;BOT_TAKER;INTARIAN_PEPPER_ROOT;XIRECS;13047.0;5
53900;BOT_MAKER;BOT_TAKER;VELVETFRUIT_EXTRACT;XIRECS;5234.0;4
53900;BOT_TAKER;BOT_MAKER;VELVETFRUIT_EXTRACT;XIRECS;5240.0;7
53900;BOT_TAKER;BOT_MAKER;VEV_4000;XIRECS;1316.0;1
54100;BOT_TAKER;BOT_MAKER;VEV_6000;XIRECS;1.0;2
54100;BOT_TAKER;BOT_MAKER;VEV_6000;XIRECS;1.0;5
54200;BOT_TAKER;BOT_MAKER;VELVETFRUIT_EXTRACT;XIRECS;5242.0;3
54200;SUBMISSION;BOT_TAKER;VELVETFRUIT_EXTRACT;XIRECS;5237.0;5
54300;BOT_TAKER;BOT_MAKER;VELVETFRUIT_EXTRACT;XIRECS;5241.0;7
54500;BOT_TAKER;BOT_MAKER;INTARIAN_PEPPER_ROOT;XIRECS;13062.0;6
54500;BOT_TAKER;BOT_MAKER;VEV_4000;XIRECS;1319.0;1
54700;BOT_TAKER;BOT_MAKER;VELVETFRUIT_EXTRACT;XIRECS;5241.0;8
54800;BOT_MAKER;BOT_TAKER;VELVETFRUIT_EXTRACT;XIRECS;5235.0;8
54800;BOT_TAKER;BOT_MAKER;VEV_4000;XIRECS;1316.0;2
54800;SUBMISSION;BOT_TAKER;VEV_4000;XIRECS;1295.0;3
54900;BOT_MAKER;BOT_TAKER;HYDROGEL_PACK;XIRECS;10008.0;4
54900;SUBMISSION;BOT_TAKER;ASH_COATED_OSMIUM;XIRECS;9992.0;4
55000;BOT_MAKER;BOT_TAKER;VELVETFRUIT_EXTRACT;XIRECS;5236.0;6
55000;SUBMISSION;BOT_TAKER;VELVETFRUIT_EXTRACT;XIRECS;5237.0;5
55000;BOT_MAKER;BOT_TAKER;VELVETFRUIT_EXTRACT;XIRECS;5236.0;3
55200;BOT_MAKER;BOT_TAKER;VEV_6000;XIRECS;0.0;2
55400;BOT_MAKER;BOT_TAKER;HYDROGEL_PACK;XIRECS;9999.0;3
55400;BOT_TAKER;BOT_MAKER;VELVETFRUIT_EXTRACT;XIRECS;5247.0;10
55400;SUBMISSION;BOT_TAKER;VELVETFRUIT_EXTRACT;XIRECS;5243.0;5
55400;BOT_MAKER;BOT_TAKER;VELVETFRUIT_EXTRACT;XIRECS;5242.0;4
55500;BOT_MAKER;BOT_TAKER;VELVETFRUIT_EXTRACT;XIRECS;5241.0;8
55500;BOT_TAKER;BOT_MAKER;VEV_6000;XIRECS;1.0;4
55600;BOT_TAKER;BOT_MAKER;VELVETFRUIT_EXTRACT;XIRECS;5247.0;5
55600;SUBMISSION;BOT_TAKER;HYDROGEL_PACK;XIRECS;9997.0;4
55700;BOT_TAKER;BOT_MAKER;VEV_5400;XIRECS;15.0;4
55900;BOT_TAKER;BOT_MAKER;HYDROGEL_PACK;XIRECS;10014.0;2
55900;BOT_MAKER;BOT_TAKER;VEV_4000;XIRECS;1291.0;3
55900;BOT_MAKER;BOT_TAKER;VEV_6000;XIRECS;0.0;3
55900;BOT_TAKER;SUBMISSION;VELVETFRUIT_EXTRACT;XIRECS;5245.0;5
55900;BOT_TAKER;BOT_MAKER;VELVETFRUIT_EXTRACT;XIRECS;5246.0;1
56000;SUBMISSION;BOT_TAKER;HYDROGEL_PACK;XIRECS;10002.0;5
56000;BOT_MAKER;BOT_TAKER;HYDROGEL_PACK;XIRECS;10001.0;1
56100;BOT_TAKER;BOT_MAKER;HYDROGEL_PACK;XIRECS;10016.0;2
56100;BOT_TAKER;BOT_MAKER;VEV_6500;XIRECS;1.0;2
56200;BOT_MAKER;BOT_TAKER;VELVETFRUIT_EXTRACT;XIRECS;5238.0;5
56300;BOT_MAKER;BOT_TAKER;HYDROGEL_PACK;XIRECS;10001.0;5
56400;BOT_MAKER;BOT_TAKER;VEV_4000;XIRECS;1292.0;2
56500;BOT_TAKER;BOT_MAKER;VELVETFRUIT_EXTRACT;XIRECS;5245.0;3
56600;BOT_MAKER;BOT_TAKER;HYDROGEL_PACK;XIRECS;10005.0;4
56600;BOT_MAKER;BOT_TAKER;VEV_6500;XIRECS;0.0;4
56700;BOT_TAKER;BOT_MAKER;HYDROGEL_PACK;XIRECS;10021.0;2
56700;BOT_TAKER;BOT_MAKER;VEV_4000;XIRECS;1311.0;2
56800;BOT_MAKER;BOT_TAKER;ASH_COATED_OSMIUM;XIRECS;9991.0;3
56800;BOT_MAKER;BOT_TAKER;VELVETFRUIT_EXTRACT;XIRECS;5239.0;3
56800;BOT_MAKER;BOT_TAKER;VELVETFRUIT_EXTRACT;XIRECS;5239.0;5
56900;BOT_MAKER;BOT_TAKER;VELVETFRUIT_EXTRACT;XIRECS;5239.0;4
56900;BOT;SUBMISSION;ASH_COATED_OSMIUM;XIRECS;10002.0;7
57000;BOT_MAKER;BOT_TAKER;VELVETFRUIT_EXTRACT;XIRECS;5239.0;3
57200;BOT_MAKER;BOT_TAKER;VELVETFRUIT_EXTRACT;XIRECS;5237.0;7
57300;BOT_MAKER;BOT_TAKER;HYDROGEL_PACK;XIRECS;10009.0;6
57300;BOT_MAKER;BOT_TAKER;VELVETFRUIT_EXTRACT;XIRECS;5236.0;3
57300;BOT_TAKER;SUBMISSION;HYDROGEL_PACK;XIRECS;10024.0;3
57400;BOT_MAKER;BOT_TAKER;HYDROGEL_PACK;XIRECS;10011.0;6
57400;BOT_TAKER;SUBMISSION;VEV_4000;XIRECS;1312.0;3
57500;BOT_MAKER;BOT_TAKER;VELVETFRUIT_EXTRACT;XIRECS;5237.0;5
57900;BOT_MAKER;BOT_TAKER;HYDROGEL_PACK;XIRECS;10015.0;4
57900;BOT_TAKER;BOT_MAKER;VELVETFRUIT_EXTRACT;XIRECS;5239.0;6
57900;SUBMISSION;BOT_TAKER;VEV_4000;XIRECS;1289.0;3
58000;BOT_TAKER;BOT_MAKER;HYDROGEL_PACK;XIRECS;10028.0;3
58100;BOT_TAKER;BOT_MAKER;VELVETFRUIT_EXTRACT;XIRECS;5239.0;5
58200;BOT_TAKER;BOT_MAKER;HYDROGEL_PACK;XIRECS;10026.0;3
58200;BOT_MAKER;BOT_TAKER;VELVETFRUIT_EXTRACT;XIRECS;5232.0;7
58200;BOT_TAKER;BOT_MAKER;VEV_6500;XIRECS;1.0;3
58300;BOT_TAKER;BOT_MAKER;VELVETFRUIT_EXTRACT;XIRECS;5236.0;5
58400;BOT;SUBMISSION;ASH_COATED_OSMIUM;XIRECS;10002.0;9
58400;BOT_TAKER;SUBMISSION;VELVETFRUIT_EXTRACT;XIRECS;5235.0;5
58500;BOT_TAKER;BOT_MAKER;VEV_4000;XIRECS;1307.0;1
58500;SUBMISSION;BOT_TAKER;VELVETFRUIT_EXTRACT;XIRECS;5231.0;4
58500;BOT_TAKER;SUBMISSION;VEV_4000;XIRECS;1306.0;1
58600;BOT_TAKER;BOT_MAKER;HYDROGEL_PACK;XIRECS;10025.0;2
58600;BOT_MAKER;BOT_TAKER;VEV_4000;XIRECS;1285.0;3
58700;BOT_MAKER;BOT_TAKER;VELVETFRUIT_EXTRACT;XIRECS;5229.0;5
58700;BOT_TAKER;BOT_MAKER;VEV_6000;XIRECS;1.0;3
58700;BOT_TAKER;BOT_MAKER;VEV_6500;XIRECS;1.0;2
58800;BOT_MAKER;BOT_TAKER;HYDROGEL_PACK;XIRECS;10003.0;5
58800;BOT_TAKER;BOT_MAKER;VELVETFRUIT_EXTRACT;XIRECS;5232.0;7
58800;BOT_TAKER;BOT_MAKER;VEV_4000;XIRECS;1307.0;2
58900;BOT_TAKER;BOT_MAKER;HYDROGEL_PACK;XIRECS;10020.0;3
58900;BOT_MAKER;BOT_TAKER;INTARIAN_PEPPER_ROOT;XIRECS;13052.0;4
58900;BOT_TAKER;BOT_MAKER;VEV_6000;XIRECS;1.0;3
59000;BOT_TAKER;BOT_MAKER;VEV_5500;XIRECS;6.0;5
59100;BOT_MAKER;BOT_TAKER;ASH_COATED_OSMIUM;XIRECS;9989.0;3
59100;BOT_TAKER;BOT_MAKER;INTARIAN_PEPPER_ROOT;XIRECS;13066.0;3
59100;BOT_TAKER;BOT_MAKER;VELVETFRUIT_EXTRACT;XIRECS;5237.0;8
59200;BOT_MAKER;BOT_TAKER;VELVETFRUIT_EXTRACT;XIRECS;5231.0;8
59200;BOT_TAKER;BOT_MAKER;VEV_6000;XIRECS;1.0;3
59300;BOT_MAKER;BOT_TAKER;VELVETFRUIT_EXTRACT;XIRECS;5231.0;6
59400;BOT_TAKER;BOT_MAKER;HYDROGEL_PACK;XIRECS;10022.0;6
59500;BOT_TAKER;BOT_MAKER;VEV_5300;XIRECS;72.0;2
59600;BOT_TAKER;BOT_MAKER;HYDROGEL_PACK;XIRECS;10024.0;2
59600;BOT_MAKER;BOT_TAKER;VELVETFRUIT_EXTRACT;XIRECS;5232.0;7
59700;BOT_MAKER;BOT_TAKER;VELVETFRUIT_EXTRACT;XIRECS;5232.0;7
59900;BOT_TAKER;BOT_MAKER;HYDROGEL_PACK;XIRECS;10024.0;3
59900;BOT_TAKER;BOT_MAKER;VEV_4000;XIRECS;1305.0;3
59900;BOT_MAKER;BOT_TAKER;VEV_5500;XIRECS;5.0;4
60000;BOT_MAKER;BOT_TAKER;HYDROGEL_PACK;XIRECS;10010.0;6
60000;BOT_MAKER;BOT_TAKER;VEV_6500;XIRECS;0.0;4
60100;BOT_MAKER;BOT_TAKER;VEV_6500;XIRECS;0.0;4
60200;BOT_MAKER;BOT_TAKER;VELVETFRUIT_EXTRACT;XIRECS;5236.0;8
60300;BOT_TAKER;BOT_MAKER;VELVETFRUIT_EXTRACT;XIRECS;5240.0;8
60300;BOT_TAKER;BOT_MAKER;VEV_4000;XIRECS;1305.0;3
60400;SUBMISSION;BOT;ASH_COATED_OSMIUM;XIRECS;9995.0;4
60500;BOT_TAKER;BOT_MAKER;VELVETFRUIT_EXTRACT;XIRECS;5238.0;7
60500;BOT_TAKER;SUBMISSION;VELVETFRUIT_EXTRACT;XIRECS;5237.0;5
60600;BOT_MAKER;BOT_TAKER;VEV_5500;XIRECS;5.0;4
60600;BOT_TAKER;SUBMISSION;VELVETFRUIT_EXTRACT;XIRECS;5237.0;5
60700;BOT;SUBMISSION;ASH_COATED_OSMIUM;XIRECS;10000.0;7
60800;BOT_TAKER;BOT_MAKER;HYDROGEL_PACK;XIRECS;10025.0;5
60800;BOT_MAKER;BOT_TAKER;VELVETFRUIT_EXTRACT;XIRECS;5228.0;6
60800;BOT_TAKER;BOT_MAKER;VELVETFRUIT_EXTRACT;XIRECS;5234.0;7
60900;BOT_TAKER;BOT_MAKER;HYDROGEL_PACK;XIRECS;10021.0;4
60900;BOT_MAKER;BOT_TAKER;VELVETFRUIT_EXTRACT;XIRECS;5228.0;5
60900;BOT_TAKER;BOT_MAKER;VEV_5500;XIRECS;6.0;5
60900;BOT_MAKER;BOT_TAKER;VEV_6000;XIRECS;0.0;5
61000;BOT_TAKER;BOT_MAKER;VEV_4000;XIRECS;1308.0;2
61000;BOT_TAKER;SUBMISSION;ASH_COATED_OSMIUM;XIRECS;10005.0;2
61100;BOT_TAKER;SUBMISSION;ASH_COATED_OSMIUM;XIRECS;10005.0;3
61200;BOT_MAKER;BOT_TAKER;VELVETFRUIT_EXTRACT;XIRECS;5230.0;6
61300;BOT_TAKER;BOT_MAKER;HYDROGEL_PACK;XIRECS;10018.0;5
61400;BOT_MAKER;BOT_TAKER;VELVETFRUIT_EXTRACT;XIRECS;5229.0;4
61400;SUBMISSION;BOT_TAKER;VEV_4000;XIRECS;1286.0;2
61500;BOT_MAKER;BOT_TAKER;VELVETFRUIT_EXTRACT;XIRECS;5228.0;7
61500;BOT_MAKER;BOT_TAKER;VELVETFRUIT_EXTRACT;XIRECS;5228.0;13
61500;BOT_MAKER;BOT_TAKER;VEV_6000;XIRECS;0.0;4
61500;BOT_TAKER;BOT_MAKER;VEV_6500;XIRECS;1.0;3
61600;BOT_TAKER;BOT_MAKER;HYDROGEL_PACK;XIRECS;10022.0;4
61600;BOT_MAKER;BOT_TAKER;VELVETFRUIT_EXTRACT;XIRECS;5228.0;7
61600;SUBMISSION;BOT_TAKER;HYDROGEL_PACK;XIRECS;10007.0;3
61700;BOT_TAKER;BOT_MAKER;HYDROGEL_PACK;XIRECS;10026.0;6
62000;BOT_TAKER;BOT_MAKER;VEV_5400;XIRECS;16.0;4
62000;BOT;SUBMISSION;ASH_COATED_OSMIUM;XIRECS;10000.0;8
62000;BOT_TAKER;SUBMISSION;VELVETFRUIT_EXTRACT;XIRECS;5235.0;5
62000;BOT_TAKER;BOT_MAKER;VELVETFRUIT_EXTRACT;XIRECS;5236.0;3
62100;BOT_TAKER;BOT_MAKER;VEV_5400;XIRECS;15.0;4
62200;BOT_TAKER;BOT_MAKER;ASH_COATED_OSMIUM;XIRECS;10007.0;10
62200;BOT_TAKER;BOT_MAKER;VELVETFRUIT_EXTRACT;XIRECS;5236.0;6
62300;BOT_TAKER;BOT_MAKER;ASH_COATED_OSMIUM;XIRECS;10007.0;5
62400;BOT_TAKER;BOT_MAKER;VELVETFRUIT_EXTRACT;XIRECS;5237.0;5
62500;BOT_TAKER;BOT_MAKER;VELVETFRUIT_EXTRACT;XIRECS;5236.0;5
62600;BOT_MAKER;BOT_TAKER;VELVETFRUIT_EXTRACT;XIRECS;5231.0;7
62700;BOT_TAKER;BOT_MAKER;HYDROGEL_PACK;XIRECS;10026.0;3
62700;BOT_TAKER;BOT_MAKER;VEV_5300;XIRECS;73.0;4
62900;BOT_MAKER;BOT_TAKER;HYDROGEL_PACK;XIRECS;10009.0;5
63000;BOT_MAKER;BOT_TAKER;HYDROGEL_PACK;XIRECS;10009.0;5
63000;BOT_MAKER;BOT_TAKER;VELVETFRUIT_EXTRACT;XIRECS;5232.0;6
63100;BOT_TAKER;BOT_MAKER;VEV_5300;XIRECS;74.0;3
63200;BOT_TAKER;BOT_MAKER;HYDROGEL_PACK;XIRECS;10026.0;3
63400;BOT_MAKER;BOT_TAKER;VEV_6000;XIRECS;0.0;4
63400;BOT_TAKER;BOT_MAKER;VEV_6500;XIRECS;1.0;4
63500;BOT_TAKER;BOT_MAKER;VELVETFRUIT_EXTRACT;XIRECS;5234.0;8
63600;BOT_TAKER;BOT_MAKER;VELVETFRUIT_EXTRACT;XIRECS;5237.0;7
63600;BOT_MAKER;BOT_TAKER;VEV_6000;XIRECS;0.0;3
63700;BOT_MAKER;BOT_TAKER;VELVETFRUIT_EXTRACT;XIRECS;5231.0;6
63700;BOT_MAKER;BOT_TAKER;VEV_5400;XIRECS;14.0;5
63700;BOT_MAKER;BOT_TAKER;VEV_5500;XIRECS;5.0;5
63800;BOT_TAKER;BOT_MAKER;HYDROGEL_PACK;XIRECS;10023.0;4
63800;BOT_TAKER;BOT_MAKER;INTARIAN_PEPPER_ROOT;XIRECS;13071.0;6
63800;BOT_TAKER;BOT_MAKER;VELVETFRUIT_EXTRACT;XIRECS;5234.0;8
63900;BOT_TAKER;BOT_MAKER;VELVETFRUIT_EXTRACT;XIRECS;5233.0;3
63900;BOT_MAKER;BOT_TAKER;VEV_5400;XIRECS;14.0;5
63900;BOT_TAKER;SUBMISSION;VELVETFRUIT_EXTRACT;XIRECS;5232.0;5
63900;BOT_TAKER;BOT_MAKER;VELVETFRUIT_EXTRACT;XIRECS;5233.0;3
64000;BOT_MAKER;BOT_TAKER;VELVETFRUIT_EXTRACT;XIRECS;5228.0;6
64100;BOT_TAKER;BOT_MAKER;VELVETFRUIT_EXTRACT;XIRECS;5231.0;6
64100;BOT_MAKER;BOT_TAKER;VEV_4000;XIRECS;1292.0;2
64100;BOT_TAKER;BOT_MAKER;VEV_6000;XIRECS;1.0;3
64200;BOT_MAKER;BOT_TAKER;VELVETFRUIT_EXTRACT;XIRECS;5227.0;7
64300;BOT_MAKER;BOT_TAKER;VEV_4000;XIRECS;1291.0;1
64400;BOT_MAKER;BOT_TAKER;HYDROGEL_PACK;XIRECS;10005.0;3
64400;BOT_MAKER;BOT_TAKER;VELVETFRUIT_EXTRACT;XIRECS;5225.0;7
64400;BOT_TAKER;BOT_MAKER;VEV_6000;XIRECS;1.0;2
64500;BOT_MAKER;BOT_TAKER;VELVETFRUIT_EXTRACT;XIRECS;5226.0;7
64500;BOT_MAKER;BOT_TAKER;VEV_6000;XIRECS;0.0;5
64600;BOT_MAKER;BOT_TAKER;VEV_5400;XIRECS;15.0;5
64700;BOT_TAKER;BOT_MAKER;VEV_4000;XIRECS;1312.0;1
64700;BOT_TAKER;SUBMISSION;HYDROGEL_PACK;XIRECS;10021.0;4
64800;BOT_TAKER;BOT_MAKER;VELVETFRUIT_EXTRACT;XIRECS;5231.0;5
64800;BOT_MAKER;BOT_TAKER;VEV_4000;XIRECS;1290.0;2
64800;BOT_TAKER;BOT_MAKER;VEV_5400;XIRECS;18.0;4
64800;BOT_MAKER;BOT_TAKER;VEV_5500;XIRECS;4.0;3
64900;BOT_MAKER;BOT_TAKER;VEV_4000;XIRECS;1290.0;3
64900;BOT;SUBMISSION;ASH_COATED_OSMIUM;XIRECS;10001.0;10
65000;BOT_MAKER;BOT_TAKER;VELVETFRUIT_EXTRACT;XIRECS;5225.0;6
65000;SUBMISSION;BOT_TAKER;VELVETFRUIT_EXTRACT;XIRECS;5226.0;5
65000;BOT_MAKER;BOT_TAKER;VELVETFRUIT_EXTRACT;XIRECS;5225.0;1
65100;BOT_MAKER;BOT_TAKER;VELVETFRUIT_EXTRACT;XIRECS;5226.0;8
65100;BOT_TAKER;BOT_MAKER;VEV_4000;XIRECS;1312.0;1
65100;BOT_MAKER;BOT_TAKER;VEV_6500;XIRECS;0.0;4
65100;BOT_TAKER;SUBMISSION;VELVETFRUIT_EXTRACT;XIRECS;5230.0;5
65100;BOT_TAKER;BOT_MAKER;VELVETFRUIT_EXTRACT;XIRECS;5231.0;2
65200;BOT_MAKER;BOT_TAKER;VELVETFRUIT_EXTRACT;XIRECS;5225.0;8
65300;SUBMISSION;BOT_TAKER;VELVETFRUIT_EXTRACT;XIRECS;5227.0;4
65400;BOT_MAKER;BOT_TAKER;HYDROGEL_PACK;XIRECS;10002.0;6
65400;BOT_TAKER;BOT_MAKER;VELVETFRUIT_EXTRACT;XIRECS;5231.0;5
65400;BOT_TAKER;BOT_MAKER;VELVETFRUIT_EXTRACT;XIRECS;5231.0;3
65500;BOT_TAKER;BOT_MAKER;HYDROGEL_PACK;XIRECS;10014.0;5
65500;BOT_MAKER;BOT_TAKER;VELVETFRUIT_EXTRACT;XIRECS;5223.0;5
65500;BOT_MAKER;BOT_TAKER;VEV_4000;XIRECS;1290.0;2
65600;BOT_MAKER;BOT_TAKER;HYDROGEL_PACK;XIRECS;9998.0;4
65700;BOT_TAKER;BOT_MAKER;HYDROGEL_PACK;XIRECS;10014.0;2
65700;BOT_MAKER;BOT_TAKER;VELVETFRUIT_EXTRACT;XIRECS;5223.0;6
65800;BOT_TAKER;BOT_MAKER;HYDROGEL_PACK;XIRECS;10015.0;2
65800;BOT_TAKER;BOT_MAKER;VEV_6000;XIRECS;1.0;4
65900;BOT_MAKER;BOT_TAKER;VELVETFRUIT_EXTRACT;XIRECS;5223.0;4
66000;BOT_TAKER;BOT_MAKER;VEV_4000;XIRECS;1309.0;2
66000;SUBMISSION;BOT;ASH_COATED_OSMIUM;XIRECS;9997.0;7
66100;BOT_MAKER;BOT_TAKER;VELVETFRUIT_EXTRACT;XIRECS;5223.0;4
66100;BOT_TAKER;BOT_MAKER;VEV_5500;XIRECS;5.0;3
66200;BOT_MAKER;BOT_TAKER;HYDROGEL_PACK;XIRECS;10000.0;5
66200;BOT_TAKER;BOT_MAKER;VELVETFRUIT_EXTRACT;XIRECS;5228.0;5
66200;BOT_TAKER;BOT_MAKER;VEV_5500;XIRECS;5.0;2
66300;BOT_MAKER;BOT_TAKER;HYDROGEL_PACK;XIRECS;10001.0;5
66300;BOT_MAKER;BOT_TAKER;VELVETFRUIT_EXTRACT;XIRECS;5225.0;3
66400;BOT_MAKER;BOT_TAKER;HYDROGEL_PACK;XIRECS;10002.0;6
66500;BOT_MAKER;BOT_TAKER;VEV_4000;XIRECS;1286.0;1
66500;BOT_MAKER;BOT_TAKER;VEV_6000;XIRECS;0.0;3
66600;BOT_MAKER;BOT_TAKER;HYDROGEL_PACK;XIRECS;10003.0;4
66700;BOT_TAKER;BOT_MAKER;VELVETFRUIT_EXTRACT;XIRECS;5233.0;5
66800;BOT_TAKER;BOT_MAKER;ASH_COATED_OSMIUM;XIRECS;10011.0;4
66800;BOT_TAKER;BOT_MAKER;VEV_6500;XIRECS;1.0;2
66800;SUBMISSION;BOT_TAKER;VELVETFRUIT_EXTRACT;XIRECS;5228.0;5
66900;BOT_TAKER;BOT_MAKER;VELVETFRUIT_EXTRACT;XIRECS;5231.0;3
66900;BOT_TAKER;SUBMISSION;VEV_4000;XIRECS;1307.0;2
67100;BOT_TAKER;BOT_MAKER;VELVETFRUIT_EXTRACT;XIRECS;5231.0;6
67100;BOT_TAKER;BOT_MAKER;VELVETFRUIT_EXTRACT;XIRECS;5231.0;5
67200;BOT_TAKER;BOT_MAKER;VEV_4500;XIRECS;755.0;1
67200;BOT_TAKER;SUBMISSION;VELVETFRUIT_EXTRACT;XIRECS;5232.0;5
67200;BOT_TAKER;BOT_MAKER;VELVETFRUIT_EXTRACT;XIRECS;5233.0;3
67300;BOT_TAKER;BOT_MAKER;HYDROGEL_PACK;XIRECS;10026.0;3
67300;BOT_TAKER;BOT_MAKER;VELVETFRUIT_EXTRACT;XIRECS;5233.0;5
67300;BOT_MAKER;BOT_TAKER;VEV_5300;XIRECS;75.0;2
67400;BOT_TAKER;BOT_MAKER;VELVETFRUIT_EXTRACT;XIRECS;5231.0;5
67400;BOT_MAKER;BOT_TAKER;VEV_6500;XIRECS;0.0;4
67500;BOT_TAKER;BOT_MAKER;HYDROGEL_PACK;XIRECS;10022.0;3
67600;BOT_MAKER;BOT_TAKER;HYDROGEL_PACK;XIRECS;10006.0;2
67600;BOT_TAKER;BOT_MAKER;VELVETFRUIT_EXTRACT;XIRECS;5232.0;3
67600;BOT_MAKER;BOT_TAKER;VEV_5400;XIRECS;17.0;4
67600;BOT_TAKER;BOT_MAKER;VEV_6500;XIRECS;1.0;5
67700;BOT_MAKER;BOT_TAKER;HYDROGEL_PACK;XIRECS;10007.0;5
67800;BOT_MAKER;BOT_TAKER;HYDROGEL_PACK;XIRECS;10007.0;5
67800;BOT_TAKER;BOT_MAKER;VELVETFRUIT_EXTRACT;XIRECS;5232.0;8
67800;BOT_MAKER;BOT_TAKER;VEV_6000;XIRECS;0.0;5
67900;BOT_MAKER;BOT_TAKER;VELVETFRUIT_EXTRACT;XIRECS;5227.0;8
67900;BOT_MAKER;BOT_TAKER;VEV_4000;XIRECS;1282.0;2
68000;BOT_MAKER;BOT_TAKER;HYDROGEL_PACK;XIRECS;10011.0;6
68100;BOT_MAKER;BOT_TAKER;VELVETFRUIT_EXTRACT;XIRECS;5225.0;3
68100;BOT_MAKER;BOT_TAKER;VEV_5300;XIRECS;76.0;5
68100;BOT_MAKER;BOT_TAKER;VEV_5400;XIRECS;18.0;2
68100;BOT_MAKER;BOT_TAKER;VEV_5500;XIRECS;4.0;5
68200;BOT_MAKER;BOT_TAKER;HYDROGEL_PACK;XIRECS;10009.0;3
68200;BOT_TAKER;BOT_MAKER;VEV_4000;XIRECS;1303.0;3
68300;BOT_MAKER;BOT_TAKER;HYDROGEL_PACK;XIRECS;10010.0;3
68300;BOT_TAKER;BOT_MAKER;VELVETFRUIT_EXTRACT;XIRECS;5229.0;8
68300;BOT_TAKER;SUBMISSION;HYDROGEL_PACK;XIRECS;10025.0;4
68400;BOT_MAKER;BOT_TAKER;VELVETFRUIT_EXTRACT;XIRECS;5221.0;5
68400;SUBMISSION;BOT_TAKER;HYDROGEL_PACK;XIRECS;10006.0;5
68500;BOT_TAKER;BOT_MAKER;VEV_5200;XIRECS;126.0;2
68600;BOT_TAKER;BOT_MAKER;HYDROGEL_PACK;XIRECS;10023.0;6
68600;BOT_MAKER;BOT_TAKER;VELVETFRUIT_EXTRACT;XIRECS;5221.0;4
68700;BOT_TAKER;BOT_MAKER;VELVETFRUIT_EXTRACT;XIRECS;5228.0;3
68700;BOT_TAKER;BOT_MAKER;VELVETFRUIT_EXTRACT;XIRECS;5228.0;6
68700;SUBMISSION;BOT_TAKER;VELVETFRUIT_EXTRACT;XIRECS;5223.0;5
68700;BOT_MAKER;BOT_TAKER;VELVETFRUIT_EXTRACT;XIRECS;5222.0;1
68800;BOT_TAKER;BOT_MAKER;HYDROGEL_PACK;XIRECS;10022.0;5
68800;BOT_TAKER;BOT_MAKER;VELVETFRUIT_EXTRACT;XIRECS;5227.0;7
68900;BOT_MAKER;BOT_TAKER;HYDROGEL_PACK;XIRECS;10005.0;6
68900;BOT_MAKER;BOT_TAKER;VEV_6500;XIRECS;0.0;4
69000;BOT_TAKER;BOT_MAKER;VEV_4000;XIRECS;1305.0;1
69000;BOT_TAKER;SUBMISSION;VELVETFRUIT_EXTRACT;XIRECS;5225.0;5
69000;BOT_TAKER;BOT_MAKER;VELVETFRUIT_EXTRACT;XIRECS;5226.0;2
69100;BOT_TAKER;BOT_MAKER;INTARIAN_PEPPER_ROOT;XIRECS;13079.0;5
69100;BOT_MAKER;BOT_TAKER;VELVETFRUIT_EXTRACT;XIRECS;5221.0;5
69200;BOT_TAKER;BOT_MAKER;VEV_5400;XIRECS;21.0;2
69300;BOT_TAKER;BOT_MAKER;HYDROGEL_PACK;XIRECS;10023.0;6
69300;BOT_MAKER;BOT_TAKER;VEV_6500;XIRECS;0.0;5
69400;BOT_MAKER;BOT_TAKER;INTARIAN_PEPPER_ROOT;XIRECS;13062.0;6
69400;BOT_TAKER;BOT_MAKER;VEV_5400;XIRECS;21.0;4
69400;BOT_TAKER;BOT_MAKER;VEV_6000;XIRECS;1.0;2
69400;BOT_TAKER;SUBMISSION;HYDROGEL_PACK;XIRECS;10024.0;5
69500;BOT_TAKER;BOT_MAKER;VEV_5400;XIRECS;20.0;2
69500;BOT_TAKER;BOT_MAKER;VEV_6000;XIRECS;1.0;4
69500;SUBMISSION;BOT;ASH_COATED_OSMIUM;XIRECS;9996.0;6
69600;BOT_MAKER;BOT_TAKER;HYDROGEL_PACK;XIRECS;10013.0;6
69700;BOT_MAKER;BOT_TAKER;VEV_4000;XIRECS;1284.0;2
69700;BOT_TAKER;BOT_MAKER;VEV_5500;XIRECS;5.0;2
69800;BOT_MAKER;BOT_TAKER;HYDROGEL_PACK;XIRECS;10012.0;6
69800;BOT_TAKER;BOT_MAKER;VEV_5500;XIRECS;5.0;4
69800;BOT_TAKER;BOT_MAKER;VEV_6000;XIRECS;1.0;4
69900;BOT_MAKER;BOT_TAKER;HYDROGEL_PACK;XIRECS;10014.0;3
69900;BOT_MAKER;BOT_TAKER;VELVETFRUIT_EXTRACT;XIRECS;5219.0;3
69900;BOT_TAKER;SUBMISSION;HYDROGEL_PACK;XIRECS;10029.0;5
70000;BOT_TAKER;BOT_MAKER;HYDROGEL_PACK;XIRECS;10028.0;2
70000;BOT_TAKER;BOT_MAKER;VEV_5400;XIRECS;21.0;2
70100;BOT_MAKER;BOT_TAKER;HYDROGEL_PACK;XIRECS;10012.0;5
70100;BOT_MAKER;BOT_TAKER;VEV_4500;XIRECS;743.0;1
70100;BOT_MAKER;BOT_TAKER;VEV_5400;XIRECS;19.0;4
70200;BOT_MAKER;BOT_TAKER;VELVETFRUIT_EXTRACT;XIRECS;5218.0;10
70300;BOT_TAKER;BOT_MAKER;HYDROGEL_PACK;XIRECS;10027.0;6
70300;SUBMISSION;BOT_TAKER;VEV_4000;XIRECS;1280.0;2
70400;BOT_MAKER;BOT_TAKER;HYDROGEL_PACK;XIRECS;10012.0;4
70400;SUBMISSION;BOT_TAKER;VEV_4000;XIRECS;1281.0;2
70600;BOT_MAKER;BOT_TAKER;VEV_6500;XIRECS;0.0;3
70700;BOT_MAKER;BOT_TAKER;ASH_COATED_OSMIUM;XIRECS;9992.0;9
70700;BOT_TAKER;BOT_MAKER;VEV_5500;XIRECS;5.0;5
70800;BOT_MAKER;BOT_TAKER;HYDROGEL_PACK;XIRECS;10007.0;2
70800;BOT_TAKER;BOT_MAKER;VELVETFRUIT_EXTRACT;XIRECS;5227.0;3
70800;BOT_MAKER;BOT_TAKER;VEV_4000;XIRECS;1274.0;3
70900;BOT_TAKER;BOT_MAKER;VEV_5400;XIRECS;21.0;5
70900;SUBMISSION;BOT_TAKER;VELVETFRUIT_EXTRACT;XIRECS;5223.0;5
70900;BOT_MAKER;BOT_TAKER;VELVETFRUIT_EXTRACT;XIRECS;5222.0;2
71000;BOT_TAKER;BOT_MAKER;ASH_COATED_OSMIUM;XIRECS;10001.0;1
71000;BOT_TAKER;BOT_MAKER;ASH_COATED_OSMIUM;XIRECS;10007.0;4
71000;BOT_MAKER;BOT_TAKER;VEV_4000;XIRECS;1275.0;2
71000;BOT_TAKER;BOT_MAKER;VEV_5300;XIRECS;77.0;2
71000;BOT_TAKER;BOT_MAKER;VEV_5400;XIRECS;21.0;2
71000;BOT_MAKER;BOT_TAKER;VEV_6500;XIRECS;0.0;2
71100;BOT_TAKER;BOT_MAKER;VEV_4000;XIRECS;1296.0;2
71100;BOT_TAKER;BOT_MAKER;VEV_6500;XIRECS;1.0;3
71100;SUBMISSION;BOT_TAKER;VELVETFRUIT_EXTRACT;XIRECS;5224.0;5
71100;BOT_MAKER;BOT_TAKER;VELVETFRUIT_EXTRACT;XIRECS;5223.0;1
71100;BOT_TAKER;SUBMISSION;VEV_5200;XIRECS;125.0;5
71200;BOT_MAKER;BOT_TAKER;HYDROGEL_PACK;XIRECS;10001.0;5
71200;BOT_MAKER;BOT_TAKER;VELVETFRUIT_EXTRACT;XIRECS;5224.0;3
71200;BOT_TAKER;BOT_MAKER;VEV_4000;XIRECS;1295.0;1
71400;BOT_MAKER;BOT_TAKER;HYDROGEL_PACK;XIRECS;10001.0;5
71400;BOT_TAKER;BOT_MAKER;VEV_5500;XIRECS;4.0;3
71400;BOT_MAKER;BOT_TAKER;VEV_6500;XIRECS;0.0;4
71600;BOT_TAKER;BOT_MAKER;VELVETFRUIT_EXTRACT;XIRECS;5230.0;6
71600;BOT_TAKER;BOT_MAKER;VEV_6000;XIRECS;1.0;4
71700;BOT_TAKER;BOT_MAKER;HYDROGEL_PACK;XIRECS;10016.0;6
71900;BOT_TAKER;BOT_MAKER;HYDROGEL_PACK;XIRECS;10019.0;5
71900;BOT_MAKER;BOT_TAKER;VELVETFRUIT_EXTRACT;XIRECS;5224.0;3
71900;BOT_TAKER;BOT_MAKER;VEV_5300;XIRECS;77.0;4
71900;BOT_TAKER;BOT_MAKER;VEV_6500;XIRECS;1.0;4
72000;BOT_TAKER;BOT_MAKER;HYDROGEL_PACK;XIRECS;10019.0;2
72000;BOT_MAKER;BOT_TAKER;VELVETFRUIT_EXTRACT;XIRECS;5224.0;9
72000;BOT_TAKER;BOT_MAKER;VEV_4000;XIRECS;1300.0;1
72100;BOT_TAKER;BOT_MAKER;HYDROGEL_PACK;XIRECS;10020.0;2
72100;BOT_TAKER;BOT_MAKER;VEV_4000;XIRECS;1299.0;3
72100;BOT_MAKER;BOT_TAKER;VEV_5300;XIRECS;74.0;3
72100;BOT_TAKER;BOT_MAKER;VEV_5500;XIRECS;4.0;2
72200;BOT_TAKER;BOT_MAKER;VELVETFRUIT_EXTRACT;XIRECS;5229.0;5
72200;BOT_MAKER;BOT_TAKER;VEV_6500;XIRECS;0.0;5
72300;BOT_MAKER;BOT_TAKER;VELVETFRUIT_EXTRACT;XIRECS;5224.0;6
72300;BOT_TAKER;BOT_MAKER;VEV_6000;XIRECS;1.0;5
72400;BOT_TAKER;BOT_MAKER;HYDROGEL_PACK;XIRECS;10023.0;4
72400;BOT_TAKER;BOT_MAKER;VEV_5400;XIRECS;21.0;2
72400;BOT_MAKER;BOT_TAKER;VEV_6500;XIRECS;0.0;4
72400;BOT_MAKER;BOT_TAKER;VEV_6500;XIRECS;0.0;2
72400;SUBMISSION;BOT_TAKER;ASH_COATED_OSMIUM;XIRECS;9992.0;10
72400;BOT_TAKER;SUBMISSION;VELVETFRUIT_EXTRACT;XIRECS;5228.0;5
72400;BOT_TAKER;BOT_MAKER;VELVETFRUIT_EXTRACT;XIRECS;5229.0;5
72500;BOT_TAKER;BOT_MAKER;HYDROGEL_PACK;XIRECS;10023.0;6
72500;BOT_MAKER;BOT_TAKER;VEV_4000;XIRECS;1278.0;2
72600;BOT_MAKER;BOT_TAKER;HYDROGEL_PACK;XIRECS;10007.0;2
72600;BOT_MAKER;BOT_TAKER;VELVETFRUIT_EXTRACT;XIRECS;5224.0;8
72700;BOT_MAKER;BOT_TAKER;VELVETFRUIT_EXTRACT;XIRECS;5226.0;8
72800;BOT_TAKER;BOT_MAKER;VELVETFRUIT_EXTRACT;XIRECS;5232.0;5
72900;BOT_TAKER;BOT_MAKER;VEV_5300;XIRECS;77.0;3
72900;BOT_TAKER;BOT_MAKER;VEV_5500;XIRECS;5.0;3
72900;BOT_TAKER;BOT_MAKER;VEV_6000;XIRECS;1.0;4
72900;SUBMISSION;BOT_TAKER;VELVETFRUIT_EXTRACT;XIRECS;5227.0;5
72900;BOT_MAKER;BOT_TAKER;VELVETFRUIT_EXTRACT;XIRECS;5226.0;3
73100;BOT_MAKER;BOT_TAKER;VEV_4000;XIRECS;1277.0;1
73100;BOT_MAKER;BOT_TAKER;VEV_6500;XIRECS;0.0;2
73300;BOT_MAKER;BOT_TAKER;HYDROGEL_PACK;XIRECS;10004.0;4
73300;BOT_MAKER;BOT_TAKER;VELVETFRUIT_EXTRACT;XIRECS;5228.0;3
73600;BOT_MAKER;BOT_TAKER;HYDROGEL_PACK;XIRECS;10004.0;6
73600;BOT_TAKER;BOT_MAKER;VEV_4000;XIRECS;1301.0;2
73600;BOT_TAKER;SUBMISSION;VELVETFRUIT_EXTRACT;XIRECS;5232.0;5
73600;BOT_TAKER;BOT_MAKER;VELVETFRUIT_EXTRACT;XIRECS;5233.0;2
73700;BOT_MAKER;BOT_TAKER;VELVETFRUIT_EXTRACT;XIRECS;5229.0;3
73700;BOT;SUBMISSION;ASH_COATED_OSMIUM;XIRECS;9999.0;7
73800;SUBMISSION;BOT_TAKER;HYDROGEL_PACK;XIRECS;10007.0;4
73900;BOT_MAKER;BOT_TAKER;VELVETFRUIT_EXTRACT;XIRECS;5225.0;3
74000;BOT_MAKER;BOT_TAKER;HYDROGEL_PACK;XIRECS;10001.0;3
74000;BOT_MAKER;BOT_TAKER;VEV_4000;XIRECS;1280.0;2
74000;BOT_TAKER;BOT_MAKER;VEV_5400;XIRECS;21.0;4
74100;BOT_TAKER;BOT_MAKER;VELVETFRUIT_EXTRACT;XIRECS;5232.0;13
74100;BOT_TAKER;BOT_MAKER;VEV_5400;XIRECS;20.0;5
74200;BOT;SUBMISSION;ASH_COATED_OSMIUM;XIRECS;10000.0;5
74300;BOT_MAKER;BOT_TAKER;HYDROGEL_PACK;XIRECS;9998.0;5
74300;BOT_MAKER;BOT_TAKER;VEV_5500;XIRECS;3.0;5
74300;BOT_MAKER;BOT_TAKER;VEV_6000;XIRECS;0.0;2
74400;BOT_MAKER;BOT_TAKER;VEV_6000;XIRECS;0.0;2
74500;BOT_TAKER;BOT_MAKER;VEV_5400;XIRECS;22.0;2
74600;BOT_MAKER;BOT_TAKER;VELVETFRUIT_EXTRACT;XIRECS;5228.0;6
74600;BOT_MAKER;BOT_TAKER;VEV_5400;XIRECS;20.0;5
74600;BOT_TAKER;BOT_MAKER;VEV_6500;XIRECS;1.0;3
74700;SUBMISSION;BOT_TAKER;ASH_COATED_OSMIUM;XIRECS;9987.0;3
74800;BOT_TAKER;BOT_MAKER;HYDROGEL_PACK;XIRECS;10015.0;3
74800;BOT_TAKER;BOT_MAKER;VEV_6500;XIRECS;1.0;3
74900;BOT_TAKER;BOT_MAKER;VELVETFRUIT_EXTRACT;XIRECS;5232.0;4
74900;BOT_TAKER;BOT_MAKER;VEV_6000;XIRECS;1.0;2
75100;BOT_MAKER;BOT_TAKER;VELVETFRUIT_EXTRACT;XIRECS;5227.0;8
75100;SUBMISSION;BOT_TAKER;VELVETFRUIT_EXTRACT;XIRECS;5228.0;5
75100;BOT_MAKER;BOT_TAKER;VELVETFRUIT_EXTRACT;XIRECS;5227.0;2
75300;BOT_TAKER;BOT_MAKER;VELVETFRUIT_EXTRACT;XIRECS;5232.0;8
75300;BOT_MAKER;BOT_TAKER;VEV_6500;XIRECS;0.0;2
75300;BOT_TAKER;SUBMISSION;VELVETFRUIT_EXTRACT;XIRECS;5231.0;5
75300;BOT_TAKER;BOT_MAKER;VELVETFRUIT_EXTRACT;XIRECS;5232.0;1
75400;BOT_TAKER;BOT_MAKER;INTARIAN_PEPPER_ROOT;XIRECS;13086.0;4
75400;BOT_TAKER;BOT_MAKER;VELVETFRUIT_EXTRACT;XIRECS;5232.0;5
75500;BOT_TAKER;BOT_MAKER;VELVETFRUIT_EXTRACT;XIRECS;5231.0;3
75500;SUBMISSION;BOT_TAKER;VEV_5100;XIRECS;190.0;1
75600;BOT_MAKER;BOT_TAKER;VEV_4000;XIRECS;1282.0;1
75700;BOT_TAKER;BOT_MAKER;VELVETFRUIT_EXTRACT;XIRECS;5232.0;5
75800;BOT_MAKER;BOT_TAKER;VELVETFRUIT_EXTRACT;XIRECS;5229.0;8
75800;BOT_MAKER;BOT_TAKER;VEV_6500;XIRECS;0.0;2
75900;BOT_TAKER;BOT_MAKER;VELVETFRUIT_EXTRACT;XIRECS;5233.0;7
75900;BOT_TAKER;BOT_MAKER;VEV_4000;XIRECS;1306.0;2
75900;SUBMISSION;BOT_TAKER;HYDROGEL_PACK;XIRECS;9999.0;4
76000;BOT_MAKER;BOT_TAKER;HYDROGEL_PACK;XIRECS;9998.0;6
76000;BOT_TAKER;BOT_MAKER;VEV_6000;XIRECS;1.0;4
76000;BOT_TAKER;BOT_MAKER;VEV_6500;XIRECS;1.0;3
76100;BOT_MAKER;BOT_TAKER;HYDROGEL_PACK;XIRECS;9999.0;2
76100;BOT_MAKER;BOT_TAKER;VEV_4000;XIRECS;1284.0;1
76100;BOT_TAKER;SUBMISSION;VELVETFRUIT_EXTRACT;XIRECS;5232.0;4
76200;BOT_TAKER;BOT_MAKER;ASH_COATED_OSMIUM;XIRECS;10006.0;6
76200;BOT_TAKER;BOT_MAKER;HYDROGEL_PACK;XIRECS;10015.0;2
76300;BOT_MAKER;BOT_TAKER;VEV_6000;XIRECS;0.0;5
76400;BOT_TAKER;BOT_MAKER;ASH_COATED_OSMIUM;XIRECS;10006.0;7
76400;BOT_TAKER;BOT_MAKER;VELVETFRUIT_EXTRACT;XIRECS;5236.0;4
76400;BOT_MAKER;BOT_TAKER;VEV_4000;XIRECS;1284.0;1
76600;BOT_MAKER;BOT_TAKER;HYDROGEL_PACK;XIRECS;9998.0;6
76600;BOT_MAKER;BOT_TAKER;HYDROGEL_PACK;XIRECS;9998.0;6
76600;BOT_TAKER;BOT_MAKER;VEV_6000;XIRECS;1.0;4
76600;SUBMISSION;BOT_TAKER;HYDROGEL_PACK;XIRECS;9996.0;5
76600;BOT_MAKER;BOT_TAKER;HYDROGEL_PACK;XIRECS;9995.0;1
76700;BOT_TAKER;BOT_MAKER;VEV_6000;XIRECS;1.0;5
76800;BOT_TAKER;BOT_MAKER;VELVETFRUIT_EXTRACT;XIRECS;5235.0;6
76900;BOT_MAKER;BOT_TAKER;VELVETFRUIT_EXTRACT;XIRECS;5231.0;8
77000;BOT_TAKER;BOT_MAKER;VELVETFRUIT_EXTRACT;XIRECS;5236.0;14
77000;BOT_MAKER;BOT_TAKER;VEV_6000;XIRECS;0.0;5
77100;BOT_TAKER;BOT_MAKER;VEV_5400;XIRECS;22.0;3
77100;BOT_TAKER;SUBMISSION;VELVETFRUIT_EXTRACT;XIRECS;5235.0;5
77100;BOT_TAKER;BOT_MAKER;VELVETFRUIT_EXTRACT;XIRECS;5236.0;1
77200;BOT_TAKER;BOT_MAKER;VEV_6500;XIRECS;1.0;2
77500;BOT_TAKER;BOT_MAKER;ASH_COATED_OSMIUM;XIRECS;10008.0;2
77500;BOT_MAKER;BOT_TAKER;VELVETFRUIT_EXTRACT;XIRECS;5227.0;7
77500;BOT_TAKER;BOT_MAKER;INTARIAN_PEPPER_ROOT;XIRECS;13085.0;3
77600;BOT_TAKER;BOT_MAKER;VELVETFRUIT_EXTRACT;XIRECS;5234.0;9
77600;BOT_MAKER;BOT_TAKER;VEV_4000;XIRECS;1284.0;1
77700;BOT_MAKER;BOT_TAKER;VELVETFRUIT_EXTRACT;XIRECS;5226.0;3
77800;BOT_MAKER;BOT_TAKER;HYDROGEL_PACK;XIRECS;9995.0;4
77900;BOT_MAKER;BOT_TAKER;VEV_6500;XIRECS;0.0;4
78000;BOT_TAKER;BOT_MAKER;VEV_6000;XIRECS;1.0;5
78100;BOT_TAKER;SUBMISSION;VEV_4000;XIRECS;1304.0;1
78200;BOT_TAKER;BOT_MAKER;HYDROGEL_PACK;XIRECS;10010.0;6
78200;SUBMISSION;BOT_TAKER;HYDROGEL_PACK;XIRECS;9995.0;2
78300;BOT_MAKER;BOT_TAKER;INTARIAN_PEPPER_ROOT;XIRECS;13071.0;3
78300;BOT_TAKER;BOT_MAKER;VELVETFRUIT_EXTRACT;XIRECS;5234.0;4
78500;BOT_MAKER;BOT_TAKER;HYDROGEL_PACK;XIRECS;9992.0;3
78500;BOT_MAKER;BOT_TAKER;VELVETFRUIT_EXTRACT;XIRECS;5230.0;8
78500;BOT_TAKER;BOT_MAKER;VEV_6500;XIRECS;1.0;4
78600;BOT_MAKER;BOT_TAKER;VELVETFRUIT_EXTRACT;XIRECS;5231.0;4
78600;BOT_TAKER;BOT_MAKER;VEV_5400;XIRECS;22.0;3
78700;BOT_MAKER;BOT_TAKER;VEV_5500;XIRECS;3.0;4
78900;BOT_TAKER;BOT_MAKER;HYDROGEL_PACK;XIRECS;10007.0;5
79000;BOT_MAKER;BOT_TAKER;HYDROGEL_PACK;XIRECS;9993.0;4
79000;BOT_TAKER;BOT_MAKER;INTARIAN_PEPPER_ROOT;XIRECS;13086.0;5
79000;SUBMISSION;BOT_TAKER;HYDROGEL_PACK;XIRECS;9994.0;2
79100;BOT_MAKER;BOT_TAKER;VEV_6500;XIRECS;0.0;2
79200;BOT_MAKER;BOT_TAKER;VELVETFRUIT_EXTRACT;XIRECS;5230.0;5
79300;BOT_MAKER;BOT_TAKER;ASH_COATED_OSMIUM;XIRECS;9990.0;6
79300;BOT_MAKER;BOT_TAKER;HYDROGEL_PACK;XIRECS;9995.0;4
79300;BOT_TAKER;SUBMISSION;HYDROGEL_PACK;XIRECS;10013.0;3
79400;BOT_TAKER;BOT_MAKER;VEV_6000;XIRECS;1.0;2
79500;BOT_MAKER;BOT_TAKER;HYDROGEL_PACK;XIRECS;9996.0;5
79500;BOT_TAKER;BOT_MAKER;VELVETFRUIT_EXTRACT;XIRECS;5234.0;5
79500;BOT_TAKER;BOT_MAKER;VEV_4000;XIRECS;1303.0;3
79500;BOT_MAKER;BOT_TAKER;VEV_6500;XIRECS;0.0;5
79600;BOT_MAKER;BOT_TAKER;VELVETFRUIT_EXTRACT;XIRECS;5230.0;5
79700;BOT_TAKER;BOT_MAKER;INTARIAN_PEPPER_ROOT;XIRECS;13087.0;4
79700;BOT_MAKER;BOT_TAKER;VELVETFRUIT_EXTRACT;XIRECS;5230.0;6
79700;BOT_MAKER;BOT_TAKER;VELVETFRUIT_EXTRACT;XIRECS;5230.0;10
79800;BOT_MAKER;BOT_TAKER;VEV_4000;XIRECS;1281.0;1
79900;BOT_TAKER;BOT_MAKER;VELVETFRUIT_EXTRACT;XIRECS;5235.0;3
80000;BOT_TAKER;BOT_MAKER;VELVETFRUIT_EXTRACT;XIRECS;5235.0;13
80000;BOT_TAKER;BOT_MAKER;VEV_4000;XIRECS;1305.0;2
80100;BOT_TAKER;BOT_MAKER;VELVETFRUIT_EXTRACT;XIRECS;5235.0;5
80200;BOT_MAKER;BOT_TAKER;VELVETFRUIT_EXTRACT;XIRECS;5228.0;6
80500;BOT_MAKER;BOT_TAKER;VELVETFRUIT_EXTRACT;XIRECS;5229.0;6
80500;BOT_MAKER;BOT_TAKER;INTARIAN_PEPPER_ROOT;XIRECS;13070.0;3
80600;BOT_TAKER;SUBMISSION;VELVETFRUIT_EXTRACT;XIRECS;5234.0;5
80600;BOT_TAKER;BOT_MAKER;VELVETFRUIT_EXTRACT;XIRECS;5235.0;2
80700;BOT_MAKER;BOT_TAKER;HYDROGEL_PACK;XIRECS;9997.0;2
80700;BOT_TAKER;BOT_MAKER;HYDROGEL_PACK;XIRECS;10013.0;2
80700;BOT_TAKER;BOT_MAKER;VEV_4000;XIRECS;1306.0;1
80700;BOT_TAKER;BOT_MAKER;VEV_5500;XIRECS;4.0;2
80800;BOT_TAKER;BOT_MAKER;VEV_4000;XIRECS;1305.0;3
80900;BOT_MAKER;BOT_TAKER;HYDROGEL_PACK;XIRECS;9997.0;5
80900;BOT_TAKER;BOT_MAKER;VELVETFRUIT_EXTRACT;XIRECS;5236.0;7
81000;BOT_TAKER;BOT_MAKER;VEV_6000;XIRECS;1.0;3
81100;BOT_TAKER;BOT_MAKER;HYDROGEL_PACK;XIRECS;10019.0;3
81100;BOT_TAKER;BOT_MAKER;VEV_5500;XIRECS;4.0;4
81100;BOT_MAKER;BOT_TAKER;VEV_6500;XIRECS;0.0;5
81200;BOT_MAKER;BOT_TAKER;HYDROGEL_PACK;XIRECS;10002.0;6
81200;SUBMISSION;BOT;ASH_COATED_OSMIUM;XIRECS;9994.0;6
81300;BOT_TAKER;BOT_MAKER;VEV_4000;XIRECS;1305.0;3
81300;BOT_TAKER;BOT_MAKER;VEV_5300;XIRECS;79.0;4
81300;BOT_TAKER;SUBMISSION;VEV_4000;XIRECS;1304.0;1
81400;BOT_TAKER;BOT_MAKER;VELVETFRUIT_EXTRACT;XIRECS;5237.0;5
81500;BOT_MAKER;BOT_TAKER;HYDROGEL_PACK;XIRECS;10000.0;6
81500;BOT_MAKER;BOT_TAKER;VEV_6500;XIRECS;0.0;3
81600;BOT_MAKER;BOT_TAKER;HYDROGEL_PACK;XIRECS;9996.0;2
81700;BOT_MAKER;BOT_TAKER;HYDROGEL_PACK;XIRECS;9997.0;5
81700;BOT_TAKER;BOT_MAKER;VELVETFRUIT_EXTRACT;XIRECS;5237.0;4
81800;BOT_TAKER;BOT_MAKER;INTARIAN_PEPPER_ROOT;XIRECS;13089.0;3
81900;BOT_MAKER;BOT_TAKER;HYDROGEL_PACK;XIRECS;9998.0;3
81900;BOT_MAKER;BOT_TAKER;VEV_5400;XIRECS;21.0;4
82200;BOT_MAKER;BOT_TAKER;VEV_4000;XIRECS;1282.0;2
82300;BOT_MAKER;BOT_TAKER;HYDROGEL_PACK;XIRECS;10010.0;5
82300;BOT_TAKER;BOT_MAKER;VELVETFRUIT_EXTRACT;XIRECS;5236.0;8
82300;BOT_MAKER;BOT_TAKER;VEV_5200;XIRECS;114.0;5
82500;BOT_MAKER;BOT_TAKER;HYDROGEL_PACK;XIRECS;10010.0;5
82500;BOT_MAKER;BOT_TAKER;VELVETFRUIT_EXTRACT;XIRECS;5231.0;8
82500;BOT_MAKER;BOT_TAKER;VEV_4000;XIRECS;1284.0;3
82500;BOT_MAKER;BOT_TAKER;VEV_5000;XIRECS;304.0;1
82600;BOT_TAKER;BOT_MAKER;VELVETFRUIT_EXTRACT;XIRECS;5236.0;4
82600;BOT_TAKER;BOT_MAKER;VEV_4000;XIRECS;1305.0;3
82600;BOT_TAKER;BOT_MAKER;VEV_5500;XIRECS;4.0;4
82700;BOT_TAKER;BOT_MAKER;HYDROGEL_PACK;XIRECS;10030.0;4
82800;BOT_TAKER;BOT_MAKER;HYDROGEL_PACK;XIRECS;10032.0;6
82800;BOT_TAKER;BOT_MAKER;HYDROGEL_PACK;XIRECS;10032.0;3
82900;BOT_TAKER;BOT_MAKER;HYDROGEL_PACK;XIRECS;10032.0;6
82900;BOT_TAKER;BOT_MAKER;VELVETFRUIT_EXTRACT;XIRECS;5236.0;7
83000;BOT_TAKER;BOT_MAKER;VEV_6000;XIRECS;1.0;3
83100;BOT_TAKER;BOT_MAKER;HYDROGEL_PACK;XIRECS;10031.0;6
83100;BOT_TAKER;SUBMISSION;ASH_COATED_OSMIUM;XIRECS;10003.0;2
83200;SUBMISSION;BOT_TAKER;VELVETFRUIT_EXTRACT;XIRECS;5232.0;5
83200;BOT_MAKER;BOT_TAKER;VELVETFRUIT_EXTRACT;XIRECS;5231.0;3
83200;SUBMISSION;BOT_TAKER;VEV_4000;XIRECS;1283.0;1
83300;BOT_TAKER;BOT_MAKER;HYDROGEL_PACK;XIRECS;10026.0;6
83300;BOT_TAKER;BOT_MAKER;INTARIAN_PEPPER_ROOT;XIRECS;13094.0;5
83300;BOT_TAKER;BOT_MAKER;VELVETFRUIT_EXTRACT;XIRECS;5235.0;6
83400;BOT_MAKER;BOT_TAKER;HYDROGEL_PACK;XIRECS;10007.0;6
83400;BOT_TAKER;BOT_MAKER;VEV_4000;XIRECS;1305.0;2
83500;BOT_TAKER;BOT_MAKER;VEV_5500;XIRECS;4.0;2
83600;BOT_MAKER;BOT_TAKER;VEV_5300;XIRECS;77.0;5
83700;BOT_TAKER;BOT_MAKER;VELVETFRUIT_EXTRACT;XIRECS;5236.0;8
83700;BOT_MAKER;BOT_TAKER;VEV_5400;XIRECS;22.0;5
83700;BOT_TAKER;BOT_MAKER;VEV_6500;XIRECS;1.0;5
83800;BOT_MAKER;BOT_TAKER;VEV_4000;XIRECS;1283.0;1
83800;BOT_TAKER;BOT_MAKER;VEV_5400;XIRECS;23.0;2
83900;BOT_TAKER;BOT_MAKER;HYDROGEL_PACK;XIRECS;10019.0;4
84000;BOT_TAKER;BOT_MAKER;INTARIAN_PEPPER_ROOT;XIRECS;13091.0;3
84100;BOT_MAKER;BOT_TAKER;HYDROGEL_PACK;XIRECS;10002.0;2
84100;BOT_TAKER;BOT_MAKER;VELVETFRUIT_EXTRACT;XIRECS;5238.0;6
84100;BOT_TAKER;BOT_MAKER;VEV_4000;XIRECS;1303.0;2
84100;BOT_MAKER;BOT_TAKER;VEV_6000;XIRECS;0.0;5
84200;BOT_MAKER;BOT_TAKER;HYDROGEL_PACK;XIRECS;10002.0;4
84200;BOT_TAKER;SUBMISSION;HYDROGEL_PACK;XIRECS;10017.0;5
84300;BOT_TAKER;BOT_MAKER;HYDROGEL_PACK;XIRECS;10018.0;6
84300;BOT_MAKER;BOT_TAKER;VEV_5300;XIRECS;76.0;5
84300;BOT_MAKER;BOT_TAKER;VEV_5500;XIRECS;2.0;4
84300;BOT_MAKER;BOT_TAKER;VEV_6000;XIRECS;0.0;2
84500;BOT_MAKER;BOT_TAKER;HYDROGEL_PACK;XIRECS;10003.0;5
84600;BOT_TAKER;BOT_MAKER;HYDROGEL_PACK;XIRECS;10018.0;6
84600;BOT_MAKER;BOT_TAKER;VELVETFRUIT_EXTRACT;XIRECS;5233.0;8
84600;BOT_MAKER;BOT_TAKER;VELVETFRUIT_EXTRACT;XIRECS;5233.0;6
84600;BOT_TAKER;BOT_MAKER;VEV_6500;XIRECS;1.0;3
84700;BOT_TAKER;BOT_MAKER;VELVETFRUIT_EXTRACT;XIRECS;5239.0;6
84700;SUBMISSION;BOT_TAKER;VELVETFRUIT_EXTRACT;XIRECS;5235.0;5
84700;BOT_MAKER;BOT_TAKER;VELVETFRUIT_EXTRACT;XIRECS;5234.0;1
84800;BOT_TAKER;BOT_MAKER;HYDROGEL_PACK;XIRECS;10019.0;6
84900;BOT_TAKER;BOT_MAKER;VEV_4000;XIRECS;1305.0;1
84900;BOT_TAKER;BOT_MAKER;VEV_5400;XIRECS;22.0;4
85200;BOT_TAKER;BOT_MAKER;VELVETFRUIT_EXTRACT;XIRECS;5238.0;3
85300;BOT_MAKER;BOT_TAKER;HYDROGEL_PACK;XIRECS;10002.0;6
85300;BOT_MAKER;BOT_TAKER;VELVETFRUIT_EXTRACT;XIRECS;5232.0;3
85400;BOT_TAKER;BOT_MAKER;VELVETFRUIT_EXTRACT;XIRECS;5236.0;4
85400;BOT_TAKER;BOT_MAKER;VELVETFRUIT_EXTRACT;XIRECS;5236.0;5
85400;SUBMISSION;BOT;ASH_COATED_OSMIUM;XIRECS;9996.0;8
85500;BOT_MAKER;BOT_TAKER;VEV_4000;XIRECS;1284.0;1
85500;BOT_TAKER;SUBMISSION;HYDROGEL_PACK;XIRECS;10016.0;3
85600;BOT_MAKER;BOT_TAKER;HYDROGEL_PACK;XIRECS;10002.0;4
85600;BOT_MAKER;BOT_TAKER;VEV_5500;XIRECS;3.0;4
85700;BOT_TAKER;BOT_MAKER;VEV_6500;XIRECS;1.0;3
85800;BOT_MAKER;BOT_TAKER;VEV_4000;XIRECS;1285.0;2
85900;BOT_MAKER;BOT_TAKER;ASH_COATED_OSMIUM;XIRECS;9987.0;4
85900;BOT_TAKER;BOT_MAKER;HYDROGEL_PACK;XIRECS;10023.0;3
86000;BOT_TAKER;BOT_MAKER;VELVETFRUIT_EXTRACT;XIRECS;5238.0;7
86100;BOT_TAKER;BOT_MAKER;HYDROGEL_PACK;XIRECS;10020.0;5
86100;SUBMISSION;BOT_TAKER;VEV_4000;XIRECS;1286.0;2
86400;BOT_MAKER;BOT_TAKER;ASH_COATED_OSMIUM;XIRECS;9991.0;4
86500;BOT_TAKER;BOT_MAKER;HYDROGEL_PACK;XIRECS;10018.0;2
86600;BOT_TAKER;BOT_MAKER;VELVETFRUIT_EXTRACT;XIRECS;5242.0;6
86700;BOT_MAKER;BOT_TAKER;VELVETFRUIT_EXTRACT;XIRECS;5237.0;7
86700;BOT_MAKER;BOT_TAKER;VEV_5400;XIRECS;21.0;2
86800;BOT_MAKER;BOT_TAKER;HYDROGEL_PACK;XIRECS;10001.0;4
86900;BOT_TAKER;BOT_MAKER;VELVETFRUIT_EXTRACT;XIRECS;5241.0;6
87000;BOT_TAKER;BOT_MAKER;VEV_6500;XIRECS;1.0;4
87100;BOT_MAKER;BOT_TAKER;VELVETFRUIT_EXTRACT;XIRECS;5235.0;6
87100;BOT_TAKER;BOT_MAKER;VEV_5500;XIRECS;4.0;4
87200;BOT_MAKER;BOT_TAKER;HYDROGEL_PACK;XIRECS;10002.0;6
87200;BOT_MAKER;BOT_TAKER;VELVETFRUIT_EXTRACT;XIRECS;5236.0;10
87200;BOT_MAKER;BOT_TAKER;VEV_4000;XIRECS;1283.0;3
87200;BOT_TAKER;BOT_MAKER;VEV_5500;XIRECS;4.0;2
87300;BOT_TAKER;BOT_MAKER;VEV_6500;XIRECS;1.0;4
87400;BOT_MAKER;BOT_TAKER;HYDROGEL_PACK;XIRECS;10003.0;2
87400;BOT_MAKER;BOT_TAKER;VELVETFRUIT_EXTRACT;XIRECS;5236.0;9
87400;BOT_MAKER;BOT_TAKER;INTARIAN_PEPPER_ROOT;XIRECS;13080.0;3
87400;SUBMISSION;BOT_TAKER;VELVETFRUIT_EXTRACT;XIRECS;5237.0;5
87500;BOT_MAKER;BOT_TAKER;VELVETFRUIT_EXTRACT;XIRECS;5236.0;3
87600;BOT_MAKER;BOT_TAKER;HYDROGEL_PACK;XIRECS;9997.0;5
87600;BOT_MAKER;BOT_TAKER;INTARIAN_PEPPER_ROOT;XIRECS;13081.0;6
87600;BOT_TAKER;BOT_MAKER;VELVETFRUIT_EXTRACT;XIRECS;5241.0;3
87600;BOT_TAKER;SUBMISSION;VEV_4000;XIRECS;1304.0;2
87700;BOT_MAKER;BOT_TAKER;VELVETFRUIT_EXTRACT;XIRECS;5236.0;7
87700;SUBMISSION;BOT_TAKER;VELVETFRUIT_EXTRACT;XIRECS;5237.0;3
87800;BOT_TAKER;BOT_MAKER;VELVETFRUIT_EXTRACT;XIRECS;5243.0;4
87800;BOT_MAKER;BOT_TAKER;VEV_4000;XIRECS;1281.0;2
87900;BOT_MAKER;BOT_TAKER;VELVETFRUIT_EXTRACT;XIRECS;5237.0;4
88000;BOT_MAKER;BOT_TAKER;HYDROGEL_PACK;XIRECS;10001.0;6
88000;BOT_TAKER;BOT_MAKER;VELVETFRUIT_EXTRACT;XIRECS;5244.0;5
88000;BOT_TAKER;BOT_MAKER;VEV_6500;XIRECS;1.0;4
88000;BOT_TAKER;BOT_MAKER;VEV_6500;XIRECS;1.0;5
88000;BOT_TAKER;SUBMISSION;VELVETFRUIT_EXTRACT;XIRECS;5243.0;5
88000;BOT_TAKER;BOT_MAKER;VELVETFRUIT_EXTRACT;XIRECS;5244.0;3
88000;BOT_TAKER;SUBMISSION;VEV_4000;XIRECS;1303.0;2
88100;BOT_MAKER;BOT_TAKER;VEV_5500;XIRECS;3.0;4
88200;BOT_TAKER;BOT_MAKER;HYDROGEL_PACK;XIRECS;10011.0;2
88200;BOT_MAKER;BOT_TAKER;VELVETFRUIT_EXTRACT;XIRECS;5238.0;5
88200;BOT_MAKER;BOT_TAKER;VEV_4000;XIRECS;1283.0;3
88300;BOT_MAKER;BOT_TAKER;VELVETFRUIT_EXTRACT;XIRECS;5237.0;4
88300;BOT_MAKER;BOT_TAKER;VEV_5400;XIRECS;21.0;5
88300;BOT_TAKER;BOT_MAKER;ASH_COATED_OSMIUM;XIRECS;10000.0;2
88300;BOT_TAKER;SUBMISSION;VELVETFRUIT_EXTRACT;XIRECS;5242.0;5
88300;BOT_TAKER;BOT_MAKER;VELVETFRUIT_EXTRACT;XIRECS;5243.0;8
88400;BOT_MAKER;BOT_TAKER;VEV_4000;XIRECS;1284.0;3
88600;BOT_MAKER;BOT_TAKER;HYDROGEL_PACK;XIRECS;9992.0;2
88600;BOT_TAKER;BOT_MAKER;VELVETFRUIT_EXTRACT;XIRECS;5243.0;8
88600;BOT_MAKER;BOT_TAKER;VEV_4000;XIRECS;1286.0;1
88700;SUBMISSION;BOT_TAKER;ASH_COATED_OSMIUM;XIRECS;9992.0;2
88800;BOT_TAKER;BOT_MAKER;VEV_6500;XIRECS;1.0;5
88900;BOT_MAKER;BOT_TAKER;VELVETFRUIT_EXTRACT;XIRECS;5238.0;4
89000;BOT_TAKER;BOT_MAKER;VELVETFRUIT_EXTRACT;XIRECS;5242.0;5
89000;BOT_MAKER;BOT_TAKER;VEV_5400;XIRECS;21.0;5
89100;BOT_MAKER;BOT_TAKER;VELVETFRUIT_EXTRACT;XIRECS;5237.0;8
89200;BOT_TAKER;SUBMISSION;VELVETFRUIT_EXTRACT;XIRECS;5240.0;3
89400;BOT_TAKER;BOT_MAKER;HYDROGEL_PACK;XIRECS;10001.0;2
89400;BOT_MAKER;BOT_TAKER;VELVETFRUIT_EXTRACT;XIRECS;5235.0;8
89400;BOT_TAKER;BOT_MAKER;VEV_4000;XIRECS;1307.0;3
89400;BOT_TAKER;SUBMISSION;VELVETFRUIT_EXTRACT;XIRECS;5239.0;5
89400;BOT_TAKER;BOT_MAKER;VELVETFRUIT_EXTRACT;XIRECS;5240.0;1
89500;BOT_MAKER;BOT_TAKER;VELVETFRUIT_EXTRACT;XIRECS;5236.0;4
89600;BOT_MAKER;BOT_TAKER;VEV_4000;XIRECS;1287.0;3
89900;BOT_MAKER;BOT_TAKER;HYDROGEL_PACK;XIRECS;9974.0;3
89900;BOT_TAKER;BOT_MAKER;INTARIAN_PEPPER_ROOT;XIRECS;13097.0;7
90000;BOT_TAKER;BOT_MAKER;VELVETFRUIT_EXTRACT;XIRECS;5239.0;4
90100;BOT_MAKER;BOT_TAKER;HYDROGEL_PACK;XIRECS;9973.0;2
90100;BOT_TAKER;BOT_MAKER;VEV_5500;XIRECS;4.0;2
90100;BOT_TAKER;BOT_MAKER;VEV_6000;XIRECS;1.0;4
90200;BOT_TAKER;BOT_MAKER;HYDROGEL_PACK;XIRECS;9989.0;4
90300;BOT_MAKER;BOT_TAKER;VELVETFRUIT_EXTRACT;XIRECS;5231.0;7
90400;BOT_MAKER;BOT_TAKER;VELVETFRUIT_EXTRACT;XIRECS;5230.0;8
90400;BOT_MAKER;BOT_TAKER;VEV_6500;XIRECS;0.0;5
90600;BOT_MAKER;BOT_TAKER;VELVETFRUIT_EXTRACT;XIRECS;5230.0;5
90700;BOT_TAKER;BOT_MAKER;HYDROGEL_PACK;XIRECS;9989.0;5
90700;BOT_MAKER;BOT_TAKER;VELVETFRUIT_EXTRACT;XIRECS;5231.0;4
90700;BOT_MAKER;BOT_TAKER;VELVETFRUIT_EXTRACT;XIRECS;5231.0;3
90800;BOT_TAKER;BOT_MAKER;VEV_5400;XIRECS;23.0;4
90800;BOT_MAKER;BOT_TAKER;VEV_5500;XIRECS;3.0;4
90900;BOT_TAKER;BOT_MAKER;VEV_5500;XIRECS;4.0;2
91000;BOT_TAKER;BOT_MAKER;HYDROGEL_PACK;XIRECS;9983.0;3
91100;BOT_MAKER;BOT_TAKER;HYDROGEL_PACK;XIRECS;9969.0;3
91300;BOT_TAKER;BOT_MAKER;HYDROGEL_PACK;XIRECS;9982.0;4
91300;BOT_MAKER;BOT_TAKER;VEV_4000;XIRECS;1292.0;2
91400;BOT_TAKER;BOT_MAKER;HYDROGEL_PACK;XIRECS;9984.0;3
91600;BOT_MAKER;BOT_TAKER;HYDROGEL_PACK;XIRECS;9968.0;2
91700;BOT_MAKER;BOT_TAKER;VELVETFRUIT_EXTRACT;XIRECS;5224.0;5
91800;BOT_MAKER;BOT_TAKER;HYDROGEL_PACK;XIRECS;9971.0;3
91800;BOT_TAKER;BOT_MAKER;VEV_6500;XIRECS;1.0;4
91900;BOT_TAKER;SUBMISSION;INTARIAN_PEPPER_ROOT;XIRECS;13100.0;6
92000;BOT_TAKER;BOT_MAKER;VEV_5400;XIRECS;24.0;2
92000;SUBMISSION;BOT;INTARIAN_PEPPER_ROOT;XIRECS;13099.0;6
92100;BOT_MAKER;BOT_TAKER;VEV_4000;XIRECS;1292.0;3
92100;BOT_TAKER;BOT_MAKER;VEV_6000;XIRECS;1.0;4
92200;BOT_MAKER;BOT_TAKER;HYDROGEL_PACK;XIRECS;9973.0;4
92300;BOT_MAKER;BOT_TAKER;VELVETFRUIT_EXTRACT;XIRECS;5222.0;4
92300;BOT_MAKER;BOT_TAKER;VEV_4000;XIRECS;1293.0;3
92400;BOT_TAKER;SUBMISSION;HYDROGEL_PACK;XIRECS;9991.0;4
92400;SUBMISSION;BOT_TAKER;VELVETFRUIT_EXTRACT;XIRECS;5223.0;5
92400;BOT_MAKER;BOT_TAKER;VELVETFRUIT_EXTRACT;XIRECS;5222.0;3
92400;BOT_TAKER;SUBMISSION;VEV_4000;XIRECS;1313.0;2
92500;BOT_MAKER;BOT_TAKER;VELVETFRUIT_EXTRACT;XIRECS;5224.0;3
92600;BOT_MAKER;BOT_TAKER;HYDROGEL_PACK;XIRECS;9978.0;4
92600;BOT_TAKER;BOT_MAKER;VELVETFRUIT_EXTRACT;XIRECS;5229.0;5
92700;BOT_TAKER;BOT_MAKER;HYDROGEL_PACK;XIRECS;9996.0;5
92700;BOT_TAKER;BOT_MAKER;VELVETFRUIT_EXTRACT;XIRECS;5229.0;4
92700;BOT_MAKER;BOT_TAKER;VEV_6000;XIRECS;0.0;3
92700;BOT_TAKER;SUBMISSION;HYDROGEL_PACK;XIRECS;9995.0;5
92800;BOT_TAKER;BOT_MAKER;HYDROGEL_PACK;XIRECS;9997.0;6
92800;BOT_MAKER;BOT_TAKER;VELVETFRUIT_EXTRACT;XIRECS;5223.0;4
92800;BOT_TAKER;SUBMISSION;VELVETFRUIT_EXTRACT;XIRECS;5227.0;5
92800;BOT_TAKER;BOT_MAKER;VELVETFRUIT_EXTRACT;XIRECS;5228.0;1
92900;BOT_TAKER;BOT_MAKER;VELVETFRUIT_EXTRACT;XIRECS;5229.0;12
93000;BOT_MAKER;BOT_TAKER;VEV_6000;XIRECS;0.0;5
93100;BOT_MAKER;BOT_TAKER;HYDROGEL_PACK;XIRECS;9980.0;2
93100;BOT_MAKER;BOT_TAKER;VEV_6000;XIRECS;0.0;4
93100;SUBMISSION;BOT_TAKER;VELVETFRUIT_EXTRACT;XIRECS;5221.0;5
93100;BOT_MAKER;BOT_TAKER;VELVETFRUIT_EXTRACT;XIRECS;5220.0;3
93200;BOT_TAKER;BOT_MAKER;HYDROGEL_PACK;XIRECS;9996.0;3
93200;BOT_MAKER;BOT_TAKER;INTARIAN_PEPPER_ROOT;XIRECS;13083.0;7
93200;BOT_TAKER;BOT_MAKER;VEV_4000;XIRECS;1317.0;1
93300;BOT_TAKER;BOT_MAKER;HYDROGEL_PACK;XIRECS;9996.0;4
93300;BOT_TAKER;SUBMISSION;VELVETFRUIT_EXTRACT;XIRECS;5222.0;5
93300;BOT_TAKER;BOT_MAKER;VELVETFRUIT_EXTRACT;XIRECS;5223.0;8
93400;BOT_MAKER;BOT_TAKER;VELVETFRUIT_EXTRACT;XIRECS;5216.0;13
93500;BOT_MAKER;BOT_TAKER;INTARIAN_PEPPER_ROOT;XIRECS;13086.0;3
93500;BOT_TAKER;BOT_MAKER;VELVETFRUIT_EXTRACT;XIRECS;5221.0;8
93600;BOT_MAKER;BOT_TAKER;HYDROGEL_PACK;XIRECS;9982.0;6
93600;BOT_MAKER;BOT_TAKER;VELVETFRUIT_EXTRACT;XIRECS;5216.0;5
93700;BOT_MAKER;BOT_TAKER;VELVETFRUIT_EXTRACT;XIRECS;5217.0;4
93700;BOT_TAKER;BOT_MAKER;VEV_5500;XIRECS;4.0;4
93800;BOT_MAKER;BOT_TAKER;VEV_5400;XIRECS;22.0;4
93800;SUBMISSION;BOT_TAKER;HYDROGEL_PACK;XIRECS;9989.0;4
93900;BOT_MAKER;BOT_TAKER;HYDROGEL_PACK;XIRECS;9992.0;5
93900;BOT_TAKER;BOT_MAKER;VEV_5400;XIRECS;23.0;4
93900;SUBMISSION;BOT_TAKER;VELVETFRUIT_EXTRACT;XIRECS;5220.0;5
93900;BOT_MAKER;BOT_TAKER;VELVETFRUIT_EXTRACT;XIRECS;5219.0;2
94000;BOT_TAKER;BOT_MAKER;INTARIAN_PEPPER_ROOT;XIRECS;13101.0;5
94000;BOT_TAKER;BOT_MAKER;VELVETFRUIT_EXTRACT;XIRECS;5224.0;6
94000;BOT_TAKER;BOT_MAKER;VEV_5500;XIRECS;4.0;5
94100;SUBMISSION;BOT;ASH_COATED_OSMIUM;XIRECS;9998.0;4
94200;BOT_MAKER;BOT_TAKER;HYDROGEL_PACK;XIRECS;9994.0;4
94300;BOT_TAKER;BOT_MAKER;VEV_6000;XIRECS;1.0;2
94400;BOT_TAKER;BOT_MAKER;HYDROGEL_PACK;XIRECS;10010.0;6
94400;BOT_TAKER;BOT_MAKER;VELVETFRUIT_EXTRACT;XIRECS;5222.0;7
94500;BOT_MAKER;BOT_TAKER;HYDROGEL_PACK;XIRECS;9994.0;5
94500;BOT_TAKER;BOT_MAKER;VELVETFRUIT_EXTRACT;XIRECS;5223.0;7
94500;SUBMISSION;BOT_TAKER;VEV_4000;XIRECS;1299.0;2
94600;BOT_MAKER;BOT_TAKER;VELVETFRUIT_EXTRACT;XIRECS;5217.0;6
94600;BOT_MAKER;BOT_TAKER;VEV_4000;XIRECS;1298.0;3
94700;SUBMISSION;BOT;ASH_COATED_OSMIUM;XIRECS;9997.0;9
94800;BOT_MAKER;BOT_TAKER;VELVETFRUIT_EXTRACT;XIRECS;5218.0;7
94800;BOT_TAKER;BOT_MAKER;VEV_6000;XIRECS;1.0;5
94900;BOT_TAKER;BOT_MAKER;VEV_6000;XIRECS;1.0;5
94900;BOT_MAKER;BOT_TAKER;VEV_6000;XIRECS;0.0;5
94900;SUBMISSION;BOT_TAKER;VEV_4000;XIRECS;1297.0;3
95000;BOT_MAKER;BOT_TAKER;VELVETFRUIT_EXTRACT;XIRECS;5219.0;5
95100;BOT_TAKER;BOT_MAKER;VELVETFRUIT_EXTRACT;XIRECS;5226.0;3
95300;BOT_MAKER;BOT_TAKER;HYDROGEL_PACK;XIRECS;9997.0;3
95300;SUBMISSION;BOT;ASH_COATED_OSMIUM;XIRECS;9997.0;4
95400;BOT_MAKER;BOT_TAKER;VEV_5500;XIRECS;3.0;5
95400;BOT_TAKER;BOT_MAKER;VEV_6000;XIRECS;1.0;5
95400;BOT_TAKER;SUBMISSION;VELVETFRUIT_EXTRACT;XIRECS;5222.0;4
95500;BOT_TAKER;SUBMISSION;VEV_4000;XIRECS;1317.0;1
95600;BOT_TAKER;BOT_MAKER;VEV_6000;XIRECS;1.0;3
95700;BOT_MAKER;BOT_TAKER;VELVETFRUIT_EXTRACT;XIRECS;5219.0;7
95800;BOT_MAKER;BOT_TAKER;VEV_6000;XIRECS;0.0;4
95800;SUBMISSION;BOT_TAKER;VELVETFRUIT_EXTRACT;XIRECS;5221.0;4
95900;BOT_TAKER;BOT_MAKER;HYDROGEL_PACK;XIRECS;10005.0;3
95900;BOT_TAKER;SUBMISSION;VELVETFRUIT_EXTRACT;XIRECS;5226.0;5
96000;BOT_MAKER;BOT_TAKER;HYDROGEL_PACK;XIRECS;9993.0;6
96000;BOT_TAKER;BOT_MAKER;VELVETFRUIT_EXTRACT;XIRECS;5226.0;7
96000;BOT_TAKER;BOT_MAKER;VEV_4000;XIRECS;1314.0;3
96000;BOT_MAKER;BOT_TAKER;VEV_5400;XIRECS;21.0;3
96000;BOT_MAKER;BOT_TAKER;VEV_5500;XIRECS;3.0;4
96000;BOT_TAKER;SUBMISSION;VEV_5200;XIRECS;109.0;2
96100;BOT_TAKER;BOT_MAKER;VELVETFRUIT_EXTRACT;XIRECS;5227.0;7
96200;BOT_TAKER;BOT_MAKER;HYDROGEL_PACK;XIRECS;10009.0;4
96200;BOT_TAKER;BOT_MAKER;VELVETFRUIT_EXTRACT;XIRECS;5226.0;6
96200;BOT_TAKER;BOT_MAKER;VEV_5400;XIRECS;23.0;3
96300;BOT_MAKER;BOT_TAKER;VELVETFRUIT_EXTRACT;XIRECS;5220.0;8
96300;BOT_TAKER;SUBMISSION;VEV_4000;XIRECS;1313.0;3
96400;BOT_MAKER;BOT_TAKER;HYDROGEL_PACK;XIRECS;9992.0;6
96400;BOT_MAKER;BOT_TAKER;VEV_6000;XIRECS;0.0;2
96500;BOT_MAKER;BOT_TAKER;VEV_6500;XIRECS;0.0;4
96600;BOT_TAKER;BOT_MAKER;INTARIAN_PEPPER_ROOT;XIRECS;13104.0;6
96700;BOT_TAKER;BOT_MAKER;VEV_4000;XIRECS;1313.0;3
96800;BOT_MAKER;BOT_TAKER;VELVETFRUIT_EXTRACT;XIRECS;5220.0;8
96800;BOT_MAKER;BOT_TAKER;VEV_5500;XIRECS;2.0;3
97000;BOT_TAKER;BOT_MAKER;VELVETFRUIT_EXTRACT;XIRECS;5228.0;5
97000;BOT_TAKER;BOT_MAKER;VEV_5500;XIRECS;4.0;3
97100;BOT_MAKER;BOT_TAKER;HYDROGEL_PACK;XIRECS;9994.0;2
97300;BOT_MAKER;BOT_TAKER;VELVETFRUIT_EXTRACT;XIRECS;5221.0;6
97300;BOT_MAKER;BOT_TAKER;VEV_4000;XIRECS;1292.0;1
97500;BOT_MAKER;BOT_TAKER;VELVETFRUIT_EXTRACT;XIRECS;5223.0;4
97500;BOT_MAKER;BOT_TAKER;VEV_4000;XIRECS;1292.0;2
97500;BOT;SUBMISSION;ASH_COATED_OSMIUM;XIRECS;10000.0;5
97600;BOT_TAKER;BOT_MAKER;HYDROGEL_PACK;XIRECS;10016.0;6
97700;BOT_MAKER;BOT_TAKER;VELVETFRUIT_EXTRACT;XIRECS;5226.0;4
97700;BOT_MAKER;BOT_TAKER;VEV_6500;XIRECS;0.0;4
97700;SUBMISSION;BOT_TAKER;HYDROGEL_PACK;XIRECS;10001.0;5
97700;BOT_MAKER;BOT_TAKER;HYDROGEL_PACK;XIRECS;10000.0;1
97800;BOT_MAKER;BOT_TAKER;VEV_5500;XIRECS;3.0;3
97800;BOT;SUBMISSION;ASH_COATED_OSMIUM;XIRECS;10001.0;6
97900;BOT_MAKER;BOT_TAKER;HYDROGEL_PACK;XIRECS;10000.0;3
98000;SUBMISSION;BOT_TAKER;ASH_COATED_OSMIUM;XIRECS;9991.0;5
98000;SUBMISSION;BOT_TAKER;VELVETFRUIT_EXTRACT;XIRECS;5224.0;4
98200;BOT_MAKER;BOT_TAKER;HYDROGEL_PACK;XIRECS;9999.0;3
98200;BOT_TAKER;BOT_MAKER;INTARIAN_PEPPER_ROOT;XIRECS;13105.0;3
98200;SUBMISSION;BOT_TAKER;VEV_4000;XIRECS;1295.0;1
98300;BOT_TAKER;BOT_MAKER;HYDROGEL_PACK;XIRECS;10013.0;5
98300;BOT_TAKER;BOT_MAKER;VELVETFRUIT_EXTRACT;XIRECS;5228.0;4
98500;BOT_TAKER;BOT_MAKER;VELVETFRUIT_EXTRACT;XIRECS;5229.0;5
98500;BOT_TAKER;BOT_MAKER;VEV_6500;XIRECS;1.0;2
98600;BOT_MAKER;BOT_TAKER;VELVETFRUIT_EXTRACT;XIRECS;5223.0;4
98800;BOT_TAKER;BOT_MAKER;VELVETFRUIT_EXTRACT;XIRECS;5229.0;8
98800;BOT_MAKER;BOT_TAKER;VEV_6500;XIRECS;0.0;3
98900;BOT_TAKER;BOT_MAKER;VELVETFRUIT_EXTRACT;XIRECS;5228.0;5
98900;BOT_MAKER;BOT_TAKER;VEV_5400;XIRECS;21.0;4
99000;BOT_MAKER;BOT_TAKER;VEV_4000;XIRECS;1294.0;3
99000;BOT_MAKER;BOT_TAKER;VEV_6500;XIRECS;0.0;4
99100;BOT_TAKER;BOT_MAKER;INTARIAN_PEPPER_ROOT;XIRECS;13109.0;3
99100;BOT_TAKER;SUBMISSION;HYDROGEL_PACK;XIRECS;10008.0;3
99200;BOT_MAKER;BOT_TAKER;ASH_COATED_OSMIUM;XIRECS;9990.0;6
99300;BOT_MAKER;BOT_TAKER;HYDROGEL_PACK;XIRECS;9991.0;6
99400;BOT_TAKER;BOT_MAKER;HYDROGEL_PACK;XIRECS;10008.0;4
99400;BOT_TAKER;BOT_MAKER;VELVETFRUIT_EXTRACT;XIRECS;5228.0;5
99500;BOT_TAKER;BOT_MAKER;HYDROGEL_PACK;XIRECS;10009.0;2
99500;BOT_MAKER;BOT_TAKER;VELVETFRUIT_EXTRACT;XIRECS;5223.0;6
99500;BOT_MAKER;BOT_TAKER;VEV_4000;XIRECS;1295.0;3
99600;BOT_TAKER;BOT_MAKER;HYDROGEL_PACK;XIRECS;10008.0;6
99700;BOT;SUBMISSION;ASH_COATED_OSMIUM;XIRECS;9999.0;4
99800;BOT_TAKER;BOT_MAKER;HYDROGEL_PACK;XIRECS;10009.0;2
99800;BOT_TAKER;BOT_MAKER;VEV_5500;XIRECS;4.0;2
99900;BOT_TAKER;SUBMISSION;VELVETFRUIT_EXTRACT;XIRECS;5226.0;5
99900;BOT_TAKER;BOT_MAKER;VELVETFRUIT_EXTRACT;XIRECS;5227.0;3
