timestamp;buyer;seller;symbol;currency;price;quantity
0;BOT_MAKER;BOT_TAKER;HYDROGEL_PACK;XIRECS;9971.0;3
0;BOT_TAKER;BOT_MAKER;VELVETFRUIT_EXTRACT;XIRECS;5265.0;5
0;BOT_TAKER;BOT_MAKER;VEV_6500;XIRECS;1.0;4
100;BOT_TAKER;BOT_MAKER;VELVETFRUIT_EXTRACT;XIRECS;5265.0;7
200;BOT_TAKER;BOT_MAKER;VEV_4000;XIRECS;1273.0;3
300;BOT_TAKER;BOT_MAKER;VELVETFRUIT_EXTRACT;XIRECS;5266.0;7
300;BOT_TAKER;SUBMISSION;HYDROGEL_PACK;XIRECS;9983.0;5
400;BOT_TAKER;BOT_MAKER;HYDROGEL_PACK;XIRECS;9984.0;6
600;BOT_TAKER;BOT_MAKER;VELVETFRUIT_EXTRACT;XIRECS;5264.0;7
800;BOT_TAKER;BOT_MAKER;HYDROGEL_PACK;XIRECS;9984.0;2
800;BOT_TAKER;BOT_MAKER;VEV_6500;XIRECS;1.0;3
900;BOT_TAKER;BOT_MAKER;VEV_6000;XIRECS;1.0;3
1000;BOT_MAKER;BOT_TAKER;VEV_6500;XIRECS;0.0;4
1100;BOT_TAKER;BOT_MAKER;HYDROGEL_PACK;XIRECS;9981.0;4
1200;BOT_TAKER;BOT_MAKER;VEV_5300;XIRECS;51.0;4
1300;BOT_MAKER;BOT_TAKER;HYDROGEL_PACK;XIRECS;9964.0;3
1300;BOT_TAKER;SUBMISSION;HYDROGEL_PACK;XIRECS;9979.0;4
1400;BOT_MAKER;BOT_TAKER;VEV_4000;XIRECS;1251.0;3
1400;BOT_MAKER;BOT_TAKER;VEV_6500;XIRECS;0.0;2
1600;BOT_TAKER;BOT_MAKER;VELVETFRUIT_EXTRACT;XIRECS;5265.0;4
1600;BOT_MAKER;BOT_TAKER;VEV_6500;XIRECS;0.0;2
1700;BOT_MAKER;BOT_TAKER;VELVETFRUIT_EXTRACT;XIRECS;5260.0;4
1700;BOT_MAKER;BOT_TAKER;VEV_4000;XIRECS;1255.0;1
1800;BOT_TAKER;BOT_MAKER;HYDROGEL_PACK;XIRECS;9982.0;3
1800;BOT_MAKER;BOT_TAKER;VEV_5500;XIRECS;6.0;4
1900;BOT_TAKER;BOT_MAKER;HYDROGEL_PACK;XIRECS;9981.0;5
1900;BOT_TAKER;SUBMISSION;HYDROGEL_PACK;XIRECS;9980.0;2
1900;BOT_TAKER;SUBMISSION;VELVETFRUIT_EXTRACT;XIRECS;5266.0;4
2000;BOT_TAKER;BOT_MAKER;VELVETFRUIT_EXTRACT;XIRECS;5266.0;4
2000;BOT_MAKER;BOT_TAKER;VEV_5300;XIRECS;49.0;5
2100;BOT_MAKER;BOT_TAKER;VELVETFRUIT_EXTRACT;XIRECS;5264.0;6
2200;BOT_MAKER;BOT_TAKER;VELVETFRUIT_EXTRACT;XIRECS;5262.0;6
2300;BOT_MAKER;BOT_TAKER;VEV_5300;XIRECS;48.0;4
2300;BOT_TAKER;BOT_MAKER;VEV_6500;XIRECS;1.0;2
2400;BOT_TAKER;BOT_MAKER;VEV_4000;XIRECS;1274.0;1
2500;BOT_TAKER;BOT_MAKER;HYDROGEL_PACK;XIRECS;9985.0;3
2500;BOT_MAKER;BOT_TAKER;VELVETFRUIT_EXTRACT;XIRECS;5261.0;6
2500;BOT_TAKER;BOT_MAKER;VEV_4000;XIRECS;1275.0;2
2500;SUBMISSION;BOT_TAKER;HYDROGEL_PACK;XIRECS;9970.0;5
2600;BOT_TAKER;BOT_MAKER;HYDROGEL_PACK;XIRECS;9987.0;4
2700;BOT_MAKER;BOT_TAKER;HYDROGEL_PACK;XIRECS;9969.0;4
2700;BOT_TAKER;BOT_MAKER;HYDROGEL_PACK;XIRECS;9985.0;3
2700;BOT_TAKER;BOT_MAKER;VEV_6500;XIRECS;1.0;3
2800;BOT_TAKER;BOT_MAKER;VELVETFRUIT_EXTRACT;XIRECS;5266.0;7
2900;BOT_MAKER;BOT_TAKER;VEV_6000;XIRECS;0.0;3
2900;BOT_TAKER;BOT_MAKER;VEV_6000;XIRECS;1.0;5
3000;BOT_TAKER;SUBMISSION;HYDROGEL_PACK;XIRECS;9988.0;5
3000;BOT_TAKER;SUBMISSION;VELVETFRUIT_EXTRACT;XIRECS;5267.0;5
3000;BOT_TAKER;BOT_MAKER;VELVETFRUIT_EXTRACT;XIRECS;5268.0;3
3100;BOT_MAKER;BOT_TAKER;VELVETFRUIT_EXTRACT;XIRECS;5263.0;9
3100;BOT_TAKER;BOT_MAKER;VEV_5500;XIRECS;7.0;2
3200;BOT_TAKER;BOT_MAKER;HYDROGEL_PACK;XIRECS;9990.0;2
3200;BOT_TAKER;BOT_MAKER;VELVETFRUIT_EXTRACT;XIRECS;5267.0;7
3300;BOT_MAKER;BOT_TAKER;VELVETFRUIT_EXTRACT;XIRECS;5263.0;8
3300;SUBMISSION;BOT_TAKER;HYDROGEL_PACK;XIRECS;9979.0;5
3300;BOT_MAKER;BOT_TAKER;HYDROGEL_PACK;XIRECS;9978.0;1
3400;BOT_MAKER;BOT_TAKER;HYDROGEL_PACK;XIRECS;9977.0;5
3600;BOT_MAKER;BOT_TAKER;VEV_6500;XIRECS;0.0;2
3700;SUBMISSION;BOT_TAKER;HYDROGEL_PACK;XIRECS;9980.0;5
3700;BOT_MAKER;BOT_TAKER;HYDROGEL_PACK;XIRECS;9979.0;1
3800;BOT_MAKER;BOT_TAKER;VELVETFRUIT_EXTRACT;XIRECS;5261.0;3
3800;BOT_TAKER;BOT_MAKER;VEV_5500;XIRECS;7.0;4
3900;BOT_MAKER;BOT_TAKER;VELVETFRUIT_EXTRACT;XIRECS;5261.0;8
3900;SUBMISSION;BOT_TAKER;HYDROGEL_PACK;XIRECS;9979.0;4
4000;BOT_MAKER;BOT_TAKER;HYDROGEL_PACK;XIRECS;9981.0;6
4000;BOT_TAKER;BOT_MAKER;VELVETFRUIT_EXTRACT;XIRECS;5268.0;4
4100;BOT_MAKER;BOT_TAKER;VELVETFRUIT_EXTRACT;XIRECS;5262.0;3
4200;BOT_MAKER;BOT_TAKER;HYDROGEL_PACK;XIRECS;9980.0;5
4200;BOT_TAKER;BOT_MAKER;VELVETFRUIT_EXTRACT;XIRECS;5267.0;3
4400;BOT_TAKER;BOT_MAKER;HYDROGEL_PACK;XIRECS;9998.0;2
4400;BOT_MAKER;BOT_TAKER;VELVETFRUIT_EXTRACT;XIRECS;5265.0;6
4400;BOT_TAKER;SUBMISSION;HYDROGEL_PACK;XIRECS;9997.0;4
4500;BOT_TAKER;SUBMISSION;VEV_4000;XIRECS;1274.0;1
4600;BOT_TAKER;BOT_MAKER;VELVETFRUIT_EXTRACT;XIRECS;5269.0;4
4700;BOT_TAKER;BOT_MAKER;VELVETFRUIT_EXTRACT;XIRECS;5268.0;5
4700;BOT_MAKER;BOT_TAKER;VEV_5500;XIRECS;7.0;2
4800;BOT_TAKER;BOT_MAKER;VELVETFRUIT_EXTRACT;XIRECS;5269.0;4
4800;BOT_MAKER;BOT_TAKER;VEV_4000;XIRECS;1255.0;1
4800;BOT_MAKER;BOT_TAKER;VEV_5400;XIRECS;14.0;3
4900;BOT_TAKER;BOT_MAKER;VELVETFRUIT_EXTRACT;XIRECS;5270.0;8
5000;BOT_TAKER;BOT_MAKER;VELVETFRUIT_EXTRACT;XIRECS;5269.0;6
5000;BOT_MAKER;BOT_TAKER;VEV_4000;XIRECS;1256.0;1
5300;BOT_TAKER;BOT_MAKER;HYDROGEL_PACK;XIRECS;9989.0;5
5300;BOT_MAKER;BOT_TAKER;VELVETFRUIT_EXTRACT;XIRECS;5265.0;3
5500;BOT_MAKER;BOT_TAKER;HYDROGEL_PACK;XIRECS;9973.0;2
5500;BOT_TAKER;BOT_MAKER;VELVETFRUIT_EXTRACT;XIRECS;5268.0;5
5600;BOT_MAKER;BOT_TAKER;HYDROGEL_PACK;XIRECS;9969.0;4
5600;BOT_MAKER;BOT_TAKER;VELVETFRUIT_EXTRACT;XIRECS;5261.0;5
5600;SUBMISSION;BOT_TAKER;HYDROGEL_PACK;XIRECS;9970.0;2
5700;BOT_TAKER;BOT_MAKER;HYDROGEL_PACK;XIRECS;9984.0;2
5700;BOT_TAKER;BOT_MAKER;VELVETFRUIT_EXTRACT;XIRECS;5266.0;4
5700;BOT_TAKER;BOT_MAKER;VELVETFRUIT_EXTRACT;XIRECS;5266.0;6
5700;BOT_MAKER;BOT_TAKER;VEV_4000;XIRECS;1259.0;1
5700;BOT_TAKER;BOT_MAKER;VEV_6500;XIRECS;1.0;4
5800;BOT_TAKER;BOT_MAKER;HYDROGEL_PACK;XIRECS;9989.0;5
5800;BOT_TAKER;BOT_MAKER;VEV_6000;XIRECS;1.0;4
5900;BOT_MAKER;BOT_TAKER;HYDROGEL_PACK;XIRECS;9975.0;2
5900;BOT_MAKER;BOT_TAKER;VEV_6000;XIRECS;0.0;5
5900;BOT_TAKER;SUBMISSION;VEV_5200;XIRECS;103.0;2
6000;BOT_MAKER;BOT_TAKER;VELVETFRUIT_EXTRACT;XIRECS;5259.0;3
6100;BOT_TAKER;BOT_MAKER;VELVETFRUIT_EXTRACT;XIRECS;5265.0;6
6200;BOT_TAKER;BOT_MAKER;HYDROGEL_PACK;XIRECS;9987.0;5
6300;BOT_TAKER;BOT_MAKER;VEV_6500;XIRECS;1.0;4
6400;BOT_TAKER;BOT_MAKER;HYDROGEL_PACK;XIRECS;9990.0;5
6400;BOT_MAKER;BOT_TAKER;VEV_4000;XIRECS;1259.0;1
6400;BOT_MAKER;BOT_TAKER;VEV_5500;XIRECS;7.0;4
6500;BOT_TAKER;BOT_MAKER;HYDROGEL_PACK;XIRECS;9989.0;5
6600;BOT_TAKER;BOT_MAKER;VELVETFRUIT_EXTRACT;XIRECS;5269.0;6
6600;BOT_MAKER;BOT_TAKER;VEV_5400;XIRECS;15.0;4
6800;BOT_TAKER;BOT_MAKER;VELVETFRUIT_EXTRACT;XIRECS;5270.0;3
6800;BOT_MAKER;BOT_TAKER;VELVETFRUIT_EXTRACT;XIRECS;5264.0;3
6900;BOT_MAKER;BOT_TAKER;HYDROGEL_PACK;XIRECS;9974.0;2
7000;BOT_MAKER;BOT_TAKER;VELVETFRUIT_EXTRACT;XIRECS;5264.0;10
7000;BOT_TAKER;BOT_MAKER;VEV_5300;XIRECS;53.0;2
7100;BOT_TAKER;BOT_MAKER;VELVETFRUIT_EXTRACT;XIRECS;5269.0;8
7400;BOT_TAKER;BOT_MAKER;HYDROGEL_PACK;XIRECS;9992.0;4
7400;BOT_MAKER;BOT_TAKER;VELVETFRUIT_EXTRACT;XIRECS;5266.0;4
7500;SUBMISSION;BOT_TAKER;HYDROGEL_PACK;XIRECS;9977.0;5
7600;BOT_TAKER;BOT_MAKER;VEV_6500;XIRECS;1.0;5
7600;SUBMISSION;BOT_TAKER;HYDROGEL_PACK;XIRECS;9979.0;4
7900;BOT_TAKER;BOT_MAKER;HYDROGEL_PACK;XIRECS;9997.0;3
7900;BOT_MAKER;BOT_TAKER;HYDROGEL_PACK;XIRECS;9981.0;3
7900;SUBMISSION;BOT_TAKER;VELVETFRUIT_EXTRACT;XIRECS;5268.0;5
7900;BOT_MAKER;BOT_TAKER;VELVETFRUIT_EXTRACT;XIRECS;5267.0;3
8000;BOT_TAKER;BOT_MAKER;VELVETFRUIT_EXTRACT;XIRECS;5271.0;3
8000;BOT_TAKER;BOT_MAKER;VEV_5400;XIRECS;15.0;3
8000;SUBMISSION;BOT_TAKER;HYDROGEL_PACK;XIRECS;9984.0;2
8100;BOT_MAKER;BOT_TAKER;HYDROGEL_PACK;XIRECS;9981.0;2
8200;BOT_MAKER;BOT_TAKER;VELVETFRUIT_EXTRACT;XIRECS;5266.0;4
8400;BOT_MAKER;BOT_TAKER;VEV_6500;XIRECS;0.0;4
8600;BOT_MAKER;BOT_TAKER;VEV_5500;XIRECS;6.0;3
8700;BOT_TAKER;BOT_MAKER;HYDROGEL_PACK;XIRECS;9991.0;6
8700;BOT_MAKER;BOT_TAKER;VEV_5300;XIRECS;53.0;3
8800;BOT_MAKER;BOT_TAKER;HYDROGEL_PACK;XIRECS;9978.0;2
8800;BOT_TAKER;BOT_MAKER;VEV_4000;XIRECS;1286.0;1
8900;BOT_MAKER;BOT_TAKER;HYDROGEL_PACK;XIRECS;9980.0;5
8900;BOT_MAKER;BOT_TAKER;VEV_5500;XIRECS;6.0;2
9000;BOT_MAKER;BOT_TAKER;VEV_4000;XIRECS;1265.0;3
9100;BOT_TAKER;BOT_MAKER;HYDROGEL_PACK;XIRECS;9996.0;6
9100;BOT_TAKER;BOT_MAKER;VELVETFRUIT_EXTRACT;XIRECS;5271.0;8
9100;BOT_TAKER;BOT_MAKER;VEV_6500;XIRECS;1.0;4
9100;BOT_TAKER;SUBMISSION;VEV_5300;XIRECS;55.0;4
9200;BOT_TAKER;BOT_MAKER;HYDROGEL_PACK;XIRECS;9996.0;5
9200;BOT_TAKER;BOT_MAKER;VELVETFRUIT_EXTRACT;XIRECS;5273.0;7
9400;BOT_MAKER;BOT_TAKER;VELVETFRUIT_EXTRACT;XIRECS;5268.0;6
9500;BOT_TAKER;BOT_MAKER;VELVETFRUIT_EXTRACT;XIRECS;5276.0;8
9500;BOT_TAKER;BOT_MAKER;VEV_4000;XIRECS;1289.0;2
9600;BOT_TAKER;BOT_MAKER;VELVETFRUIT_EXTRACT;XIRECS;5275.0;8
9800;BOT_TAKER;BOT_MAKER;VEV_4000;XIRECS;1290.0;1
9900;BOT_TAKER;BOT_MAKER;VELVETFRUIT_EXTRACT;XIRECS;5277.0;8
10100;BOT_MAKER;BOT_TAKER;VEV_5500;XIRECS;7.0;2
10100;BOT_TAKER;SUBMISSION;HYDROGEL_PACK;XIRECS;9993.0;5
10200;BOT_MAKER;BOT_TAKER;VEV_5300;XIRECS;52.0;2
10200;BOT_MAKER;BOT_TAKER;VEV_5400;XIRECS;13.0;5
10300;BOT_TAKER;BOT_MAKER;HYDROGEL_PACK;XIRECS;9991.0;4
10300;BOT_MAKER;BOT_TAKER;VEV_5400;XIRECS;13.0;3
10300;BOT_TAKER;SUBMISSION;VELVETFRUIT_EXTRACT;XIRECS;5275.0;5
10300;BOT_TAKER;BOT_MAKER;VELVETFRUIT_EXTRACT;XIRECS;5276.0;3
10400;BOT_TAKER;BOT_MAKER;VELVETFRUIT_EXTRACT;XIRECS;5276.0;8
10400;BOT_MAKER;BOT_TAKER;VEV_6500;XIRECS;0.0;4
10400;BOT_TAKER;SUBMISSION;VELVETFRUIT_EXTRACT;XIRECS;5275.0;5
10500;BOT_TAKER;BOT_MAKER;HYDROGEL_PACK;XIRECS;9990.0;5
10600;BOT_MAKER;BOT_TAKER;HYDROGEL_PACK;XIRECS;9974.0;6
10700;BOT_MAKER;BOT_TAKER;HYDROGEL_PACK;XIRECS;9974.0;2
10700;BOT_MAKER;BOT_TAKER;VEV_6500;XIRECS;0.0;4
10800;BOT_TAKER;BOT_MAKER;VEV_6000;XIRECS;1.0;4
10900;BOT_TAKER;BOT_MAKER;VELVETFRUIT_EXTRACT;XIRECS;5276.0;7
11100;BOT_MAKER;BOT_TAKER;HYDROGEL_PACK;XIRECS;9978.0;3
11300;BOT_TAKER;BOT_MAKER;VELVETFRUIT_EXTRACT;XIRECS;5279.0;6
11300;BOT_MAKER;BOT_TAKER;VEV_5300;XIRECS;51.0;3
11500;BOT_MAKER;BOT_TAKER;VEV_5400;XIRECS;13.0;3
11500;BOT_TAKER;BOT_MAKER;VEV_6000;XIRECS;1.0;5
11500;BOT_TAKER;SUBMISSION;HYDROGEL_PACK;XIRECS;9996.0;2
11600;BOT_MAKER;BOT_TAKER;VELVETFRUIT_EXTRACT;XIRECS;5274.0;5
11700;BOT_TAKER;BOT_MAKER;VEV_6000;XIRECS;1.0;3
11800;BOT_MAKER;BOT_TAKER;VELVETFRUIT_EXTRACT;XIRECS;5277.0;7
11800;SUBMISSION;BOT_TAKER;HYDROGEL_PACK;XIRECS;9974.0;5
11800;BOT_MAKER;BOT_TAKER;HYDROGEL_PACK;XIRECS;9973.0;1
11900;BOT_MAKER;BOT_TAKER;VEV_5500;XIRECS;7.0;4
11900;BOT_TAKER;BOT_MAKER;VEV_6000;XIRECS;1.0;2
12000;BOT_MAKER;BOT_TAKER;HYDROGEL_PACK;XIRECS;9970.0;5
12000;BOT_MAKER;BOT_TAKER;VEV_4000;XIRECS;1266.0;3
12000;BOT_TAKER;BOT_MAKER;VEV_5400;XIRECS;15.0;3
12300;BOT_MAKER;BOT_TAKER;VEV_4000;XIRECS;1264.0;3
12300;BOT_TAKER;BOT_MAKER;VEV_5500;XIRECS;8.0;3
12400;BOT_TAKER;BOT_MAKER;VEV_5400;XIRECS;15.0;4
12400;BOT_MAKER;BOT_TAKER;VEV_6000;XIRECS;0.0;3
12500;BOT_TAKER;BOT_MAKER;VEV_5500;XIRECS;8.0;4
12600;BOT_TAKER;BOT_MAKER;HYDROGEL_PACK;XIRECS;9990.0;6
12600;BOT_MAKER;BOT_TAKER;VEV_6500;XIRECS;0.0;4
12700;BOT_MAKER;BOT_TAKER;HYDROGEL_PACK;XIRECS;9973.0;3
12700;BOT_MAKER;BOT_TAKER;VEV_6500;XIRECS;0.0;2
12800;BOT_MAKER;BOT_TAKER;HYDROGEL_PACK;XIRECS;9969.0;4
12800;BOT_TAKER;SUBMISSION;VEV_4000;XIRECS;1281.0;3
12900;BOT_MAKER;BOT_TAKER;HYDROGEL_PACK;XIRECS;9968.0;4
13100;BOT_MAKER;BOT_TAKER;VELVETFRUIT_EXTRACT;XIRECS;5281.0;13
13200;BOT_TAKER;BOT_MAKER;VELVETFRUIT_EXTRACT;XIRECS;5286.0;5
13200;BOT_TAKER;BOT_MAKER;VEV_6000;XIRECS;1.0;3
13200;BOT_MAKER;BOT_TAKER;VEV_6500;XIRECS;0.0;3
13300;BOT_MAKER;BOT_TAKER;VELVETFRUIT_EXTRACT;XIRECS;5281.0;5
13400;BOT_TAKER;BOT_MAKER;HYDROGEL_PACK;XIRECS;9984.0;5
13500;BOT_TAKER;BOT_MAKER;VEV_4000;XIRECS;1286.0;1
13600;BOT_MAKER;BOT_TAKER;VELVETFRUIT_EXTRACT;XIRECS;5281.0;7
13700;BOT_TAKER;BOT_MAKER;HYDROGEL_PACK;XIRECS;9981.0;6
13700;BOT_TAKER;BOT_MAKER;VEV_4000;XIRECS;1284.0;1
13800;BOT_MAKER;BOT_TAKER;VELVETFRUIT_EXTRACT;XIRECS;5282.0;5
13800;BOT_TAKER;BOT_MAKER;VEV_4000;XIRECS;1286.0;2
13900;BOT_TAKER;BOT_MAKER;HYDROGEL_PACK;XIRECS;9982.0;2
14000;BOT_TAKER;BOT_MAKER;HYDROGEL_PACK;XIRECS;9980.0;2
14000;BOT_MAKER;BOT_TAKER;VEV_4000;XIRECS;1265.0;3
14200;BOT_MAKER;BOT_TAKER;HYDROGEL_PACK;XIRECS;9960.0;4
14200;BOT_MAKER;BOT_TAKER;VEV_6500;XIRECS;0.0;5
14300;BOT_TAKER;BOT_MAKER;HYDROGEL_PACK;XIRECS;9975.0;5
14300;BOT_TAKER;BOT_MAKER;VEV_5400;XIRECS;13.0;5
14500;BOT_MAKER;BOT_TAKER;VELVETFRUIT_EXTRACT;XIRECS;5280.0;8
14500;BOT_MAKER;BOT_TAKER;VELVETFRUIT_EXTRACT;XIRECS;5280.0;3
14500;BOT_TAKER;SUBMISSION;HYDROGEL_PACK;XIRECS;9975.0;5
14500;BOT_TAKER;BOT_MAKER;HYDROGEL_PACK;XIRECS;9976.0;1
14600;BOT_MAKER;BOT_TAKER;VELVETFRUIT_EXTRACT;XIRECS;5281.0;7
14700;BOT_MAKER;BOT_TAKER;VELVETFRUIT_EXTRACT;XIRECS;5281.0;8
14800;BOT_TAKER;SUBMISSION;VEV_4000;XIRECS;1287.0;3
14900;BOT_MAKER;BOT_TAKER;HYDROGEL_PACK;XIRECS;9954.0;3
14900;BOT_TAKER;BOT_MAKER;VELVETFRUIT_EXTRACT;XIRECS;5285.0;3
15000;BOT_MAKER;BOT_TAKER;HYDROGEL_PACK;XIRECS;9952.0;3
15100;BOT_TAKER;BOT_MAKER;VEV_4000;XIRECS;1288.0;2
15100;BOT_TAKER;SUBMISSION;HYDROGEL_PACK;XIRECS;9963.0;5
15100;BOT_TAKER;BOT_MAKER;HYDROGEL_PACK;XIRECS;9964.0;1
15300;BOT_MAKER;BOT_TAKER;HYDROGEL_PACK;XIRECS;9947.0;2
15400;BOT_MAKER;BOT_TAKER;VELVETFRUIT_EXTRACT;XIRECS;5276.0;5
15400;SUBMISSION;BOT_TAKER;HYDROGEL_PACK;XIRECS;9946.0;5
15400;SUBMISSION;BOT_TAKER;VELVETFRUIT_EXTRACT;XIRECS;5277.0;5
15600;BOT_TAKER;BOT_MAKER;HYDROGEL_PACK;XIRECS;9961.0;5
15600;BOT_TAKER;BOT_MAKER;VELVETFRUIT_EXTRACT;XIRECS;5281.0;6
15600;BOT_TAKER;BOT_MAKER;VEV_4000;XIRECS;1285.0;3
15700;BOT_MAKER;BOT_TAKER;HYDROGEL_PACK;XIRECS;9942.0;5
15700;BOT_MAKER;BOT_TAKER;VELVETFRUIT_EXTRACT;XIRECS;5276.0;4
15700;BOT_TAKER;BOT_MAKER;VEV_5500;XIRECS;8.0;3
15700;BOT_TAKER;BOT_MAKER;VEV_6000;XIRECS;1.0;2
15800;BOT_TAKER;BOT_MAKER;VELVETFRUIT_EXTRACT;XIRECS;5282.0;7
16000;BOT_TAKER;BOT_MAKER;VELVETFRUIT_EXTRACT;XIRECS;5282.0;5
16000;BOT_TAKER;BOT_MAKER;VEV_5500;XIRECS;8.0;5
16000;BOT_TAKER;SUBMISSION;VEV_5200;XIRECS;97.0;5
16100;BOT_MAKER;BOT_TAKER;HYDROGEL_PACK;XIRECS;9941.0;3
16100;BOT_MAKER;BOT_TAKER;VELVETFRUIT_EXTRACT;XIRECS;5276.0;6
16100;BOT_TAKER;BOT_MAKER;VEV_4000;XIRECS;1282.0;2
16200;BOT_TAKER;BOT_MAKER;HYDROGEL_PACK;XIRECS;9958.0;4
16300;BOT_MAKER;BOT_TAKER;HYDROGEL_PACK;XIRECS;9943.0;5
16300;BOT_MAKER;BOT_TAKER;VELVETFRUIT_EXTRACT;XIRECS;5277.0;6
16300;BOT_MAKER;BOT_TAKER;VEV_4000;XIRECS;1263.0;2
16400;BOT_TAKER;BOT_MAKER;VELVETFRUIT_EXTRACT;XIRECS;5282.0;3
16400;BOT_TAKER;BOT_MAKER;VEV_5300;XIRECS;48.0;4
16400;BOT_TAKER;BOT_MAKER;VEV_6000;XIRECS;1.0;4
16500;BOT_MAKER;BOT_TAKER;VELVETFRUIT_EXTRACT;XIRECS;5277.0;5
16500;BOT_TAKER;SUBMISSION;VELVETFRUIT_EXTRACT;XIRECS;5282.0;5
16500;BOT_TAKER;BOT_MAKER;VELVETFRUIT_EXTRACT;XIRECS;5283.0;2
16500;BOT_TAKER;SUBMISSION;VEV_4000;XIRECS;1283.0;3
16700;BOT_TAKER;BOT_MAKER;VELVETFRUIT_EXTRACT;XIRECS;5285.0;5
16800;BOT_TAKER;BOT_MAKER;HYDROGEL_PACK;XIRECS;9960.0;3
16800;BOT_TAKER;BOT_MAKER;VELVETFRUIT_EXTRACT;XIRECS;5282.0;7
17000;BOT_MAKER;BOT_TAKER;HYDROGEL_PACK;XIRECS;9936.0;2
17000;BOT_TAKER;BOT_MAKER;VEV_4000;XIRECS;1283.0;3
17000;SUBMISSION;BOT_TAKER;HYDROGEL_PACK;XIRECS;9937.0;5
17300;SUBMISSION;BOT_TAKER;VELVETFRUIT_EXTRACT;XIRECS;5279.0;5
17300;BOT_MAKER;BOT_TAKER;VELVETFRUIT_EXTRACT;XIRECS;5278.0;3
17300;BOT_TAKER;SUBMISSION;VEV_4000;XIRECS;1278.0;2
17500;BOT_MAKER;BOT_TAKER;HYDROGEL_PACK;XIRECS;9939.0;2
17500;SUBMISSION;BOT_TAKER;VELVETFRUIT_EXTRACT;XIRECS;5281.0;5
17500;BOT_MAKER;BOT_TAKER;VELVETFRUIT_EXTRACT;XIRECS;5280.0;2
17500;BOT_TAKER;SUBMISSION;VEV_4000;XIRECS;1278.0;3
17600;BOT_MAKER;BOT_TAKER;VELVETFRUIT_EXTRACT;XIRECS;5279.0;4
17600;BOT_MAKER;BOT_TAKER;VEV_5500;XIRECS;7.0;2
17700;SUBMISSION;BOT_TAKER;VELVETFRUIT_EXTRACT;XIRECS;5281.0;5
17700;BOT_MAKER;BOT_TAKER;VELVETFRUIT_EXTRACT;XIRECS;5280.0;7
17800;BOT_TAKER;SUBMISSION;VEV_4000;XIRECS;1275.0;3
18000;BOT_MAKER;BOT_TAKER;HYDROGEL_PACK;XIRECS;9938.0;6
18000;BOT_MAKER;BOT_TAKER;VEV_4000;XIRECS;1257.0;1
18200;BOT_TAKER;BOT_MAKER;HYDROGEL_PACK;XIRECS;9951.0;6
18200;BOT_MAKER;BOT_TAKER;VEV_6500;XIRECS;0.0;4
18300;BOT_MAKER;BOT_TAKER;HYDROGEL_PACK;XIRECS;9936.0;6
18400;BOT_TAKER;BOT_MAKER;HYDROGEL_PACK;XIRECS;9950.0;4
18400;BOT_TAKER;BOT_MAKER;VELVETFRUIT_EXTRACT;XIRECS;5284.0;5
18500;BOT_TAKER;BOT_MAKER;VEV_5300;XIRECS;51.0;4
18600;BOT_TAKER;BOT_MAKER;VELVETFRUIT_EXTRACT;XIRECS;5283.0;6
18600;BOT_MAKER;BOT_TAKER;VEV_4000;XIRECS;1261.0;1
18700;BOT_TAKER;BOT_MAKER;VELVETFRUIT_EXTRACT;XIRECS;5282.0;5
18700;BOT_MAKER;BOT_TAKER;VEV_5500;XIRECS;7.0;5
18800;BOT_MAKER;BOT_TAKER;VELVETFRUIT_EXTRACT;XIRECS;5277.0;8
18800;BOT_MAKER;BOT_TAKER;VEV_6500;XIRECS;0.0;5
18900;BOT_TAKER;BOT_MAKER;HYDROGEL_PACK;XIRECS;9958.0;2
18900;BOT_MAKER;BOT_TAKER;VELVETFRUIT_EXTRACT;XIRECS;5276.0;4
18900;SUBMISSION;BOT_TAKER;VEV_4000;XIRECS;1262.0;3
19000;BOT_MAKER;BOT_TAKER;HYDROGEL_PACK;XIRECS;9941.0;5
19000;BOT_MAKER;BOT_TAKER;VEV_5500;XIRECS;7.0;5
19200;BOT_MAKER;BOT_TAKER;VELVETFRUIT_EXTRACT;XIRECS;5277.0;4
19200;BOT_TAKER;BOT_MAKER;VELVETFRUIT_EXTRACT;XIRECS;5282.0;4
19300;BOT_TAKER;BOT_MAKER;HYDROGEL_PACK;XIRECS;9955.0;6
19300;BOT_MAKER;BOT_TAKER;VELVETFRUIT_EXTRACT;XIRECS;5277.0;3
19300;BOT_TAKER;BOT_MAKER;VEV_4000;XIRECS;1284.0;3
19400;BOT_MAKER;BOT_TAKER;HYDROGEL_PACK;XIRECS;9939.0;5
19400;BOT_MAKER;BOT_TAKER;VELVETFRUIT_EXTRACT;XIRECS;5277.0;6
19400;BOT_TAKER;SUBMISSION;VELVETFRUIT_EXTRACT;XIRECS;5282.0;5
19400;BOT_TAKER;BOT_MAKER;VELVETFRUIT_EXTRACT;XIRECS;5283.0;3
19500;BOT_MAKER;BOT_TAKER;HYDROGEL_PACK;XIRECS;9938.0;4
19500;BOT_MAKER;BOT_TAKER;VELVETFRUIT_EXTRACT;XIRECS;5276.0;5
19500;BOT_TAKER;BOT_MAKER;VEV_4000;XIRECS;1285.0;2
19600;BOT_TAKER;BOT_MAKER;HYDROGEL_PACK;XIRECS;9956.0;4
19700;BOT_MAKER;BOT_TAKER;VEV_5500;XIRECS;7.0;4
19800;BOT_TAKER;BOT_MAKER;VEV_6000;XIRECS;1.0;4
19900;BOT_TAKER;BOT_MAKER;HYDROGEL_PACK;XIRECS;9959.0;3
20000;BOT_TAKER;BOT_MAKER;VELVETFRUIT_EXTRACT;XIRECS;5285.0;8
20100;BOT_MAKER;BOT_TAKER;VEV_6000;XIRECS;0.0;2
20200;BOT_MAKER;BOT_TAKER;VEV_6000;XIRECS;0.0;4
20300;BOT_MAKER;BOT_TAKER;HYDROGEL_PACK;XIRECS;9942.0;5
20300;BOT_TAKER;BOT_MAKER;VELVETFRUIT_EXTRACT;XIRECS;5286.0;5
20400;BOT_TAKER;BOT_MAKER;HYDROGEL_PACK;XIRECS;9957.0;5
20400;BOT_MAKER;BOT_TAKER;VEV_4000;XIRECS;1265.0;2
20400;SUBMISSION;BOT_TAKER;HYDROGEL_PACK;XIRECS;9942.0;2
20400;SUBMISSION;BOT_TAKER;VELVETFRUIT_EXTRACT;XIRECS;5282.0;5
20400;BOT_MAKER;BOT_TAKER;VELVETFRUIT_EXTRACT;XIRECS;5281.0;10
20500;SUBMISSION;BOT_TAKER;VEV_5500;XIRECS;8.0;4
20600;BOT_MAKER;BOT_TAKER;VELVETFRUIT_EXTRACT;XIRECS;5282.0;8
20800;BOT_TAKER;BOT_MAKER;HYDROGEL_PACK;XIRECS;9960.0;6
20800;BOT_MAKER;BOT_TAKER;VEV_4000;XIRECS;1268.0;2
20800;BOT_MAKER;BOT_TAKER;VEV_6000;XIRECS;0.0;5
20900;BOT_TAKER;BOT_MAKER;HYDROGEL_PACK;XIRECS;9963.0;4
20900;BOT_MAKER;BOT_TAKER;VELVETFRUIT_EXTRACT;XIRECS;5281.0;4
20900;BOT_TAKER;BOT_MAKER;VEV_6000;XIRECS;1.0;5
20900;BOT_TAKER;SUBMISSION;HYDROGEL_PACK;XIRECS;9962.0;5
21000;BOT_TAKER;BOT_MAKER;VEV_6000;XIRECS;1.0;5
21100;BOT_TAKER;BOT_MAKER;VEV_5500;XIRECS;8.0;5
21300;BOT_TAKER;BOT_MAKER;VELVETFRUIT_EXTRACT;XIRECS;5289.0;6
21400;BOT_MAKER;BOT_TAKER;VELVETFRUIT_EXTRACT;XIRECS;5283.0;6
21500;BOT_MAKER;BOT_TAKER;HYDROGEL_PACK;XIRECS;9951.0;5
21500;BOT_TAKER;BOT_MAKER;VELVETFRUIT_EXTRACT;XIRECS;5288.0;8
21500;BOT_MAKER;BOT_TAKER;VEV_6500;XIRECS;0.0;4
21600;BOT_MAKER;BOT_TAKER;HYDROGEL_PACK;XIRECS;9951.0;5
21600;BOT_MAKER;BOT_TAKER;VEV_5400;XIRECS;6.0;5
21600;BOT_TAKER;BOT_MAKER;VEV_6000;XIRECS;1.0;4
21700;BOT_MAKER;BOT_TAKER;HYDROGEL_PACK;XIRECS;9949.0;2
21800;BOT_MAKER;BOT_TAKER;VELVETFRUIT_EXTRACT;XIRECS;5286.0;5
21800;BOT_TAKER;BOT_MAKER;VEV_4500;XIRECS;787.0;1
21800;BOT_TAKER;SUBMISSION;HYDROGEL_PACK;XIRECS;9967.0;3
21800;SUBMISSION;BOT_TAKER;VELVETFRUIT_EXTRACT;XIRECS;5287.0;3
21900;BOT_MAKER;BOT_TAKER;VEV_4000;XIRECS;1270.0;3
22100;BOT_MAKER;BOT_TAKER;VEV_5500;XIRECS;8.0;5
22200;BOT_MAKER;BOT_TAKER;HYDROGEL_PACK;XIRECS;9951.0;2
22300;BOT_MAKER;BOT_TAKER;VELVETFRUIT_EXTRACT;XIRECS;5284.0;5
22400;BOT_MAKER;BOT_TAKER;HYDROGEL_PACK;XIRECS;9953.0;6
22400;BOT_TAKER;BOT_MAKER;VELVETFRUIT_EXTRACT;XIRECS;5287.0;8
22400;BOT_TAKER;BOT_MAKER;VEV_5500;XIRECS;9.0;3
22600;BOT_TAKER;BOT_MAKER;HYDROGEL_PACK;XIRECS;9963.0;6
22600;BOT_TAKER;BOT_MAKER;VELVETFRUIT_EXTRACT;XIRECS;5289.0;8
22600;BOT_TAKER;BOT_MAKER;VEV_5300;XIRECS;49.0;2
22600;BOT_MAKER;BOT_TAKER;VEV_6000;XIRECS;0.0;4
22600;BOT_TAKER;SUBMISSION;VEV_5500;XIRECS;8.0;2
22700;BOT_TAKER;BOT_MAKER;HYDROGEL_PACK;XIRECS;9964.0;5
22700;BOT_MAKER;BOT_TAKER;VEV_5300;XIRECS;46.0;2
22700;BOT_TAKER;BOT_MAKER;VEV_5500;XIRECS;9.0;2
22800;BOT_TAKER;BOT_MAKER;VELVETFRUIT_EXTRACT;XIRECS;5289.0;7
22800;BOT_TAKER;BOT_MAKER;VEV_5400;XIRECS;6.0;5
22800;SUBMISSION;BOT_TAKER;VELVETFRUIT_EXTRACT;XIRECS;5286.0;3
23000;BOT_MAKER;BOT_TAKER;HYDROGEL_PACK;XIRECS;9950.0;3
23000;BOT_TAKER;BOT_MAKER;VEV_4000;XIRECS;1294.0;2
23000;BOT_MAKER;BOT_TAKER;VEV_5500;XIRECS;7.0;5
23000;BOT_TAKER;SUBMISSION;VEV_4000;XIRECS;1293.0;2
23100;BOT_TAKER;BOT_MAKER;HYDROGEL_PACK;XIRECS;9964.0;5
23100;BOT_MAKER;BOT_TAKER;VELVETFRUIT_EXTRACT;XIRECS;5285.0;7
23200;BOT_TAKER;BOT_MAKER;HYDROGEL_PACK;XIRECS;9965.0;4
23200;BOT_TAKER;BOT_MAKER;VELVETFRUIT_EXTRACT;XIRECS;5293.0;6
23200;BOT_MAKER;BOT_TAKER;VEV_5500;XIRECS;7.0;2
23200;BOT_TAKER;BOT_MAKER;VEV_6500;XIRECS;1.0;2
23200;BOT_TAKER;SUBMISSION;VEV_5300;XIRECS;48.0;2
23300;BOT_TAKER;BOT_MAKER;HYDROGEL_PACK;XIRECS;9967.0;4
23300;BOT_TAKER;BOT_MAKER;HYDROGEL_PACK;XIRECS;9967.0;5
23300;BOT_MAKER;BOT_TAKER;VEV_5400;XIRECS;5.0;4
23400;SUBMISSION;BOT_TAKER;VEV_5400;XIRECS;6.0;5
23500;BOT_TAKER;BOT_MAKER;VELVETFRUIT_EXTRACT;XIRECS;5292.0;6
23500;SUBMISSION;BOT_TAKER;HYDROGEL_PACK;XIRECS;9948.0;5
23500;BOT_MAKER;BOT_TAKER;HYDROGEL_PACK;XIRECS;9947.0;1
23600;BOT_MAKER;BOT_TAKER;VEV_4000;XIRECS;1278.0;1
23700;BOT_MAKER;BOT_TAKER;HYDROGEL_PACK;XIRECS;9949.0;2
23700;BOT_MAKER;BOT_TAKER;VEV_4000;XIRECS;1279.0;1
23700;BOT_MAKER;BOT_TAKER;VEV_6500;XIRECS;0.0;4
23800;BOT_MAKER;BOT_TAKER;VEV_5400;XIRECS;5.0;2
23800;BOT_TAKER;BOT_MAKER;VEV_5500;XIRECS;9.0;3
24100;BOT_TAKER;BOT_MAKER;VEV_4000;XIRECS;1301.0;1
24200;BOT_TAKER;BOT_MAKER;VELVETFRUIT_EXTRACT;XIRECS;5293.0;3
24600;BOT_TAKER;BOT_MAKER;HYDROGEL_PACK;XIRECS;9967.0;4
24600;BOT_TAKER;BOT_MAKER;VELVETFRUIT_EXTRACT;XIRECS;5296.0;6
24700;BOT_MAKER;BOT_TAKER;HYDROGEL_PACK;XIRECS;9954.0;5
24700;BOT_MAKER;BOT_TAKER;VELVETFRUIT_EXTRACT;XIRECS;5290.0;8
24900;BOT_TAKER;BOT_MAKER;VEV_6500;XIRECS;1.0;5
25100;BOT_MAKER;BOT_TAKER;HYDROGEL_PACK;XIRECS;9954.0;3
25100;SUBMISSION;BOT_TAKER;VEV_5300;XIRECS;48.0;5
25400;BOT_TAKER;BOT_MAKER;HYDROGEL_PACK;XIRECS;9974.0;3
25400;BOT_MAKER;BOT_TAKER;VEV_6500;XIRECS;0.0;2
25500;BOT_MAKER;BOT_TAKER;VELVETFRUIT_EXTRACT;XIRECS;5290.0;5
25600;BOT_MAKER;BOT_TAKER;VEV_4000;XIRECS;1278.0;2
25600;BOT_TAKER;BOT_MAKER;VEV_5400;XIRECS;7.0;3
25700;BOT_MAKER;BOT_TAKER;HYDROGEL_PACK;XIRECS;9962.0;6
25700;BOT_TAKER;BOT_MAKER;VELVETFRUIT_EXTRACT;XIRECS;5297.0;6
25800;BOT_MAKER;BOT_TAKER;VEV_5300;XIRECS;46.0;5
25800;BOT_TAKER;BOT_MAKER;VEV_5500;XIRECS;9.0;4
25900;BOT_MAKER;BOT_TAKER;HYDROGEL_PACK;XIRECS;9961.0;3
25900;BOT_TAKER;SUBMISSION;HYDROGEL_PACK;XIRECS;9976.0;5
26000;BOT_TAKER;BOT_MAKER;VELVETFRUIT_EXTRACT;XIRECS;5298.0;7
26100;BOT_MAKER;BOT_TAKER;VELVETFRUIT_EXTRACT;XIRECS;5292.0;4
26100;SUBMISSION;BOT_TAKER;VELVETFRUIT_EXTRACT;XIRECS;5293.0;4
26200;BOT_TAKER;BOT_MAKER;VELVETFRUIT_EXTRACT;XIRECS;5299.0;4
26300;BOT_MAKER;BOT_TAKER;VELVETFRUIT_EXTRACT;XIRECS;5297.0;8
26400;BOT_TAKER;BOT_MAKER;HYDROGEL_PACK;XIRECS;9973.0;4
26400;BOT_TAKER;BOT_MAKER;VEV_4000;XIRECS;1298.0;2
26400;BOT_MAKER;BOT_TAKER;VEV_5500;XIRECS;8.0;2
26500;BOT_TAKER;BOT_MAKER;VELVETFRUIT_EXTRACT;XIRECS;5302.0;8
26500;BOT_MAKER;BOT_TAKER;VEV_6500;XIRECS;0.0;3
26600;BOT_MAKER;BOT_TAKER;VEV_5500;XIRECS;8.0;2
26600;BOT_TAKER;BOT_MAKER;VEV_6000;XIRECS;1.0;3
26600;SUBMISSION;BOT_TAKER;VEV_4000;XIRECS;1279.0;2
26700;BOT_MAKER;BOT_TAKER;VELVETFRUIT_EXTRACT;XIRECS;5295.0;5
26700;SUBMISSION;BOT_TAKER;VELVETFRUIT_EXTRACT;XIRECS;5296.0;5
26700;BOT_MAKER;BOT_TAKER;VELVETFRUIT_EXTRACT;XIRECS;5295.0;5
26700;SUBMISSION;BOT_TAKER;VEV_4000;XIRECS;1280.0;2
26800;BOT_TAKER;BOT_MAKER;VEV_4000;XIRECS;1298.0;3
26900;BOT_MAKER;BOT_TAKER;VEV_4000;XIRECS;1276.0;1
26900;BOT_MAKER;BOT_TAKER;VEV_5300;XIRECS;49.0;4
26900;BOT_TAKER;SUBMISSION;HYDROGEL_PACK;XIRECS;9970.0;4
27100;BOT_MAKER;BOT_TAKER;HYDROGEL_PACK;XIRECS;9949.0;3
27100;BOT_TAKER;BOT_MAKER;VELVETFRUIT_EXTRACT;XIRECS;5300.0;4
27100;BOT_TAKER;BOT_MAKER;VEV_5400;XIRECS;8.0;2
27100;BOT_MAKER;BOT_TAKER;VEV_5500;XIRECS;8.0;3
27100;BOT_TAKER;SUBMISSION;VELVETFRUIT_EXTRACT;XIRECS;5299.0;5
27200;BOT_TAKER;BOT_MAKER;HYDROGEL_PACK;XIRECS;9964.0;2
27200;BOT_TAKER;BOT_MAKER;VELVETFRUIT_EXTRACT;XIRECS;5299.0;7
27200;BOT_TAKER;BOT_MAKER;VEV_4000;XIRECS;1294.0;2
27200;BOT_TAKER;BOT_MAKER;VEV_6000;XIRECS;1.0;2
27200;BOT_TAKER;SUBMISSION;VELVETFRUIT_EXTRACT;XIRECS;5298.0;5
27200;BOT_TAKER;BOT_MAKER;VELVETFRUIT_EXTRACT;XIRECS;5299.0;2
27300;BOT_TAKER;BOT_MAKER;HYDROGEL_PACK;XIRECS;9967.0;3
27400;BOT_TAKER;BOT_MAKER;HYDROGEL_PACK;XIRECS;9966.0;3
27500;BOT_TAKER;BOT_MAKER;HYDROGEL_PACK;XIRECS;9972.0;6
27500;BOT_MAKER;BOT_TAKER;VELVETFRUIT_EXTRACT;XIRECS;5298.0;7
27500;BOT_TAKER;BOT_MAKER;VEV_4000;XIRECS;1297.0;2
27500;BOT_MAKER;BOT_TAKER;VEV_6000;XIRECS;0.0;3
27500;BOT_TAKER;SUBMISSION;VEV_4000;XIRECS;1296.0;2
27600;BOT_TAKER;SUBMISSION;HYDROGEL_PACK;XIRECS;9971.0;5
27600;SUBMISSION;BOT_TAKER;VEV_4000;XIRECS;1277.0;2
27700;BOT_TAKER;BOT_MAKER;HYDROGEL_PACK;XIRECS;9970.0;4
27700;BOT_MAKER;BOT_TAKER;VELVETFRUIT_EXTRACT;XIRECS;5299.0;4
27800;BOT_MAKER;BOT_TAKER;VELVETFRUIT_EXTRACT;XIRECS;5300.0;4
27900;BOT_TAKER;BOT_MAKER;HYDROGEL_PACK;XIRECS;9971.0;5
28000;BOT_MAKER;BOT_TAKER;VELVETFRUIT_EXTRACT;XIRECS;5302.0;8
28100;BOT_TAKER;BOT_MAKER;HYDROGEL_PACK;XIRECS;9974.0;2
28200;BOT_MAKER;BOT_TAKER;VEV_4000;XIRECS;1274.0;3
28200;BOT_MAKER;BOT_TAKER;VEV_6500;XIRECS;0.0;5
28300;BOT_MAKER;BOT_TAKER;VEV_5500;XIRECS;7.0;5
28400;BOT_TAKER;BOT_MAKER;VELVETFRUIT_EXTRACT;XIRECS;5305.0;7
28500;BOT_MAKER;BOT_TAKER;VEV_4000;XIRECS;1274.0;3
28600;BOT_MAKER;BOT_TAKER;VELVETFRUIT_EXTRACT;XIRECS;5297.0;8
28600;BOT_MAKER;BOT_TAKER;VEV_5500;XIRECS;8.0;2
28700;BOT_TAKER;BOT_MAKER;VELVETFRUIT_EXTRACT;XIRECS;5302.0;7
28700;BOT_TAKER;BOT_MAKER;VEV_5400;XIRECS;7.0;4
28900;BOT_TAKER;SUBMISSION;VELVETFRUIT_EXTRACT;XIRECS;5301.0;3
29000;BOT_TAKER;BOT_MAKER;VELVETFRUIT_EXTRACT;XIRECS;5302.0;6
29300;BOT_TAKER;BOT_MAKER;VEV_6000;XIRECS;1.0;5
29400;BOT_TAKER;SUBMISSION;HYDROGEL_PACK;XIRECS;9967.0;2
29500;BOT_TAKER;BOT_MAKER;VEV_4000;XIRECS;1292.0;2
29500;BOT_TAKER;BOT_MAKER;VEV_5300;XIRECS;48.0;4
29600;BOT_MAKER;BOT_TAKER;HYDROGEL_PACK;XIRECS;9951.0;2
29700;BOT_MAKER;BOT_TAKER;VEV_4000;XIRECS;1270.0;3
29800;BOT_TAKER;BOT_MAKER;VELVETFRUIT_EXTRACT;XIRECS;5302.0;7
29900;BOT_TAKER;BOT_MAKER;HYDROGEL_PACK;XIRECS;9971.0;4
29900;BOT_TAKER;BOT_MAKER;HYDROGEL_PACK;XIRECS;9971.0;2
29900;SUBMISSION;BOT_TAKER;VELVETFRUIT_EXTRACT;XIRECS;5299.0;3
30000;BOT_MAKER;BOT_TAKER;HYDROGEL_PACK;XIRECS;9952.0;5
30000;BOT_MAKER;BOT_TAKER;VEV_6500;XIRECS;0.0;3
30100;BOT_TAKER;BOT_MAKER;VEV_5500;XIRECS;9.0;4
30200;BOT_TAKER;BOT_MAKER;VELVETFRUIT_EXTRACT;XIRECS;5304.0;4
30200;BOT_TAKER;BOT_MAKER;VEV_4000;XIRECS;1288.0;1
30300;BOT_TAKER;BOT_MAKER;HYDROGEL_PACK;XIRECS;9967.0;5
30300;BOT_MAKER;BOT_TAKER;VEV_5500;XIRECS;8.0;4
30300;BOT_MAKER;BOT_TAKER;VEV_6000;XIRECS;0.0;5
30300;BOT_TAKER;BOT_MAKER;VEV_6500;XIRECS;1.0;4
30400;BOT_TAKER;BOT_MAKER;HYDROGEL_PACK;XIRECS;9965.0;5
30400;BOT_TAKER;BOT_MAKER;VELVETFRUIT_EXTRACT;XIRECS;5303.0;8
30400;BOT_MAKER;BOT_TAKER;VEV_4000;XIRECS;1268.0;3
30500;BOT_TAKER;BOT_MAKER;VELVETFRUIT_EXTRACT;XIRECS;5303.0;8
30500;BOT_MAKER;BOT_TAKER;VEV_4000;XIRECS;1268.0;3
30600;BOT_MAKER;BOT_TAKER;HYDROGEL_PACK;XIRECS;9950.0;4
30600;BOT_TAKER;BOT_MAKER;VELVETFRUIT_EXTRACT;XIRECS;5304.0;5
30600;BOT_MAKER;BOT_TAKER;VEV_6000;XIRECS;0.0;2
30700;BOT_TAKER;BOT_MAKER;HYDROGEL_PACK;XIRECS;9962.0;2
30700;BOT_MAKER;BOT_TAKER;VELVETFRUIT_EXTRACT;XIRECS;5299.0;3
30700;BOT_MAKER;BOT_TAKER;VEV_4000;XIRECS;1269.0;1
30700;BOT_MAKER;BOT_TAKER;VEV_6000;XIRECS;0.0;5
30900;BOT_MAKER;BOT_TAKER;VELVETFRUIT_EXTRACT;XIRECS;5300.0;8
31000;BOT_MAKER;BOT_TAKER;HYDROGEL_PACK;XIRECS;9945.0;3
31000;BOT_TAKER;BOT_MAKER;VELVETFRUIT_EXTRACT;XIRECS;5303.0;4
31000;BOT_MAKER;BOT_TAKER;VEV_4000;XIRECS;1267.0;1
31000;BOT_TAKER;BOT_MAKER;VEV_5300;XIRECS;50.0;3
31200;BOT_TAKER;BOT_MAKER;HYDROGEL_PACK;XIRECS;9959.0;5
31200;BOT_MAKER;BOT_TAKER;VELVETFRUIT_EXTRACT;XIRECS;5299.0;3
31200;SUBMISSION;BOT_TAKER;HYDROGEL_PACK;XIRECS;9944.0;2
31200;SUBMISSION;BOT_TAKER;VELVETFRUIT_EXTRACT;XIRECS;5300.0;5
31200;BOT_MAKER;BOT_TAKER;VELVETFRUIT_EXTRACT;XIRECS;5299.0;1
31300;BOT_MAKER;BOT_TAKER;VEV_5500;XIRECS;7.0;3
31600;BOT_TAKER;BOT_MAKER;VELVETFRUIT_EXTRACT;XIRECS;5307.0;5
31700;BOT_MAKER;BOT_TAKER;VEV_4000;XIRECS;1268.0;2
31800;BOT_MAKER;BOT_TAKER;HYDROGEL_PACK;XIRECS;9946.0;4
31800;BOT_TAKER;BOT_MAKER;VEV_5500;XIRECS;8.0;2
31800;BOT_TAKER;BOT_MAKER;VEV_6000;XIRECS;1.0;4
31900;BOT_MAKER;BOT_TAKER;HYDROGEL_PACK;XIRECS;9946.0;4
32000;BOT_TAKER;BOT_MAKER;HYDROGEL_PACK;XIRECS;9961.0;2
32000;BOT_TAKER;BOT_MAKER;VELVETFRUIT_EXTRACT;XIRECS;5308.0;8
32000;BOT_MAKER;BOT_TAKER;VEV_5500;XIRECS;7.0;2
32200;BOT_TAKER;BOT_MAKER;HYDROGEL_PACK;XIRECS;9958.0;6
32200;BOT_TAKER;BOT_MAKER;VEV_4000;XIRECS;1287.0;2
32200;BOT_MAKER;BOT_TAKER;VEV_6000;XIRECS;0.0;2
32300;BOT_TAKER;BOT_MAKER;VEV_4000;XIRECS;1287.0;2
32300;BOT_MAKER;BOT_TAKER;VEV_5500;XIRECS;7.0;5
32400;BOT_MAKER;BOT_TAKER;VEV_5500;XIRECS;6.0;2
32600;BOT_TAKER;BOT_MAKER;VELVETFRUIT_EXTRACT;XIRECS;5308.0;5
32600;BOT_TAKER;BOT_MAKER;VEV_4000;XIRECS;1286.0;3
32700;BOT_MAKER;BOT_TAKER;HYDROGEL_PACK;XIRECS;9939.0;6
32700;BOT_MAKER;BOT_TAKER;VELVETFRUIT_EXTRACT;XIRECS;5303.0;6
32700;BOT_TAKER;BOT_MAKER;VEV_6000;XIRECS;1.0;5
32800;BOT_TAKER;BOT_MAKER;HYDROGEL_PACK;XIRECS;9955.0;2
32900;BOT_TAKER;BOT_MAKER;VELVETFRUIT_EXTRACT;XIRECS;5309.0;6
33000;BOT_TAKER;BOT_MAKER;VELVETFRUIT_EXTRACT;XIRECS;5310.0;4
33100;BOT_MAKER;BOT_TAKER;HYDROGEL_PACK;XIRECS;9938.0;6
33100;BOT_TAKER;BOT_MAKER;VEV_6000;XIRECS;1.0;2
33200;BOT_MAKER;BOT_TAKER;VEV_5300;XIRECS;49.0;4
33200;BOT_TAKER;BOT_MAKER;VEV_6000;XIRECS;1.0;4
33300;BOT_TAKER;SUBMISSION;HYDROGEL_PACK;XIRECS;9949.0;2
33300;BOT_TAKER;SUBMISSION;VELVETFRUIT_EXTRACT;XIRECS;5308.0;5
33400;BOT_TAKER;BOT_MAKER;VEV_4000;XIRECS;1287.0;2
33400;BOT_TAKER;BOT_MAKER;VEV_5300;XIRECS;51.0;3
33500;BOT_TAKER;BOT_MAKER;VELVETFRUIT_EXTRACT;XIRECS;5310.0;7
33500;BOT_TAKER;SUBMISSION;HYDROGEL_PACK;XIRECS;9953.0;4
33600;BOT_MAKER;BOT_TAKER;HYDROGEL_PACK;XIRECS;9935.0;5
33800;BOT_MAKER;BOT_TAKER;VEV_6500;XIRECS;0.0;5
33900;BOT_MAKER;BOT_TAKER;HYDROGEL_PACK;XIRECS;9934.0;2
33900;BOT_MAKER;BOT_TAKER;VEV_5500;XIRECS;7.0;4
34000;BOT_MAKER;BOT_TAKER;HYDROGEL_PACK;XIRECS;9935.0;6
34000;BOT_MAKER;BOT_TAKER;VELVETFRUIT_EXTRACT;XIRECS;5305.0;6
34100;BOT_MAKER;BOT_TAKER;HYDROGEL_PACK;XIRECS;9934.0;2
34100;BOT_MAKER;BOT_TAKER;VELVETFRUIT_EXTRACT;XIRECS;5307.0;5
34200;BOT_MAKER;BOT_TAKER;HYDROGEL_PACK;XIRECS;9935.0;2
34400;BOT_MAKER;BOT_TAKER;VEV_4000;XIRECS;1266.0;3
34400;BOT_MAKER;BOT_TAKER;VEV_5300;XIRECS;51.0;3
34500;BOT_TAKER;BOT_MAKER;VELVETFRUIT_EXTRACT;XIRECS;5312.0;5
34700;BOT_MAKER;BOT_TAKER;VELVETFRUIT_EXTRACT;XIRECS;5306.0;8
34800;BOT_MAKER;BOT_TAKER;HYDROGEL_PACK;XIRECS;9926.0;4
34900;BOT_MAKER;BOT_TAKER;HYDROGEL_PACK;XIRECS;9923.0;6
35000;BOT_TAKER;BOT_MAKER;HYDROGEL_PACK;XIRECS;9939.0;6
35100;BOT_MAKER;BOT_TAKER;VELVETFRUIT_EXTRACT;XIRECS;5305.0;6
35200;BOT_MAKER;BOT_TAKER;HYDROGEL_PACK;XIRECS;9923.0;2
35300;BOT_TAKER;BOT_MAKER;VELVETFRUIT_EXTRACT;XIRECS;5311.0;8
35400;SUBMISSION;BOT_TAKER;HYDROGEL_PACK;XIRECS;9924.0;4
35500;BOT_MAKER;BOT_TAKER;HYDROGEL_PACK;XIRECS;9923.0;2
35500;BOT_TAKER;BOT_MAKER;VELVETFRUIT_EXTRACT;XIRECS;5312.0;9
35500;BOT_TAKER;BOT_MAKER;VEV_4000;XIRECS;1289.0;3
35700;BOT_TAKER;BOT_MAKER;VEV_6000;XIRECS;1.0;2
35700;SUBMISSION;BOT_TAKER;HYDROGEL_PACK;XIRECS;9925.0;5
35800;BOT_TAKER;BOT_MAKER;VEV_6000;XIRECS;1.0;5
35900;BOT_MAKER;BOT_TAKER;VELVETFRUIT_EXTRACT;XIRECS;5309.0;8
35900;BOT_MAKER;BOT_TAKER;VEV_6500;XIRECS;0.0;5
36000;BOT_TAKER;BOT_MAKER;VELVETFRUIT_EXTRACT;XIRECS;5314.0;5
36100;BOT_MAKER;BOT_TAKER;VELVETFRUIT_EXTRACT;XIRECS;5308.0;6
36100;BOT_TAKER;BOT_MAKER;VEV_4000;XIRECS;1283.0;2
36200;BOT_TAKER;BOT_MAKER;HYDROGEL_PACK;XIRECS;9943.0;5
36200;BOT_TAKER;BOT_MAKER;VEV_4000;XIRECS;1283.0;3
36400;BOT_TAKER;BOT_MAKER;VEV_4000;XIRECS;1284.0;2
36400;BOT_MAKER;BOT_TAKER;VEV_5500;XIRECS;7.0;4
36500;BOT_MAKER;BOT_TAKER;HYDROGEL_PACK;XIRECS;9928.0;4
36700;BOT_MAKER;BOT_TAKER;VELVETFRUIT_EXTRACT;XIRECS;5309.0;10
36900;BOT_TAKER;BOT_MAKER;HYDROGEL_PACK;XIRECS;9942.0;5
36900;BOT_TAKER;BOT_MAKER;VEV_5300;XIRECS;49.0;2
37100;BOT_TAKER;BOT_MAKER;HYDROGEL_PACK;XIRECS;9945.0;6
37100;BOT_TAKER;BOT_MAKER;VEV_5400;XIRECS;7.0;3
37200;BOT_MAKER;BOT_TAKER;HYDROGEL_PACK;XIRECS;9928.0;3
37200;BOT_TAKER;BOT_MAKER;VELVETFRUIT_EXTRACT;XIRECS;5314.0;7
37200;BOT_MAKER;BOT_TAKER;VEV_5500;XIRECS;7.0;5
37300;BOT_TAKER;SUBMISSION;VEV_4000;XIRECS;1285.0;1
37400;BOT_MAKER;BOT_TAKER;VELVETFRUIT_EXTRACT;XIRECS;5308.0;3
37600;BOT_TAKER;BOT_MAKER;VELVETFRUIT_EXTRACT;XIRECS;5311.0;4
37700;SUBMISSION;BOT_TAKER;HYDROGEL_PACK;XIRECS;9928.0;3
37900;BOT_TAKER;BOT_MAKER;VEV_6000;XIRECS;1.0;4
37900;BOT_TAKER;SUBMISSION;VEV_5400;XIRECS;6.0;3
38000;BOT_MAKER;BOT_TAKER;HYDROGEL_PACK;XIRECS;9924.0;2
38000;BOT_TAKER;BOT_MAKER;VEV_4000;XIRECS;1288.0;1
38000;BOT_TAKER;BOT_MAKER;VEV_5500;XIRECS;8.0;3
38200;BOT_TAKER;BOT_MAKER;HYDROGEL_PACK;XIRECS;9936.0;4
38200;BOT_MAKER;BOT_TAKER;VELVETFRUIT_EXTRACT;XIRECS;5307.0;8
38300;BOT_MAKER;BOT_TAKER;VELVETFRUIT_EXTRACT;XIRECS;5308.0;4
38400;BOT_MAKER;BOT_TAKER;VELVETFRUIT_EXTRACT;XIRECS;5307.0;3
38500;BOT_MAKER;BOT_TAKER;HYDROGEL_PACK;XIRECS;9920.0;5
38500;BOT_MAKER;BOT_TAKER;VELVETFRUIT_EXTRACT;XIRECS;5308.0;6
38600;BOT_TAKER;BOT_MAKER;VELVETFRUIT_EXTRACT;XIRECS;5314.0;9
38600;BOT_TAKER;BOT_MAKER;VELVETFRUIT_EXTRACT;XIRECS;5314.0;6
38600;SUBMISSION;BOT_TAKER;VEV_5500;XIRECS;8.0;5
38700;BOT_MAKER;BOT_TAKER;HYDROGEL_PACK;XIRECS;9921.0;2
38700;BOT_TAKER;BOT_MAKER;VELVETFRUIT_EXTRACT;XIRECS;5314.0;4
38900;BOT_MAKER;BOT_TAKER;VELVETFRUIT_EXTRACT;XIRECS;5308.0;7
39000;BOT_TAKER;BOT_MAKER;VEV_4000;XIRECS;1287.0;1
39100;BOT_TAKER;BOT_MAKER;HYDROGEL_PACK;XIRECS;9939.0;6
39100;BOT_TAKER;BOT_MAKER;VELVETFRUIT_EXTRACT;XIRECS;5317.0;3
39100;BOT_TAKER;SUBMISSION;VEV_4000;XIRECS;1287.0;2
39200;BOT_MAKER;BOT_TAKER;HYDROGEL_PACK;XIRECS;9925.0;2
39300;BOT_TAKER;BOT_MAKER;VELVETFRUIT_EXTRACT;XIRECS;5317.0;4
39300;BOT_TAKER;SUBMISSION;HYDROGEL_PACK;XIRECS;9939.0;2
39400;BOT_TAKER;BOT_MAKER;VEV_5400;XIRECS;7.0;3
39500;BOT_MAKER;BOT_TAKER;HYDROGEL_PACK;XIRECS;9923.0;5
39500;BOT_TAKER;BOT_MAKER;VEV_4000;XIRECS;1289.0;3
39500;BOT_MAKER;BOT_TAKER;VEV_5300;XIRECS;47.0;2
39600;BOT_TAKER;SUBMISSION;VELVETFRUIT_EXTRACT;XIRECS;5313.0;4
39700;BOT_TAKER;BOT_MAKER;HYDROGEL_PACK;XIRECS;9934.0;5
39800;BOT_MAKER;BOT_TAKER;VELVETFRUIT_EXTRACT;XIRECS;5308.0;9
39900;BOT_TAKER;BOT_MAKER;VEV_4000;XIRECS;1288.0;3
40000;BOT_TAKER;BOT_MAKER;VEV_4000;XIRECS;1290.0;3
40100;BOT_MAKER;BOT_TAKER;HYDROGEL_PACK;XIRECS;9917.0;6
40100;BOT_MAKER;BOT_TAKER;VEV_5500;XIRECS;7.0;3
40100;BOT_MAKER;BOT_TAKER;VEV_6500;XIRECS;0.0;2
40200;BOT_TAKER;BOT_MAKER;HYDROGEL_PACK;XIRECS;9933.0;6
40200;BOT_TAKER;BOT_MAKER;VELVETFRUIT_EXTRACT;XIRECS;5315.0;8
40300;BOT_TAKER;BOT_MAKER;VELVETFRUIT_EXTRACT;XIRECS;5316.0;3
40300;BOT_MAKER;BOT_TAKER;VEV_5300;XIRECS;50.0;2
40400;BOT_MAKER;BOT_TAKER;HYDROGEL_PACK;XIRECS;9917.0;3
40500;BOT_MAKER;BOT_TAKER;VEV_5500;XIRECS;7.0;2
40500;BOT_MAKER;BOT_TAKER;VEV_6000;XIRECS;0.0;5
40500;SUBMISSION;BOT_TAKER;VELVETFRUIT_EXTRACT;XIRECS;5311.0;5
40700;BOT_TAKER;SUBMISSION;VEV_4000;XIRECS;1288.0;2
40800;BOT_MAKER;BOT_TAKER;VELVETFRUIT_EXTRACT;XIRECS;5308.0;5
40800;BOT_TAKER;BOT_MAKER;VEV_6000;XIRECS;1.0;3
40900;BOT_MAKER;BOT_TAKER;HYDROGEL_PACK;XIRECS;9917.0;2
40900;BOT_MAKER;BOT_TAKER;VELVETFRUIT_EXTRACT;XIRECS;5307.0;10
41000;BOT_MAKER;BOT_TAKER;HYDROGEL_PACK;XIRECS;9922.0;3
41000;BOT_TAKER;BOT_MAKER;VELVETFRUIT_EXTRACT;XIRECS;5313.0;4
41100;BOT_TAKER;BOT_MAKER;VELVETFRUIT_EXTRACT;XIRECS;5314.0;13
41100;BOT_MAKER;BOT_TAKER;VEV_5500;XIRECS;8.0;2
41300;BOT_MAKER;BOT_TAKER;VEV_4000;XIRECS;1264.0;2
41500;BOT_TAKER;BOT_MAKER;VELVETFRUIT_EXTRACT;XIRECS;5312.0;11
41500;BOT_MAKER;BOT_TAKER;VEV_5300;XIRECS;51.0;5
41500;SUBMISSION;BOT_TAKER;VELVETFRUIT_EXTRACT;XIRECS;5308.0;5
41500;BOT_MAKER;BOT_TAKER;VELVETFRUIT_EXTRACT;XIRECS;5307.0;7
41800;BOT_TAKER;BOT_MAKER;HYDROGEL_PACK;XIRECS;9949.0;3
41800;BOT_MAKER;BOT_TAKER;VEV_5500;XIRECS;8.0;4
41900;BOT_TAKER;BOT_MAKER;HYDROGEL_PACK;XIRECS;9950.0;4
41900;BOT_MAKER;BOT_TAKER;VELVETFRUIT_EXTRACT;XIRECS;5306.0;8
41900;BOT_MAKER;BOT_TAKER;VELVETFRUIT_EXTRACT;XIRECS;5306.0;5
41900;BOT_MAKER;BOT_TAKER;VEV_5500;XIRECS;8.0;3
42000;BOT_MAKER;BOT_TAKER;VELVETFRUIT_EXTRACT;XIRECS;5305.0;7
42000;SUBMISSION;BOT_TAKER;VELVETFRUIT_EXTRACT;XIRECS;5306.0;5
42000;BOT_MAKER;BOT_TAKER;VELVETFRUIT_EXTRACT;XIRECS;5305.0;3
42100;BOT_MAKER;BOT_TAKER;HYDROGEL_PACK;XIRECS;9932.0;6
42100;BOT_MAKER;BOT_TAKER;VEV_4000;XIRECS;1265.0;3
42100;BOT_MAKER;BOT_TAKER;VEV_6500;XIRECS;0.0;2
42200;BOT_TAKER;BOT_MAKER;VEV_6000;XIRECS;1.0;4
42300;BOT_MAKER;BOT_TAKER;VEV_5400;XIRECS;4.0;5
42300;BOT_TAKER;BOT_MAKER;VEV_6500;XIRECS;1.0;2
42400;BOT_MAKER;BOT_TAKER;HYDROGEL_PACK;XIRECS;9937.0;2
42400;BOT_TAKER;BOT_MAKER;VELVETFRUIT_EXTRACT;XIRECS;5310.0;5
42500;BOT_TAKER;BOT_MAKER;VELVETFRUIT_EXTRACT;XIRECS;5309.0;8
42500;SUBMISSION;BOT_TAKER;VELVETFRUIT_EXTRACT;XIRECS;5306.0;5
42600;BOT_TAKER;BOT_MAKER;VELVETFRUIT_EXTRACT;XIRECS;5311.0;14
42600;SUBMISSION;BOT_TAKER;VELVETFRUIT_EXTRACT;XIRECS;5306.0;5
42600;BOT_MAKER;BOT_TAKER;VELVETFRUIT_EXTRACT;XIRECS;5305.0;3
42700;BOT_MAKER;BOT_TAKER;HYDROGEL_PACK;XIRECS;9935.0;5
42900;BOT_MAKER;BOT_TAKER;VELVETFRUIT_EXTRACT;XIRECS;5306.0;7
42900;BOT_MAKER;BOT_TAKER;VEV_5500;XIRECS;8.0;2
42900;BOT_TAKER;SUBMISSION;HYDROGEL_PACK;XIRECS;9952.0;2
43100;BOT_TAKER;BOT_MAKER;HYDROGEL_PACK;XIRECS;9954.0;5
43200;BOT_TAKER;BOT_MAKER;VELVETFRUIT_EXTRACT;XIRECS;5312.0;10
43300;BOT_TAKER;BOT_MAKER;HYDROGEL_PACK;XIRECS;9957.0;6
43300;BOT_MAKER;BOT_TAKER;VEV_5300;XIRECS;52.0;3
43400;BOT_MAKER;BOT_TAKER;VEV_5400;XIRECS;3.0;3
43500;BOT_MAKER;BOT_TAKER;VELVETFRUIT_EXTRACT;XIRECS;5307.0;8
43500;BOT_TAKER;BOT_MAKER;VELVETFRUIT_EXTRACT;XIRECS;5312.0;5
43600;BOT_MAKER;BOT_TAKER;HYDROGEL_PACK;XIRECS;9944.0;6
43700;BOT_TAKER;BOT_MAKER;VELVETFRUIT_EXTRACT;XIRECS;5312.0;3
43700;BOT_TAKER;BOT_MAKER;VEV_6500;XIRECS;1.0;5
43900;BOT_MAKER;BOT_TAKER;VELVETFRUIT_EXTRACT;XIRECS;5305.0;8
43900;BOT_MAKER;BOT_TAKER;VEV_4000;XIRECS;1261.0;1
44000;BOT_MAKER;BOT_TAKER;HYDROGEL_PACK;XIRECS;9941.0;6
44200;BOT_TAKER;BOT_MAKER;HYDROGEL_PACK;XIRECS;9956.0;5
44300;BOT_MAKER;BOT_TAKER;HYDROGEL_PACK;XIRECS;9941.0;5
44300;BOT_TAKER;BOT_MAKER;VELVETFRUIT_EXTRACT;XIRECS;5306.0;7
44300;BOT_MAKER;BOT_TAKER;VELVETFRUIT_EXTRACT;XIRECS;5301.0;7
44500;BOT_TAKER;BOT_MAKER;VELVETFRUIT_EXTRACT;XIRECS;5306.0;4
44500;BOT_MAKER;BOT_TAKER;VEV_5300;XIRECS;51.0;2
44500;BOT_TAKER;BOT_MAKER;VEV_5400;XIRECS;5.0;4
44500;BOT_TAKER;SUBMISSION;VEV_5400;XIRECS;4.0;2
44500;SUBMISSION;BOT_TAKER;VEV_5500;XIRECS;8.0;2
44600;BOT_TAKER;BOT_MAKER;VELVETFRUIT_EXTRACT;XIRECS;5306.0;6
44700;BOT_MAKER;BOT_TAKER;VELVETFRUIT_EXTRACT;XIRECS;5299.0;6
45100;BOT_TAKER;BOT_MAKER;HYDROGEL_PACK;XIRECS;9955.0;3
45200;BOT_TAKER;BOT_MAKER;VEV_6500;XIRECS;1.0;4
45200;SUBMISSION;BOT_TAKER;VEV_4000;XIRECS;1263.0;1
45300;BOT_TAKER;BOT_MAKER;VELVETFRUIT_EXTRACT;XIRECS;5305.0;4
45600;BOT_TAKER;BOT_MAKER;HYDROGEL_PACK;XIRECS;9957.0;6
45600;BOT_TAKER;BOT_MAKER;VELVETFRUIT_EXTRACT;XIRECS;5307.0;7
45600;BOT_TAKER;BOT_MAKER;VEV_5300;XIRECS;53.0;5
45700;BOT_TAKER;BOT_MAKER;HYDROGEL_PACK;XIRECS;9957.0;4
45700;BOT_TAKER;BOT_MAKER;VEV_6500;XIRECS;1.0;5
45700;SUBMISSION;BOT_TAKER;HYDROGEL_PACK;XIRECS;9942.0;5
45800;BOT_TAKER;BOT_MAKER;VEV_5500;XIRECS;8.0;3
45800;SUBMISSION;BOT_TAKER;VELVETFRUIT_EXTRACT;XIRECS;5302.0;5
46000;BOT_MAKER;BOT_TAKER;VELVETFRUIT_EXTRACT;XIRECS;5300.0;8
46100;BOT_TAKER;BOT_MAKER;HYDROGEL_PACK;XIRECS;9958.0;6
46100;BOT_MAKER;BOT_TAKER;VEV_6500;XIRECS;0.0;2
46200;BOT_MAKER;BOT_TAKER;VELVETFRUIT_EXTRACT;XIRECS;5300.0;5
46200;BOT_TAKER;SUBMISSION;VELVETFRUIT_EXTRACT;XIRECS;5304.0;5
46200;BOT_TAKER;BOT_MAKER;VELVETFRUIT_EXTRACT;XIRECS;5305.0;2
46300;BOT_MAKER;BOT_TAKER;HYDROGEL_PACK;XIRECS;9941.0;3
46300;BOT_MAKER;BOT_TAKER;VELVETFRUIT_EXTRACT;XIRECS;5299.0;6
46700;BOT_MAKER;BOT_TAKER;HYDROGEL_PACK;XIRECS;9942.0;3
46700;BOT_MAKER;BOT_TAKER;VELVETFRUIT_EXTRACT;XIRECS;5299.0;5
46700;BOT_MAKER;BOT_TAKER;VEV_5400;XIRECS;4.0;5
46800;BOT_MAKER;BOT_TAKER;HYDROGEL_PACK;XIRECS;9940.0;4
46800;BOT_TAKER;BOT_MAKER;VELVETFRUIT_EXTRACT;XIRECS;5304.0;8
47000;BOT_TAKER;BOT_MAKER;VELVETFRUIT_EXTRACT;XIRECS;5303.0;3
47000;BOT_MAKER;BOT_TAKER;VELVETFRUIT_EXTRACT;XIRECS;5298.0;7
47100;BOT_TAKER;BOT_MAKER;HYDROGEL_PACK;XIRECS;9952.0;3
47100;BOT_TAKER;BOT_MAKER;VELVETFRUIT_EXTRACT;XIRECS;5304.0;8
47200;BOT_TAKER;BOT_MAKER;HYDROGEL_PACK;XIRECS;9954.0;5
47200;BOT_MAKER;BOT_TAKER;VELVETFRUIT_EXTRACT;XIRECS;5297.0;8
47200;BOT_MAKER;BOT_TAKER;VELVETFRUIT_EXTRACT;XIRECS;5297.0;7
47500;BOT_TAKER;BOT_MAKER;VELVETFRUIT_EXTRACT;XIRECS;5301.0;3
47500;SUBMISSION;BOT_TAKER;VELVETFRUIT_EXTRACT;XIRECS;5297.0;4
47700;BOT_MAKER;BOT_TAKER;VELVETFRUIT_EXTRACT;XIRECS;5295.0;6
47700;BOT_MAKER;BOT_TAKER;VEV_4000;XIRECS;1257.0;3
47700;BOT_MAKER;BOT_TAKER;VEV_6000;XIRECS;0.0;4
47800;BOT_TAKER;SUBMISSION;VELVETFRUIT_EXTRACT;XIRECS;5298.0;3
47900;BOT_MAKER;BOT_TAKER;HYDROGEL_PACK;XIRECS;9942.0;6
47900;BOT_MAKER;BOT_TAKER;VELVETFRUIT_EXTRACT;XIRECS;5294.0;5
48000;BOT_TAKER;BOT_MAKER;VELVETFRUIT_EXTRACT;XIRECS;5299.0;7
48000;BOT_MAKER;BOT_TAKER;VEV_4000;XIRECS;1256.0;1
48200;BOT_MAKER;BOT_TAKER;HYDROGEL_PACK;XIRECS;9943.0;4
48200;BOT_TAKER;BOT_MAKER;VEV_5300;XIRECS;51.0;4
48200;BOT_TAKER;BOT_MAKER;VEV_6500;XIRECS;1.0;5
48300;BOT_TAKER;BOT_MAKER;HYDROGEL_PACK;XIRECS;9962.0;5
48300;BOT_TAKER;BOT_MAKER;VELVETFRUIT_EXTRACT;XIRECS;5301.0;8
48300;BOT_TAKER;BOT_MAKER;VEV_4000;XIRECS;1276.0;2
48300;BOT_MAKER;BOT_TAKER;VEV_5200;XIRECS;89.0;4
48500;BOT_MAKER;BOT_TAKER;VEV_6500;XIRECS;0.0;4
48600;BOT_MAKER;BOT_TAKER;HYDROGEL_PACK;XIRECS;9947.0;2
48600;BOT_TAKER;BOT_MAKER;VELVETFRUIT_EXTRACT;XIRECS;5304.0;4
48600;BOT_MAKER;BOT_TAKER;VEV_5400;XIRECS;4.0;5
48600;BOT_TAKER;BOT_MAKER;VEV_6000;XIRECS;1.0;2
48600;BOT_TAKER;SUBMISSION;HYDROGEL_PACK;XIRECS;9962.0;2
48700;BOT_MAKER;BOT_TAKER;VEV_4000;XIRECS;1254.0;2
48800;BOT_MAKER;BOT_TAKER;VEV_4000;XIRECS;1253.0;2
48900;BOT_TAKER;BOT_MAKER;VELVETFRUIT_EXTRACT;XIRECS;5303.0;8
48900;BOT_MAKER;BOT_TAKER;VEV_5300;XIRECS;47.0;3
49000;BOT_TAKER;BOT_MAKER;HYDROGEL_PACK;XIRECS;9965.0;4
49000;BOT_TAKER;BOT_MAKER;VELVETFRUIT_EXTRACT;XIRECS;5306.0;4
49000;BOT_MAKER;BOT_TAKER;VEV_4000;XIRECS;1255.0;3
49300;BOT_TAKER;BOT_MAKER;HYDROGEL_PACK;XIRECS;9958.0;2
49400;BOT_TAKER;BOT_MAKER;VELVETFRUIT_EXTRACT;XIRECS;5306.0;5
49500;BOT_TAKER;BOT_MAKER;VELVETFRUIT_EXTRACT;XIRECS;5305.0;8
49500;BOT_TAKER;SUBMISSION;VELVETFRUIT_EXTRACT;XIRECS;5304.0;3
49700;BOT_TAKER;BOT_MAKER;VELVETFRUIT_EXTRACT;XIRECS;5302.0;7
49800;BOT_TAKER;BOT_MAKER;VELVETFRUIT_EXTRACT;XIRECS;5304.0;7
49800;BOT_TAKER;BOT_MAKER;VEV_4000;XIRECS;1276.0;1
50000;BOT_TAKER;BOT_MAKER;HYDROGEL_PACK;XIRECS;9953.0;4
50000;BOT_TAKER;BOT_MAKER;VEV_6500;XIRECS;1.0;5
50000;BOT_TAKER;SUBMISSION;VELVETFRUIT_EXTRACT;XIRECS;5303.0;5
50000;BOT_TAKER;BOT_MAKER;VELVETFRUIT_EXTRACT;XIRECS;5304.0;1
50100;BOT_MAKER;BOT_TAKER;VELVETFRUIT_EXTRACT;XIRECS;5299.0;6
50100;BOT_TAKER;BOT_MAKER;VEV_5400;XIRECS;7.0;4
50100;BOT_MAKER;BOT_TAKER;VEV_5500;XIRECS;7.0;4
50200;BOT_MAKER;BOT_TAKER;HYDROGEL_PACK;XIRECS;9936.0;4
50300;BOT_TAKER;BOT_MAKER;VELVETFRUIT_EXTRACT;XIRECS;5304.0;3
50600;BOT_TAKER;BOT_MAKER;HYDROGEL_PACK;XIRECS;9953.0;6
50600;BOT_MAKER;BOT_TAKER;VELVETFRUIT_EXTRACT;XIRECS;5298.0;5
50700;BOT_MAKER;BOT_TAKER;VEV_5500;XIRECS;7.0;3
50700;BOT_TAKER;SUBMISSION;VELVETFRUIT_EXTRACT;XIRECS;5302.0;3
50900;BOT_MAKER;BOT_TAKER;VELVETFRUIT_EXTRACT;XIRECS;5299.0;8
51000;BOT_TAKER;BOT_MAKER;HYDROGEL_PACK;XIRECS;9953.0;6
51000;BOT_TAKER;BOT_MAKER;VEV_5400;XIRECS;6.0;5
51000;SUBMISSION;BOT_TAKER;HYDROGEL_PACK;XIRECS;9938.0;5
51000;BOT_MAKER;BOT_TAKER;HYDROGEL_PACK;XIRECS;9937.0;1
51000;SUBMISSION;BOT_TAKER;VEV_5500;XIRECS;7.0;4
51100;BOT_TAKER;BOT_MAKER;VEV_5300;XIRECS;50.0;1
51200;BOT_TAKER;BOT_MAKER;HYDROGEL_PACK;XIRECS;9954.0;5
51200;BOT_MAKER;BOT_TAKER;VELVETFRUIT_EXTRACT;XIRECS;5299.0;6
51300;BOT_TAKER;BOT_MAKER;HYDROGEL_PACK;XIRECS;9952.0;5
51500;BOT_TAKER;BOT_MAKER;VELVETFRUIT_EXTRACT;XIRECS;5303.0;3
51500;BOT_TAKER;SUBMISSION;VEV_4000;XIRECS;1268.0;2
51600;BOT_MAKER;BOT_TAKER;VELVETFRUIT_EXTRACT;XIRECS;5296.0;7
51600;BOT_TAKER;BOT_MAKER;VEV_4000;XIRECS;1269.0;2
51600;BOT_TAKER;BOT_MAKER;VEV_4000;XIRECS;1269.0;3
51700;BOT_TAKER;BOT_MAKER;VELVETFRUIT_EXTRACT;XIRECS;5301.0;7
51800;BOT_TAKER;BOT_MAKER;HYDROGEL_PACK;XIRECS;9960.0;6
51800;BOT_TAKER;BOT_MAKER;VELVETFRUIT_EXTRACT;XIRECS;5300.0;4
51800;BOT_MAKER;BOT_TAKER;VELVETFRUIT_EXTRACT;XIRECS;5294.0;7
51900;BOT_MAKER;BOT_TAKER;VELVETFRUIT_EXTRACT;XIRECS;5292.0;7
51900;BOT_MAKER;BOT_TAKER;VEV_6500;XIRECS;0.0;4
51900;BOT_TAKER;SUBMISSION;VELVETFRUIT_EXTRACT;XIRECS;5297.0;5
51900;BOT_TAKER;BOT_MAKER;VELVETFRUIT_EXTRACT;XIRECS;5298.0;3
52100;BOT_MAKER;BOT_TAKER;HYDROGEL_PACK;XIRECS;9945.0;5
52100;BOT_TAKER;BOT_MAKER;VELVETFRUIT_EXTRACT;XIRECS;5300.0;8
52100;BOT_TAKER;BOT_MAKER;VEV_4000;XIRECS;1268.0;1
52100;BOT_TAKER;BOT_MAKER;VEV_5500;XIRECS;8.0;2
52200;BOT_MAKER;BOT_TAKER;HYDROGEL_PACK;XIRECS;9944.0;5
52200;BOT_TAKER;BOT_MAKER;VELVETFRUIT_EXTRACT;XIRECS;5298.0;8
52200;BOT_TAKER;BOT_MAKER;VEV_5300;XIRECS;49.0;4
52300;BOT_TAKER;BOT_MAKER;VELVETFRUIT_EXTRACT;XIRECS;5299.0;3
52300;BOT_TAKER;BOT_MAKER;VEV_5400;XIRECS;5.0;3
52300;BOT_MAKER;BOT_TAKER;VEV_6500;XIRECS;0.0;2
52400;BOT_MAKER;BOT_TAKER;VEV_6500;XIRECS;0.0;2
52500;BOT_TAKER;BOT_MAKER;HYDROGEL_PACK;XIRECS;9961.0;5
52500;BOT_TAKER;BOT_MAKER;VELVETFRUIT_EXTRACT;XIRECS;5299.0;7
52500;BOT_TAKER;BOT_MAKER;VEV_4000;XIRECS;1263.0;3
52600;BOT_MAKER;BOT_TAKER;VEV_5500;XIRECS;7.0;4
52700;BOT_TAKER;BOT_MAKER;HYDROGEL_PACK;XIRECS;9961.0;3
52700;BOT_TAKER;BOT_MAKER;VELVETFRUIT_EXTRACT;XIRECS;5301.0;3
52800;BOT_TAKER;BOT_MAKER;VELVETFRUIT_EXTRACT;XIRECS;5297.0;6
52800;BOT_MAKER;BOT_TAKER;VEV_6500;XIRECS;0.0;4
52900;BOT_MAKER;BOT_TAKER;HYDROGEL_PACK;XIRECS;9944.0;6
52900;BOT_MAKER;BOT_TAKER;VELVETFRUIT_EXTRACT;XIRECS;5293.0;6
53000;BOT_MAKER;BOT_TAKER;VEV_6000;XIRECS;0.0;2
53100;BOT_MAKER;BOT_TAKER;VELVETFRUIT_EXTRACT;XIRECS;5291.0;5
53100;BOT_MAKER;BOT_TAKER;VEV_5500;XIRECS;7.0;2
53200;BOT_TAKER;BOT_MAKER;HYDROGEL_PACK;XIRECS;9963.0;2
53300;BOT_MAKER;BOT_TAKER;VEV_6500;XIRECS;0.0;4
53400;BOT_MAKER;BOT_TAKER;VELVETFRUIT_EXTRACT;XIRECS;5291.0;5
53500;BOT_TAKER;BOT_MAKER;VELVETFRUIT_EXTRACT;XIRECS;5297.0;6
53500;BOT_TAKER;BOT_MAKER;VEV_5500;XIRECS;8.0;2
53500;BOT_TAKER;SUBMISSION;HYDROGEL_PACK;XIRECS;9962.0;5
53600;BOT_MAKER;BOT_TAKER;HYDROGEL_PACK;XIRECS;9947.0;5
53600;BOT_TAKER;BOT_MAKER;VELVETFRUIT_EXTRACT;XIRECS;5295.0;8
53700;BOT_TAKER;BOT_MAKER;VELVETFRUIT_EXTRACT;XIRECS;5296.0;3
53700;BOT_TAKER;BOT_MAKER;VEV_5500;XIRECS;8.0;3
53700;SUBMISSION;BOT_TAKER;VELVETFRUIT_EXTRACT;XIRECS;5291.0;3
53800;BOT_TAKER;BOT_MAKER;HYDROGEL_PACK;XIRECS;9964.0;6
53800;BOT_MAKER;BOT_TAKER;VEV_5400;XIRECS;4.0;3
53900;BOT_TAKER;BOT_MAKER;HYDROGEL_PACK;XIRECS;9964.0;5
53900;BOT_MAKER;BOT_TAKER;VEV_4000;XIRECS;1240.0;3
53900;BOT_MAKER;BOT_TAKER;VEV_6500;XIRECS;0.0;2
54000;BOT_TAKER;BOT_MAKER;HYDROGEL_PACK;XIRECS;9962.0;2
54000;BOT_MAKER;BOT_TAKER;VEV_6000;XIRECS;0.0;5
54100;BOT_TAKER;BOT_MAKER;VELVETFRUIT_EXTRACT;XIRECS;5295.0;5
54100;BOT_TAKER;BOT_MAKER;VELVETFRUIT_EXTRACT;XIRECS;5295.0;3
54300;BOT_TAKER;BOT_MAKER;HYDROGEL_PACK;XIRECS;9962.0;2
54300;BOT_MAKER;BOT_TAKER;VEV_5500;XIRECS;7.0;4
54300;BOT_MAKER;BOT_TAKER;VEV_6500;XIRECS;0.0;4
54400;BOT_TAKER;BOT_MAKER;VEV_5400;XIRECS;6.0;2
54500;BOT_MAKER;BOT_TAKER;VELVETFRUIT_EXTRACT;XIRECS;5287.0;6
54500;BOT_TAKER;SUBMISSION;VELVETFRUIT_EXTRACT;XIRECS;5291.0;5
54500;BOT_TAKER;BOT_MAKER;VELVETFRUIT_EXTRACT;XIRECS;5292.0;2
54600;BOT_MAKER;BOT_TAKER;HYDROGEL_PACK;XIRECS;9942.0;6
54600;BOT_TAKER;BOT_MAKER;VELVETFRUIT_EXTRACT;XIRECS;5293.0;3
54700;BOT_TAKER;BOT_MAKER;VELVETFRUIT_EXTRACT;XIRECS;5293.0;5
54800;BOT_MAKER;BOT_TAKER;HYDROGEL_PACK;XIRECS;9939.0;2
54800;BOT_TAKER;BOT_MAKER;VELVETFRUIT_EXTRACT;XIRECS;5292.0;5
54900;BOT_TAKER;BOT_MAKER;VELVETFRUIT_EXTRACT;XIRECS;5292.0;4
55000;BOT_TAKER;BOT_MAKER;VELVETFRUIT_EXTRACT;XIRECS;5292.0;3
55000;BOT_MAKER;BOT_TAKER;VEV_5400;XIRECS;5.0;4
55000;BOT_TAKER;BOT_MAKER;VEV_6000;XIRECS;1.0;4
55100;BOT_MAKER;BOT_TAKER;VELVETFRUIT_EXTRACT;XIRECS;5287.0;8
55300;BOT_MAKER;BOT_TAKER;VEV_5400;XIRECS;5.0;4
55400;BOT_TAKER;BOT_MAKER;HYDROGEL_PACK;XIRECS;9956.0;2
55600;BOT_TAKER;BOT_MAKER;HYDROGEL_PACK;XIRECS;9955.0;4
55600;BOT_MAKER;BOT_TAKER;VELVETFRUIT_EXTRACT;XIRECS;5288.0;8
55600;BOT_MAKER;BOT_TAKER;VEV_5300;XIRECS;46.0;2
55600;SUBMISSION;BOT_TAKER;VELVETFRUIT_EXTRACT;XIRECS;5289.0;4
55700;BOT_MAKER;BOT_TAKER;HYDROGEL_PACK;XIRECS;9938.0;2
55800;BOT_TAKER;BOT_MAKER;HYDROGEL_PACK;XIRECS;9955.0;2
55800;BOT_TAKER;BOT_MAKER;VELVETFRUIT_EXTRACT;XIRECS;5293.0;6
55900;BOT_TAKER;BOT_MAKER;VELVETFRUIT_EXTRACT;XIRECS;5292.0;4
55900;BOT_MAKER;BOT_TAKER;VEV_4000;XIRECS;1249.0;2
56100;BOT_MAKER;BOT_TAKER;VELVETFRUIT_EXTRACT;XIRECS;5290.0;9
56200;BOT_MAKER;BOT_TAKER;VELVETFRUIT_EXTRACT;XIRECS;5292.0;4
56400;BOT_TAKER;BOT_MAKER;VELVETFRUIT_EXTRACT;XIRECS;5297.0;14
56700;BOT_TAKER;BOT_MAKER;VEV_4000;XIRECS;1272.0;3
56700;BOT_TAKER;BOT_MAKER;VEV_4000;XIRECS;1272.0;1
56800;BOT_MAKER;BOT_TAKER;HYDROGEL_PACK;XIRECS;9941.0;6
57000;BOT_TAKER;BOT_MAKER;HYDROGEL_PACK;XIRECS;9955.0;4
57000;BOT_TAKER;SUBMISSION;HYDROGEL_PACK;XIRECS;9954.0;4
57200;BOT_TAKER;BOT_MAKER;VELVETFRUIT_EXTRACT;XIRECS;5296.0;5
57200;BOT_TAKER;SUBMISSION;VEV_4000;XIRECS;1271.0;1
57300;BOT_TAKER;BOT_MAKER;HYDROGEL_PACK;XIRECS;9954.0;6
57400;BOT_MAKER;BOT_TAKER;HYDROGEL_PACK;XIRECS;9936.0;5
57400;BOT_TAKER;BOT_MAKER;VEV_4000;XIRECS;1273.0;3
57400;BOT_TAKER;SUBMISSION;VEV_4000;XIRECS;1272.0;2
57500;SUBMISSION;BOT_TAKER;VELVETFRUIT_EXTRACT;XIRECS;5291.0;4
57600;BOT_TAKER;BOT_MAKER;VELVETFRUIT_EXTRACT;XIRECS;5297.0;3
57600;BOT_MAKER;BOT_TAKER;VEV_5500;XIRECS;7.0;5
57800;BOT_MAKER;BOT_TAKER;VEV_4000;XIRECS;1251.0;3
57900;BOT_TAKER;BOT_MAKER;VELVETFRUIT_EXTRACT;XIRECS;5299.0;5
57900;BOT_TAKER;BOT_MAKER;VEV_4000;XIRECS;1271.0;1
58000;BOT_MAKER;BOT_TAKER;HYDROGEL_PACK;XIRECS;9936.0;5
58000;BOT_MAKER;BOT_TAKER;VEV_6000;XIRECS;0.0;3
58100;BOT_TAKER;BOT_MAKER;VEV_5500;XIRECS;8.0;3
58100;BOT_TAKER;SUBMISSION;HYDROGEL_PACK;XIRECS;9951.0;4
58200;BOT_TAKER;BOT_MAKER;HYDROGEL_PACK;XIRECS;9953.0;2
58200;BOT_MAKER;BOT_TAKER;VELVETFRUIT_EXTRACT;XIRECS;5292.0;6
58300;BOT_TAKER;BOT_MAKER;VELVETFRUIT_EXTRACT;XIRECS;5297.0;5
58300;BOT_TAKER;BOT_MAKER;VEV_4000;XIRECS;1271.0;1
58300;BOT_MAKER;BOT_TAKER;VEV_6500;XIRECS;0.0;4
58400;SUBMISSION;BOT_TAKER;HYDROGEL_PACK;XIRECS;9934.0;5
58400;BOT_MAKER;BOT_TAKER;HYDROGEL_PACK;XIRECS;9933.0;1
58500;BOT_MAKER;BOT_TAKER;HYDROGEL_PACK;XIRECS;9936.0;6
58600;BOT_TAKER;BOT_MAKER;HYDROGEL_PACK;XIRECS;9953.0;2
58700;BOT_TAKER;BOT_MAKER;HYDROGEL_PACK;XIRECS;9952.0;6
58700;BOT_MAKER;BOT_TAKER;VELVETFRUIT_EXTRACT;XIRECS;5293.0;14
58700;BOT_TAKER;BOT_MAKER;VEV_6000;XIRECS;1.0;4
58900;BOT_TAKER;BOT_MAKER;VELVETFRUIT_EXTRACT;XIRECS;5296.0;8
58900;BOT_TAKER;BOT_MAKER;VEV_5500;XIRECS;8.0;3
59000;BOT_TAKER;BOT_MAKER;HYDROGEL_PACK;XIRECS;9960.0;5
59100;BOT_TAKER;BOT_MAKER;VELVETFRUIT_EXTRACT;XIRECS;5297.0;6
59100;BOT_TAKER;BOT_MAKER;VEV_4000;XIRECS;1276.0;2
59200;BOT_MAKER;BOT_TAKER;VEV_6500;XIRECS;0.0;4
59300;BOT_MAKER;BOT_TAKER;HYDROGEL_PACK;XIRECS;9941.0;2
59300;BOT_MAKER;BOT_TAKER;VELVETFRUIT_EXTRACT;XIRECS;5291.0;4
59400;BOT_TAKER;BOT_MAKER;VELVETFRUIT_EXTRACT;XIRECS;5298.0;7
59400;BOT_MAKER;BOT_TAKER;VEV_5300;XIRECS;45.0;4
59400;BOT_MAKER;BOT_TAKER;VEV_6500;XIRECS;0.0;4
59600;BOT_MAKER;BOT_TAKER;HYDROGEL_PACK;XIRECS;9943.0;3
59600;BOT_TAKER;SUBMISSION;VEV_4000;XIRECS;1275.0;2
59800;BOT_TAKER;BOT_MAKER;VELVETFRUIT_EXTRACT;XIRECS;5299.0;4
59900;BOT_MAKER;BOT_TAKER;VELVETFRUIT_EXTRACT;XIRECS;5292.0;3
60000;BOT_TAKER;BOT_MAKER;VEV_4000;XIRECS;1276.0;3
60200;BOT_TAKER;BOT_MAKER;VELVETFRUIT_EXTRACT;XIRECS;5295.0;4
60300;BOT_MAKER;BOT_TAKER;VELVETFRUIT_EXTRACT;XIRECS;5289.0;6
60400;BOT_MAKER;BOT_TAKER;HYDROGEL_PACK;XIRECS;9940.0;4
60400;BOT_TAKER;BOT_MAKER;VEV_4000;XIRECS;1276.0;1
60500;BOT_TAKER;BOT_MAKER;HYDROGEL_PACK;XIRECS;9956.0;3
60500;BOT_MAKER;BOT_TAKER;VEV_4000;XIRECS;1254.0;1
60600;BOT_TAKER;BOT_MAKER;HYDROGEL_PACK;XIRECS;9957.0;2
60600;BOT_MAKER;BOT_TAKER;VELVETFRUIT_EXTRACT;XIRECS;5289.0;10
60700;BOT_TAKER;BOT_MAKER;HYDROGEL_PACK;XIRECS;9954.0;4
60700;BOT_TAKER;BOT_MAKER;VEV_5500;XIRECS;8.0;5
60900;BOT_MAKER;BOT_TAKER;HYDROGEL_PACK;XIRECS;9945.0;4
60900;BOT_TAKER;BOT_MAKER;VELVETFRUIT_EXTRACT;XIRECS;5296.0;4
60900;BOT_TAKER;BOT_MAKER;VEV_4000;XIRECS;1276.0;2
60900;BOT_TAKER;BOT_MAKER;VEV_5500;XIRECS;8.0;4
61200;BOT_TAKER;BOT_MAKER;HYDROGEL_PACK;XIRECS;9960.0;5
61200;BOT_TAKER;BOT_MAKER;VELVETFRUIT_EXTRACT;XIRECS;5296.0;14
61200;BOT_TAKER;BOT_MAKER;VEV_4000;XIRECS;1274.0;1
61400;BOT_TAKER;BOT_MAKER;HYDROGEL_PACK;XIRECS;9959.0;3
61400;BOT_TAKER;BOT_MAKER;VELVETFRUIT_EXTRACT;XIRECS;5295.0;7
61500;BOT_TAKER;BOT_MAKER;VELVETFRUIT_EXTRACT;XIRECS;5295.0;3
61500;BOT_MAKER;BOT_TAKER;VEV_6500;XIRECS;0.0;5
61600;BOT_TAKER;BOT_MAKER;HYDROGEL_PACK;XIRECS;9960.0;2
61600;BOT_MAKER;BOT_TAKER;VEV_5500;XIRECS;7.0;2
61600;BOT_TAKER;BOT_MAKER;VEV_6500;XIRECS;1.0;5
61900;BOT_MAKER;BOT_TAKER;VEV_5500;XIRECS;6.0;2
62000;BOT_TAKER;BOT_MAKER;HYDROGEL_PACK;XIRECS;9963.0;6
62100;BOT_MAKER;BOT_TAKER;VEV_4000;XIRECS;1254.0;3
62200;BOT_MAKER;BOT_TAKER;VELVETFRUIT_EXTRACT;XIRECS;5290.0;5
62300;BOT_TAKER;BOT_MAKER;HYDROGEL_PACK;XIRECS;9965.0;3
62400;BOT_MAKER;BOT_TAKER;VEV_4000;XIRECS;1257.0;3
62400;BOT_TAKER;BOT_MAKER;VEV_6500;XIRECS;1.0;3
62500;BOT_MAKER;BOT_TAKER;VELVETFRUIT_EXTRACT;XIRECS;5289.0;7
62500;BOT_MAKER;BOT_TAKER;VEV_4000;XIRECS;1259.0;1
62500;SUBMISSION;BOT_TAKER;VEV_5100;XIRECS;224.0;1
62600;BOT_TAKER;SUBMISSION;VEV_5400;XIRECS;6.0;2
62700;BOT_MAKER;BOT_TAKER;HYDROGEL_PACK;XIRECS;9951.0;6
62700;BOT_TAKER;BOT_MAKER;VELVETFRUIT_EXTRACT;XIRECS;5293.0;4
62700;BOT_TAKER;BOT_MAKER;VEV_6000;XIRECS;1.0;2
62700;BOT_MAKER;BOT_TAKER;VEV_6000;XIRECS;0.0;4
62700;SUBMISSION;BOT_TAKER;HYDROGEL_PACK;XIRECS;9952.0;5
62800;BOT_MAKER;BOT_TAKER;VEV_4000;XIRECS;1261.0;2
62800;SUBMISSION;BOT_TAKER;VELVETFRUIT_EXTRACT;XIRECS;5290.0;4
63000;BOT_TAKER;BOT_MAKER;VELVETFRUIT_EXTRACT;XIRECS;5292.0;7
63000;BOT_TAKER;BOT_MAKER;VEV_4000;XIRECS;1284.0;2
63000;BOT_TAKER;BOT_MAKER;VEV_5500;XIRECS;8.0;2
63100;BOT_MAKER;BOT_TAKER;VELVETFRUIT_EXTRACT;XIRECS;5287.0;8
63100;SUBMISSION;BOT_TAKER;HYDROGEL_PACK;XIRECS;9951.0;5
63100;BOT_MAKER;BOT_TAKER;HYDROGEL_PACK;XIRECS;9950.0;1
63200;BOT_TAKER;BOT_MAKER;VELVETFRUIT_EXTRACT;XIRECS;5291.0;8
63500;BOT_MAKER;BOT_TAKER;HYDROGEL_PACK;XIRECS;9943.0;2
63500;BOT_MAKER;BOT_TAKER;VELVETFRUIT_EXTRACT;XIRECS;5285.0;4
63500;BOT_TAKER;BOT_MAKER;VEV_6500;XIRECS;1.0;3
63700;BOT_MAKER;BOT_TAKER;HYDROGEL_PACK;XIRECS;9944.0;5
63800;BOT_TAKER;BOT_MAKER;VEV_5500;XIRECS;8.0;4
63900;BOT_MAKER;BOT_TAKER;VEV_4000;XIRECS;1259.0;1
63900;BOT_TAKER;BOT_MAKER;VEV_6500;XIRECS;1.0;3
64000;BOT_MAKER;BOT_TAKER;VEV_6000;XIRECS;0.0;5
64100;BOT_TAKER;BOT_MAKER;HYDROGEL_PACK;XIRECS;9961.0;6
64100;BOT_TAKER;SUBMISSION;VELVETFRUIT_EXTRACT;XIRECS;5292.0;4
64200;BOT_MAKER;BOT_TAKER;HYDROGEL_PACK;XIRECS;9942.0;2
64200;BOT_MAKER;BOT_TAKER;VEV_6500;XIRECS;0.0;4
64400;BOT_TAKER;BOT_MAKER;VEV_4000;XIRECS;1283.0;2
64400;BOT_MAKER;BOT_TAKER;VEV_6500;XIRECS;0.0;2
64700;BOT_TAKER;BOT_MAKER;VELVETFRUIT_EXTRACT;XIRECS;5293.0;7
64800;BOT_TAKER;BOT_MAKER;HYDROGEL_PACK;XIRECS;9948.0;5
64800;BOT_TAKER;SUBMISSION;HYDROGEL_PACK;XIRECS;9947.0;3
64900;BOT_TAKER;BOT_MAKER;VELVETFRUIT_EXTRACT;XIRECS;5293.0;6
65200;BOT_TAKER;BOT_MAKER;VELVETFRUIT_EXTRACT;XIRECS;5292.0;7
65200;BOT_MAKER;BOT_TAKER;VEV_6000;XIRECS;0.0;4
65200;BOT_TAKER;SUBMISSION;VEV_5400;XIRECS;6.0;5
65300;BOT_TAKER;BOT_MAKER;VELVETFRUIT_EXTRACT;XIRECS;5292.0;8
65400;BOT_TAKER;BOT_MAKER;VELVETFRUIT_EXTRACT;XIRECS;5292.0;4
65400;BOT_MAKER;BOT_TAKER;VEV_4000;XIRECS;1263.0;3
65600;BOT_MAKER;BOT_TAKER;VELVETFRUIT_EXTRACT;XIRECS;5287.0;6
65600;BOT_MAKER;BOT_TAKER;VEV_4000;XIRECS;1264.0;2
65700;BOT_MAKER;BOT_TAKER;VELVETFRUIT_EXTRACT;XIRECS;5285.0;3
65800;BOT_TAKER;BOT_MAKER;VELVETFRUIT_EXTRACT;XIRECS;5292.0;13
65900;BOT_TAKER;BOT_MAKER;VEV_4000;XIRECS;1287.0;2
65900;BOT_TAKER;SUBMISSION;VEV_4000;XIRECS;1286.0;1
66000;BOT_MAKER;BOT_TAKER;HYDROGEL_PACK;XIRECS;9929.0;3
66200;BOT_MAKER;BOT_TAKER;HYDROGEL_PACK;XIRECS;9929.0;4
66200;BOT_TAKER;SUBMISSION;HYDROGEL_PACK;XIRECS;9944.0;3
66300;BOT_MAKER;BOT_TAKER;HYDROGEL_PACK;XIRECS;9927.0;5
66400;BOT_TAKER;BOT_MAKER;HYDROGEL_PACK;XIRECS;9942.0;4
66400;BOT_MAKER;BOT_TAKER;VELVETFRUIT_EXTRACT;XIRECS;5283.0;8
66500;BOT_MAKER;BOT_TAKER;VEV_4000;XIRECS;1266.0;2
66500;BOT_MAKER;BOT_TAKER;VEV_5300;XIRECS;45.0;2
66600;BOT_TAKER;BOT_MAKER;VEV_5300;XIRECS;47.0;3
66700;BOT_MAKER;BOT_TAKER;VEV_6000;XIRECS;0.0;2
66800;BOT_TAKER;BOT_MAKER;VELVETFRUIT_EXTRACT;XIRECS;5289.0;8
66800;BOT_MAKER;BOT_TAKER;VEV_4000;XIRECS;1266.0;1
66800;BOT_TAKER;BOT_MAKER;VEV_6500;XIRECS;1.0;5
66900;BOT_TAKER;BOT_MAKER;HYDROGEL_PACK;XIRECS;9942.0;6
66900;BOT_TAKER;BOT_MAKER;HYDROGEL_PACK;XIRECS;9942.0;5
66900;BOT_MAKER;BOT_TAKER;VEV_5400;XIRECS;5.0;2
66900;BOT_MAKER;BOT_TAKER;VEV_6000;XIRECS;0.0;4
66900;BOT_TAKER;BOT_MAKER;VEV_6500;XIRECS;1.0;2
67000;BOT_MAKER;BOT_TAKER;HYDROGEL_PACK;XIRECS;9927.0;5
67000;BOT_MAKER;BOT_TAKER;VELVETFRUIT_EXTRACT;XIRECS;5285.0;6
67000;BOT_TAKER;BOT_MAKER;VEV_6000;XIRECS;1.0;2
67100;BOT_MAKER;BOT_TAKER;VEV_4000;XIRECS;1264.0;2
67100;SUBMISSION;BOT_TAKER;VELVETFRUIT_EXTRACT;XIRECS;5288.0;3
67200;BOT_MAKER;BOT_TAKER;HYDROGEL_PACK;XIRECS;9930.0;6
67200;BOT_TAKER;BOT_MAKER;VELVETFRUIT_EXTRACT;XIRECS;5291.0;8
67200;BOT_MAKER;BOT_TAKER;VEV_5500;XIRECS;7.0;4
67300;BOT_MAKER;BOT_TAKER;HYDROGEL_PACK;XIRECS;9929.0;2
67300;BOT_TAKER;BOT_MAKER;VELVETFRUIT_EXTRACT;XIRECS;5292.0;8
67400;BOT_TAKER;BOT_MAKER;VEV_6000;XIRECS;1.0;5
67500;BOT_TAKER;BOT_MAKER;VELVETFRUIT_EXTRACT;XIRECS;5292.0;11
67500;BOT_TAKER;BOT_MAKER;VEV_5300;XIRECS;46.0;2
67600;BOT_TAKER;BOT_MAKER;HYDROGEL_PACK;XIRECS;9942.0;2
67600;BOT_TAKER;BOT_MAKER;VEV_6500;XIRECS;1.0;2
67800;BOT_MAKER;BOT_TAKER;VEV_6000;XIRECS;0.0;4
68000;BOT_TAKER;BOT_MAKER;VEV_6000;XIRECS;1.0;2
68100;BOT_MAKER;BOT_TAKER;HYDROGEL_PACK;XIRECS;9931.0;5
68100;BOT_TAKER;BOT_MAKER;VELVETFRUIT_EXTRACT;XIRECS;5295.0;7
68100;BOT_TAKER;BOT_MAKER;VEV_6000;XIRECS;1.0;4
68100;BOT_TAKER;SUBMISSION;HYDROGEL_PACK;XIRECS;9946.0;2
68200;BOT_TAKER;BOT_MAKER;VELVETFRUIT_EXTRACT;XIRECS;5295.0;4
68200;BOT_MAKER;BOT_TAKER;VEV_4000;XIRECS;1267.0;1
68200;BOT_MAKER;BOT_TAKER;VEV_5500;XIRECS;7.0;5
68300;BOT_MAKER;BOT_TAKER;HYDROGEL_PACK;XIRECS;9932.0;6
68300;BOT_TAKER;BOT_MAKER;VEV_6500;XIRECS;1.0;5
68400;BOT_MAKER;BOT_TAKER;VEV_4000;XIRECS;1265.0;1
68400;BOT_TAKER;SUBMISSION;VELVETFRUIT_EXTRACT;XIRECS;5294.0;4
68400;BOT_TAKER;SUBMISSION;VEV_4000;XIRECS;1285.0;3
68500;BOT_TAKER;BOT_MAKER;VELVETFRUIT_EXTRACT;XIRECS;5294.0;5
68600;BOT_MAKER;BOT_TAKER;HYDROGEL_PACK;XIRECS;9938.0;5
68600;BOT_MAKER;BOT_TAKER;VEV_5400;XIRECS;6.0;2
68600;BOT_TAKER;BOT_MAKER;VEV_6000;XIRECS;1.0;4
68700;BOT_TAKER;SUBMISSION;VELVETFRUIT_EXTRACT;XIRECS;5295.0;4
68800;BOT_MAKER;BOT_TAKER;HYDROGEL_PACK;XIRECS;9940.0;4
68800;BOT_TAKER;BOT_MAKER;VEV_5400;XIRECS;7.0;4
68900;SUBMISSION;BOT_TAKER;VELVETFRUIT_EXTRACT;XIRECS;5291.0;3
69000;BOT_MAKER;BOT_TAKER;HYDROGEL_PACK;XIRECS;9942.0;4
69100;BOT_TAKER;BOT_MAKER;HYDROGEL_PACK;XIRECS;9957.0;3
69100;BOT_TAKER;BOT_MAKER;VELVETFRUIT_EXTRACT;XIRECS;5295.0;11
69200;BOT_MAKER;BOT_TAKER;VELVETFRUIT_EXTRACT;XIRECS;5289.0;7
69300;BOT_TAKER;BOT_MAKER;VEV_4000;XIRECS;1283.0;2
69300;BOT_TAKER;BOT_MAKER;VEV_6000;XIRECS;1.0;3
69300;BOT_TAKER;SUBMISSION;VEV_4000;XIRECS;1282.0;1
69400;BOT_TAKER;SUBMISSION;HYDROGEL_PACK;XIRECS;9956.0;3
69500;BOT_MAKER;BOT_TAKER;HYDROGEL_PACK;XIRECS;9944.0;5
69700;BOT_TAKER;BOT_MAKER;VEV_5500;XIRECS;9.0;5
69800;BOT_MAKER;BOT_TAKER;VELVETFRUIT_EXTRACT;XIRECS;5288.0;7
69800;BOT_MAKER;BOT_TAKER;VEV_5400;XIRECS;5.0;5
70000;BOT_MAKER;BOT_TAKER;VELVETFRUIT_EXTRACT;XIRECS;5288.0;3
70100;BOT_MAKER;BOT_TAKER;VELVETFRUIT_EXTRACT;XIRECS;5288.0;4
70300;BOT_MAKER;BOT_TAKER;VELVETFRUIT_EXTRACT;XIRECS;5288.0;6
70400;BOT_MAKER;BOT_TAKER;VEV_4000;XIRECS;1271.0;2
70400;BOT_MAKER;BOT_TAKER;VEV_5500;XIRECS;7.0;3
70400;SUBMISSION;BOT_TAKER;VELVETFRUIT_EXTRACT;XIRECS;5291.0;4
70500;BOT_MAKER;BOT_TAKER;HYDROGEL_PACK;XIRECS;9935.0;5
70500;BOT_TAKER;BOT_MAKER;VELVETFRUIT_EXTRACT;XIRECS;5294.0;5
70500;BOT_MAKER;BOT_TAKER;VEV_6000;XIRECS;0.0;4
70600;BOT_MAKER;BOT_TAKER;VEV_5500;XIRECS;7.0;5
70800;BOT_TAKER;BOT_MAKER;HYDROGEL_PACK;XIRECS;9954.0;3
70800;BOT_TAKER;BOT_MAKER;VELVETFRUIT_EXTRACT;XIRECS;5296.0;5
70800;BOT_TAKER;BOT_MAKER;VEV_6500;XIRECS;1.0;4
70900;BOT_TAKER;BOT_MAKER;VELVETFRUIT_EXTRACT;XIRECS;5296.0;7
70900;BOT_MAKER;BOT_TAKER;VEV_4000;XIRECS;1271.0;2
70900;BOT_TAKER;BOT_MAKER;VEV_6000;XIRECS;1.0;5
71000;BOT_TAKER;BOT_MAKER;VELVETFRUIT_EXTRACT;XIRECS;5296.0;7
71100;BOT_MAKER;BOT_TAKER;HYDROGEL_PACK;XIRECS;9932.0;6
71100;BOT_MAKER;BOT_TAKER;VELVETFRUIT_EXTRACT;XIRECS;5290.0;8
71200;BOT_MAKER;BOT_TAKER;VEV_6500;XIRECS;0.0;2
71200;SUBMISSION;BOT_TAKER;HYDROGEL_PACK;XIRECS;9931.0;4
71300;BOT_TAKER;BOT_MAKER;VELVETFRUIT_EXTRACT;XIRECS;5297.0;7
71400;BOT_TAKER;BOT_MAKER;HYDROGEL_PACK;XIRECS;9947.0;6
71400;BOT_MAKER;BOT_TAKER;VELVETFRUIT_EXTRACT;XIRECS;5292.0;3
71400;BOT_MAKER;BOT_TAKER;VEV_4000;XIRECS;1269.0;2
71500;BOT_MAKER;BOT_TAKER;VELVETFRUIT_EXTRACT;XIRECS;5293.0;6
71500;BOT_TAKER;BOT_MAKER;VEV_6500;XIRECS;1.0;5
71600;BOT_MAKER;BOT_TAKER;VELVETFRUIT_EXTRACT;XIRECS;5293.0;6
71700;BOT_TAKER;BOT_MAKER;HYDROGEL_PACK;XIRECS;9946.0;6
71900;BOT_TAKER;BOT_MAKER;VELVETFRUIT_EXTRACT;XIRECS;5300.0;4
71900;BOT_TAKER;BOT_MAKER;VELVETFRUIT_EXTRACT;XIRECS;5300.0;6
71900;BOT_TAKER;SUBMISSION;VELVETFRUIT_EXTRACT;XIRECS;5299.0;3
72000;BOT_TAKER;BOT_MAKER;VELVETFRUIT_EXTRACT;XIRECS;5303.0;7
72100;BOT_MAKER;BOT_TAKER;HYDROGEL_PACK;XIRECS;9933.0;4
72200;BOT_TAKER;BOT_MAKER;HYDROGEL_PACK;XIRECS;9946.0;6
72200;BOT_TAKER;BOT_MAKER;VEV_5400;XIRECS;8.0;3
72300;BOT_MAKER;BOT_TAKER;HYDROGEL_PACK;XIRECS;9930.0;4
72300;BOT_TAKER;BOT_MAKER;VEV_4000;XIRECS;1286.0;3
72400;BOT_MAKER;BOT_TAKER;HYDROGEL_PACK;XIRECS;9929.0;4
72500;BOT_TAKER;BOT_MAKER;VELVETFRUIT_EXTRACT;XIRECS;5302.0;5
72500;BOT_TAKER;BOT_MAKER;VEV_5500;XIRECS;8.0;2
72600;BOT_MAKER;BOT_TAKER;HYDROGEL_PACK;XIRECS;9928.0;5
72600;BOT_MAKER;BOT_TAKER;VELVETFRUIT_EXTRACT;XIRECS;5297.0;6
72800;BOT_TAKER;BOT_MAKER;VEV_6000;XIRECS;1.0;4
72900;BOT_TAKER;BOT_MAKER;VEV_6000;XIRECS;1.0;5
73100;BOT_TAKER;BOT_MAKER;HYDROGEL_PACK;XIRECS;9948.0;2
73100;BOT_TAKER;BOT_MAKER;VEV_4000;XIRECS;1286.0;1
73200;BOT_TAKER;BOT_MAKER;HYDROGEL_PACK;XIRECS;9948.0;3
73200;BOT_MAKER;BOT_TAKER;VELVETFRUIT_EXTRACT;XIRECS;5295.0;5
73300;BOT_MAKER;BOT_TAKER;VEV_5400;XIRECS;7.0;4
73400;BOT_TAKER;BOT_MAKER;HYDROGEL_PACK;XIRECS;9949.0;5
73400;BOT_TAKER;BOT_MAKER;VEV_4000;XIRECS;1285.0;2
73400;BOT_TAKER;BOT_MAKER;VEV_5300;XIRECS;47.0;4
73500;BOT_MAKER;BOT_TAKER;HYDROGEL_PACK;XIRECS;9935.0;2
73500;BOT_MAKER;BOT_TAKER;VELVETFRUIT_EXTRACT;XIRECS;5298.0;4
73500;BOT_MAKER;BOT_TAKER;VEV_6500;XIRECS;0.0;5
73600;BOT_MAKER;BOT_TAKER;VEV_5300;XIRECS;44.0;5
73900;BOT_MAKER;BOT_TAKER;HYDROGEL_PACK;XIRECS;9936.0;2
74000;BOT_TAKER;BOT_MAKER;VEV_5500;XIRECS;8.0;3
74100;BOT_TAKER;BOT_MAKER;VELVETFRUIT_EXTRACT;XIRECS;5301.0;4
74100;SUBMISSION;BOT_TAKER;VEV_4000;XIRECS;1262.0;2
74300;BOT_TAKER;BOT_MAKER;VELVETFRUIT_EXTRACT;XIRECS;5299.0;6
74300;BOT_MAKER;BOT_TAKER;VEV_4000;XIRECS;1262.0;2
74400;BOT_MAKER;BOT_TAKER;VELVETFRUIT_EXTRACT;XIRECS;5294.0;3
74400;BOT_MAKER;BOT_TAKER;VELVETFRUIT_EXTRACT;XIRECS;5294.0;8
74400;BOT_TAKER;BOT_MAKER;VEV_4000;XIRECS;1281.0;2
74400;BOT_TAKER;BOT_MAKER;VEV_5200;XIRECS;77.0;5
74400;BOT_MAKER;BOT_TAKER;VEV_5300;XIRECS;46.0;2
74400;SUBMISSION;BOT_TAKER;VELVETFRUIT_EXTRACT;XIRECS;5295.0;3
74600;BOT_TAKER;SUBMISSION;VELVETFRUIT_EXTRACT;XIRECS;5298.0;5
74600;BOT_TAKER;BOT_MAKER;VELVETFRUIT_EXTRACT;XIRECS;5299.0;2
74700;BOT_TAKER;BOT_MAKER;VELVETFRUIT_EXTRACT;XIRECS;5298.0;7
74700;SUBMISSION;BOT_TAKER;HYDROGEL_PACK;XIRECS;9942.0;5
74700;BOT_MAKER;BOT_TAKER;HYDROGEL_PACK;XIRECS;9941.0;1
74800;BOT_TAKER;BOT_MAKER;VELVETFRUIT_EXTRACT;XIRECS;5300.0;6
74800;BOT_TAKER;BOT_MAKER;VELVETFRUIT_EXTRACT;XIRECS;5300.0;7
74900;BOT_MAKER;BOT_TAKER;VELVETFRUIT_EXTRACT;XIRECS;5295.0;3
74900;BOT_TAKER;BOT_MAKER;VEV_4000;XIRECS;1280.0;3
75200;BOT_MAKER;BOT_TAKER;HYDROGEL_PACK;XIRECS;9945.0;6
75200;BOT_MAKER;BOT_TAKER;VELVETFRUIT_EXTRACT;XIRECS;5297.0;8
75300;BOT_TAKER;SUBMISSION;HYDROGEL_PACK;XIRECS;9958.0;4
75400;BOT_TAKER;BOT_MAKER;VELVETFRUIT_EXTRACT;XIRECS;5302.0;7
75400;BOT_TAKER;BOT_MAKER;VELVETFRUIT_EXTRACT;XIRECS;5302.0;7
75400;BOT_TAKER;SUBMISSION;VELVETFRUIT_EXTRACT;XIRECS;5301.0;5
75400;BOT_TAKER;BOT_MAKER;VELVETFRUIT_EXTRACT;XIRECS;5302.0;3
75500;BOT_MAKER;BOT_TAKER;HYDROGEL_PACK;XIRECS;9945.0;4
75600;BOT_TAKER;BOT_MAKER;VELVETFRUIT_EXTRACT;XIRECS;5302.0;7
75600;BOT_MAKER;BOT_TAKER;VELVETFRUIT_EXTRACT;XIRECS;5296.0;5
75800;BOT_TAKER;BOT_MAKER;HYDROGEL_PACK;XIRECS;9962.0;6
75800;BOT_MAKER;BOT_TAKER;VELVETFRUIT_EXTRACT;XIRECS;5296.0;5
75800;BOT_TAKER;BOT_MAKER;VEV_6500;XIRECS;1.0;3
75900;BOT_MAKER;BOT_TAKER;VELVETFRUIT_EXTRACT;XIRECS;5297.0;7
75900;BOT_MAKER;BOT_TAKER;VELVETFRUIT_EXTRACT;XIRECS;5297.0;6
76000;BOT_TAKER;BOT_MAKER;VELVETFRUIT_EXTRACT;XIRECS;5304.0;5
76000;BOT_TAKER;BOT_MAKER;VEV_5500;XIRECS;8.0;2
76000;BOT_MAKER;BOT_TAKER;VEV_6000;XIRECS;0.0;5
76100;BOT_TAKER;BOT_MAKER;HYDROGEL_PACK;XIRECS;9965.0;5
76100;BOT_MAKER;BOT_TAKER;HYDROGEL_PACK;XIRECS;9949.0;3
76100;BOT_MAKER;BOT_TAKER;VELVETFRUIT_EXTRACT;XIRECS;5299.0;4
76100;BOT_TAKER;SUBMISSION;HYDROGEL_PACK;XIRECS;9964.0;5
76100;BOT_TAKER;BOT_MAKER;HYDROGEL_PACK;XIRECS;9965.0;1
76200;BOT_MAKER;BOT_TAKER;VEV_5300;XIRECS;46.0;5
76300;BOT_TAKER;BOT_MAKER;HYDROGEL_PACK;XIRECS;9966.0;4
76300;BOT_MAKER;BOT_TAKER;VEV_4000;XIRECS;1258.0;2
76500;BOT_TAKER;BOT_MAKER;VELVETFRUIT_EXTRACT;XIRECS;5309.0;5
76600;BOT_MAKER;BOT_TAKER;VEV_6500;XIRECS;0.0;3
76700;BOT_TAKER;BOT_MAKER;VELVETFRUIT_EXTRACT;XIRECS;5308.0;9
76700;BOT_TAKER;BOT_MAKER;VEV_4000;XIRECS;1282.0;3
76800;BOT_TAKER;BOT_MAKER;HYDROGEL_PACK;XIRECS;9966.0;2
76800;BOT_MAKER;BOT_TAKER;VELVETFRUIT_EXTRACT;XIRECS;5302.0;3
76800;BOT_TAKER;BOT_MAKER;VEV_6000;XIRECS;1.0;3
76900;BOT_TAKER;BOT_MAKER;VELVETFRUIT_EXTRACT;XIRECS;5306.0;3
76900;BOT_MAKER;BOT_TAKER;VEV_6000;XIRECS;0.0;3
77000;BOT_TAKER;BOT_MAKER;VELVETFRUIT_EXTRACT;XIRECS;5306.0;8
77000;BOT_MAKER;BOT_TAKER;VEV_4000;XIRECS;1262.0;1
77000;BOT_TAKER;BOT_MAKER;VEV_6000;XIRECS;1.0;4
77100;BOT_TAKER;SUBMISSION;VELVETFRUIT_EXTRACT;XIRECS;5304.0;5
77100;BOT_TAKER;BOT_MAKER;VELVETFRUIT_EXTRACT;XIRECS;5305.0;3
77300;BOT_MAKER;BOT_TAKER;VEV_4000;XIRECS;1267.0;2
77500;BOT_MAKER;BOT_TAKER;HYDROGEL_PACK;XIRECS;9955.0;3
77500;BOT_MAKER;BOT_TAKER;VELVETFRUIT_EXTRACT;XIRECS;5300.0;4
77500;BOT_TAKER;BOT_MAKER;VEV_5400;XIRECS;8.0;5
77500;BOT_MAKER;BOT_TAKER;VEV_6500;XIRECS;0.0;4
77500;BOT_TAKER;SUBMISSION;HYDROGEL_PACK;XIRECS;9970.0;5
77600;BOT_MAKER;BOT_TAKER;HYDROGEL_PACK;XIRECS;9959.0;6
77700;BOT_MAKER;BOT_TAKER;VELVETFRUIT_EXTRACT;XIRECS;5301.0;8
77800;SUBMISSION;BOT_TAKER;HYDROGEL_PACK;XIRECS;9954.0;5
77800;BOT_TAKER;SUBMISSION;VEV_4000;XIRECS;1289.0;3
77900;BOT_TAKER;BOT_MAKER;VELVETFRUIT_EXTRACT;XIRECS;5306.0;7
77900;BOT_MAKER;BOT_TAKER;VEV_5500;XIRECS;6.0;3
78100;BOT_MAKER;BOT_TAKER;VELVETFRUIT_EXTRACT;XIRECS;5301.0;4
78200;BOT_MAKER;BOT_TAKER;VELVETFRUIT_EXTRACT;XIRECS;5301.0;8
78300;BOT_MAKER;BOT_TAKER;VEV_5500;XIRECS;6.0;5
78300;SUBMISSION;BOT_TAKER;VELVETFRUIT_EXTRACT;XIRECS;5300.0;5
78300;BOT_MAKER;BOT_TAKER;VELVETFRUIT_EXTRACT;XIRECS;5299.0;2
78400;BOT_MAKER;BOT_TAKER;VEV_5400;XIRECS;6.0;2
78500;BOT_MAKER;BOT_TAKER;VELVETFRUIT_EXTRACT;XIRECS;5300.0;5
78600;BOT_MAKER;BOT_TAKER;HYDROGEL_PACK;XIRECS;9951.0;5
78600;BOT_TAKER;BOT_MAKER;HYDROGEL_PACK;XIRECS;9967.0;3
78600;BOT_MAKER;BOT_TAKER;VELVETFRUIT_EXTRACT;XIRECS;5302.0;7
78700;BOT_TAKER;BOT_MAKER;HYDROGEL_PACK;XIRECS;9967.0;6
78700;BOT_MAKER;BOT_TAKER;VELVETFRUIT_EXTRACT;XIRECS;5301.0;5
78700;BOT_TAKER;BOT_MAKER;VEV_4000;XIRECS;1292.0;3
78700;SUBMISSION;BOT_TAKER;VEV_4000;XIRECS;1272.0;1
78900;BOT_MAKER;BOT_TAKER;HYDROGEL_PACK;XIRECS;9948.0;4
78900;BOT_TAKER;SUBMISSION;VEV_5500;XIRECS;7.0;3
79000;BOT_TAKER;BOT_MAKER;VELVETFRUIT_EXTRACT;XIRECS;5306.0;3
79000;BOT_TAKER;SUBMISSION;HYDROGEL_PACK;XIRECS;9964.0;2
79200;BOT_TAKER;BOT_MAKER;HYDROGEL_PACK;XIRECS;9966.0;2
79400;BOT_MAKER;BOT_TAKER;VEV_4000;XIRECS;1269.0;2
79500;BOT_TAKER;BOT_MAKER;HYDROGEL_PACK;XIRECS;9962.0;4
79500;BOT_MAKER;BOT_TAKER;VEV_6500;XIRECS;0.0;2
79600;BOT_TAKER;BOT_MAKER;VEV_5500;XIRECS;8.0;4
79700;BOT_TAKER;BOT_MAKER;VELVETFRUIT_EXTRACT;XIRECS;5304.0;5
79800;BOT_MAKER;BOT_TAKER;VELVETFRUIT_EXTRACT;XIRECS;5297.0;8
79800;BOT_MAKER;BOT_TAKER;VEV_4000;XIRECS;1268.0;1
80000;BOT_TAKER;BOT_MAKER;VELVETFRUIT_EXTRACT;XIRECS;5302.0;4
80000;BOT_TAKER;BOT_MAKER;VEV_4000;XIRECS;1287.0;3
80200;BOT_TAKER;BOT_MAKER;VEV_5500;XIRECS;8.0;2
80400;BOT_TAKER;BOT_MAKER;HYDROGEL_PACK;XIRECS;9963.0;5
80400;BOT_MAKER;BOT_TAKER;VELVETFRUIT_EXTRACT;XIRECS;5297.0;5
80400;BOT_TAKER;BOT_MAKER;VEV_6000;XIRECS;1.0;3
80500;BOT_TAKER;BOT_MAKER;HYDROGEL_PACK;XIRECS;9964.0;3
80500;SUBMISSION;BOT_TAKER;VELVETFRUIT_EXTRACT;XIRECS;5298.0;5
80600;BOT_MAKER;BOT_TAKER;HYDROGEL_PACK;XIRECS;9950.0;3
80600;BOT_TAKER;SUBMISSION;VEV_5300;XIRECS;50.0;4
80700;BOT_TAKER;BOT_MAKER;HYDROGEL_PACK;XIRECS;9965.0;5
80900;BOT_MAKER;BOT_TAKER;VELVETFRUIT_EXTRACT;XIRECS;5300.0;5
81100;BOT_TAKER;BOT_MAKER;VEV_4000;XIRECS;1286.0;2
81200;BOT_MAKER;BOT_TAKER;VELVETFRUIT_EXTRACT;XIRECS;5299.0;3
81300;BOT_TAKER;BOT_MAKER;VELVETFRUIT_EXTRACT;XIRECS;5306.0;8
81400;BOT_TAKER;BOT_MAKER;VELVETFRUIT_EXTRACT;XIRECS;5306.0;3
81500;BOT_TAKER;SUBMISSION;VEV_4000;XIRECS;1286.0;1
81800;BOT_TAKER;BOT_MAKER;VELVETFRUIT_EXTRACT;XIRECS;5305.0;7
81900;BOT_MAKER;BOT_TAKER;HYDROGEL_PACK;XIRECS;9940.0;3
81900;BOT_MAKER;BOT_TAKER;VELVETFRUIT_EXTRACT;XIRECS;5300.0;7
81900;BOT_TAKER;BOT_MAKER;VEV_6500;XIRECS;1.0;5
82000;BOT_MAKER;BOT_TAKER;VEV_6000;XIRECS;0.0;4
82100;BOT_TAKER;BOT_MAKER;VELVETFRUIT_EXTRACT;XIRECS;5305.0;8
82100;BOT_MAKER;BOT_TAKER;VELVETFRUIT_EXTRACT;XIRECS;5299.0;7
82100;BOT_TAKER;BOT_MAKER;VEV_4000;XIRECS;1290.0;2
82100;BOT_MAKER;BOT_TAKER;VEV_6500;XIRECS;0.0;2
82200;BOT_MAKER;BOT_TAKER;VELVETFRUIT_EXTRACT;XIRECS;5300.0;7
82300;BOT_MAKER;BOT_TAKER;HYDROGEL_PACK;XIRECS;9934.0;5
82300;BOT_MAKER;BOT_TAKER;VELVETFRUIT_EXTRACT;XIRECS;5300.0;6
82300;BOT_MAKER;BOT_TAKER;VEV_5400;XIRECS;6.0;2
82300;BOT_MAKER;BOT_TAKER;VEV_6500;XIRECS;0.0;2
82400;BOT_TAKER;BOT_MAKER;VEV_6500;XIRECS;1.0;2
82500;BOT_TAKER;BOT_MAKER;VELVETFRUIT_EXTRACT;XIRECS;5304.0;5
82600;BOT_TAKER;BOT_MAKER;HYDROGEL_PACK;XIRECS;9949.0;4
82600;BOT_MAKER;BOT_TAKER;VELVETFRUIT_EXTRACT;XIRECS;5300.0;6
82800;BOT_TAKER;BOT_MAKER;VELVETFRUIT_EXTRACT;XIRECS;5306.0;5
82900;BOT_TAKER;BOT_MAKER;HYDROGEL_PACK;XIRECS;9951.0;5
83300;BOT_TAKER;BOT_MAKER;HYDROGEL_PACK;XIRECS;9949.0;4
83300;BOT_MAKER;BOT_TAKER;VELVETFRUIT_EXTRACT;XIRECS;5298.0;4
83300;BOT_MAKER;BOT_TAKER;VEV_6500;XIRECS;0.0;4
83400;BOT_TAKER;SUBMISSION;HYDROGEL_PACK;XIRECS;9947.0;5
83600;BOT_TAKER;BOT_MAKER;VEV_4000;XIRECS;1287.0;3
83700;BOT_TAKER;BOT_MAKER;VELVETFRUIT_EXTRACT;XIRECS;5305.0;6
83800;BOT_MAKER;BOT_TAKER;VELVETFRUIT_EXTRACT;XIRECS;5299.0;6
83900;BOT_TAKER;BOT_MAKER;VELVETFRUIT_EXTRACT;XIRECS;5305.0;8
84000;BOT_MAKER;BOT_TAKER;HYDROGEL_PACK;XIRECS;9929.0;4
84000;BOT_TAKER;BOT_MAKER;VELVETFRUIT_EXTRACT;XIRECS;5307.0;3
84000;BOT_TAKER;BOT_MAKER;VEV_4000;XIRECS;1285.0;2
84100;BOT_TAKER;BOT_MAKER;VELVETFRUIT_EXTRACT;XIRECS;5307.0;10
84100;BOT_TAKER;BOT_MAKER;VEV_4000;XIRECS;1286.0;2
84100;SUBMISSION;BOT_TAKER;HYDROGEL_PACK;XIRECS;9932.0;3
84200;BOT_TAKER;BOT_MAKER;HYDROGEL_PACK;XIRECS;9949.0;6
84200;BOT_MAKER;BOT_TAKER;VELVETFRUIT_EXTRACT;XIRECS;5303.0;7
84300;BOT_TAKER;BOT_MAKER;VELVETFRUIT_EXTRACT;XIRECS;5308.0;7
84300;BOT_MAKER;BOT_TAKER;VEV_4000;XIRECS;1263.0;1
84400;BOT_TAKER;BOT_MAKER;HYDROGEL_PACK;XIRECS;9952.0;6
84400;BOT_MAKER;BOT_TAKER;VEV_6000;XIRECS;0.0;2
84500;BOT_MAKER;BOT_TAKER;VELVETFRUIT_EXTRACT;XIRECS;5300.0;3
84500;BOT_MAKER;BOT_TAKER;VEV_4000;XIRECS;1266.0;3
84500;BOT_TAKER;BOT_MAKER;VEV_6500;XIRECS;1.0;5
84700;BOT_TAKER;BOT_MAKER;VEV_4000;XIRECS;1288.0;2
84900;SUBMISSION;BOT_TAKER;VEV_4000;XIRECS;1266.0;1
85100;BOT_TAKER;BOT_MAKER;HYDROGEL_PACK;XIRECS;9950.0;5
85100;BOT_MAKER;BOT_TAKER;VELVETFRUIT_EXTRACT;XIRECS;5300.0;5
85100;BOT_TAKER;BOT_MAKER;VEV_5500;XIRECS;8.0;2
85200;BOT_MAKER;BOT_TAKER;VELVETFRUIT_EXTRACT;XIRECS;5300.0;3
85300;BOT_TAKER;BOT_MAKER;VELVETFRUIT_EXTRACT;XIRECS;5306.0;3
85400;BOT_TAKER;BOT_MAKER;HYDROGEL_PACK;XIRECS;9954.0;5
85400;BOT_TAKER;BOT_MAKER;VEV_6000;XIRECS;1.0;3
85500;BOT_MAKER;BOT_TAKER;HYDROGEL_PACK;XIRECS;9937.0;4
85500;SUBMISSION;BOT_TAKER;HYDROGEL_PACK;XIRECS;9938.0;5
85500;BOT_MAKER;BOT_TAKER;HYDROGEL_PACK;XIRECS;9937.0;1
85600;BOT_TAKER;BOT_MAKER;VELVETFRUIT_EXTRACT;XIRECS;5303.0;4
85600;BOT_MAKER;BOT_TAKER;VEV_4000;XIRECS;1270.0;1
85600;BOT_MAKER;BOT_TAKER;VEV_5500;XIRECS;6.0;3
85800;BOT_TAKER;BOT_MAKER;VELVETFRUIT_EXTRACT;XIRECS;5303.0;4
85800;BOT_MAKER;BOT_TAKER;VEV_5500;XIRECS;6.0;2
85900;BOT_MAKER;BOT_TAKER;VEV_4000;XIRECS;1272.0;1
85900;BOT_TAKER;BOT_MAKER;VEV_6500;XIRECS;1.0;5
86000;BOT_MAKER;BOT_TAKER;HYDROGEL_PACK;XIRECS;9937.0;5
86000;BOT_MAKER;BOT_TAKER;VELVETFRUIT_EXTRACT;XIRECS;5297.0;4
86000;BOT_MAKER;BOT_TAKER;VELVETFRUIT_EXTRACT;XIRECS;5297.0;5
86000;BOT_TAKER;BOT_MAKER;VEV_4000;XIRECS;1294.0;2
86000;BOT_MAKER;BOT_TAKER;VEV_5400;XIRECS;7.0;3
86000;BOT_TAKER;BOT_MAKER;VEV_5500;XIRECS;7.0;2
86000;BOT_TAKER;SUBMISSION;VEV_4000;XIRECS;1293.0;3
86100;BOT_MAKER;BOT_TAKER;VEV_5400;XIRECS;7.0;2
86200;BOT_TAKER;BOT_MAKER;VEV_4000;XIRECS;1294.0;3
86200;BOT_MAKER;BOT_TAKER;VEV_5500;XIRECS;6.0;3
86300;BOT_TAKER;BOT_MAKER;VELVETFRUIT_EXTRACT;XIRECS;5297.0;6
86300;BOT_TAKER;BOT_MAKER;VEV_4000;XIRECS;1294.0;3
86400;BOT_TAKER;BOT_MAKER;VELVETFRUIT_EXTRACT;XIRECS;5297.0;5
86400;BOT_MAKER;BOT_TAKER;VEV_4000;XIRECS;1273.0;1
86500;BOT_MAKER;BOT_TAKER;VELVETFRUIT_EXTRACT;XIRECS;5292.0;7
86500;BOT_TAKER;BOT_MAKER;VEV_5400;XIRECS;9.0;3
86800;BOT_TAKER;BOT_MAKER;VEV_5400;XIRECS;9.0;2
86800;SUBMISSION;BOT_TAKER;VEV_4000;XIRECS;1277.0;1
86900;BOT_TAKER;BOT_MAKER;VELVETFRUIT_EXTRACT;XIRECS;5295.0;6
86900;BOT_MAKER;BOT_TAKER;VEV_5400;XIRECS;7.0;5
86900;BOT_TAKER;SUBMISSION;VEV_4000;XIRECS;1295.0;2
87000;BOT_TAKER;BOT_MAKER;HYDROGEL_PACK;XIRECS;9957.0;3
87100;BOT_MAKER;BOT_TAKER;HYDROGEL_PACK;XIRECS;9941.0;2
87100;BOT_MAKER;BOT_TAKER;VELVETFRUIT_EXTRACT;XIRECS;5292.0;3
87200;BOT_TAKER;BOT_MAKER;VEV_4000;XIRECS;1298.0;1
87400;BOT_TAKER;BOT_MAKER;VEV_6000;XIRECS;1.0;4
87500;BOT_MAKER;BOT_TAKER;VEV_6000;XIRECS;0.0;4
87600;BOT_MAKER;BOT_TAKER;VEV_6500;XIRECS;0.0;5
87700;BOT_MAKER;BOT_TAKER;VELVETFRUIT_EXTRACT;XIRECS;5292.0;5
87900;BOT_TAKER;BOT_MAKER;HYDROGEL_PACK;XIRECS;9960.0;2
87900;BOT_MAKER;BOT_TAKER;VELVETFRUIT_EXTRACT;XIRECS;5292.0;3
88100;BOT_TAKER;BOT_MAKER;VELVETFRUIT_EXTRACT;XIRECS;5299.0;4
88100;BOT_TAKER;BOT_MAKER;VEV_4000;XIRECS;1297.0;3
88100;BOT_MAKER;BOT_TAKER;VEV_5500;XIRECS;6.0;5
88400;BOT_TAKER;BOT_MAKER;VEV_6000;XIRECS;1.0;3
88500;BOT_TAKER;BOT_MAKER;VELVETFRUIT_EXTRACT;XIRECS;5297.0;3
88500;BOT_TAKER;BOT_MAKER;VEV_5300;XIRECS;55.0;4
88500;BOT_TAKER;BOT_MAKER;VEV_6500;XIRECS;1.0;2
88500;SUBMISSION;BOT_TAKER;VEV_5300;XIRECS;54.0;5
88600;BOT_TAKER;SUBMISSION;HYDROGEL_PACK;XIRECS;9959.0;5
88600;BOT_TAKER;BOT_MAKER;HYDROGEL_PACK;XIRECS;9960.0;1
88700;BOT_MAKER;BOT_TAKER;HYDROGEL_PACK;XIRECS;9947.0;5
88700;BOT_MAKER;BOT_TAKER;VELVETFRUIT_EXTRACT;XIRECS;5291.0;5
88700;BOT_TAKER;SUBMISSION;VELVETFRUIT_EXTRACT;XIRECS;5296.0;5
88700;BOT_TAKER;BOT_MAKER;VELVETFRUIT_EXTRACT;XIRECS;5297.0;2
88800;BOT_TAKER;BOT_MAKER;VEV_4000;XIRECS;1301.0;3
88900;BOT_MAKER;BOT_TAKER;VEV_4000;XIRECS;1280.0;2
89000;BOT_TAKER;BOT_MAKER;HYDROGEL_PACK;XIRECS;9966.0;4
89000;BOT_TAKER;BOT_MAKER;VELVETFRUIT_EXTRACT;XIRECS;5296.0;8
89000;BOT_MAKER;BOT_TAKER;VEV_5500;XIRECS;6.0;4
89100;BOT_MAKER;BOT_TAKER;HYDROGEL_PACK;XIRECS;9950.0;5
89100;BOT_TAKER;BOT_MAKER;VELVETFRUIT_EXTRACT;XIRECS;5296.0;5
89100;BOT_MAKER;BOT_TAKER;VELVETFRUIT_EXTRACT;XIRECS;5290.0;7
89200;BOT_MAKER;BOT_TAKER;HYDROGEL_PACK;XIRECS;9950.0;3
89200;BOT_MAKER;BOT_TAKER;VELVETFRUIT_EXTRACT;XIRECS;5289.0;3
89200;BOT_TAKER;BOT_MAKER;VEV_5500;XIRECS;7.0;4
89300;SUBMISSION;BOT_TAKER;VEV_4000;XIRECS;1282.0;3
89500;BOT_TAKER;BOT_MAKER;VEV_5500;XIRECS;7.0;4
89700;BOT_TAKER;BOT_MAKER;VELVETFRUIT_EXTRACT;XIRECS;5293.0;6
89800;BOT_TAKER;BOT_MAKER;HYDROGEL_PACK;XIRECS;9961.0;3
89800;BOT_MAKER;BOT_TAKER;VELVETFRUIT_EXTRACT;XIRECS;5288.0;8
89800;BOT_TAKER;BOT_MAKER;VELVETFRUIT_EXTRACT;XIRECS;5294.0;6
89900;BOT_MAKER;BOT_TAKER;HYDROGEL_PACK;XIRECS;9942.0;4
89900;BOT_MAKER;BOT_TAKER;VELVETFRUIT_EXTRACT;XIRECS;5288.0;4
89900;BOT_MAKER;BOT_TAKER;VEV_4000;XIRECS;1280.0;1
90000;BOT_TAKER;BOT_MAKER;HYDROGEL_PACK;XIRECS;9953.0;3
90000;BOT_TAKER;BOT_MAKER;VELVETFRUIT_EXTRACT;XIRECS;5295.0;4
90000;BOT_MAKER;BOT_TAKER;VEV_5400;XIRECS;7.0;5
90100;BOT_MAKER;BOT_TAKER;VELVETFRUIT_EXTRACT;XIRECS;5290.0;7
90400;BOT_TAKER;BOT_MAKER;HYDROGEL_PACK;XIRECS;9951.0;6
90400;BOT_TAKER;BOT_MAKER;VELVETFRUIT_EXTRACT;XIRECS;5297.0;5
90400;BOT_TAKER;BOT_MAKER;VEV_6500;XIRECS;1.0;4
90500;BOT_TAKER;BOT_MAKER;HYDROGEL_PACK;XIRECS;9950.0;2
90600;BOT_TAKER;BOT_MAKER;HYDROGEL_PACK;XIRECS;9952.0;5
90600;BOT_MAKER;BOT_TAKER;VEV_4000;XIRECS;1278.0;2
90600;BOT_MAKER;BOT_TAKER;VEV_5500;XIRECS;6.0;2
90700;BOT_MAKER;BOT_TAKER;HYDROGEL_PACK;XIRECS;9938.0;2
90700;BOT_TAKER;BOT_MAKER;VELVETFRUIT_EXTRACT;XIRECS;5296.0;8
90800;BOT_MAKER;BOT_TAKER;HYDROGEL_PACK;XIRECS;9935.0;3
90800;BOT_TAKER;BOT_MAKER;VELVETFRUIT_EXTRACT;XIRECS;5298.0;6
90900;SUBMISSION;BOT_TAKER;HYDROGEL_PACK;XIRECS;9941.0;4
91000;BOT_TAKER;BOT_MAKER;VELVETFRUIT_EXTRACT;XIRECS;5297.0;4
91000;BOT_MAKER;BOT_TAKER;VEV_4000;XIRECS;1277.0;2
91000;BOT_TAKER;BOT_MAKER;VEV_6000;XIRECS;1.0;2
91100;BOT_MAKER;BOT_TAKER;HYDROGEL_PACK;XIRECS;9939.0;4
91100;BOT_MAKER;BOT_TAKER;VELVETFRUIT_EXTRACT;XIRECS;5292.0;4
91100;BOT_MAKER;BOT_TAKER;VEV_4000;XIRECS;1277.0;2
91100;BOT_TAKER;BOT_MAKER;VEV_6500;XIRECS;1.0;2
91300;BOT_TAKER;SUBMISSION;HYDROGEL_PACK;XIRECS;9951.0;2
91400;BOT_MAKER;BOT_TAKER;VELVETFRUIT_EXTRACT;XIRECS;5290.0;7
91400;BOT_TAKER;BOT_MAKER;VELVETFRUIT_EXTRACT;XIRECS;5295.0;4
91400;BOT_MAKER;BOT_TAKER;VEV_4000;XIRECS;1278.0;1
91500;BOT_MAKER;BOT_TAKER;VEV_5500;XIRECS;6.0;3
91600;BOT_TAKER;BOT_MAKER;VELVETFRUIT_EXTRACT;XIRECS;5298.0;3
91600;BOT_TAKER;BOT_MAKER;VEV_4000;XIRECS;1301.0;1
91600;BOT_MAKER;BOT_TAKER;VEV_6500;XIRECS;0.0;5
91700;BOT_TAKER;BOT_MAKER;VELVETFRUIT_EXTRACT;XIRECS;5298.0;8
91800;BOT_MAKER;BOT_TAKER;HYDROGEL_PACK;XIRECS;9937.0;2
92000;BOT_MAKER;BOT_TAKER;HYDROGEL_PACK;XIRECS;9937.0;3
92100;BOT_MAKER;BOT_TAKER;HYDROGEL_PACK;XIRECS;9935.0;4
92200;BOT_TAKER;BOT_MAKER;VEV_6500;XIRECS;1.0;3
92300;BOT_TAKER;BOT_MAKER;HYDROGEL_PACK;XIRECS;9950.0;4
92300;BOT_TAKER;BOT_MAKER;VEV_4000;XIRECS;1300.0;1
92400;BOT_MAKER;BOT_TAKER;HYDROGEL_PACK;XIRECS;9935.0;5
92500;BOT_TAKER;BOT_MAKER;VEV_4000;XIRECS;1300.0;3
92500;BOT_MAKER;BOT_TAKER;VEV_5300;XIRECS;54.0;2
92600;BOT_MAKER;BOT_TAKER;HYDROGEL_PACK;XIRECS;9940.0;3
92700;BOT_TAKER;BOT_MAKER;HYDROGEL_PACK;XIRECS;9955.0;2
93000;BOT_TAKER;BOT_MAKER;VELVETFRUIT_EXTRACT;XIRECS;5296.0;6
93000;BOT_TAKER;BOT_MAKER;VEV_4000;XIRECS;1301.0;1
93300;BOT_MAKER;BOT_TAKER;HYDROGEL_PACK;XIRECS;9931.0;5
93300;BOT_MAKER;BOT_TAKER;VELVETFRUIT_EXTRACT;XIRECS;5291.0;6
93300;BOT_TAKER;BOT_MAKER;VEV_5400;XIRECS;9.0;5
93400;BOT_TAKER;BOT_MAKER;VELVETFRUIT_EXTRACT;XIRECS;5295.0;3
93400;BOT_TAKER;BOT_MAKER;VEV_6000;XIRECS;1.0;2
93400;BOT_TAKER;BOT_MAKER;VEV_6000;XIRECS;1.0;2
93500;BOT_MAKER;BOT_TAKER;HYDROGEL_PACK;XIRECS;9933.0;6
93500;BOT_MAKER;BOT_TAKER;VELVETFRUIT_EXTRACT;XIRECS;5290.0;8
93600;BOT_TAKER;BOT_MAKER;VEV_4000;XIRECS;1303.0;1
93600;BOT_MAKER;BOT_TAKER;VEV_5400;XIRECS;7.0;2
93700;BOT_TAKER;BOT_MAKER;HYDROGEL_PACK;XIRECS;9956.0;3
93700;BOT_TAKER;SUBMISSION;VELVETFRUIT_EXTRACT;XIRECS;5294.0;3
93800;BOT_MAKER;BOT_TAKER;HYDROGEL_PACK;XIRECS;9941.0;3
93800;BOT_TAKER;BOT_MAKER;VELVETFRUIT_EXTRACT;XIRECS;5293.0;3
93900;BOT_TAKER;BOT_MAKER;VEV_5500;XIRECS;7.0;4
93900;BOT_TAKER;BOT_MAKER;VEV_6000;XIRECS;1.0;4
94000;BOT_TAKER;BOT_MAKER;VELVETFRUIT_EXTRACT;XIRECS;5293.0;3
94000;BOT_TAKER;BOT_MAKER;VEV_5400;XIRECS;8.0;3
94000;SUBMISSION;BOT_TAKER;VELVETFRUIT_EXTRACT;XIRECS;5289.0;3
94100;BOT_TAKER;BOT_MAKER;VEV_6000;XIRECS;1.0;2
94300;BOT_MAKER;BOT_TAKER;VELVETFRUIT_EXTRACT;XIRECS;5290.0;4
94400;BOT_MAKER;BOT_TAKER;HYDROGEL_PACK;XIRECS;9940.0;3
94500;BOT_TAKER;BOT_MAKER;HYDROGEL_PACK;XIRECS;9956.0;6
94500;BOT_MAKER;BOT_TAKER;VEV_4000;XIRECS;1283.0;3
94500;BOT_MAKER;BOT_TAKER;VEV_5500;XIRECS;6.0;4
94500;SUBMISSION;BOT_TAKER;HYDROGEL_PACK;XIRECS;9941.0;4
94600;BOT_MAKER;BOT_TAKER;VELVETFRUIT_EXTRACT;XIRECS;5288.0;5
94700;BOT_MAKER;BOT_TAKER;VELVETFRUIT_EXTRACT;XIRECS;5289.0;11
94700;BOT_TAKER;BOT_MAKER;VEV_5400;XIRECS;8.0;5
94700;BOT_MAKER;BOT_TAKER;VEV_6500;XIRECS;0.0;5
94800;BOT_MAKER;BOT_TAKER;VEV_5400;XIRECS;6.0;3
94800;BOT_MAKER;BOT_TAKER;VEV_5500;XIRECS;6.0;4
94900;BOT_TAKER;BOT_MAKER;VELVETFRUIT_EXTRACT;XIRECS;5293.0;4
94900;BOT_MAKER;BOT_TAKER;VEV_4000;XIRECS;1284.0;3
94900;BOT_MAKER;BOT_TAKER;VEV_6000;XIRECS;0.0;2
94900;SUBMISSION;BOT_TAKER;VELVETFRUIT_EXTRACT;XIRECS;5289.0;5
94900;BOT_MAKER;BOT_TAKER;VELVETFRUIT_EXTRACT;XIRECS;5288.0;1
95100;BOT_MAKER;BOT_TAKER;HYDROGEL_PACK;XIRECS;9942.0;4
95300;BOT_MAKER;BOT_TAKER;VELVETFRUIT_EXTRACT;XIRECS;5288.0;7
95300;BOT_MAKER;BOT_TAKER;VEV_5500;XIRECS;6.0;5
95400;BOT_MAKER;BOT_TAKER;VEV_4000;XIRECS;1282.0;3
95400;BOT_TAKER;BOT_MAKER;VEV_5500;XIRECS;7.0;5
95400;BOT_TAKER;SUBMISSION;HYDROGEL_PACK;XIRECS;9952.0;4
95500;BOT_TAKER;BOT_MAKER;VELVETFRUIT_EXTRACT;XIRECS;5295.0;4
95500;SUBMISSION;BOT_TAKER;VELVETFRUIT_EXTRACT;XIRECS;5290.0;3
95700;BOT_MAKER;BOT_TAKER;VELVETFRUIT_EXTRACT;XIRECS;5290.0;5
95700;BOT_MAKER;BOT_TAKER;VEV_4000;XIRECS;1282.0;2
95700;BOT_TAKER;BOT_MAKER;VEV_4000;XIRECS;1304.0;3
95700;BOT_MAKER;BOT_TAKER;VEV_5500;XIRECS;6.0;2
95700;BOT_TAKER;BOT_MAKER;VEV_6000;XIRECS;1.0;3
95800;BOT_MAKER;BOT_TAKER;VELVETFRUIT_EXTRACT;XIRECS;5290.0;8
95900;BOT_MAKER;BOT_TAKER;VEV_5300;XIRECS;57.0;4
96000;BOT_TAKER;BOT_MAKER;HYDROGEL_PACK;XIRECS;9964.0;2
96000;BOT_MAKER;BOT_TAKER;VELVETFRUIT_EXTRACT;XIRECS;5289.0;4
96000;BOT_TAKER;BOT_MAKER;VEV_4000;XIRECS;1304.0;3
96000;BOT_TAKER;SUBMISSION;VELVETFRUIT_EXTRACT;XIRECS;5292.0;5
96100;BOT_MAKER;BOT_TAKER;HYDROGEL_PACK;XIRECS;9945.0;3
96100;BOT_MAKER;BOT_TAKER;VELVETFRUIT_EXTRACT;XIRECS;5289.0;3
96100;BOT_MAKER;BOT_TAKER;VEV_6000;XIRECS;0.0;4
96100;BOT_TAKER;SUBMISSION;VELVETFRUIT_EXTRACT;XIRECS;5293.0;5
96200;BOT_TAKER;BOT_MAKER;HYDROGEL_PACK;XIRECS;9964.0;5
96300;BOT_TAKER;BOT_MAKER;VELVETFRUIT_EXTRACT;XIRECS;5295.0;8
96400;BOT_MAKER;BOT_TAKER;VELVETFRUIT_EXTRACT;XIRECS;5290.0;9
96500;BOT_MAKER;BOT_TAKER;HYDROGEL_PACK;XIRECS;9944.0;3
96500;BOT_TAKER;BOT_MAKER;VEV_5300;XIRECS;59.0;5
96600;BOT_MAKER;BOT_TAKER;VELVETFRUIT_EXTRACT;XIRECS;5290.0;7
96700;BOT_TAKER;BOT_MAKER;HYDROGEL_PACK;XIRECS;9963.0;6
96700;BOT_MAKER;BOT_TAKER;VELVETFRUIT_EXTRACT;XIRECS;5290.0;6
96800;BOT_MAKER;BOT_TAKER;VEV_5500;XIRECS;6.0;5
96900;BOT_TAKER;BOT_MAKER;VELVETFRUIT_EXTRACT;XIRECS;5297.0;3
97000;BOT_TAKER;BOT_MAKER;VELVETFRUIT_EXTRACT;XIRECS;5297.0;5
97100;BOT_MAKER;BOT_TAKER;HYDROGEL_PACK;XIRECS;9948.0;3
97200;BOT_MAKER;BOT_TAKER;HYDROGEL_PACK;XIRECS;9947.0;5
97200;BOT_TAKER;BOT_MAKER;VEV_5400;XIRECS;8.0;5
97200;BOT_TAKER;BOT_MAKER;VEV_6500;XIRECS;1.0;4
97200;SUBMISSION;BOT_TAKER;VEV_5400;XIRECS;7.0;2
97300;BOT_MAKER;BOT_TAKER;VEV_5500;XIRECS;6.0;3
97400;BOT_MAKER;BOT_TAKER;VELVETFRUIT_EXTRACT;XIRECS;5295.0;8
97400;BOT_MAKER;BOT_TAKER;VELVETFRUIT_EXTRACT;XIRECS;5295.0;6
97400;BOT_TAKER;BOT_MAKER;VEV_6500;XIRECS;1.0;5
97600;BOT_TAKER;BOT_MAKER;VELVETFRUIT_EXTRACT;XIRECS;5299.0;6
97600;BOT_MAKER;BOT_TAKER;VEV_5300;XIRECS;55.0;3
97600;BOT_MAKER;BOT_TAKER;VEV_6500;XIRECS;0.0;2
97800;BOT_TAKER;BOT_MAKER;HYDROGEL_PACK;XIRECS;9966.0;6
97800;BOT_MAKER;BOT_TAKER;VELVETFRUIT_EXTRACT;XIRECS;5294.0;3
97900;BOT_TAKER;BOT_MAKER;HYDROGEL_PACK;XIRECS;9967.0;4
97900;BOT_TAKER;BOT_MAKER;VEV_4000;XIRECS;1299.0;1
98100;BOT_TAKER;BOT_MAKER;VEV_5400;XIRECS;9.0;2
98200;BOT_MAKER;BOT_TAKER;VEV_4000;XIRECS;1281.0;1
98300;BOT_TAKER;BOT_MAKER;HYDROGEL_PACK;XIRECS;9974.0;2
98300;BOT_TAKER;BOT_MAKER;VELVETFRUIT_EXTRACT;XIRECS;5298.0;5
98300;BOT_MAKER;BOT_TAKER;VEV_4000;XIRECS;1282.0;2
98300;BOT_MAKER;BOT_TAKER;VEV_6000;XIRECS;0.0;5
98500;BOT_TAKER;BOT_MAKER;VEV_4000;XIRECS;1305.0;1
98500;BOT_MAKER;BOT_TAKER;VEV_5500;XIRECS;6.0;4
98600;BOT_TAKER;BOT_MAKER;HYDROGEL_PACK;XIRECS;9976.0;3
98700;BOT_MAKER;BOT_TAKER;HYDROGEL_PACK;XIRECS;9957.0;4
98700;BOT_TAKER;BOT_MAKER;VELVETFRUIT_EXTRACT;XIRECS;5297.0;7
98700;BOT_TAKER;BOT_MAKER;VEV_6000;XIRECS;1.0;5
98800;BOT_TAKER;BOT_MAKER;VELVETFRUIT_EXTRACT;XIRECS;5298.0;6
98800;BOT_TAKER;BOT_MAKER;VEV_5500;XIRECS;7.0;3
98900;BOT_TAKER;BOT_MAKER;VELVETFRUIT_EXTRACT;XIRECS;5295.0;8
98900;BOT_MAKER;BOT_TAKER;VEV_4000;XIRECS;1281.0;3
98900;BOT_TAKER;BOT_MAKER;VEV_5500;XIRECS;7.0;5
98900;SUBMISSION;BOT_TAKER;VELVETFRUIT_EXTRACT;XIRECS;5291.0;4
99000;BOT_MAKER;BOT_TAKER;VELVETFRUIT_EXTRACT;XIRECS;5293.0;6
99000;BOT_TAKER;BOT_MAKER;VEV_5500;XIRECS;7.0;3
99000;BOT_TAKER;BOT_MAKER;VEV_6500;XIRECS;1.0;2
99100;BOT_MAKER;BOT_TAKER;VELVETFRUIT_EXTRACT;XIRECS;5294.0;4
99100;BOT_TAKER;SUBMISSION;VEV_4000;XIRECS;1301.0;1
99200;BOT_TAKER;BOT_MAKER;VEV_6500;XIRECS;1.0;5
99400;BOT_TAKER;BOT_MAKER;VEV_4000;XIRECS;1302.0;1
99500;BOT_MAKER;BOT_TAKER;VEV_6500;XIRECS;0.0;4
99500;BOT_TAKER;SUBMISSION;VELVETFRUIT_EXTRACT;XIRECS;5299.0;5
99500;BOT_TAKER;BOT_MAKER;VELVETFRUIT_EXTRACT;XIRECS;5300.0;2
99600;BOT_TAKER;BOT_MAKER;VELVETFRUIT_EXTRACT;XIRECS;5302.0;3
99700;BOT_MAKER;BOT_TAKER;VEV_4000;XIRECS;1281.0;3
99800;BOT_TAKER;BOT_MAKER;VELVETFRUIT_EXTRACT;XIRECS;5303.0;7
99800;BOT_TAKER;BOT_MAKER;VEV_5500;XIRECS;7.0;5
99800;BOT_TAKER;SUBMISSION;HYDROGEL_PACK;XIRECS;9976.0;3
99900;BOT_TAKER;BOT_MAKER;HYDROGEL_PACK;XIRECS;9975.0;5
99900;BOT_TAKER;BOT_MAKER;VELVETFRUIT_EXTRACT;XIRECS;5305.0;4
100000;BOT_MAKER;BOT_TAKER;VELVETFRUIT_EXTRACT;XIRECS;5300.0;5
100000;BOT_MAKER;BOT_TAKER;VEV_4000;XIRECS;1281.0;1
100000;BOT_TAKER;BOT_MAKER;VEV_5400;XIRECS;8.0;3
100100;BOT_MAKER;BOT_TAKER;HYDROGEL_PACK;XIRECS;9957.0;4
100100;BOT_MAKER;BOT_TAKER;VELVETFRUIT_EXTRACT;XIRECS;5300.0;6
100100;BOT_MAKER;BOT_TAKER;VELVETFRUIT_EXTRACT;XIRECS;5300.0;6
100200;BOT_TAKER;BOT_MAKER;HYDROGEL_PACK;XIRECS;9975.0;4
100200;BOT_MAKER;BOT_TAKER;VELVETFRUIT_EXTRACT;XIRECS;5300.0;4
100200;BOT_MAKER;BOT_TAKER;VELVETFRUIT_EXTRACT;XIRECS;5300.0;8
100300;BOT_MAKER;BOT_TAKER;HYDROGEL_PACK;XIRECS;9960.0;2
100300;BOT_MAKER;BOT_TAKER;VELVETFRUIT_EXTRACT;XIRECS;5301.0;4
100400;BOT_MAKER;BOT_TAKER;VELVETFRUIT_EXTRACT;XIRECS;5301.0;3
100400;BOT_TAKER;SUBMISSION;VELVETFRUIT_EXTRACT;XIRECS;5305.0;5
100400;BOT_TAKER;BOT_MAKER;VELVETFRUIT_EXTRACT;XIRECS;5306.0;3
100600;BOT_MAKER;BOT_TAKER;HYDROGEL_PACK;XIRECS;9961.0;4
100600;BOT_TAKER;BOT_MAKER;VELVETFRUIT_EXTRACT;XIRECS;5306.0;8
100600;BOT_TAKER;BOT_MAKER;VEV_6000;XIRECS;1.0;5
100600;BOT_MAKER;BOT_TAKER;VEV_6500;XIRECS;0.0;3
100700;BOT_MAKER;BOT_TAKER;HYDROGEL_PACK;XIRECS;9961.0;3
100800;BOT_MAKER;BOT_TAKER;HYDROGEL_PACK;XIRECS;9961.0;5
100800;BOT_MAKER;BOT_TAKER;VELVETFRUIT_EXTRACT;XIRECS;5300.0;4
100900;BOT_MAKER;BOT_TAKER;HYDROGEL_PACK;XIRECS;9958.0;6
100900;BOT_MAKER;BOT_TAKER;VEV_6000;XIRECS;0.0;4
101000;BOT_MAKER;BOT_TAKER;VEV_4000;XIRECS;1282.0;3
101000;SUBMISSION;BOT_TAKER;HYDROGEL_PACK;XIRECS;9959.0;5
101000;BOT_MAKER;BOT_TAKER;HYDROGEL_PACK;XIRECS;9958.0;1
101100;BOT_MAKER;BOT_TAKER;HYDROGEL_PACK;XIRECS;9959.0;6
101100;BOT_MAKER;BOT_TAKER;VEV_6000;XIRECS;0.0;5
101100;BOT_TAKER;SUBMISSION;HYDROGEL_PACK;XIRECS;9974.0;5
101200;BOT_MAKER;BOT_TAKER;VEV_5500;XIRECS;6.0;2
101300;BOT_TAKER;BOT_MAKER;HYDROGEL_PACK;XIRECS;9975.0;4
101300;BOT_MAKER;BOT_TAKER;VELVETFRUIT_EXTRACT;XIRECS;5301.0;4
101400;BOT_TAKER;BOT_MAKER;HYDROGEL_PACK;XIRECS;9976.0;3
101400;BOT_TAKER;BOT_MAKER;VELVETFRUIT_EXTRACT;XIRECS;5308.0;7
101500;BOT_MAKER;BOT_TAKER;HYDROGEL_PACK;XIRECS;9962.0;5
101500;BOT_TAKER;BOT_MAKER;VELVETFRUIT_EXTRACT;XIRECS;5307.0;10
101600;BOT_MAKER;BOT_TAKER;VELVETFRUIT_EXTRACT;XIRECS;5303.0;4
101600;BOT_TAKER;SUBMISSION;VEV_5400;XIRECS;6.0;5
101700;BOT_MAKER;BOT_TAKER;VELVETFRUIT_EXTRACT;XIRECS;5302.0;5
101800;BOT_TAKER;BOT_MAKER;VEV_6500;XIRECS;1.0;4
101800;SUBMISSION;BOT_TAKER;VELVETFRUIT_EXTRACT;XIRECS;5302.0;5
101800;BOT_MAKER;BOT_TAKER;VELVETFRUIT_EXTRACT;XIRECS;5301.0;5
101900;BOT_MAKER;BOT_TAKER;HYDROGEL_PACK;XIRECS;9963.0;4
101900;BOT_TAKER;BOT_MAKER;VEV_4000;XIRECS;1308.0;2
102000;BOT_MAKER;BOT_TAKER;HYDROGEL_PACK;XIRECS;9964.0;6
102000;BOT_MAKER;BOT_TAKER;VEV_4000;XIRECS;1286.0;1
102100;SUBMISSION;BOT_TAKER;HYDROGEL_PACK;XIRECS;9965.0;2
102200;BOT_MAKER;BOT_TAKER;VEV_4000;XIRECS;1283.0;3
102200;SUBMISSION;BOT_TAKER;VEV_5300;XIRECS;58.0;5
102300;BOT_TAKER;BOT_MAKER;VELVETFRUIT_EXTRACT;XIRECS;5307.0;4
102300;BOT_MAKER;BOT_TAKER;VEV_4000;XIRECS;1282.0;3
102400;BOT_TAKER;BOT_MAKER;VELVETFRUIT_EXTRACT;XIRECS;5306.0;10
102500;BOT_MAKER;BOT_TAKER;VELVETFRUIT_EXTRACT;XIRECS;5303.0;7
102500;BOT_TAKER;SUBMISSION;VEV_5400;XIRECS;6.0;5
102600;BOT_TAKER;BOT_MAKER;VELVETFRUIT_EXTRACT;XIRECS;5307.0;6
102600;BOT_MAKER;BOT_TAKER;VEV_5300;XIRECS;56.0;4
102700;BOT_TAKER;BOT_MAKER;VELVETFRUIT_EXTRACT;XIRECS;5305.0;8
102800;BOT_TAKER;BOT_MAKER;HYDROGEL_PACK;XIRECS;9983.0;2
102900;BOT_MAKER;BOT_TAKER;VEV_5500;XIRECS;6.0;2
103000;BOT_MAKER;BOT_TAKER;HYDROGEL_PACK;XIRECS;9969.0;4
103100;BOT_MAKER;BOT_TAKER;HYDROGEL_PACK;XIRECS;9968.0;2
103100;BOT_TAKER;BOT_MAKER;VEV_5500;XIRECS;7.0;2
103300;BOT_MAKER;BOT_TAKER;HYDROGEL_PACK;XIRECS;9970.0;2
103500;BOT_MAKER;BOT_TAKER;VEV_4000;XIRECS;1286.0;2
103500;BOT_MAKER;BOT_TAKER;VEV_5400;XIRECS;5.0;5
103600;BOT_TAKER;BOT_MAKER;HYDROGEL_PACK;XIRECS;9985.0;5
103600;BOT_TAKER;SUBMISSION;HYDROGEL_PACK;XIRECS;9984.0;4
103600;BOT_TAKER;SUBMISSION;VELVETFRUIT_EXTRACT;XIRECS;5305.0;5
103600;BOT_TAKER;BOT_MAKER;VELVETFRUIT_EXTRACT;XIRECS;5306.0;10
103700;BOT_MAKER;BOT_TAKER;HYDROGEL_PACK;XIRECS;9966.0;3
103800;BOT_TAKER;BOT_MAKER;VEV_4000;XIRECS;1310.0;2
103900;BOT_MAKER;BOT_TAKER;VEV_4000;XIRECS;1289.0;3
103900;BOT_TAKER;SUBMISSION;VELVETFRUIT_EXTRACT;XIRECS;5303.0;5
103900;BOT_TAKER;BOT_MAKER;VELVETFRUIT_EXTRACT;XIRECS;5304.0;3
104000;BOT_MAKER;BOT_TAKER;VEV_6000;XIRECS;0.0;4
104000;BOT_TAKER;SUBMISSION;HYDROGEL_PACK;XIRECS;9980.0;5
104000;BOT_TAKER;BOT_MAKER;HYDROGEL_PACK;XIRECS;9981.0;1
104200;BOT_TAKER;BOT_MAKER;VEV_4000;XIRECS;1310.0;1
104300;BOT_MAKER;BOT_TAKER;VEV_4000;XIRECS;1289.0;1
104400;BOT_MAKER;BOT_TAKER;VELVETFRUIT_EXTRACT;XIRECS;5304.0;7
104500;BOT_TAKER;BOT_MAKER;HYDROGEL_PACK;XIRECS;9972.0;3
104600;BOT_MAKER;BOT_TAKER;VEV_4000;XIRECS;1287.0;3
104600;BOT_TAKER;BOT_MAKER;VEV_5500;XIRECS;8.0;5
104800;BOT_MAKER;BOT_TAKER;VELVETFRUIT_EXTRACT;XIRECS;5302.0;5
104800;BOT_MAKER;BOT_TAKER;VEV_5500;XIRECS;7.0;5
104800;BOT_TAKER;BOT_MAKER;VEV_6500;XIRECS;1.0;5
104900;BOT_TAKER;BOT_MAKER;VELVETFRUIT_EXTRACT;XIRECS;5309.0;3
105000;BOT_MAKER;BOT_TAKER;HYDROGEL_PACK;XIRECS;9956.0;6
105300;BOT_TAKER;BOT_MAKER;VELVETFRUIT_EXTRACT;XIRECS;5309.0;4
105300;BOT_TAKER;BOT_MAKER;VEV_4000;XIRECS;1310.0;2
105400;BOT_TAKER;BOT_MAKER;VEV_4000;XIRECS;1308.0;3
105400;BOT_TAKER;SUBMISSION;VEV_4000;XIRECS;1307.0;3
105500;BOT_TAKER;BOT_MAKER;HYDROGEL_PACK;XIRECS;9977.0;6
105500;BOT_MAKER;BOT_TAKER;VELVETFRUIT_EXTRACT;XIRECS;5306.0;8
105500;BOT_TAKER;SUBMISSION;HYDROGEL_PACK;XIRECS;9976.0;2
105600;BOT_MAKER;BOT_TAKER;VELVETFRUIT_EXTRACT;XIRECS;5305.0;4
105700;BOT_TAKER;BOT_MAKER;VELVETFRUIT_EXTRACT;XIRECS;5312.0;7
105800;BOT_TAKER;BOT_MAKER;HYDROGEL_PACK;XIRECS;9976.0;5
105800;BOT_TAKER;BOT_MAKER;VELVETFRUIT_EXTRACT;XIRECS;5310.0;5
105800;SUBMISSION;BOT_TAKER;VELVETFRUIT_EXTRACT;XIRECS;5306.0;4
105900;SUBMISSION;BOT_TAKER;HYDROGEL_PACK;XIRECS;9961.0;5
105900;BOT_MAKER;BOT_TAKER;HYDROGEL_PACK;XIRECS;9960.0;1
106000;BOT_TAKER;SUBMISSION;HYDROGEL_PACK;XIRECS;9979.0;5
106000;BOT_TAKER;BOT_MAKER;HYDROGEL_PACK;XIRECS;9980.0;1
106100;BOT_TAKER;BOT_MAKER;HYDROGEL_PACK;XIRECS;9980.0;6
106100;BOT_MAKER;BOT_TAKER;VELVETFRUIT_EXTRACT;XIRECS;5305.0;4
106100;BOT_TAKER;BOT_MAKER;VEV_4000;XIRECS;1307.0;3
106100;BOT_TAKER;BOT_MAKER;VEV_5400;XIRECS;8.0;5
106200;BOT_MAKER;BOT_TAKER;HYDROGEL_PACK;XIRECS;9964.0;5
106200;BOT_TAKER;BOT_MAKER;VELVETFRUIT_EXTRACT;XIRECS;5312.0;5
106200;BOT_MAKER;BOT_TAKER;VEV_6000;XIRECS;0.0;5
106300;BOT_TAKER;BOT_MAKER;VEV_4000;XIRECS;1307.0;2
106400;BOT_TAKER;BOT_MAKER;HYDROGEL_PACK;XIRECS;9981.0;6
106400;BOT_MAKER;BOT_TAKER;VELVETFRUIT_EXTRACT;XIRECS;5306.0;5
106500;BOT_TAKER;BOT_MAKER;VELVETFRUIT_EXTRACT;XIRECS;5310.0;4
106500;BOT_TAKER;BOT_MAKER;VEV_5300;XIRECS;57.0;4
106600;BOT_MAKER;BOT_TAKER;HYDROGEL_PACK;XIRECS;9966.0;5
106600;BOT_MAKER;BOT_TAKER;VELVETFRUIT_EXTRACT;XIRECS;5306.0;8
106700;BOT_TAKER;BOT_MAKER;VEV_6000;XIRECS;1.0;5
106800;BOT_TAKER;SUBMISSION;VELVETFRUIT_EXTRACT;XIRECS;5312.0;5
106900;BOT_MAKER;BOT_TAKER;HYDROGEL_PACK;XIRECS;9972.0;6
106900;BOT_MAKER;BOT_TAKER;VELVETFRUIT_EXTRACT;XIRECS;5308.0;8
106900;BOT_TAKER;SUBMISSION;VEV_4000;XIRECS;1308.0;1
107100;BOT_MAKER;BOT_TAKER;HYDROGEL_PACK;XIRECS;9978.0;2
107200;BOT_MAKER;BOT_TAKER;HYDROGEL_PACK;XIRECS;9975.0;2
107200;BOT_MAKER;BOT_TAKER;VELVETFRUIT_EXTRACT;XIRECS;5309.0;4
107200;BOT_TAKER;BOT_MAKER;VEV_5400;XIRECS;7.0;4
107300;BOT_MAKER;BOT_TAKER;HYDROGEL_PACK;XIRECS;9978.0;6
107300;BOT_MAKER;BOT_TAKER;VEV_4000;XIRECS;1289.0;3
107400;BOT_MAKER;BOT_TAKER;VELVETFRUIT_EXTRACT;XIRECS;5309.0;4
107400;BOT_MAKER;BOT_TAKER;VEV_6000;XIRECS;0.0;3
107500;BOT_TAKER;BOT_MAKER;VELVETFRUIT_EXTRACT;XIRECS;5314.0;7
107500;BOT_TAKER;BOT_MAKER;VEV_5400;XIRECS;8.0;5
107700;BOT_TAKER;BOT_MAKER;VEV_6000;XIRECS;1.0;4
107800;BOT_MAKER;BOT_TAKER;VELVETFRUIT_EXTRACT;XIRECS;5306.0;5
107800;SUBMISSION;BOT_TAKER;VELVETFRUIT_EXTRACT;XIRECS;5307.0;4
107900;BOT_MAKER;BOT_TAKER;VEV_5500;XIRECS;7.0;5
107900;BOT_TAKER;BOT_MAKER;VEV_6000;XIRECS;1.0;2
107900;SUBMISSION;BOT_TAKER;HYDROGEL_PACK;XIRECS;9980.0;5
107900;BOT_TAKER;SUBMISSION;VELVETFRUIT_EXTRACT;XIRECS;5312.0;4
108000;BOT_TAKER;BOT_MAKER;VELVETFRUIT_EXTRACT;XIRECS;5312.0;4
108000;BOT_MAKER;BOT_TAKER;VEV_5200;XIRECS;67.0;2
108000;SUBMISSION;BOT_TAKER;HYDROGEL_PACK;XIRECS;9979.0;2
108100;BOT_TAKER;BOT_MAKER;HYDROGEL_PACK;XIRECS;9994.0;5
108100;BOT_MAKER;BOT_TAKER;VELVETFRUIT_EXTRACT;XIRECS;5307.0;3
108200;BOT_TAKER;BOT_MAKER;HYDROGEL_PACK;XIRECS;9992.0;5
108200;BOT_MAKER;BOT_TAKER;VELVETFRUIT_EXTRACT;XIRECS;5307.0;6
108200;BOT_MAKER;BOT_TAKER;VEV_5400;XIRECS;7.0;2
108200;SUBMISSION;BOT_TAKER;HYDROGEL_PACK;XIRECS;9977.0;5
108200;BOT_MAKER;BOT_TAKER;HYDROGEL_PACK;XIRECS;9976.0;1
108400;BOT_TAKER;BOT_MAKER;HYDROGEL_PACK;XIRECS;9988.0;6
108400;BOT_MAKER;BOT_TAKER;VELVETFRUIT_EXTRACT;XIRECS;5307.0;3
108500;BOT_TAKER;BOT_MAKER;HYDROGEL_PACK;XIRECS;9988.0;6
108500;BOT_MAKER;BOT_TAKER;VELVETFRUIT_EXTRACT;XIRECS;5307.0;7
108600;BOT_TAKER;BOT_MAKER;VELVETFRUIT_EXTRACT;XIRECS;5311.0;7
108600;BOT_TAKER;SUBMISSION;VEV_4000;XIRECS;1309.0;3
108700;BOT_TAKER;BOT_MAKER;HYDROGEL_PACK;XIRECS;9986.0;2
108700;BOT_TAKER;BOT_MAKER;VELVETFRUIT_EXTRACT;XIRECS;5311.0;3
108700;BOT_MAKER;BOT_TAKER;VEV_5400;XIRECS;7.0;2
108700;SUBMISSION;BOT_TAKER;VELVETFRUIT_EXTRACT;XIRECS;5307.0;5
108800;BOT_TAKER;BOT_MAKER;HYDROGEL_PACK;XIRECS;9985.0;3
108900;BOT_MAKER;BOT_TAKER;VELVETFRUIT_EXTRACT;XIRECS;5305.0;3
108900;BOT_MAKER;BOT_TAKER;VEV_5300;XIRECS;58.0;4
109000;BOT_TAKER;BOT_MAKER;VEV_6000;XIRECS;1.0;5
109000;BOT_TAKER;SUBMISSION;VELVETFRUIT_EXTRACT;XIRECS;5311.0;5
109000;BOT_TAKER;BOT_MAKER;VELVETFRUIT_EXTRACT;XIRECS;5312.0;3
109100;BOT_MAKER;BOT_TAKER;HYDROGEL_PACK;XIRECS;9970.0;5
109100;BOT_MAKER;BOT_TAKER;VEV_6500;XIRECS;0.0;5
109200;BOT_TAKER;BOT_MAKER;VEV_4000;XIRECS;1307.0;2
109300;BOT_MAKER;BOT_TAKER;HYDROGEL_PACK;XIRECS;9973.0;2
109300;BOT_MAKER;BOT_TAKER;VELVETFRUIT_EXTRACT;XIRECS;5305.0;6
109500;BOT_TAKER;BOT_MAKER;HYDROGEL_PACK;XIRECS;9987.0;2
109500;BOT_MAKER;BOT_TAKER;VEV_5500;XIRECS;8.0;4
109500;BOT_MAKER;BOT_TAKER;VEV_6500;XIRECS;0.0;4
109600;BOT_TAKER;BOT_MAKER;VELVETFRUIT_EXTRACT;XIRECS;5310.0;3
109600;SUBMISSION;BOT_TAKER;HYDROGEL_PACK;XIRECS;9969.0;3
109700;BOT_MAKER;BOT_TAKER;VELVETFRUIT_EXTRACT;XIRECS;5307.0;9
109700;BOT_MAKER;BOT_TAKER;VEV_6000;XIRECS;0.0;5
109800;BOT_TAKER;BOT_MAKER;VELVETFRUIT_EXTRACT;XIRECS;5311.0;8
109900;BOT_MAKER;BOT_TAKER;HYDROGEL_PACK;XIRECS;9967.0;2
109900;BOT_TAKER;BOT_MAKER;VELVETFRUIT_EXTRACT;XIRECS;5312.0;3
110000;BOT_MAKER;BOT_TAKER;HYDROGEL_PACK;XIRECS;9966.0;5
110100;SUBMISSION;BOT_TAKER;VELVETFRUIT_EXTRACT;XIRECS;5309.0;5
110100;BOT_MAKER;BOT_TAKER;VELVETFRUIT_EXTRACT;XIRECS;5308.0;2
110200;BOT_MAKER;BOT_TAKER;HYDROGEL_PACK;XIRECS;9967.0;6
110200;BOT_MAKER;BOT_TAKER;VEV_4000;XIRECS;1280.0;2
110200;BOT_TAKER;SUBMISSION;VEV_4000;XIRECS;1301.0;1
110300;BOT_MAKER;BOT_TAKER;HYDROGEL_PACK;XIRECS;9963.0;6
110300;BOT_MAKER;BOT_TAKER;VEV_6000;XIRECS;0.0;2
110400;BOT_MAKER;BOT_TAKER;VELVETFRUIT_EXTRACT;XIRECS;5307.0;4
110500;BOT_MAKER;BOT_TAKER;VEV_5400;XIRECS;7.0;2
110600;BOT_TAKER;BOT_MAKER;HYDROGEL_PACK;XIRECS;9979.0;4
110600;BOT_TAKER;BOT_MAKER;VELVETFRUIT_EXTRACT;XIRECS;5310.0;8
110600;BOT_TAKER;BOT_MAKER;VEV_6500;XIRECS;1.0;4
110700;BOT_TAKER;BOT_MAKER;HYDROGEL_PACK;XIRECS;9982.0;6
110700;BOT_MAKER;BOT_TAKER;VEV_5500;XIRECS;9.0;2
110700;BOT_TAKER;SUBMISSION;HYDROGEL_PACK;XIRECS;9981.0;5
110700;BOT_TAKER;BOT_MAKER;HYDROGEL_PACK;XIRECS;9982.0;1
110800;BOT_MAKER;BOT_TAKER;VELVETFRUIT_EXTRACT;XIRECS;5306.0;12
110800;BOT_TAKER;SUBMISSION;HYDROGEL_PACK;XIRECS;9981.0;4
110900;BOT_MAKER;BOT_TAKER;VELVETFRUIT_EXTRACT;XIRECS;5305.0;8
111000;BOT_TAKER;BOT_MAKER;VELVETFRUIT_EXTRACT;XIRECS;5311.0;6
111100;BOT_MAKER;BOT_TAKER;HYDROGEL_PACK;XIRECS;9965.0;2
111200;BOT_MAKER;BOT_TAKER;HYDROGEL_PACK;XIRECS;9962.0;6
111200;BOT_MAKER;BOT_TAKER;VEV_5500;XIRECS;8.0;4
111200;SUBMISSION;BOT_TAKER;HYDROGEL_PACK;XIRECS;9963.0;3
111500;BOT_MAKER;BOT_TAKER;VELVETFRUIT_EXTRACT;XIRECS;5304.0;10
111800;BOT_MAKER;BOT_TAKER;HYDROGEL_PACK;XIRECS;9958.0;6
111800;BOT_MAKER;BOT_TAKER;VELVETFRUIT_EXTRACT;XIRECS;5305.0;6
111800;SUBMISSION;BOT_TAKER;VEV_4000;XIRECS;1282.0;1
111900;BOT_TAKER;BOT_MAKER;VELVETFRUIT_EXTRACT;XIRECS;5309.0;7
112000;BOT_TAKER;BOT_MAKER;VEV_6000;XIRECS;1.0;5
112100;BOT_TAKER;BOT_MAKER;VEV_5500;XIRECS;10.0;4
112100;BOT_MAKER;BOT_TAKER;VEV_6000;XIRECS;0.0;2
112200;BOT_TAKER;BOT_MAKER;VELVETFRUIT_EXTRACT;XIRECS;5309.0;3
112200;BOT_TAKER;BOT_MAKER;VEV_5500;XIRECS;10.0;4
112300;BOT_TAKER;BOT_MAKER;VEV_6500;XIRECS;1.0;2
112400;BOT_MAKER;BOT_TAKER;VEV_5500;XIRECS;8.0;2
112500;BOT_TAKER;BOT_MAKER;VEV_4000;XIRECS;1303.0;1
112500;BOT_TAKER;BOT_MAKER;VEV_4000;XIRECS;1303.0;3
112600;BOT_TAKER;BOT_MAKER;VELVETFRUIT_EXTRACT;XIRECS;5309.0;7
112700;BOT_MAKER;BOT_TAKER;VEV_6000;XIRECS;0.0;2
112800;BOT_TAKER;BOT_MAKER;HYDROGEL_PACK;XIRECS;9980.0;2
112800;BOT_MAKER;BOT_TAKER;VELVETFRUIT_EXTRACT;XIRECS;5304.0;7
112900;BOT_MAKER;BOT_TAKER;VELVETFRUIT_EXTRACT;XIRECS;5305.0;10
113000;BOT_MAKER;BOT_TAKER;VEV_5500;XIRECS;8.0;4
113000;BOT_TAKER;SUBMISSION;VELVETFRUIT_EXTRACT;XIRECS;5310.0;3
113100;BOT_MAKER;BOT_TAKER;VELVETFRUIT_EXTRACT;XIRECS;5305.0;8
113100;BOT_MAKER;BOT_TAKER;VEV_5300;XIRECS;55.0;2
113100;BOT_TAKER;SUBMISSION;VELVETFRUIT_EXTRACT;XIRECS;5310.0;5
113200;BOT_MAKER;BOT_TAKER;VEV_4000;XIRECS;1287.0;2
113200;SUBMISSION;BOT_TAKER;HYDROGEL_PACK;XIRECS;9961.0;2
113300;BOT_MAKER;BOT_TAKER;VELVETFRUIT_EXTRACT;XIRECS;5304.0;5
113400;BOT_TAKER;BOT_MAKER;VEV_5500;XIRECS;9.0;2
113400;BOT_MAKER;BOT_TAKER;VEV_6000;XIRECS;0.0;2
113600;BOT_MAKER;BOT_TAKER;HYDROGEL_PACK;XIRECS;9964.0;5
113700;BOT_TAKER;BOT_MAKER;HYDROGEL_PACK;XIRECS;9982.0;6
113700;BOT_MAKER;BOT_TAKER;VEV_6500;XIRECS;0.0;3
113700;SUBMISSION;BOT_TAKER;VELVETFRUIT_EXTRACT;XIRECS;5304.0;5
113900;BOT_MAKER;BOT_TAKER;VELVETFRUIT_EXTRACT;XIRECS;5302.0;8
113900;BOT_TAKER;BOT_MAKER;VEV_5400;XIRECS;9.0;2
113900;BOT_MAKER;BOT_TAKER;VEV_5500;XIRECS;8.0;4
114000;BOT_MAKER;BOT_TAKER;VEV_4000;XIRECS;1284.0;2
114100;BOT_TAKER;BOT_MAKER;VELVETFRUIT_EXTRACT;XIRECS;5308.0;13
114200;BOT_TAKER;BOT_MAKER;VEV_4000;XIRECS;1306.0;3
114200;BOT_MAKER;BOT_TAKER;VEV_6000;XIRECS;0.0;3
114300;BOT_TAKER;BOT_MAKER;VELVETFRUIT_EXTRACT;XIRECS;5307.0;3
114300;BOT_MAKER;BOT_TAKER;VEV_4000;XIRECS;1285.0;2
114400;BOT_MAKER;BOT_TAKER;VEV_4000;XIRECS;1284.0;2
114500;BOT_TAKER;BOT_MAKER;VELVETFRUIT_EXTRACT;XIRECS;5308.0;13
114500;BOT_TAKER;BOT_MAKER;VEV_4000;XIRECS;1305.0;1
114500;BOT_MAKER;BOT_TAKER;VEV_6000;XIRECS;0.0;4
114500;BOT_TAKER;SUBMISSION;VEV_4000;XIRECS;1304.0;3
114800;BOT_TAKER;BOT_MAKER;HYDROGEL_PACK;XIRECS;9976.0;6
114800;BOT_TAKER;SUBMISSION;VELVETFRUIT_EXTRACT;XIRECS;5308.0;4
115000;BOT_MAKER;BOT_TAKER;VEV_5500;XIRECS;8.0;5
115100;BOT_MAKER;BOT_TAKER;VEV_4000;XIRECS;1283.0;2
115100;BOT_MAKER;BOT_TAKER;VEV_4000;XIRECS;1283.0;2
115200;BOT_MAKER;BOT_TAKER;VEV_4000;XIRECS;1283.0;3
115300;BOT_MAKER;BOT_TAKER;VELVETFRUIT_EXTRACT;XIRECS;5303.0;6
