day;timestamp;product;bid_price_1;bid_volume_1;bid_price_2;bid_volume_2;bid_price_3;bid_volume_3;ask_price_1;ask_volume_1;ask_price_2;ask_volume_2;ask_price_3;ask_volume_3;mid_price;profit_and_loss
-1;0;ASH_COATED_OSMIUM;9992;12;9990;30;;;10008;12;10010;30;;;10000.0;0.0
-1;0;HYDROGEL_PACK;9971;11;9969;22;;;9987;11;9990;22;;;9979.0;0.0
-1;0;INTARIAN_PEPPER_ROOT;13093;11;13090;17;;;13107;11;13110;17;;;13100.0;0.0
-1;0;VELVETFRUIT_EXTRACT;5259;45;;;;;5265;56;5266;39;;;5262.0;0.0
-1;0;VEV_4000;1252;13;1249;22;;;1273;13;1276;22;;;1262.5;0.0
-1;0;VEV_4500;754;6;752;21;;;770;6;772;21;;;762.0;0.0
-1;0;VEV_5000;263;6;262;16;;;269;8;270;14;;;266.0;0.0
-1;0;VEV_5100;173;20;;;;;177;6;178;24;;;175.0;0.0
-1;0;VEV_5200;100;31;99;16;;;102;6;103;21;;;101.0;0.0
-1;0;VEV_5300;49;28;;;;;;;;;;;49.0;0.0
-1;0;VEV_5400;16;6;15;19;;;;;;;;;16.0;0.0
-1;0;VEV_5500;6;22;;;;;7;22;;;;;6.5;0.0
-1;0;VEV_6000;0;28;;;;;1;28;;;;;0.5;0.0
-1;0;VEV_6500;0;14;;;;;1;14;;;;;0.5;0.0
-1;100;ASH_COATED_OSMIUM;9992;11;9989;27;;;10010;27;;;;;10001.0;0.0
-1;100;HYDROGEL_PACK;9972;11;9969;28;;;9988;11;9990;28;;;9980.0;0.0
-1;100;INTARIAN_PEPPER_ROOT;13090;19;;;;;13107;8;13110;19;;;13098.5;0.0
-1;100;VELVETFRUIT_EXTRACT;5260;36;;;;;5266;17;;;;;5263.0;0.0
-1;100;VEV_4000;1253;11;1251;21;;;1274;11;1277;21;;;1263.5;0.0
-1;100;VEV_4500;756;7;754;12;;;772;7;774;12;;;764.0;0.0
-1;100;VEV_5000;262;11;;;;;268;12;269;12;;;265.0;0.0
-1;100;VEV_5100;173;29;172;16;;;;;;;;;173.0;0.0
-1;100;VEV_5200;100;27;;;;;104;19;;;;;102.0;0.0
-1;100;VEV_5300;49;22;;;;;51;22;;;;;50.0;0.0
-1;100;VEV_5400;15;21;;;;;17;21;;;;;16.0;0.0
-1;100;VEV_5500;6;27;;;;;7;18;;;;;6.5;0.0
-1;100;VEV_6000;0;23;;;;;1;23;;;;;0.5;0.0
-1;100;VEV_6500;0;10;;;;;1;10;;;;;0.5;0.0
-1;200;ASH_COATED_OSMIUM;9992;15;9990;24;;;10008;15;10011;24;;;10000.0;0.0
-1;200;HYDROGEL_PACK;9971;12;9968;30;;;9987;12;9989;30;;;9979.0;0.0
-1;200;INTARIAN_PEPPER_ROOT;13097;7;13093;11;;;13107;11;13111;16;;;13102.0;0.0
-1;200;VELVETFRUIT_EXTRACT;5259;41;;;;;5265;34;;;;;5262.0;0.0
-1;200;VEV_4000;1253;13;1251;19;;;1274;13;1277;19;;;1263.5;0.0
-1;200;VEV_4500;757;12;755;21;;;773;12;775;21;;;765.0;0.0
-1;200;VEV_5000;261;23;;;;;;;;;;;261.0;0.0
-1;200;VEV_5100;;;;;;;177;30;;;;;177.0;0.0
-1;200;VEV_5200;;;;;;;;;;;;;0.0;0.0
-1;200;VEV_5300;50;8;;;;;52;29;;;;;51.0;0.0
-1;200;VEV_5400;;;;;;;17;24;;;;;17.0;0.0
-1;200;VEV_5500;6;22;;;;;7;27;;;;;6.5;0.0
-1;200;VEV_6000;0;23;;;;;1;23;;;;;0.5;0.0
-1;200;VEV_6500;0;14;;;;;1;14;;;;;0.5;0.0
-1;300;ASH_COATED_OSMIUM;9990;27;;;;;10009;11;;;;;9999.5;0.0
-1;300;HYDROGEL_PACK;9970;15;9968;24;;;9986;15;9989;24;;;9978.0;0.0
-1;300;INTARIAN_PEPPER_ROOT;13093;10;13090;19;;;13107;10;13111;19;;;13100.0;0.0
-1;300;VELVETFRUIT_EXTRACT;5260;24;;;;;5265;19;5266;63;;;5262.5;0.0
-1;300;VEV_4000;1254;9;1251;23;;;1275;9;1278;23;;;1264.5;0.0
-1;300;VEV_4500;756;10;754;15;;;772;10;774;15;;;764.0;0.0
-1;300;VEV_5000;261;8;260;30;;;268;15;;;;;264.5;0.0
-1;300;VEV_5100;170;24;;;;;175;10;176;15;;;172.5;0.0
-1;300;VEV_5200;102;24;101;19;;;105;33;;;;;103.5;0.0
-1;300;VEV_5300;49;21;;;;;;;;;;;49.0;0.0
-1;300;VEV_5400;15;20;;;;;17;15;;;;;16.0;0.0
-1;300;VEV_5500;6;20;;;;;7;16;;;;;6.5;0.0
-1;300;VEV_6000;0;23;;;;;1;23;;;;;0.5;0.0
-1;300;VEV_6500;0;16;;;;;1;16;;;;;0.5;0.0
-1;400;ASH_COATED_OSMIUM;9993;15;;;;;10009;15;10012;20;;;10001.0;0.0
-1;400;HYDROGEL_PACK;9971;15;9968;30;;;9987;15;9989;30;;;9979.0;0.0
-1;400;INTARIAN_PEPPER_ROOT;13093;10;13090;25;;;13107;10;13111;25;;;13100.0;0.0
-1;400;VELVETFRUIT_EXTRACT;5260;24;5259;49;;;5265;64;5266;39;;;5262.5;0.0
-1;400;VEV_4000;1254;12;1251;25;;;1275;12;1278;25;;;1264.5;0.0
-1;400;VEV_4500;755;10;753;17;;;771;10;773;17;;;763.0;0.0
-1;400;VEV_5000;260;8;259;32;;;266;27;267;19;;;263.0;0.0
-1;400;VEV_5100;;;;;;;175;35;176;13;;;175.0;0.0
-1;400;VEV_5200;101;12;100;21;;;103;35;104;25;;;102.0;0.0
-1;400;VEV_5300;49;24;48;18;;;51;19;52;14;;;50.0;0.0
-1;400;VEV_5400;15;7;;;;;16;15;17;16;;;15.5;0.0
-1;400;VEV_5500;6;24;;;;;7;24;;;;;6.5;0.0
-1;400;VEV_6000;0;18;;;;;1;18;;;;;0.5;0.0
-1;400;VEV_6500;0;17;;;;;1;17;;;;;0.5;0.0
-1;500;ASH_COATED_OSMIUM;9992;10;9990;25;;;;;;;;;9992.0;0.0
-1;500;HYDROGEL_PACK;9967;12;9964;29;;;9983;12;9985;29;;;9975.0;0.0
-1;500;INTARIAN_PEPPER_ROOT;13093;9;13090;20;;;13108;9;13111;20;;;13100.5;0.0
-1;500;VELVETFRUIT_EXTRACT;5258;56;;;;;5264;64;;;;;5261.0;0.0
-1;500;VEV_4000;1253;12;1251;26;;;1275;12;1277;26;;;1264.0;0.0
-1;500;VEV_4500;755;6;753;21;;;;;;;;;755.0;0.0
-1;500;VEV_5000;261;31;;;;;267;8;268;20;;;264.0;0.0
-1;500;VEV_5100;171;9;170;26;;;175;33;176;13;;;173.0;0.0
-1;500;VEV_5200;102;21;;;;;;;;;;;102.0;0.0
-1;500;VEV_5300;49;25;;;;;51;16;;;;;50.0;0.0
-1;500;VEV_5400;;;;;;;17;15;;;;;17.0;0.0
-1;500;VEV_5500;6;6;;;;;7;18;;;;;6.5;0.0
-1;500;VEV_6000;0;19;;;;;1;19;;;;;0.5;0.0
-1;500;VEV_6500;0;18;;;;;1;18;;;;;0.5;0.0
-1;600;ASH_COATED_OSMIUM;9992;12;9989;20;;;10008;12;10010;20;;;10000.0;0.0
-1;600;HYDROGEL_PACK;9967;10;9964;24;;;9983;10;9985;24;;;9975.0;0.0
-1;600;INTARIAN_PEPPER_ROOT;13094;12;;;;;13108;12;;;;;13101.0;0.0
-1;600;VELVETFRUIT_EXTRACT;5258;24;5257;47;;;5263;58;5264;42;;;5260.5;0.0
-1;600;VEV_4000;1255;7;1252;16;;;1276;7;1279;16;;;1265.5;0.0
-1;600;VEV_4500;754;9;752;22;;;770;9;771;9;772;22;762.0;0.0
-1;600;VEV_5000;260;15;;;;;267;11;268;15;;;263.5;0.0
-1;600;VEV_5100;;;;;;;175;32;176;23;;;175.0;0.0
-1;600;VEV_5200;;;;;;;104;22;;;;;104.0;0.0
-1;600;VEV_5300;50;22;;;;;52;28;;;;;51.0;0.0
-1;600;VEV_5400;15;6;14;23;;;16;20;;;;;15.5;0.0
-1;600;VEV_5500;6;24;;;;;7;17;;;;;6.5;0.0
-1;600;VEV_6000;0;19;;;;;1;19;;;;;0.5;0.0
-1;600;VEV_6500;0;17;;;;;1;17;;;;;0.5;0.0
-1;700;ASH_COATED_OSMIUM;9989;23;;;;;10008;13;;;;;9998.5;0.0
-1;700;HYDROGEL_PACK;9970;10;9967;28;;;9986;10;9988;28;;;9978.0;0.0
-1;700;INTARIAN_PEPPER_ROOT;13094;9;13090;22;;;;;;;;;13094.0;0.0
-1;700;VELVETFRUIT_EXTRACT;5259;18;5258;46;;;5263;18;5264;17;;;5261.0;0.0
-1;700;VEV_4000;1257;9;1255;29;;;1278;9;1281;29;;;1267.5;0.0
-1;700;VEV_4500;754;8;752;20;;;770;8;772;20;;;762.0;0.0
-1;700;VEV_5000;;;;;;;266;8;267;21;;;266.0;0.0
-1;700;VEV_5100;171;6;170;20;;;175;8;;;;;173.0;0.0
-1;700;VEV_5200;100;23;;;;;103;9;104;36;;;101.5;0.0
-1;700;VEV_5300;50;19;;;;;52;11;52;24;;;51.0;0.0
-1;700;VEV_5400;15;26;15;24;;;17;28;;;;;16.0;0.0
-1;700;VEV_5500;6;20;;;;;7;25;;;;;6.5;0.0
-1;700;VEV_6000;0;23;;;;;1;23;;;;;0.5;0.0
-1;700;VEV_6500;0;15;;;;;1;15;;;;;0.5;0.0
-1;800;ASH_COATED_OSMIUM;9993;12;9990;25;;;10009;12;10011;25;;;10001.0;0.0
-1;800;HYDROGEL_PACK;9967;11;9964;21;;;9985;21;;;;;9976.0;0.0
-1;800;INTARIAN_PEPPER_ROOT;13094;8;13090;20;;;13111;20;;;;;13102.5;0.0
-1;800;VELVETFRUIT_EXTRACT;5258;16;5257;44;5257;33;5262;16;5263;31;5264;44;5260.0;0.0
-1;800;VEV_4000;1256;10;1253;27;;;1277;10;1280;27;;;1266.5;0.0
-1;800;VEV_4500;753;7;751;19;;;769;7;771;19;;;761.0;0.0
-1;800;VEV_5000;261;7;260;21;;;267;7;268;16;;;264.0;0.0
-1;800;VEV_5100;172;22;;;;;177;24;;;;;174.5;0.0
-1;800;VEV_5200;102;24;;;;;104;11;105;17;;;103.0;0.0
-1;800;VEV_5300;50;16;;;;;52;19;53;20;;;51.0;0.0
-1;800;VEV_5400;;;;;;;17;23;;;;;17.0;0.0
-1;800;VEV_5500;6;22;;;;;7;19;;;;;6.5;0.0
-1;800;VEV_6000;0;29;;;;;1;29;;;;;0.5;0.0
-1;800;VEV_6500;0;17;;;;;1;17;;;;;0.5;0.0
-1;900;ASH_COATED_OSMIUM;9993;12;;;;;10009;12;10011;28;;;10001.0;0.0
-1;900;HYDROGEL_PACK;9961;23;;;;;9979;11;9982;23;;;9970.0;0.0
-1;900;INTARIAN_PEPPER_ROOT;13094;8;13091;21;;;13108;8;13111;21;;;13101.0;0.0
-1;900;VELVETFRUIT_EXTRACT;5256;62;;;;;5262;21;;;;;5259.0;0.0
-1;900;VEV_4000;1256;9;1253;17;;;1277;9;1279;17;;;1266.5;0.0
-1;900;VEV_4500;753;12;751;19;;;769;12;771;19;;;761.0;0.0
-1;900;VEV_5000;260;6;;;;;266;9;267;24;;;263.0;0.0
-1;900;VEV_5100;173;10;172;16;;;177;12;178;13;;;175.0;0.0
-1;900;VEV_5200;101;35;100;20;;;104;29;;;;;102.5;0.0
-1;900;VEV_5300;50;20;;;;;52;5;;;;;51.0;0.0
-1;900;VEV_5400;;;;;;;;;;;;;0.0;0.0
-1;900;VEV_5500;6;17;;;;;7;19;;;;;6.5;0.0
-1;900;VEV_6000;0;21;;;;;1;21;;;;;0.5;0.0
-1;900;VEV_6500;0;13;;;;;1;13;;;;;0.5;0.0
-1;1000;ASH_COATED_OSMIUM;9990;21;;;;;10009;13;10011;21;;;9999.5;0.0
-1;1000;HYDROGEL_PACK;9964;12;9961;24;;;9980;12;9982;24;;;9972.0;0.0
-1;1000;INTARIAN_PEPPER_ROOT;13094;12;;;;;13108;12;13111;22;;;13101.0;0.0
-1;1000;VELVETFRUIT_EXTRACT;5257;62;;;;;5263;30;;;;;5260.0;0.0
-1;1000;VEV_4000;1255;9;1253;18;;;1276;9;1279;18;;;1265.5;0.0
-1;1000;VEV_4500;753;6;751;15;;;771;15;;;;;762.0;0.0
-1;1000;VEV_5000;260;9;;;;;266;10;;;;;263.0;0.0
-1;1000;VEV_5100;172;13;;;;;178;31;;;;;175.0;0.0
-1;1000;VEV_5200;101;8;;;;;103;8;104;31;;;102.0;0.0
-1;1000;VEV_5300;;;;;;;;;;;;;0.0;0.0
-1;1000;VEV_5400;15;20;14;25;;;16;24;;;;;15.5;0.0
-1;1000;VEV_5500;6;21;;;;;7;26;;;;;6.5;0.0
-1;1000;VEV_6000;0;21;;;;;1;21;;;;;0.5;0.0
-1;1000;VEV_6500;0;17;;;;;1;17;;;;;0.5;0.0
-1;1100;ASH_COATED_OSMIUM;9990;28;;;;;10009;10;10011;28;;;9999.5;0.0
-1;1100;HYDROGEL_PACK;9963;10;9961;23;;;9979;10;9982;23;;;9971.0;0.0
-1;1100;INTARIAN_PEPPER_ROOT;13094;11;;;;;13111;16;;;;;13102.5;0.0
-1;1100;VELVETFRUIT_EXTRACT;5258;23;5257;34;;;5262;23;5263;58;5264;44;5260.0;0.0
-1;1100;VEV_4000;1256;7;1254;21;;;1278;7;1280;21;;;1267.0;0.0
-1;1100;VEV_4500;752;14;;;;;770;11;772;14;;;761.0;0.0
-1;1100;VEV_5000;258;24;;;;;264;12;265;22;;;261.0;0.0
-1;1100;VEV_5100;173;11;172;19;;;177;22;178;23;;;175.0;0.0
-1;1100;VEV_5200;100;29;;;;;104;32;;;;;102.0;0.0
-1;1100;VEV_5300;50;20;;;;;52;24;;;;;51.0;0.0
-1;1100;VEV_5400;;;;;;;17;29;;;;;17.0;0.0
-1;1100;VEV_5500;6;24;;;;;7;23;;;;;6.5;0.0
-1;1100;VEV_6000;0;23;;;;;1;23;;;;;0.5;0.0
-1;1100;VEV_6500;0;10;;;;;1;10;;;;;0.5;0.0
-1;1200;ASH_COATED_OSMIUM;9991;25;;;;;10012;25;;;;;10001.5;0.0
-1;1200;HYDROGEL_PACK;9963;29;;;;;9982;12;9984;29;;;9972.5;0.0
-1;1200;INTARIAN_PEPPER_ROOT;13094;11;13091;25;;;13108;11;13112;25;;;13101.0;0.0
-1;1200;VELVETFRUIT_EXTRACT;5257;49;;;;;5263;44;;;;;5260.0;0.0
-1;1200;VEV_4000;1257;13;1255;24;;;1279;13;1281;24;;;1268.0;0.0
-1;1200;VEV_4500;756;10;754;23;;;772;10;774;23;;;764.0;0.0
-1;1200;VEV_5000;259;12;;;;;265;11;266;16;;;262.0;0.0
-1;1200;VEV_5100;174;25;173;13;;;179;15;;;;;176.5;0.0
-1;1200;VEV_5200;101;23;;;;;104;26;;;;;102.5;0.0
-1;1200;VEV_5300;50;29;;;;;;;;;;;50.0;0.0
-1;1200;VEV_5400;14;18;;;;;15;29;16;27;;;14.5;0.0
-1;1200;VEV_5500;6;27;;;;;7;27;;;;;6.5;0.0
-1;1200;VEV_6000;0;27;;;;;1;27;;;;;0.5;0.0
-1;1200;VEV_6500;0;15;;;;;1;15;;;;;0.5;0.0
-1;1300;ASH_COATED_OSMIUM;9993;13;9990;23;;;;;;;;;9993.0;0.0
-1;1300;HYDROGEL_PACK;9965;13;9963;21;;;9981;13;9984;21;;;9973.0;0.0
-1;1300;INTARIAN_PEPPER_ROOT;13094;10;;;;;13108;10;13112;19;;;13101.0;0.0
-1;1300;VELVETFRUIT_EXTRACT;5256;48;;;;;5261;16;5262;63;;;5258.5;0.0
-1;1300;VEV_4000;1258;15;1256;28;;;1280;15;1282;28;;;1269.0;0.0
-1;1300;VEV_4500;756;8;754;12;;;772;8;774;12;;;764.0;0.0
-1;1300;VEV_5000;257;7;256;20;;;263;8;264;17;;;260.0;0.0
-1;1300;VEV_5100;172;21;;;;;177;24;;;;;174.5;0.0
-1;1300;VEV_5200;;;;;;;104;21;105;25;;;104.0;0.0
-1;1300;VEV_5300;50;28;;;;;52;11;52;22;;;51.0;0.0
-1;1300;VEV_5400;14;26;;;;;16;29;;;;;15.0;0.0
-1;1300;VEV_5500;6;19;;;;;7;25;;;;;6.5;0.0
-1;1300;VEV_6000;0;23;;;;;1;23;;;;;0.5;0.0
-1;1300;VEV_6500;0;13;;;;;1;13;;;;;0.5;0.0
-1;1400;ASH_COATED_OSMIUM;;;;;;;10009;13;10011;29;;;10009.0;0.0
-1;1400;HYDROGEL_PACK;9965;11;9963;22;;;9981;11;9984;22;;;9973.0;0.0
-1;1400;INTARIAN_PEPPER_ROOT;13091;24;;;;;13112;24;;;;;13101.5;0.0
-1;1400;VELVETFRUIT_EXTRACT;5256;16;5255;59;;;5260;16;5261;72;5262;32;5258.0;0.0
-1;1400;VEV_4000;1258;9;1255;28;;;1279;9;1282;28;;;1268.5;0.0
-1;1400;VEV_4500;757;6;756;12;755;22;773;6;775;22;;;765.0;0.0
-1;1400;VEV_5000;255;6;254;16;;;262;14;;;;;258.5;0.0
-1;1400;VEV_5100;174;12;173;22;;;178;19;179;20;;;176.0;0.0
-1;1400;VEV_5200;102;29;101;32;;;105;19;;;;;103.5;0.0
-1;1400;VEV_5300;50;8;49;19;;;52;26;;;;;51.0;0.0
-1;1400;VEV_5400;14;29;;;;;16;27;;;;;15.0;0.0
-1;1400;VEV_5500;6;20;;;;;7;22;;;;;6.5;0.0
-1;1400;VEV_6000;0;19;;;;;1;19;;;;;0.5;0.0
-1;1400;VEV_6500;0;15;;;;;1;15;;;;;0.5;0.0
-1;1500;ASH_COATED_OSMIUM;9992;12;9990;29;;;10008;12;10011;29;;;10000.0;0.0
-1;1500;HYDROGEL_PACK;9964;11;9962;28;;;9980;11;9983;28;;;9972.0;0.0
-1;1500;INTARIAN_PEPPER_ROOT;13094;10;13091;25;;;13109;10;13112;25;;;13101.5;0.0
-1;1500;VELVETFRUIT_EXTRACT;5255;64;;;;;5261;68;;;;;5258.0;0.0
-1;1500;VEV_4000;1257;13;1254;23;;;1278;13;1281;23;;;1267.5;0.0
-1;1500;VEV_4500;754;22;;;;;772;12;774;22;;;763.0;0.0
-1;1500;VEV_5000;255;7;;;;;261;12;262;14;;;258.0;0.0
-1;1500;VEV_5100;174;29;;;;;179;11;180;19;;;176.5;0.0
-1;1500;VEV_5200;;;;;;;;;;;;;0.0;0.0
-1;1500;VEV_5300;50;29;;;;;52;25;53;11;;;51.0;0.0
-1;1500;VEV_5400;14;22;14;10;;;16;21;;;;;15.0;0.0
-1;1500;VEV_5500;5;21;;;;;7;24;;;;;6.0;0.0
-1;1500;VEV_6000;0;24;;;;;1;24;;;;;0.5;0.0
-1;1500;VEV_6500;0;14;;;;;1;14;;;;;0.5;0.0
-1;1600;ASH_COATED_OSMIUM;9993;13;9991;28;;;10009;13;;;;;10001.0;0.0
-1;1600;HYDROGEL_PACK;9965;13;9962;29;;;9981;13;9983;29;;;9973.0;0.0
-1;1600;INTARIAN_PEPPER_ROOT;13095;10;13091;15;;;13109;10;;;;;13102.0;0.0
-1;1600;VELVETFRUIT_EXTRACT;5254;33;;;;;5260;23;;;;;5257.0;0.0
-1;1600;VEV_4000;1257;14;1254;20;;;1278;14;1281;20;;;1267.5;0.0
-1;1600;VEV_4500;756;9;754;22;;;774;22;;;;;765.0;0.0
-1;1600;VEV_5000;255;16;;;;;262;7;263;20;;;258.5;0.0
-1;1600;VEV_5100;175;23;174;20;;;180;13;;;;;177.5;0.0
-1;1600;VEV_5200;;;;;;;;;;;;;0.0;0.0
-1;1600;VEV_5300;50;28;49;11;;;52;21;;;;;51.0;0.0
-1;1600;VEV_5400;14;11;;;;;16;26;;;;;15.0;0.0
-1;1600;VEV_5500;5;19;;;;;6;19;;;;;5.5;0.0
-1;1600;VEV_6000;0;29;;;;;1;29;;;;;0.5;0.0
-1;1600;VEV_6500;0;17;;;;;1;17;;;;;0.5;0.0
-1;1700;ASH_COATED_OSMIUM;9990;26;;;;;10008;15;10011;26;;;9999.0;0.0
-1;1700;HYDROGEL_PACK;9963;13;9961;28;;;9979;13;9982;28;;;9971.0;0.0
-1;1700;INTARIAN_PEPPER_ROOT;13095;12;13091;25;;;;;;;;;13095.0;0.0
-1;1700;VELVETFRUIT_EXTRACT;5255;18;5254;25;;;5260;58;;;;;5257.5;0.0
-1;1700;VEV_4000;1258;13;1256;29;;;1280;13;1282;29;;;1269.0;0.0
-1;1700;VEV_4500;755;6;;;;;771;6;773;19;;;763.0;0.0
-1;1700;VEV_5000;255;30;;;;;261;12;262;21;;;258.0;0.0
-1;1700;VEV_5100;;;;;;;178;33;;;;;178.0;0.0
-1;1700;VEV_5200;100;19;;;;;103;25;104;22;;;101.5;0.0
-1;1700;VEV_5300;50;24;;;;;52;28;;;;;51.0;0.0
-1;1700;VEV_5400;;;;;;;14;22;15;20;;;14.0;0.0
-1;1700;VEV_5500;5;30;;;;;6;27;;;;;5.5;0.0
-1;1700;VEV_6000;0;20;;;;;1;20;;;;;0.5;0.0
-1;1700;VEV_6500;0;12;;;;;1;12;;;;;0.5;0.0
-1;1800;ASH_COATED_OSMIUM;9993;13;9990;26;;;10009;13;10011;26;;;10001.0;0.0
-1;1800;HYDROGEL_PACK;9966;11;9963;24;;;9982;11;9984;24;;;9974.0;0.0
-1;1800;INTARIAN_PEPPER_ROOT;13095;11;13091;22;;;13109;11;13112;22;;;13102.0;0.0
-1;1800;VELVETFRUIT_EXTRACT;5255;62;5255;23;5254;33;5261;43;;;;;5258.0;0.0
-1;1800;VEV_4000;1258;8;1255;19;;;1279;8;1281;19;;;1268.5;0.0
-1;1800;VEV_4500;756;7;754;19;;;772;7;774;19;;;764.0;0.0
-1;1800;VEV_5000;257;8;256;18;;;263;6;264;19;;;260.0;0.0
-1;1800;VEV_5100;173;14;;;;;178;32;;;;;175.5;0.0
-1;1800;VEV_5200;102;12;101;26;;;104;8;;;;;103.0;0.0
-1;1800;VEV_5300;50;21;;;;;52;24;53;10;;;51.0;0.0
-1;1800;VEV_5400;14;21;14;27;;;16;20;;;;;15.0;0.0
-1;1800;VEV_5500;5;28;;;;;7;27;;;;;6.0;0.0
-1;1800;VEV_6000;0;28;;;;;1;28;;;;;0.5;0.0
-1;1800;VEV_6500;0;11;;;;;1;11;;;;;0.5;0.0
-1;1900;ASH_COATED_OSMIUM;9993;10;9990;28;;;10011;28;;;;;10002.0;0.0
-1;1900;HYDROGEL_PACK;9967;13;9964;27;;;9983;13;9985;27;;;9975.0;0.0
-1;1900;INTARIAN_PEPPER_ROOT;13095;9;13092;19;;;13109;9;13112;19;;;13102.0;0.0
-1;1900;VELVETFRUIT_EXTRACT;5254;48;;;;;5260;32;;;;;5257.0;0.0
-1;1900;VEV_4000;1258;15;1256;19;;;1279;15;1282;19;;;1268.5;0.0
-1;1900;VEV_4500;756;9;754;20;;;772;9;774;20;;;764.0;0.0
-1;1900;VEV_5000;257;27;;;;;263;12;264;24;;;260.0;0.0
-1;1900;VEV_5100;174;21;173;16;;;178;12;179;24;;;176.0;0.0
-1;1900;VEV_5200;102;7;;;;;104;32;105;12;;;103.0;0.0
-1;1900;VEV_5300;51;19;50;13;;;53;22;53;20;;;52.0;0.0
-1;1900;VEV_5400;14;22;;;;;15;26;16;21;;;14.5;0.0
-1;1900;VEV_5500;5;27;;;;;;;;;;;5.0;0.0
-1;1900;VEV_6000;0;24;;;;;1;24;;;;;0.5;0.0
-1;1900;VEV_6500;0;14;;;;;1;14;;;;;0.5;0.0
-1;2000;ASH_COATED_OSMIUM;9992;14;;;;;10008;14;10011;24;;;10000.0;0.0
-1;2000;HYDROGEL_PACK;9969;13;9966;20;;;9985;13;9987;20;;;9977.0;0.0
-1;2000;INTARIAN_PEPPER_ROOT;13095;8;13092;25;;;13109;8;13112;25;;;13102.0;0.0
-1;2000;VELVETFRUIT_EXTRACT;5256;17;5255;66;;;5261;41;;;;;5258.5;0.0
-1;2000;VEV_4000;1259;13;1256;30;;;1280;13;1283;30;;;1269.5;0.0
-1;2000;VEV_4500;753;12;;;;;771;6;773;12;;;762.0;0.0
-1;2000;VEV_5000;258;9;257;16;;;264;21;;;;;261.0;0.0
-1;2000;VEV_5100;174;22;;;;;178;8;179;32;;;176.0;0.0
-1;2000;VEV_5200;103;10;102;29;;;;;;;;;103.0;0.0
-1;2000;VEV_5300;;;;;;;52;20;;;;;52.0;0.0
-1;2000;VEV_5400;14;28;;;;;15;25;16;20;;;14.5;0.0
-1;2000;VEV_5500;5;22;;;;;7;29;;;;;6.0;0.0
-1;2000;VEV_6000;0;27;;;;;1;27;;;;;0.5;0.0
-1;2000;VEV_6500;0;11;;;;;1;11;;;;;0.5;0.0
-1;2100;ASH_COATED_OSMIUM;9992;14;9990;28;;;10008;14;10011;28;;;10000.0;0.0
-1;2100;HYDROGEL_PACK;9968;15;9966;29;;;9984;15;9987;29;;;9976.0;0.0
-1;2100;INTARIAN_PEPPER_ROOT;13095;10;;;;;;;;;;;13095.0;0.0
-1;2100;VELVETFRUIT_EXTRACT;5256;56;5256;21;;;5262;37;5262;40;;;5259.0;0.0
-1;2100;VEV_4000;1259;12;1257;25;;;1280;12;1283;25;;;1269.5;0.0
-1;2100;VEV_4500;755;11;753;14;;;773;14;;;;;764.0;0.0
-1;2100;VEV_5000;257;8;256;23;;;263;23;;;;;260.0;0.0
-1;2100;VEV_5100;174;8;;;;;178;12;179;21;;;176.0;0.0
-1;2100;VEV_5200;102;30;;;;;105;8;106;23;;;103.5;0.0
-1;2100;VEV_5300;50;27;;;;;52;19;;;;;51.0;0.0
-1;2100;VEV_5400;;;;;;;;;;;;;0.0;0.0
-1;2100;VEV_5500;5;21;;;;;7;28;;;;;6.0;0.0
-1;2100;VEV_6000;0;27;;;;;1;27;;;;;0.5;0.0
-1;2100;VEV_6500;0;17;;;;;1;17;;;;;0.5;0.0
-1;2200;ASH_COATED_OSMIUM;9993;12;;;;;10009;12;;;;;10001.0;0.0
-1;2200;HYDROGEL_PACK;9968;10;9965;26;;;9984;10;9986;26;;;9976.0;0.0
-1;2200;INTARIAN_PEPPER_ROOT;13095;10;13092;19;;;13109;10;13113;19;;;13102.0;0.0
-1;2200;VELVETFRUIT_EXTRACT;5256;62;5256;20;;;5262;37;;;;;5259.0;0.0
-1;2200;VEV_4000;1258;9;1256;27;;;1280;9;1282;27;;;1269.0;0.0
-1;2200;VEV_4500;755;7;753;14;;;773;14;;;;;764.0;0.0
-1;2200;VEV_5000;256;11;255;14;;;262;8;263;18;;;259.0;0.0
-1;2200;VEV_5100;174;12;;;;;178;12;179;23;;;176.0;0.0
-1;2200;VEV_5200;102;10;101;13;;;105;20;;;;;103.5;0.0
-1;2200;VEV_5300;;;;;;;52;21;;;;;52.0;0.0
-1;2200;VEV_5400;14;22;14;23;;;;;;;;;14.0;0.0
-1;2200;VEV_5500;5;19;;;;;6;23;;;;;5.5;0.0
-1;2200;VEV_6000;0;23;;;;;1;23;;;;;0.5;0.0
-1;2200;VEV_6500;0;13;;;;;1;13;;;;;0.5;0.0
-1;2300;ASH_COATED_OSMIUM;9992;11;9990;25;;;10008;11;10011;25;;;10000.0;0.0
-1;2300;HYDROGEL_PACK;9967;11;9965;26;;;9983;11;9986;26;;;9975.0;0.0
-1;2300;INTARIAN_PEPPER_ROOT;13095;9;13092;15;;;13109;9;13113;15;;;13102.0;0.0
-1;2300;VELVETFRUIT_EXTRACT;5257;22;5256;63;;;5262;71;;;;;5259.5;0.0
-1;2300;VEV_4000;1258;14;1256;29;;;1279;14;1282;29;;;1268.5;0.0
-1;2300;VEV_4500;755;9;753;17;;;771;9;773;17;;;763.0;0.0
-1;2300;VEV_5000;256;6;255;16;;;263;32;;;;;259.5;0.0
-1;2300;VEV_5100;176;32;175;23;;;180;11;181;24;;;178.0;0.0
-1;2300;VEV_5200;101;14;;;;;104;9;105;12;;;102.5;0.0
-1;2300;VEV_5300;51;9;;;;;53;22;53;22;;;52.0;0.0
-1;2300;VEV_5400;14;28;14;21;;;16;16;;;;;15.0;0.0
-1;2300;VEV_5500;5;18;;;;;7;24;;;;;6.0;0.0
-1;2300;VEV_6000;0;29;;;;;1;29;;;;;0.5;0.0
-1;2300;VEV_6500;0;19;;;;;1;19;;;;;0.5;0.0
-1;2400;ASH_COATED_OSMIUM;9992;11;9989;21;;;10008;11;10010;21;;;10000.0;0.0
-1;2400;HYDROGEL_PACK;9967;14;9965;26;;;9983;14;9986;26;;;9975.0;0.0
-1;2400;INTARIAN_PEPPER_ROOT;13095;8;13092;16;;;13109;8;13113;16;;;13102.0;0.0
-1;2400;VELVETFRUIT_EXTRACT;5256;21;;;;;5261;16;5262;36;5263;47;5258.5;0.0
-1;2400;VEV_4000;1258;8;1256;30;;;1279;8;1282;30;;;1268.5;0.0
-1;2400;VEV_4500;756;8;754;16;;;772;8;774;16;;;764.0;0.0
-1;2400;VEV_5000;255;7;254;21;;;261;10;;;;;258.0;0.0
-1;2400;VEV_5100;176;9;175;20;;;180;23;;;;;178.0;0.0
-1;2400;VEV_5200;102;21;101;30;;;104;6;105;17;;;103.0;0.0
-1;2400;VEV_5300;51;21;50;19;;;53;5;;;;;52.0;0.0
-1;2400;VEV_5400;14;22;;;;;16;22;;;;;15.0;0.0
-1;2400;VEV_5500;5;17;;;;;6;20;;;;;5.5;0.0
-1;2400;VEV_6000;0;30;;;;;1;30;;;;;0.5;0.0
-1;2400;VEV_6500;0;16;;;;;1;16;;;;;0.5;0.0
-1;2500;ASH_COATED_OSMIUM;9990;26;;;;;10011;26;;;;;10000.5;0.0
-1;2500;HYDROGEL_PACK;9963;15;9960;23;;;9979;15;9981;23;;;9971.0;0.0
-1;2500;INTARIAN_PEPPER_ROOT;13092;17;;;;;13113;17;;;;;13102.5;0.0
-1;2500;VELVETFRUIT_EXTRACT;5257;18;5256;30;;;5262;56;;;;;5259.5;0.0
-1;2500;VEV_4000;1260;14;1258;21;;;1281;14;1284;21;;;1270.5;0.0
-1;2500;VEV_4500;757;7;755;19;;;773;7;775;19;;;765.0;0.0
-1;2500;VEV_5000;254;10;253;22;;;260;11;261;24;;;257.0;0.0
-1;2500;VEV_5100;175;28;174;31;;;;;;;;;175.0;0.0
-1;2500;VEV_5200;101;10;100;21;;;;;;;;;101.0;0.0
-1;2500;VEV_5300;51;18;50;20;;;53;22;54;15;;;52.0;0.0
-1;2500;VEV_5400;14;6;;;;;16;20;;;;;15.0;0.0
-1;2500;VEV_5500;5;26;;;;;6;25;;;;;5.5;0.0
-1;2500;VEV_6000;0;22;;;;;1;22;;;;;0.5;0.0
-1;2500;VEV_6500;0;16;;;;;1;16;;;;;0.5;0.0
-1;2600;ASH_COATED_OSMIUM;9993;14;;;;;10009;14;10011;27;;;10001.0;0.0
-1;2600;HYDROGEL_PACK;9965;11;9962;26;;;9981;11;9983;26;;;9973.0;0.0
-1;2600;INTARIAN_PEPPER_ROOT;13100;6;13096;12;13092;25;13110;12;13113;25;;;13105.0;0.0
-1;2600;VELVETFRUIT_EXTRACT;5256;31;5255;36;;;5261;24;5262;64;;;5258.5;0.0
-1;2600;VEV_4000;1262;10;1260;22;;;1284;10;1286;22;;;1273.0;0.0
-1;2600;VEV_4500;757;12;756;11;;;773;12;776;19;;;765.0;0.0
-1;2600;VEV_5000;253;12;;;;;259;10;;;;;256.0;0.0
-1;2600;VEV_5100;176;11;;;;;180;11;181;29;;;178.0;0.0
-1;2600;VEV_5200;101;34;100;29;;;103;20;104;21;;;102.0;0.0
-1;2600;VEV_5300;51;24;50;25;;;53;22;54;19;;;52.0;0.0
-1;2600;VEV_5400;14;25;;;;;16;24;;;;;15.0;0.0
-1;2600;VEV_5500;5;21;;;;;6;21;;;;;5.5;0.0
-1;2600;VEV_6000;0;29;;;;;1;29;;;;;0.5;0.0
-1;2600;VEV_6500;0;17;;;;;1;17;;;;;0.5;0.0
-1;2700;ASH_COATED_OSMIUM;;;;;;;10009;13;10012;30;;;10009.0;0.0
-1;2700;HYDROGEL_PACK;9967;14;9965;22;;;9983;14;9986;22;;;9975.0;0.0
-1;2700;INTARIAN_PEPPER_ROOT;13096;12;13092;24;;;13110;12;13113;24;;;13103.0;0.0
-1;2700;VELVETFRUIT_EXTRACT;5257;63;5257;23;;;5263;35;;;;;5260.0;0.0
-1;2700;VEV_4000;1262;15;1259;29;;;1283;15;1286;29;;;1272.5;0.0
-1;2700;VEV_4500;757;9;755;16;;;773;9;774;7;775;16;765.0;0.0
-1;2700;VEV_5000;253;12;252;13;;;259;10;260;14;;;256.0;0.0
-1;2700;VEV_5100;;;;;;;180;14;;;;;180.0;0.0
-1;2700;VEV_5200;101;8;100;31;;;103;21;104;27;;;102.0;0.0
-1;2700;VEV_5300;50;19;49;20;;;52;24;53;19;;;51.0;0.0
-1;2700;VEV_5400;14;25;;;;;15;22;16;29;;;14.5;0.0
-1;2700;VEV_5500;5;24;;;;;6;23;;;;;5.5;0.0
-1;2700;VEV_6000;0;18;;;;;1;18;;;;;0.5;0.0
-1;2700;VEV_6500;;;;;;;1;17;;;;;1.0;0.0
-1;2800;ASH_COATED_OSMIUM;9992;11;9990;20;;;10008;11;10011;20;;;10000.0;0.0
-1;2800;HYDROGEL_PACK;9969;11;9966;28;;;9985;11;9987;28;;;9977.0;0.0
-1;2800;INTARIAN_PEPPER_ROOT;13096;10;13092;21;;;13110;10;13113;21;;;13103.0;0.0
-1;2800;VELVETFRUIT_EXTRACT;5257;41;;;;;5262;19;5263;44;;;5259.5;0.0
-1;2800;VEV_4000;1261;15;1259;26;;;1282;15;;;;;1271.5;0.0
-1;2800;VEV_4500;758;10;756;15;;;775;8;776;15;;;766.5;0.0
-1;2800;VEV_5000;251;12;250;12;;;257;30;258;16;;;254.0;0.0
-1;2800;VEV_5100;174;30;;;;;179;29;;;;;176.5;0.0
-1;2800;VEV_5200;101;9;100;20;;;104;12;;;;;102.5;0.0
-1;2800;VEV_5300;50;23;;;;;52;22;;;;;51.0;0.0
-1;2800;VEV_5400;14;19;;;;;16;11;;;;;15.0;0.0
-1;2800;VEV_5500;5;23;;;;;6;24;;;;;5.5;0.0
-1;2800;VEV_6000;0;22;;;;;1;22;;;;;0.5;0.0
-1;2800;VEV_6500;0;20;;;;;1;20;;;;;0.5;0.0
-1;2900;ASH_COATED_OSMIUM;9992;11;;;;;10008;11;10010;26;;;10000.0;0.0
-1;2900;HYDROGEL_PACK;9967;14;9964;30;;;9983;14;9985;30;;;9975.0;0.0
-1;2900;INTARIAN_PEPPER_ROOT;13096;11;13093;20;;;13110;11;13113;20;;;13103.0;0.0
-1;2900;VELVETFRUIT_EXTRACT;5257;17;5256;40;;;5261;17;5262;15;;;5259.0;0.0
-1;2900;VEV_4000;1261;14;1258;17;;;1282;14;1284;17;;;1271.5;0.0
-1;2900;VEV_4500;757;12;;;;;775;22;;;;;766.0;0.0
-1;2900;VEV_5000;249;11;248;30;;;255;6;256;24;;;252.0;0.0
-1;2900;VEV_5100;175;11;174;33;;;179;26;180;30;;;177.0;0.0
-1;2900;VEV_5200;101;10;100;30;;;104;21;;;;;102.5;0.0
-1;2900;VEV_5300;50;24;;;;;52;23;;;;;51.0;0.0
-1;2900;VEV_5400;14;19;;;;;15;24;16;23;;;14.5;0.0
-1;2900;VEV_5500;5;17;;;;;7;22;;;;;6.0;0.0
-1;2900;VEV_6000;0;22;;;;;1;22;;;;;0.5;0.0
-1;2900;VEV_6500;0;13;;;;;1;13;;;;;0.5;0.0
-1;3000;ASH_COATED_OSMIUM;9992;14;9990;21;;;10011;21;;;;;10001.5;0.0
-1;3000;HYDROGEL_PACK;9968;11;9965;29;;;9984;11;9986;29;;;9976.0;0.0
-1;3000;INTARIAN_PEPPER_ROOT;13096;10;13093;15;;;13110;10;13113;15;;;13103.0;0.0
-1;3000;VELVETFRUIT_EXTRACT;5257;52;5257;20;;;5263;60;;;;;5260.0;0.0
-1;3000;VEV_4000;1262;15;1259;24;;;1283;15;1286;24;;;1272.5;0.0
-1;3000;VEV_4500;756;21;;;;;774;11;776;21;;;765.0;0.0
-1;3000;VEV_5000;248;10;247;16;;;;;;;;;248.0;0.0
-1;3000;VEV_5100;174;32;;;;;179;21;;;;;176.5;0.0
-1;3000;VEV_5200;100;12;99;24;;;103;35;;;;;101.5;0.0
-1;3000;VEV_5300;49;15;;;;;51;19;52;20;;;50.0;0.0
-1;3000;VEV_5400;;;;;;;;;;;;;0.0;0.0
-1;3000;VEV_5500;6;19;;;;;7;24;;;;;6.5;0.0
-1;3000;VEV_6000;0;19;;;;;1;19;;;;;0.5;0.0
-1;3000;VEV_6500;0;18;;;;;1;18;;;;;0.5;0.0
-1;3100;ASH_COATED_OSMIUM;9992;12;9990;24;;;10008;12;10011;24;;;10000.0;0.0
-1;3100;HYDROGEL_PACK;9968;12;9965;23;;;9984;12;9986;23;;;9976.0;0.0
-1;3100;INTARIAN_PEPPER_ROOT;13096;10;;;;;13110;10;13113;25;;;13103.0;0.0
-1;3100;VELVETFRUIT_EXTRACT;5258;61;5257;42;;;5263;17;5264;50;;;5260.5;0.0
-1;3100;VEV_4000;1263;13;1260;24;;;1284;13;1287;24;;;1273.5;0.0
-1;3100;VEV_4500;756;8;754;13;;;772;8;774;13;;;764.0;0.0
-1;3100;VEV_5000;247;11;246;13;;;253;12;254;23;;;250.0;0.0
-1;3100;VEV_5100;175;11;;;;;179;29;;;;;177.0;0.0
-1;3100;VEV_5200;;;;;;;103;23;;;;;103.0;0.0
-1;3100;VEV_5300;50;23;49;24;;;52;5;;;;;51.0;0.0
-1;3100;VEV_5400;14;21;;;;;16;21;;;;;15.0;0.0
-1;3100;VEV_5500;6;26;;;;;7;6;;;;;6.5;0.0
-1;3100;VEV_6000;0;27;;;;;1;27;;;;;0.5;0.0
-1;3100;VEV_6500;0;16;;;;;1;16;;;;;0.5;0.0
-1;3200;ASH_COATED_OSMIUM;9990;30;;;;;;;;;;;9990.0;0.0
-1;3200;HYDROGEL_PACK;9967;11;9964;24;;;9983;11;9985;24;;;9975.0;0.0
-1;3200;INTARIAN_PEPPER_ROOT;13096;9;13093;16;;;13110;9;13114;16;;;13103.0;0.0
-1;3200;VELVETFRUIT_EXTRACT;5257;67;5257;24;;;5262;24;5263;43;;;5259.5;0.0
-1;3200;VEV_4000;1263;10;1260;29;;;1284;10;1286;29;;;1273.5;0.0
-1;3200;VEV_4500;756;12;754;21;;;772;12;774;21;;;764.0;0.0
-1;3200;VEV_5000;245;8;244;22;;;251;6;252;17;;;248.0;0.0
-1;3200;VEV_5100;177;12;176;22;;;181;6;182;29;;;179.0;0.0
-1;3200;VEV_5200;100;27;;;;;104;29;;;;;102.0;0.0
-1;3200;VEV_5300;50;28;49;11;;;52;26;;;;;51.0;0.0
-1;3200;VEV_5400;14;18;;;;;;;;;;;14.0;0.0
-1;3200;VEV_5500;;;;;;;7;22;;;;;7.0;0.0
-1;3200;VEV_6000;0;16;;;;;1;16;;;;;0.5;0.0
-1;3200;VEV_6500;0;15;;;;;1;15;;;;;0.5;0.0
-1;3300;ASH_COATED_OSMIUM;9989;21;;;;;10008;14;10010;21;;;9998.5;0.0
-1;3300;HYDROGEL_PACK;9966;14;9963;27;;;9982;14;9984;27;;;9974.0;0.0
-1;3300;INTARIAN_PEPPER_ROOT;13096;12;13093;22;;;;;;;;;13096.0;0.0
-1;3300;VELVETFRUIT_EXTRACT;5258;25;5257;54;;;5262;25;5263;49;;;5260.0;0.0
-1;3300;VEV_4000;1262;10;1260;17;;;1284;10;1286;17;;;1273.0;0.0
-1;3300;VEV_4500;756;8;754;20;;;772;8;;;;;764.0;0.0
-1;3300;VEV_5000;246;6;245;19;;;253;15;;;;;249.5;0.0
-1;3300;VEV_5100;176;22;;;;;181;10;182;17;;;178.5;0.0
-1;3300;VEV_5200;99;23;;;;;102;23;103;13;;;100.5;0.0
-1;3300;VEV_5300;;;;;;;52;27;;;;;52.0;0.0
-1;3300;VEV_5400;;;;;;;15;22;16;27;;;15.0;0.0
-1;3300;VEV_5500;6;27;;;;;7;25;;;;;6.5;0.0
-1;3300;VEV_6000;0;24;;;;;1;24;;;;;0.5;0.0
-1;3300;VEV_6500;0;16;;;;;1;16;;;;;0.5;0.0
-1;3400;ASH_COATED_OSMIUM;9993;10;9990;27;;;10009;10;10011;27;;;10001.0;0.0
-1;3400;HYDROGEL_PACK;9967;15;9964;29;;;9983;15;9985;29;;;9975.0;0.0
-1;3400;INTARIAN_PEPPER_ROOT;13096;8;13093;24;;;13110;8;13114;24;;;13103.0;0.0
-1;3400;VELVETFRUIT_EXTRACT;5256;44;5256;41;;;5261;15;5262;44;;;5258.5;0.0
-1;3400;VEV_4000;1263;12;1260;20;;;1284;12;1287;20;;;1273.5;0.0
-1;3400;VEV_4500;755;10;;;;;771;10;773;21;;;763.0;0.0
-1;3400;VEV_5000;247;19;246;24;;;253;8;254;15;;;250.0;0.0
-1;3400;VEV_5100;176;8;;;;;180;22;;;;;178.0;0.0
-1;3400;VEV_5200;102;27;101;17;;;;;;;;;102.0;0.0
-1;3400;VEV_5300;50;28;49;25;;;52;19;;;;;51.0;0.0
-1;3400;VEV_5400;15;28;15;17;;;17;19;;;;;16.0;0.0
-1;3400;VEV_5500;6;21;;;;;7;21;;;;;6.5;0.0
-1;3400;VEV_6000;0;26;;;;;1;26;;;;;0.5;0.0
-1;3400;VEV_6500;0;18;;;;;1;18;;;;;0.5;0.0
-1;3500;ASH_COATED_OSMIUM;9992;12;9990;28;;;9998;7;10008;12;;;9995.0;0.0
-1;3500;HYDROGEL_PACK;9967;13;9965;24;;;9983;13;9986;24;;;9975.0;0.0
-1;3500;INTARIAN_PEPPER_ROOT;13096;11;;;;;13114;18;;;;;13105.0;0.0
-1;3500;VELVETFRUIT_EXTRACT;5256;54;;;;;5262;37;5263;41;;;5259.0;0.0
-1;3500;VEV_4000;1263;8;1261;26;;;1285;8;1287;26;;;1274.0;0.0
-1;3500;VEV_4500;754;8;752;15;;;770;8;772;15;;;762.0;0.0
-1;3500;VEV_5000;248;34;247;19;;;254;10;255;27;;;251.0;0.0
-1;3500;VEV_5100;177;32;176;29;;;182;20;;;;;179.5;0.0
-1;3500;VEV_5200;102;6;101;27;;;104;24;;;;;103.0;0.0
-1;3500;VEV_5300;50;8;;;;;52;26;53;19;;;51.0;0.0
-1;3500;VEV_5400;14;15;;;;;16;18;;;;;15.0;0.0
-1;3500;VEV_5500;6;17;;;;;7;21;;;;;6.5;0.0
-1;3500;VEV_6000;0;21;;;;;1;21;;;;;0.5;0.0
-1;3500;VEV_6500;0;12;;;;;1;12;;;;;0.5;0.0
-1;3600;ASH_COATED_OSMIUM;9993;15;9991;30;;;10009;15;10012;30;;;10001.0;0.0
-1;3600;HYDROGEL_PACK;9965;15;9962;30;;;9981;15;9983;30;;;9973.0;0.0
-1;3600;INTARIAN_PEPPER_ROOT;;;;;;;13111;12;;;;;13111.0;0.0
-1;3600;VELVETFRUIT_EXTRACT;5256;18;5255;63;;;5261;30;;;;;5258.5;0.0
-1;3600;VEV_4000;1265;13;1263;25;;;1287;13;1289;25;;;1276.0;0.0
-1;3600;VEV_4500;754;10;752;14;;;770;10;771;23;772;14;762.0;0.0
-1;3600;VEV_5000;247;12;246;19;;;253;6;254;16;;;250.0;0.0
-1;3600;VEV_5100;;;;;;;182;15;;;;;182.0;0.0
-1;3600;VEV_5200;101;7;;;;;104;35;;;;;102.5;0.0
-1;3600;VEV_5300;51;22;;;;;53;24;;;;;52.0;0.0
-1;3600;VEV_5400;15;21;;;;;17;18;;;;;16.0;0.0
-1;3600;VEV_5500;6;20;;;;;7;28;;;;;6.5;0.0
-1;3600;VEV_6000;0;28;;;;;1;28;;;;;0.5;0.0
-1;3600;VEV_6500;0;19;;;;;1;19;;;;;0.5;0.0
-1;3700;ASH_COATED_OSMIUM;9993;13;;;;;10009;13;10012;28;;;10001.0;0.0
-1;3700;HYDROGEL_PACK;9967;12;9964;30;;;9983;12;9985;30;;;9975.0;0.0
-1;3700;INTARIAN_PEPPER_ROOT;13093;17;;;;;;;;;;;13093.0;0.0
-1;3700;VELVETFRUIT_EXTRACT;5256;34;;;;;5261;21;5262;56;;;5258.5;0.0
-1;3700;VEV_4000;1266;7;1264;23;;;1288;7;1290;23;;;1277.0;0.0
-1;3700;VEV_4500;755;7;753;12;;;773;12;;;;;764.0;0.0
-1;3700;VEV_5000;248;9;247;19;;;255;21;;;;;251.5;0.0
-1;3700;VEV_5100;176;10;175;15;;;181;18;;;;;178.5;0.0
-1;3700;VEV_5200;101;12;;;;;105;32;;;;;103.0;0.0
-1;3700;VEV_5300;51;7;;;;;53;20;;;;;52.0;0.0
-1;3700;VEV_5400;15;28;15;22;;;17;26;;;;;16.0;0.0
-1;3700;VEV_5500;6;30;;;;;7;30;;;;;6.5;0.0
-1;3700;VEV_6000;0;24;;;;;1;24;;;;;0.5;0.0
-1;3700;VEV_6500;0;16;;;;;1;16;;;;;0.5;0.0
-1;3800;ASH_COATED_OSMIUM;10002;6;9993;10;9991;25;10009;10;10012;25;;;10005.5;0.0
-1;3800;HYDROGEL_PACK;9966;10;9963;30;;;9982;10;9984;30;;;9974.0;0.0
-1;3800;INTARIAN_PEPPER_ROOT;13097;10;;;;;;;;;;;13097.0;0.0
-1;3800;VELVETFRUIT_EXTRACT;5256;47;;;;;5261;19;5262;52;;;5258.5;0.0
-1;3800;VEV_4000;1266;14;1264;25;;;1288;14;1290;25;;;1277.0;0.0
-1;3800;VEV_4500;755;8;753;13;;;771;8;772;22;773;13;763.0;0.0
-1;3800;VEV_5000;;;;;;;255;24;;;;;255.0;0.0
-1;3800;VEV_5100;175;29;174;24;;;179;9;;;;;177.0;0.0
-1;3800;VEV_5200;;;;;;;104;22;105;19;;;104.0;0.0
-1;3800;VEV_5300;51;19;;;;;53;25;;;;;52.0;0.0
-1;3800;VEV_5400;15;20;;;;;17;23;;;;;16.0;0.0
-1;3800;VEV_5500;6;19;;;;;7;20;;;;;6.5;0.0
-1;3800;VEV_6000;0;20;;;;;1;20;;;;;0.5;0.0
-1;3800;VEV_6500;0;15;;;;;1;15;;;;;0.5;0.0
-1;3900;ASH_COATED_OSMIUM;9993;14;;;;;10009;14;10012;24;;;10001.0;0.0
-1;3900;HYDROGEL_PACK;9965;10;9963;21;;;9981;10;9984;21;;;9973.0;0.0
-1;3900;INTARIAN_PEPPER_ROOT;13097;12;13094;19;;;13100;7;13111;12;;;13098.5;0.0
-1;3900;VELVETFRUIT_EXTRACT;5258;70;;;;;5264;49;;;;;5261.0;0.0
-1;3900;VEV_4000;1265;15;1262;17;;;1286;15;1289;17;;;1275.5;0.0
-1;3900;VEV_4500;753;17;;;;;771;6;773;17;;;762.0;0.0
-1;3900;VEV_5000;248;6;;;;;254;6;255;17;;;251.0;0.0
-1;3900;VEV_5100;175;22;;;;;180;11;181;13;;;177.5;0.0
-1;3900;VEV_5200;102;8;101;13;;;105;29;;;;;103.5;0.0
-1;3900;VEV_5300;52;19;51;20;;;54;27;;;;;53.0;0.0
-1;3900;VEV_5400;15;28;15;20;;;17;18;;;;;16.0;0.0
-1;3900;VEV_5500;6;23;;;;;7;20;;;;;6.5;0.0
-1;3900;VEV_6000;0;21;;;;;1;21;;;;;0.5;0.0
-1;3900;VEV_6500;0;15;;;;;1;15;;;;;0.5;0.0
-1;4000;ASH_COATED_OSMIUM;9993;13;9991;28;;;10009;13;10012;28;;;10001.0;0.0
-1;4000;HYDROGEL_PACK;9962;15;9960;22;;;9978;15;9981;22;;;9970.0;0.0
-1;4000;INTARIAN_PEPPER_ROOT;13097;11;13094;15;;;13114;15;;;;;13105.5;0.0
-1;4000;VELVETFRUIT_EXTRACT;5258;15;;;;;5263;22;5264;38;5264;16;5260.5;0.0
-1;4000;VEV_4000;1265;11;1262;15;;;1286;11;1289;15;;;1275.5;0.0
-1;4000;VEV_4500;754;6;;;;;770;6;771;7;772;20;762.0;0.0
-1;4000;VEV_5000;247;10;246;25;;;253;24;254;16;;;250.0;0.0
-1;4000;VEV_5100;174;14;;;;;179;7;180;24;;;176.5;0.0
-1;4000;VEV_5200;101;29;;;;;104;10;105;20;;;102.5;0.0
-1;4000;VEV_5300;52;21;;;;;54;18;54;26;;;53.0;0.0
-1;4000;VEV_5400;15;20;;;;;16;24;;;;;15.5;0.0
-1;4000;VEV_5500;6;22;;;;;7;29;;;;;6.5;0.0
-1;4000;VEV_6000;0;19;;;;;1;19;;;;;0.5;0.0
-1;4000;VEV_6500;0;19;;;;;1;19;;;;;0.5;0.0
-1;4100;ASH_COATED_OSMIUM;9990;20;;;;;10009;10;10011;20;;;9999.5;0.0
-1;4100;HYDROGEL_PACK;9959;10;9956;21;;;9975;10;9977;21;;;9967.0;0.0
-1;4100;INTARIAN_PEPPER_ROOT;13094;24;;;;;13111;12;13114;24;;;13102.5;0.0
-1;4100;VELVETFRUIT_EXTRACT;5258;30;;;;;5263;23;5264;56;;;5260.5;0.0
-1;4100;VEV_4000;1265;7;1262;27;;;1286;7;1289;27;;;1275.5;0.0
-1;4100;VEV_4500;752;8;750;13;;;768;8;769;11;770;13;760.0;0.0
-1;4100;VEV_5000;;;;;;;252;25;253;15;;;252.0;0.0
-1;4100;VEV_5100;173;12;172;30;;;177;12;178;20;;;175.0;0.0
-1;4100;VEV_5200;102;35;;;;;105;12;;;;;103.5;0.0
-1;4100;VEV_5300;51;20;;;;;53;27;;;;;52.0;0.0
-1;4100;VEV_5400;15;29;;;;;17;21;;;;;16.0;0.0
-1;4100;VEV_5500;6;25;;;;;7;26;;;;;6.5;0.0
-1;4100;VEV_6000;0;30;;;;;1;30;;;;;0.5;0.0
-1;4100;VEV_6500;0;18;;;;;1;18;;;;;0.5;0.0
-1;4200;ASH_COATED_OSMIUM;9991;30;;;;;10010;15;;;;;10000.5;0.0
-1;4200;HYDROGEL_PACK;9958;11;9956;24;;;9974;11;9976;24;;;9966.0;0.0
-1;4200;INTARIAN_PEPPER_ROOT;13097;10;;;;;13111;10;13115;25;;;13104.0;0.0
-1;4200;VELVETFRUIT_EXTRACT;5257;63;;;;;5262;17;5263;17;;;5259.5;0.0
-1;4200;VEV_4000;1266;11;1263;24;;;1287;11;1290;24;;;1276.5;0.0
-1;4200;VEV_4500;752;12;750;23;;;768;12;770;23;;;760.0;0.0
-1;4200;VEV_5000;248;11;247;26;;;254;10;255;28;;;251.0;0.0
-1;4200;VEV_5100;;;;;;;177;27;178;17;;;177.0;0.0
-1;4200;VEV_5200;100;25;;;;;103;7;104;22;;;101.5;0.0
-1;4200;VEV_5300;51;27;;;;;;;;;;;51.0;0.0
-1;4200;VEV_5400;14;23;;;;;;;;;;;14.0;0.0
-1;4200;VEV_5500;6;17;;;;;7;26;;;;;6.5;0.0
-1;4200;VEV_6000;0;18;;;;;1;18;;;;;0.5;0.0
-1;4200;VEV_6500;0;11;;;;;1;11;;;;;0.5;0.0
-1;4300;ASH_COATED_OSMIUM;9993;13;9990;28;;;10009;13;;;;;10001.0;0.0
-1;4300;HYDROGEL_PACK;9957;11;9955;24;;;9973;11;9976;24;;;9965.0;0.0
-1;4300;INTARIAN_PEPPER_ROOT;13097;9;;;;;13111;9;13115;19;;;13104.0;0.0
-1;4300;VELVETFRUIT_EXTRACT;5257;41;;;;;5263;24;;;;;5260.0;0.0
-1;4300;VEV_4000;1265;10;1262;30;;;1286;10;1289;30;;;1275.5;0.0
-1;4300;VEV_4500;752;9;751;8;750;14;768;9;769;9;770;14;760.0;0.0
-1;4300;VEV_5000;248;22;247;22;;;254;10;255;15;;;251.0;0.0
-1;4300;VEV_5100;172;9;;;;;177;21;;;;;174.5;0.0
-1;4300;VEV_5200;100;8;;;;;102;6;;;;;101.0;0.0
-1;4300;VEV_5300;50;19;;;;;54;20;;;;;52.0;0.0
-1;4300;VEV_5400;;;;;;;17;16;;;;;17.0;0.0
-1;4300;VEV_5500;6;21;;;;;7;2;;;;;6.5;0.0
-1;4300;VEV_6000;0;19;;;;;1;19;;;;;0.5;0.0
-1;4300;VEV_6500;0;10;;;;;1;10;;;;;0.5;0.0
-1;4400;ASH_COATED_OSMIUM;9991;30;;;;;10009;14;10012;30;;;10000.0;0.0
-1;4400;HYDROGEL_PACK;9960;10;9957;27;;;9976;10;9978;27;;;9968.0;0.0
-1;4400;INTARIAN_PEPPER_ROOT;13097;9;;;;;13115;20;;;;;13106.0;0.0
-1;4400;VELVETFRUIT_EXTRACT;5257;24;5256;51;;;5262;70;;;;;5259.5;0.0
-1;4400;VEV_4000;1264;11;1261;18;;;1285;11;1288;18;;;1274.5;0.0
-1;4400;VEV_4500;753;12;751;21;;;769;12;770;6;771;21;761.0;0.0
-1;4400;VEV_5000;248;7;247;28;;;254;10;255;16;;;251.0;0.0
-1;4400;VEV_5100;171;12;;;;;176;6;177;14;;;173.5;0.0
-1;4400;VEV_5200;99;20;;;;;102;7;;;;;100.5;0.0
-1;4400;VEV_5300;52;21;;;;;;;;;;;52.0;0.0
-1;4400;VEV_5400;14;26;;;;;;;;;;;14.0;0.0
-1;4400;VEV_5500;5;28;;;;;7;23;;;;;6.0;0.0
-1;4400;VEV_6000;0;26;;;;;1;26;;;;;0.5;0.0
-1;4400;VEV_6500;0;16;;;;;1;16;;;;;0.5;0.0
-1;4500;ASH_COATED_OSMIUM;9991;22;;;;;;;;;;;9991.0;0.0
-1;4500;HYDROGEL_PACK;9958;14;9956;24;;;9974;14;9977;24;;;9966.0;0.0
-1;4500;INTARIAN_PEPPER_ROOT;13097;10;13094;25;;;13115;25;;;;;13106.0;0.0
-1;4500;VELVETFRUIT_EXTRACT;5257;16;5256;32;;;5262;61;5263;42;;;5259.5;0.0
-1;4500;VEV_4000;1263;11;1261;15;;;1285;11;1287;15;;;1274.0;0.0
-1;4500;VEV_4500;751;9;749;24;;;767;9;769;24;;;759.0;0.0
-1;4500;VEV_5000;247;25;;;;;253;23;;;;;250.0;0.0
-1;4500;VEV_5100;172;31;171;23;;;;;;;;;172.0;0.0
-1;4500;VEV_5200;100;12;99;20;;;103;21;;;;;101.5;0.0
-1;4500;VEV_5300;52;8;51;19;;;54;25;;;;;53.0;0.0
-1;4500;VEV_5400;14;25;;;;;16;18;;;;;15.0;0.0
-1;4500;VEV_5500;5;20;;;;;7;24;;;;;6.0;0.0
-1;4500;VEV_6000;0;22;;;;;1;22;;;;;0.5;0.0
-1;4500;VEV_6500;0;19;;;;;1;19;;;;;0.5;0.0
-1;4600;ASH_COATED_OSMIUM;9993;14;9991;26;;;10002;4;10009;14;10012;26;9997.5;0.0
-1;4600;HYDROGEL_PACK;9956;12;9954;22;;;9972;12;9975;22;;;9964.0;0.0
-1;4600;INTARIAN_PEPPER_ROOT;13098;8;13094;24;;;13115;24;;;;;13106.5;0.0
-1;4600;VELVETFRUIT_EXTRACT;;;;;;;5263;20;5264;45;5265;36;5263.0;0.0
-1;4600;VEV_4000;1264;13;1262;17;;;1286;13;1288;17;;;1275.0;0.0
-1;4600;VEV_4500;751;8;749;16;;;767;8;769;16;;;759.0;0.0
-1;4600;VEV_5000;248;8;247;16;;;254;12;;;;;251.0;0.0
-1;4600;VEV_5100;171;17;;;;;176;12;177;30;;;173.5;0.0
-1;4600;VEV_5200;100;9;;;;;;;;;;;100.0;0.0
-1;4600;VEV_5300;;;;;;;54;5;;;;;54.0;0.0
-1;4600;VEV_5400;14;22;;;;;15;23;;;;;14.5;0.0
-1;4600;VEV_5500;5;23;;;;;7;20;;;;;6.0;0.0
-1;4600;VEV_6000;0;25;;;;;1;25;;;;;0.5;0.0
-1;4600;VEV_6500;0;11;;;;;1;11;;;;;0.5;0.0
-1;4700;ASH_COATED_OSMIUM;9993;13;;;;;10009;13;10011;28;;;10001.0;0.0
-1;4700;HYDROGEL_PACK;9955;11;9952;22;;;9971;11;9973;22;;;9963.0;0.0
-1;4700;INTARIAN_PEPPER_ROOT;13098;12;;;;;13112;12;13115;22;;;13105.0;0.0
-1;4700;VELVETFRUIT_EXTRACT;5258;36;;;;;5264;17;;;;;5261.0;0.0
-1;4700;VEV_4000;1264;9;1261;23;;;1285;9;1288;23;;;1274.5;0.0
-1;4700;VEV_4500;752;8;750;21;;;768;8;770;21;;;760.0;0.0
-1;4700;VEV_5000;249;25;248;13;;;255;6;256;19;;;252.0;0.0
-1;4700;VEV_5100;;;;;;;176;22;177;15;;;176.0;0.0
-1;4700;VEV_5200;;;;;;;102;12;103;24;;;102.0;0.0
-1;4700;VEV_5300;51;24;;;;;53;19;;;;;52.0;0.0
-1;4700;VEV_5400;;;;;;;;;;;;;0.0;0.0
-1;4700;VEV_5500;5;28;;;;;6;26;;;;;5.5;0.0
-1;4700;VEV_6000;0;29;;;;;1;29;;;;;0.5;0.0
-1;4700;VEV_6500;0;20;;;;;1;20;;;;;0.5;0.0
-1;4800;ASH_COATED_OSMIUM;9993;13;9990;23;;;10009;13;10011;23;;;10001.0;0.0
-1;4800;HYDROGEL_PACK;9954;12;9952;29;;;9970;12;9973;29;;;9962.0;0.0
-1;4800;INTARIAN_PEPPER_ROOT;13098;10;13094;15;;;13112;10;13115;15;;;13105.0;0.0
-1;4800;VELVETFRUIT_EXTRACT;5257;51;;;;;5263;64;;;;;5260.0;0.0
-1;4800;VEV_4000;1262;9;1260;30;;;1284;9;1286;30;;;1273.0;0.0
-1;4800;VEV_4500;749;13;;;;;768;11;769;13;;;758.5;0.0
-1;4800;VEV_5000;252;11;251;30;;;259;12;;;;;255.5;0.0
-1;4800;VEV_5100;171;25;170;14;;;176;23;;;;;173.5;0.0
-1;4800;VEV_5200;98;19;;;;;102;29;;;;;100.0;0.0
-1;4800;VEV_5300;;;;;;;53;26;;;;;53.0;0.0
-1;4800;VEV_5400;14;29;;;;;16;19;;;;;15.0;0.0
-1;4800;VEV_5500;5;19;;;;;6;22;;;;;5.5;0.0
-1;4800;VEV_6000;0;27;;;;;1;27;;;;;0.5;0.0
-1;4800;VEV_6500;0;25;;;;;1;25;;;;;0.5;0.0
-1;4900;ASH_COATED_OSMIUM;9992;15;9990;20;;;10008;15;10011;20;;;10000.0;0.0
-1;4900;HYDROGEL_PACK;9951;14;9949;28;;;9967;14;9970;28;;;9959.0;0.0
-1;4900;INTARIAN_PEPPER_ROOT;13098;9;;;;;13112;9;13115;22;;;13105.0;0.0
-1;4900;VELVETFRUIT_EXTRACT;5259;33;;;;;5264;20;5265;38;;;5261.5;0.0
-1;4900;VEV_4000;1264;9;1261;20;;;1285;9;1288;20;;;1274.5;0.0
-1;4900;VEV_4500;753;7;751;17;;;769;7;770;19;771;17;761.0;0.0
-1;4900;VEV_5000;;;;;;;259;10;260;19;;;259.0;0.0
-1;4900;VEV_5100;170;12;;;;;174;8;;;;;172.0;0.0
-1;4900;VEV_5200;99;22;;;;;;;;;;;99.0;0.0
-1;4900;VEV_5300;51;21;;;;;53;21;;;;;52.0;0.0
-1;4900;VEV_5400;14;24;;;;;16;24;;;;;15.0;0.0
-1;4900;VEV_5500;5;16;;;;;7;28;;;;;6.0;0.0
-1;4900;VEV_6000;0;19;;;;;1;19;;;;;0.5;0.0
-1;4900;VEV_6500;0;12;;;;;1;12;;;;;0.5;0.0
-1;5000;ASH_COATED_OSMIUM;9992;11;;;;;10008;11;;;;;10000.0;0.0
-1;5000;HYDROGEL_PACK;9950;12;9947;22;;;9966;12;9968;22;;;9958.0;0.0
-1;5000;INTARIAN_PEPPER_ROOT;13095;22;;;;;13112;11;13115;22;;;13103.5;0.0
-1;5000;VELVETFRUIT_EXTRACT;5258;69;;;;;5264;38;5264;32;;;5261.0;0.0
-1;5000;VEV_4000;1262;15;1260;29;;;1283;15;1286;29;;;1272.5;0.0
-1;5000;VEV_4500;752;8;750;12;;;768;8;770;12;;;760.0;0.0
-1;5000;VEV_5000;254;11;253;12;;;260;11;261;21;;;257.0;0.0
-1;5000;VEV_5100;;;;;;;175;10;176;24;;;175.0;0.0
-1;5000;VEV_5200;100;15;;;;;103;22;104;14;;;101.5;0.0
-1;5000;VEV_5300;51;15;;;;;53;8;;;;;52.0;0.0
-1;5000;VEV_5400;14;26;;;;;15;26;16;26;;;14.5;0.0
-1;5000;VEV_5500;5;25;;;;;6;28;;;;;5.5;0.0
-1;5000;VEV_6000;0;25;;;;;1;25;;;;;0.5;0.0
-1;5000;VEV_6500;0;15;;;;;1;15;;;;;0.5;0.0
-1;5100;ASH_COATED_OSMIUM;9992;12;9990;26;;;10008;12;10011;26;;;10000.0;0.0
-1;5100;HYDROGEL_PACK;9952;14;9949;30;;;9968;14;9970;30;;;9960.0;0.0
-1;5100;INTARIAN_PEPPER_ROOT;13098;9;13095;17;;;13112;9;13115;17;;;13105.0;0.0
-1;5100;VELVETFRUIT_EXTRACT;5257;19;5256;24;;;5262;44;;;;;5259.5;0.0
-1;5100;VEV_4000;1263;11;1260;24;;;1284;11;1286;24;;;1273.5;0.0
-1;5100;VEV_4500;753;10;751;13;;;769;10;771;13;;;761.0;0.0
-1;5100;VEV_5000;253;7;252;16;;;259;11;260;12;;;256.0;0.0
-1;5100;VEV_5100;171;26;;;;;176;20;177;12;;;173.5;0.0
-1;5100;VEV_5200;;;;;;;104;21;;;;;104.0;0.0
-1;5100;VEV_5300;51;24;;;;;53;22;;;;;52.0;0.0
-1;5100;VEV_5400;14;23;;;;;;;;;;;14.0;0.0
-1;5100;VEV_5500;5;20;;;;;6;18;;;;;5.5;0.0
-1;5100;VEV_6000;0;15;;;;;1;15;;;;;0.5;0.0
-1;5100;VEV_6500;0;17;;;;;1;17;;;;;0.5;0.0
-1;5200;ASH_COATED_OSMIUM;9992;12;;;;;10010;25;;;;;10001.0;0.0
-1;5200;HYDROGEL_PACK;9950;11;9948;20;;;9966;11;9969;20;;;9958.0;0.0
-1;5200;INTARIAN_PEPPER_ROOT;13098;9;13095;21;;;13116;21;;;;;13107.0;0.0
-1;5200;VELVETFRUIT_EXTRACT;5256;44;;;;;5262;58;;;;;5259.0;0.0
-1;5200;VEV_4000;1263;15;1261;24;;;1284;15;1287;24;;;1273.5;0.0
-1;5200;VEV_4500;751;18;;;;;769;12;771;18;;;760.0;0.0
-1;5200;VEV_5000;253;6;252;13;;;260;23;;;;;256.5;0.0
-1;5200;VEV_5100;171;22;170;15;;;175;11;176;23;;;173.0;0.0
-1;5200;VEV_5200;101;21;;;;;105;26;;;;;103.0;0.0
-1;5200;VEV_5300;50;29;;;;;52;22;;;;;51.0;0.0
-1;5200;VEV_5400;15;20;14;24;;;15;7;16;27;;;15.0;0.0
-1;5200;VEV_5500;5;29;;;;;6;24;;;;;5.5;0.0
-1;5200;VEV_6000;0;19;;;;;1;19;;;;;0.5;0.0
-1;5200;VEV_6500;0;15;;;;;1;15;;;;;0.5;0.0
-1;5300;ASH_COATED_OSMIUM;9989;22;;;;;10008;10;10010;22;;;9998.5;0.0
-1;5300;HYDROGEL_PACK;9952;12;9950;24;;;9968;12;9971;24;;;9960.0;0.0
-1;5300;INTARIAN_PEPPER_ROOT;13098;9;13095;17;;;13112;9;;;;;13105.0;0.0
-1;5300;VELVETFRUIT_EXTRACT;5255;57;;;;;5260;19;5261;33;;;5257.5;0.0
-1;5300;VEV_4000;1263;14;1261;22;;;1285;14;1287;22;;;1274.0;0.0
-1;5300;VEV_4500;753;7;751;23;;;769;7;771;23;;;761.0;0.0
-1;5300;VEV_5000;254;20;;;;;261;10;262;21;;;257.5;0.0
-1;5300;VEV_5100;170;23;169;27;;;174;30;;;;;172.0;0.0
-1;5300;VEV_5200;102;24;101;16;;;104;24;;;;;103.0;0.0
-1;5300;VEV_5300;51;23;50;20;;;53;27;54;11;;;52.0;0.0
-1;5300;VEV_5400;14;21;;;;;15;20;16;18;;;14.5;0.0
-1;5300;VEV_5500;5;20;;;;;6;23;;;;;5.5;0.0
-1;5300;VEV_6000;0;24;;;;;1;24;;;;;0.5;0.0
-1;5300;VEV_6500;0;16;;;;;1;16;;;;;0.5;0.0
-1;5400;ASH_COATED_OSMIUM;9992;11;;;;;10008;11;10010;26;;;10000.0;0.0
-1;5400;HYDROGEL_PACK;9950;12;9947;21;;;9966;12;9968;21;;;9958.0;0.0
-1;5400;INTARIAN_PEPPER_ROOT;13098;10;13095;20;;;;;;;;;13098.0;0.0
-1;5400;VELVETFRUIT_EXTRACT;5256;25;5255;56;;;5260;25;5261;61;;;5258.0;0.0
-1;5400;VEV_4000;1263;10;1260;30;;;1284;10;1287;30;;;1273.5;0.0
-1;5400;VEV_4500;751;22;;;;;769;6;770;6;772;22;760.0;0.0
-1;5400;VEV_5000;256;6;255;20;;;262;6;263;16;;;259.0;0.0
-1;5400;VEV_5100;169;12;;;;;174;20;;;;;171.5;0.0
-1;5400;VEV_5200;100;17;;;;;;;;;;;100.0;0.0
-1;5400;VEV_5300;51;29;;;;;53;18;;;;;52.0;0.0
-1;5400;VEV_5400;14;24;;;;;15;21;;;;;14.5;0.0
-1;5400;VEV_5500;5;23;;;;;6;25;;;;;5.5;0.0
-1;5400;VEV_6000;0;23;;;;;1;23;;;;;0.5;0.0
-1;5400;VEV_6500;0;17;;;;;1;17;;;;;0.5;0.0
-1;5500;ASH_COATED_OSMIUM;9991;15;;;;;10007;15;10010;29;;;9999.0;0.0
-1;5500;HYDROGEL_PACK;9952;13;9950;26;;;9968;13;9971;26;;;9960.0;0.0
-1;5500;INTARIAN_PEPPER_ROOT;13095;24;;;;;13113;9;13116;24;;;13104.0;0.0
-1;5500;VELVETFRUIT_EXTRACT;5255;21;5254;49;5254;31;5260;64;;;;;5257.5;0.0
-1;5500;VEV_4000;1262;9;1259;22;;;1283;9;1285;22;;;1272.5;0.0
-1;5500;VEV_4500;754;9;753;8;752;23;770;9;772;23;;;762.0;0.0
-1;5500;VEV_5000;254;17;;;;;261;7;262;27;;;257.5;0.0
-1;5500;VEV_5100;170;11;169;16;;;174;27;;;;;172.0;0.0
-1;5500;VEV_5200;100;19;;;;;104;15;;;;;102.0;0.0
-1;5500;VEV_5300;52;17;;;;;54;21;55;16;;;53.0;0.0
-1;5500;VEV_5400;14;26;;;;;15;27;16;23;;;14.5;0.0
-1;5500;VEV_5500;5;29;;;;;7;27;;;;;6.0;0.0
-1;5500;VEV_6000;0;15;;;;;1;15;;;;;0.5;0.0
-1;5500;VEV_6500;0;16;;;;;1;16;;;;;0.5;0.0
-1;5600;ASH_COATED_OSMIUM;9991;12;;;;;10007;12;;;;;9999.0;0.0
-1;5600;HYDROGEL_PACK;9954;10;9952;28;;;9970;10;9973;28;;;9962.0;0.0
-1;5600;INTARIAN_PEPPER_ROOT;13095;15;;;;;13116;15;;;;;13105.5;0.0
-1;5600;VELVETFRUIT_EXTRACT;5253;25;5252;56;;;5258;52;;;;;5255.5;0.0
-1;5600;VEV_4000;1262;12;1259;17;;;1283;12;1285;17;;;1272.5;0.0
-1;5600;VEV_4500;752;22;;;;;770;10;772;22;;;761.0;0.0
-1;5600;VEV_5000;255;12;;;;;262;28;263;29;;;258.5;0.0
-1;5600;VEV_5100;172;7;171;22;;;176;25;177;28;;;174.0;0.0
-1;5600;VEV_5200;101;17;;;;;105;24;;;;;103.0;0.0
-1;5600;VEV_5300;51;20;;;;;54;27;;;;;52.5;0.0
-1;5600;VEV_5400;14;24;;;;;16;24;;;;;15.0;0.0
-1;5600;VEV_5500;5;22;;;;;6;22;;;;;5.5;0.0
-1;5600;VEV_6000;0;20;;;;;1;20;;;;;0.5;0.0
-1;5600;VEV_6500;0;17;;;;;1;17;;;;;0.5;0.0
-1;5700;ASH_COATED_OSMIUM;9991;13;9989;30;;;10007;13;10010;30;;;9999.0;0.0
-1;5700;HYDROGEL_PACK;9953;11;9951;27;;;9969;11;9971;27;;;9961.0;0.0
-1;5700;INTARIAN_PEPPER_ROOT;13099;10;13095;15;;;13113;10;13116;15;;;13106.0;0.0
-1;5700;VELVETFRUIT_EXTRACT;5255;23;5254;72;;;5260;32;;;;;5257.5;0.0
-1;5700;VEV_4000;1262;12;1259;19;;;1283;12;1286;19;;;1272.5;0.0
-1;5700;VEV_4500;754;11;752;18;;;770;11;771;7;772;18;762.0;0.0
-1;5700;VEV_5000;255;23;;;;;263;22;;;;;259.0;0.0
-1;5700;VEV_5100;171;9;170;27;;;175;27;176;33;;;173.0;0.0
-1;5700;VEV_5200;103;26;102;29;;;105;6;106;24;;;104.0;0.0
-1;5700;VEV_5300;52;9;;;;;54;28;;;;;53.0;0.0
-1;5700;VEV_5400;15;10;14;21;;;16;22;;;;;15.5;0.0
-1;5700;VEV_5500;5;23;;;;;7;25;;;;;6.0;0.0
-1;5700;VEV_6000;0;20;;;;;1;20;;;;;0.5;0.0
-1;5700;VEV_6500;0;12;;;;;1;12;;;;;0.5;0.0
-1;5800;ASH_COATED_OSMIUM;9989;20;;;;;10008;15;10010;20;;;9998.5;0.0
-1;5800;HYDROGEL_PACK;9948;12;9946;24;;;9964;12;9967;24;;;9956.0;0.0
-1;5800;INTARIAN_PEPPER_ROOT;13099;8;13095;18;;;13113;8;13116;18;;;13106.0;0.0
-1;5800;VELVETFRUIT_EXTRACT;5254;25;5253;63;;;5259;20;;;;;5256.5;0.0
-1;5800;VEV_4000;1261;8;1259;30;;;1283;8;1285;30;;;1272.0;0.0
-1;5800;VEV_4500;752;11;751;12;750;19;768;11;770;19;;;760.0;0.0
-1;5800;VEV_5000;256;12;255;17;;;263;15;;;;;259.5;0.0
-1;5800;VEV_5100;171;9;170;13;;;175;22;;;;;173.0;0.0
-1;5800;VEV_5200;103;27;102;30;;;106;21;;;;;104.5;0.0
-1;5800;VEV_5300;;;;;;;54;24;;;;;54.0;0.0
-1;5800;VEV_5400;14;26;14;22;;;16;18;;;;;15.0;0.0
-1;5800;VEV_5500;5;19;;;;;7;30;;;;;6.0;0.0
-1;5800;VEV_6000;0;23;;;;;1;23;;;;;0.5;0.0
-1;5800;VEV_6500;0;16;;;;;1;16;;;;;0.5;0.0
-1;5900;ASH_COATED_OSMIUM;9991;11;9989;27;;;10007;11;;;;;9999.0;0.0
-1;5900;HYDROGEL_PACK;9946;26;;;;;9964;15;9967;26;;;9955.0;0.0
-1;5900;INTARIAN_PEPPER_ROOT;13099;8;13096;23;;;13113;8;13116;23;;;13106.0;0.0
-1;5900;VELVETFRUIT_EXTRACT;5254;55;;;;;5260;50;;;;;5257.0;0.0
-1;5900;VEV_4000;1261;14;1259;23;;;1283;14;1285;23;;;1272.0;0.0
-1;5900;VEV_4500;;;;;;;767;12;768;9;769;16;767.0;0.0
-1;5900;VEV_5000;256;8;255;19;;;263;13;;;;;259.5;0.0
-1;5900;VEV_5100;172;8;171;20;;;177;16;;;;;174.5;0.0
-1;5900;VEV_5200;103;28;102;23;;;105;20;;;;;104.0;0.0
-1;5900;VEV_5300;52;21;;;;;54;20;55;25;;;53.0;0.0
-1;5900;VEV_5400;;;;;;;16;25;;;;;16.0;0.0
-1;5900;VEV_5500;6;19;;;;;7;25;;;;;6.5;0.0
-1;5900;VEV_6000;0;20;;;;;1;20;;;;;0.5;0.0
-1;5900;VEV_6500;0;15;;;;;1;15;;;;;0.5;0.0
-1;6000;ASH_COATED_OSMIUM;9989;29;;;;;10010;29;;;;;9999.5;0.0
-1;6000;HYDROGEL_PACK;9952;10;9950;24;;;9968;10;9971;24;;;9960.0;0.0
-1;6000;INTARIAN_PEPPER_ROOT;13099;10;;;;;13113;10;13116;17;;;13106.0;0.0
-1;6000;VELVETFRUIT_EXTRACT;5254;44;;;;;5260;49;;;;;5257.0;0.0
-1;6000;VEV_4000;1260;15;1258;18;;;1282;15;1284;18;;;1271.0;0.0
-1;6000;VEV_4500;752;10;750;17;;;770;17;;;;;761.0;0.0
-1;6000;VEV_5000;256;8;255;16;;;262;12;;;;;259.0;0.0
-1;6000;VEV_5100;172;7;171;21;;;176;8;177;14;;;174.0;0.0
-1;6000;VEV_5200;102;18;;;;;105;12;;;;;103.5;0.0
-1;6000;VEV_5300;51;24;;;;;53;20;54;18;;;52.0;0.0
-1;6000;VEV_5400;;;;;;;15;19;;;;;15.0;0.0
-1;6000;VEV_5500;6;27;;;;;7;19;;;;;6.5;0.0
-1;6000;VEV_6000;0;19;;;;;1;19;;;;;0.5;0.0
-1;6000;VEV_6500;0;16;;;;;1;16;;;;;0.5;0.0
-1;6100;ASH_COATED_OSMIUM;9992;12;9990;21;;;10008;12;10011;21;;;10000.0;0.0
-1;6100;HYDROGEL_PACK;9951;13;9949;26;;;9967;13;9969;26;;;9959.0;0.0
-1;6100;INTARIAN_PEPPER_ROOT;13099;11;;;;;13113;11;;;;;13106.0;0.0
-1;6100;VELVETFRUIT_EXTRACT;5253;60;;;;;5259;20;5260;30;;;5256.0;0.0
-1;6100;VEV_4000;1261;8;1259;16;;;1282;8;1285;16;;;1271.5;0.0
-1;6100;VEV_4500;751;6;749;22;;;767;6;769;22;;;759.0;0.0
-1;6100;VEV_5000;254;9;253;12;;;260;6;261;24;;;257.0;0.0
-1;6100;VEV_5100;170;19;169;28;;;174;10;;;;;172.0;0.0
-1;6100;VEV_5200;101;9;100;27;;;104;29;;;;;102.5;0.0
-1;6100;VEV_5300;52;23;;;;;54;24;;;;;53.0;0.0
-1;6100;VEV_5400;14;21;;;;;15;24;;;;;14.5;0.0
-1;6100;VEV_5500;6;20;;;;;7;25;;;;;6.5;0.0
-1;6100;VEV_6000;0;22;;;;;1;22;;;;;0.5;0.0
-1;6100;VEV_6500;0;15;;;;;1;15;;;;;0.5;0.0
-1;6200;ASH_COATED_OSMIUM;10002;5;9992;11;9989;22;10010;22;;;;;10006.0;0.0
-1;6200;HYDROGEL_PACK;9952;13;9950;26;;;9968;13;9971;26;;;9960.0;0.0
-1;6200;INTARIAN_PEPPER_ROOT;13096;21;;;;;13113;12;13117;21;;;13104.5;0.0
-1;6200;VELVETFRUIT_EXTRACT;5254;24;5253;39;;;5258;24;5259;34;;;5256.0;0.0
-1;6200;VEV_4000;1261;13;1259;30;;;1283;13;1285;30;;;1272.0;0.0
-1;6200;VEV_4500;752;12;751;23;750;16;770;16;;;;;761.0;0.0
-1;6200;VEV_5000;255;6;254;16;;;261;12;;;;;258.0;0.0
-1;6200;VEV_5100;170;31;169;27;;;174;6;175;18;;;172.0;0.0
-1;6200;VEV_5200;;;;;;;103;23;104;13;;;103.0;0.0
-1;6200;VEV_5300;53;19;;;;;55;20;;;;;54.0;0.0
-1;6200;VEV_5400;13;22;;;;;;;;;;;13.0;0.0
-1;6200;VEV_5500;6;26;;;;;7;23;;;;;6.5;0.0
-1;6200;VEV_6000;0;19;;;;;1;19;;;;;0.5;0.0
-1;6200;VEV_6500;0;18;;;;;1;18;;;;;0.5;0.0
-1;6300;ASH_COATED_OSMIUM;9992;10;9990;28;;;10008;10;10011;28;;;10000.0;0.0
-1;6300;HYDROGEL_PACK;9950;11;9948;25;;;9966;11;9969;25;;;9958.0;0.0
-1;6300;INTARIAN_PEPPER_ROOT;13099;11;;;;;13113;11;13117;16;;;13106.0;0.0
-1;6300;VELVETFRUIT_EXTRACT;5252;22;5251;50;;;5256;22;5257;58;;;5254.0;0.0
-1;6300;VEV_4000;1261;15;1258;26;;;1282;15;1284;26;;;1271.5;0.0
-1;6300;VEV_4500;752;11;751;8;750;21;768;11;770;21;;;760.0;0.0
-1;6300;VEV_5000;253;29;;;;;260;8;261;14;;;256.5;0.0
-1;6300;VEV_5100;169;23;;;;;174;22;175;12;;;171.5;0.0
-1;6300;VEV_5200;99;22;;;;;103;13;;;;;101.0;0.0
-1;6300;VEV_5300;53;6;;;;;55;10;55;4;;;54.0;0.0
-1;6300;VEV_5400;;;;;;;15;16;;;;;15.0;0.0
-1;6300;VEV_5500;5;28;;;;;7;18;;;;;6.0;0.0
-1;6300;VEV_6000;0;23;;;;;1;23;;;;;0.5;0.0
-1;6300;VEV_6500;0;18;;;;;1;18;;;;;0.5;0.0
-1;6400;ASH_COATED_OSMIUM;;;;;;;10008;15;10010;27;;;10008.0;0.0
-1;6400;HYDROGEL_PACK;9952;10;9950;25;;;9968;10;9970;25;;;9960.0;0.0
-1;6400;INTARIAN_PEPPER_ROOT;13099;10;;;;;13113;10;13117;15;;;13106.0;0.0
-1;6400;VELVETFRUIT_EXTRACT;5251;24;;;;;5257;20;;;;;5254.0;0.0
-1;6400;VEV_4000;1261;7;1258;29;;;1282;7;1285;29;;;1271.5;0.0
-1;6400;VEV_4500;750;16;;;;;768;6;770;16;;;759.0;0.0
-1;6400;VEV_5000;254;31;253;12;;;260;9;261;22;;;257.0;0.0
-1;6400;VEV_5100;170;28;;;;;174;29;;;;;172.0;0.0
-1;6400;VEV_5200;;;;;;;102;25;;;;;102.0;0.0
-1;6400;VEV_5300;52;26;51;14;;;54;5;;;;;53.0;0.0
-1;6400;VEV_5400;13;24;;;;;;;;;;;13.0;0.0
-1;6400;VEV_5500;5;22;;;;;7;20;;;;;6.0;0.0
-1;6400;VEV_6000;0;24;;;;;1;24;;;;;0.5;0.0
-1;6400;VEV_6500;0;14;;;;;1;14;;;;;0.5;0.0
-1;6500;ASH_COATED_OSMIUM;9992;14;;;;;10008;14;10010;30;;;10000.0;0.0
-1;6500;HYDROGEL_PACK;9952;15;9949;27;;;9968;15;9970;27;;;9960.0;0.0
-1;6500;INTARIAN_PEPPER_ROOT;13099;8;13096;15;;;13114;8;13117;15;;;13106.5;0.0
-1;6500;VELVETFRUIT_EXTRACT;5250;49;;;;;5255;23;5256;32;;;5252.5;0.0
-1;6500;VEV_4000;1261;13;1259;15;;;1283;13;1285;15;;;1272.0;0.0
-1;6500;VEV_4500;752;6;750;13;;;768;6;770;13;;;760.0;0.0
-1;6500;VEV_5000;255;7;254;19;;;261;31;;;;;258.0;0.0
-1;6500;VEV_5100;169;22;;;;;173;8;;;;;171.0;0.0
-1;6500;VEV_5200;100;10;99;20;;;103;24;;;;;101.5;0.0
-1;6500;VEV_5300;52;10;;;;;54;25;;;;;53.0;0.0
-1;6500;VEV_5400;13;24;;;;;14;29;15;24;;;13.5;0.0
-1;6500;VEV_5500;6;22;;;;;7;23;;;;;6.5;0.0
-1;6500;VEV_6000;0;18;;;;;1;18;;;;;0.5;0.0
-1;6500;VEV_6500;0;14;;;;;1;14;;;;;0.5;0.0
-1;6600;ASH_COATED_OSMIUM;9992;12;9989;24;;;10008;12;10010;24;;;10000.0;0.0
-1;6600;HYDROGEL_PACK;9953;10;9951;29;;;9969;10;9972;29;;;9961.0;0.0
-1;6600;INTARIAN_PEPPER_ROOT;13100;9;13096;24;;;13114;9;13117;24;;;13107.0;0.0
-1;6600;VELVETFRUIT_EXTRACT;5250;37;;;;;5256;43;;;;;5253.0;0.0
-1;6600;VEV_4000;1262;13;1260;21;;;1284;13;1286;21;;;1273.0;0.0
-1;6600;VEV_4500;752;9;750;14;;;768;9;770;14;;;760.0;0.0
-1;6600;VEV_5000;253;29;;;;;260;15;;;;;256.5;0.0
-1;6600;VEV_5100;169;32;;;;;173;7;174;20;;;171.0;0.0
-1;6600;VEV_5200;99;26;;;;;102;28;103;22;;;100.5;0.0
-1;6600;VEV_5300;51;18;;;;;54;26;;;;;52.5;0.0
-1;6600;VEV_5400;;;;;;;14;24;15;25;;;14.0;0.0
-1;6600;VEV_5500;6;20;;;;;7;25;;;;;6.5;0.0
-1;6600;VEV_6000;0;26;;;;;1;26;;;;;0.5;0.0
-1;6600;VEV_6500;0;17;;;;;1;17;;;;;0.5;0.0
-1;6700;ASH_COATED_OSMIUM;;;;;;;9997;4;10008;15;10010;25;9997.0;0.0
-1;6700;HYDROGEL_PACK;9953;13;9950;20;;;9969;13;9971;20;;;9961.0;0.0
-1;6700;INTARIAN_PEPPER_ROOT;13096;15;;;;;13114;11;;;;;13105.0;0.0
-1;6700;VELVETFRUIT_EXTRACT;5249;36;5249;68;;;5255;44;;;;;5252.0;0.0
-1;6700;VEV_4000;1262;10;1260;17;;;1283;10;1286;17;;;1272.5;0.0
-1;6700;VEV_4500;754;8;752;15;;;770;8;772;15;;;762.0;0.0
-1;6700;VEV_5000;254;11;253;14;;;260;12;261;15;;;257.0;0.0
-1;6700;VEV_5100;170;23;169;23;;;175;13;;;;;172.5;0.0
-1;6700;VEV_5200;100;23;;;;;103;32;;;;;101.5;0.0
-1;6700;VEV_5300;52;28;;;;;54;26;;;;;53.0;0.0
-1;6700;VEV_5400;13;23;;;;;15;15;;;;;14.0;0.0
-1;6700;VEV_5500;6;26;;;;;7;24;;;;;6.5;0.0
-1;6700;VEV_6000;0;16;;;;;1;16;;;;;0.5;0.0
-1;6700;VEV_6500;0;15;;;;;1;15;;;;;0.5;0.0
-1;6800;ASH_COATED_OSMIUM;9992;13;9989;23;;;10008;13;10010;23;;;10000.0;0.0
-1;6800;HYDROGEL_PACK;9953;15;9950;29;;;9969;15;9971;29;;;9961.0;0.0
-1;6800;INTARIAN_PEPPER_ROOT;13100;8;;;;;13114;8;13117;19;;;13107.0;0.0
-1;6800;VELVETFRUIT_EXTRACT;5250;36;;;;;5255;15;5256;51;;;5252.5;0.0
-1;6800;VEV_4000;1261;10;1259;27;;;1283;10;1285;27;;;1272.0;0.0
-1;6800;VEV_4500;753;8;751;23;;;769;8;771;23;;;761.0;0.0
-1;6800;VEV_5000;254;8;253;13;;;;;;;;;254.0;0.0
-1;6800;VEV_5100;170;9;169;23;;;174;6;;;;;172.0;0.0
-1;6800;VEV_5200;100;30;99;20;;;102;20;103;29;;;101.0;0.0
-1;6800;VEV_5300;52;5;;;;;54;27;54;19;;;53.0;0.0
-1;6800;VEV_5400;14;6;13;24;;;15;24;;;;;14.5;0.0
-1;6800;VEV_5500;6;21;;;;;7;23;;;;;6.5;0.0
-1;6800;VEV_6000;0;24;;;;;1;24;;;;;0.5;0.0
-1;6800;VEV_6500;0;12;;;;;1;12;;;;;0.5;0.0
-1;6900;ASH_COATED_OSMIUM;9991;15;9989;29;;;10007;15;10010;29;;;9999.0;0.0
-1;6900;HYDROGEL_PACK;9954;11;9951;30;;;9970;11;9972;30;;;9962.0;0.0
-1;6900;INTARIAN_PEPPER_ROOT;13100;12;13097;17;;;13114;12;;;;;13107.0;0.0
-1;6900;VELVETFRUIT_EXTRACT;5250;37;5249;31;;;5256;30;;;;;5253.0;0.0
-1;6900;VEV_4000;1261;10;1259;24;;;1283;10;1285;24;;;1272.0;0.0
-1;6900;VEV_4500;753;9;751;14;;;769;9;771;14;;;761.0;0.0
-1;6900;VEV_5000;256;10;255;16;;;263;19;;;;;259.5;0.0
-1;6900;VEV_5100;169;28;168;21;;;174;31;;;;;171.5;0.0
-1;6900;VEV_5200;100;9;99;27;;;102;34;103;27;;;101.0;0.0
-1;6900;VEV_5300;51;21;;;;;53;23;;;;;52.0;0.0
-1;6900;VEV_5400;13;17;;;;;;;;;;;13.0;0.0
-1;6900;VEV_5500;6;23;;;;;7;27;;;;;6.5;0.0
-1;6900;VEV_6000;0;19;;;;;1;19;;;;;0.5;0.0
-1;6900;VEV_6500;0;20;;;;;1;20;;;;;0.5;0.0
-1;7000;ASH_COATED_OSMIUM;9992;15;9989;25;;;10008;15;10010;25;;;10000.0;0.0
-1;7000;HYDROGEL_PACK;9955;13;9952;25;;;9971;13;9973;25;;;9963.0;0.0
-1;7000;INTARIAN_PEPPER_ROOT;13100;9;;;;;13114;9;13117;16;;;13107.0;0.0
-1;7000;VELVETFRUIT_EXTRACT;5251;24;5250;33;;;5255;24;5256;24;5257;36;5253.0;0.0
-1;7000;VEV_4000;1260;9;1258;21;;;1282;9;1284;21;;;1271.0;0.0
-1;7000;VEV_4500;752;9;750;19;;;768;9;770;19;;;760.0;0.0
-1;7000;VEV_5000;256;11;255;20;;;262;31;263;18;;;259.0;0.0
-1;7000;VEV_5100;169;9;168;20;;;173;12;174;24;;;171.0;0.0
-1;7000;VEV_5200;101;27;;;;;103;9;104;32;;;102.0;0.0
-1;7000;VEV_5300;51;17;;;;;53;24;54;17;;;52.0;0.0
-1;7000;VEV_5400;14;20;13;25;;;;;;;;;14.0;0.0
-1;7000;VEV_5500;6;21;;;;;7;16;;;;;6.5;0.0
-1;7000;VEV_6000;0;26;;;;;1;26;;;;;0.5;0.0
-1;7000;VEV_6500;0;12;;;;;1;12;;;;;0.5;0.0
-1;7100;ASH_COATED_OSMIUM;;;;;;;10008;13;10010;29;;;10008.0;0.0
-1;7100;HYDROGEL_PACK;9955;13;9952;28;;;9971;13;9973;28;;;9963.0;0.0
-1;7100;INTARIAN_PEPPER_ROOT;13100;11;13097;17;;;13114;11;;;;;13107.0;0.0
-1;7100;VELVETFRUIT_EXTRACT;5251;22;5250;30;5250;56;5256;60;5257;30;;;5253.5;0.0
-1;7100;VEV_4000;1259;15;1257;25;;;1281;15;1283;25;;;1270.0;0.0
-1;7100;VEV_4500;753;7;751;13;;;769;7;771;13;;;761.0;0.0
-1;7100;VEV_5000;256;10;255;13;;;262;8;263;15;;;259.0;0.0
-1;7100;VEV_5100;170;30;169;14;;;174;8;175;20;;;172.0;0.0
-1;7100;VEV_5200;101;27;;;;;105;18;;;;;103.0;0.0
-1;7100;VEV_5300;51;22;50;10;;;53;27;54;15;;;52.0;0.0
-1;7100;VEV_5400;14;19;14;18;;;16;21;;;;;15.0;0.0
-1;7100;VEV_5500;6;25;;;;;7;24;;;;;6.5;0.0
-1;7100;VEV_6000;0;19;;;;;1;19;;;;;0.5;0.0
-1;7100;VEV_6500;0;16;;;;;1;16;;;;;0.5;0.0
-1;7200;ASH_COATED_OSMIUM;9990;29;;;;;10008;15;10011;29;;;9999.0;0.0
-1;7200;HYDROGEL_PACK;9956;11;9953;26;;;9972;11;9974;26;;;9964.0;0.0
-1;7200;INTARIAN_PEPPER_ROOT;13100;8;13097;23;;;13114;8;13118;23;;;13107.0;0.0
-1;7200;VELVETFRUIT_EXTRACT;5251;25;5250;54;;;5256;68;;;;;5253.5;0.0
-1;7200;VEV_4000;1259;11;1257;29;;;1281;11;1283;29;;;1270.0;0.0
-1;7200;VEV_4500;753;10;751;22;;;769;10;771;22;;;761.0;0.0
-1;7200;VEV_5000;255;34;254;19;;;;;;;;;255.0;0.0
-1;7200;VEV_5100;170;6;169;16;;;174;11;;;;;172.0;0.0
-1;7200;VEV_5200;102;25;101;22;;;;;;;;;102.0;0.0
-1;7200;VEV_5300;52;24;;;;;54;26;;;;;53.0;0.0
-1;7200;VEV_5400;14;24;14;19;;;;;;;;;14.0;0.0
-1;7200;VEV_5500;6;18;;;;;7;18;;;;;6.5;0.0
-1;7200;VEV_6000;0;22;;;;;1;22;;;;;0.5;0.0
-1;7200;VEV_6500;0;14;;;;;1;14;;;;;0.5;0.0
-1;7300;ASH_COATED_OSMIUM;9992;12;9989;22;;;10008;12;10010;22;;;10000.0;0.0
-1;7300;HYDROGEL_PACK;9955;13;9952;26;;;9971;13;9973;26;;;9963.0;0.0
-1;7300;INTARIAN_PEPPER_ROOT;13097;17;;;;;13118;17;;;;;13107.5;0.0
-1;7300;VELVETFRUIT_EXTRACT;5250;67;;;;;5256;52;;;;;5253.0;0.0
-1;7300;VEV_4000;1259;7;1256;27;;;1280;7;1283;27;;;1269.5;0.0
-1;7300;VEV_4500;752;8;750;16;;;768;8;770;16;;;760.0;0.0
-1;7300;VEV_5000;256;27;255;22;;;262;8;;;;;259.0;0.0
-1;7300;VEV_5100;;;;;;;175;23;;;;;175.0;0.0
-1;7300;VEV_5200;101;27;100;29;;;103;26;;;;;102.0;0.0
-1;7300;VEV_5300;51;23;;;;;54;26;;;;;52.5;0.0
-1;7300;VEV_5400;14;21;14;27;;;;;;;;;14.0;0.0
-1;7300;VEV_5500;6;21;;;;;7;27;;;;;6.5;0.0
-1;7300;VEV_6000;0;26;;;;;1;26;;;;;0.5;0.0
-1;7300;VEV_6500;0;14;;;;;1;14;;;;;0.5;0.0
-1;7400;ASH_COATED_OSMIUM;9991;11;9988;21;;;10007;11;;;;;9999.0;0.0
-1;7400;HYDROGEL_PACK;9958;15;9956;20;;;9974;15;9977;20;;;9966.0;0.0
-1;7400;INTARIAN_PEPPER_ROOT;13100;9;13097;21;;;13114;9;13118;21;;;13107.0;0.0
-1;7400;VELVETFRUIT_EXTRACT;5248;51;5247;31;;;5253;17;5254;44;;;5250.5;0.0
-1;7400;VEV_4000;1261;9;1259;24;;;1283;9;1285;24;;;1272.0;0.0
-1;7400;VEV_4500;751;12;749;24;;;767;12;769;24;;;759.0;0.0
-1;7400;VEV_5000;257;18;256;16;;;263;9;264;16;;;260.0;0.0
-1;7400;VEV_5100;169;26;168;24;;;173;25;174;22;;;171.0;0.0
-1;7400;VEV_5200;98;19;;;;;102;29;;;;;100.0;0.0
-1;7400;VEV_5300;53;24;;;;;55;19;;;;;54.0;0.0
-1;7400;VEV_5400;14;24;;;;;16;27;;;;;15.0;0.0
-1;7400;VEV_5500;6;24;;;;;7;26;;;;;6.5;0.0
-1;7400;VEV_6000;0;19;;;;;1;19;;;;;0.5;0.0
-1;7400;VEV_6500;0;18;;;;;1;18;;;;;0.5;0.0
-1;7500;ASH_COATED_OSMIUM;9992;10;9989;26;;;10008;10;10010;26;;;10000.0;0.0
-1;7500;HYDROGEL_PACK;9957;12;9955;24;;;9973;12;9976;24;;;9965.0;0.0
-1;7500;INTARIAN_PEPPER_ROOT;13097;16;;;;;13115;9;;;;;13106.0;0.0
-1;7500;VELVETFRUIT_EXTRACT;5246;66;5245;33;;;5251;25;5252;22;;;5248.5;0.0
-1;7500;VEV_4000;1263;8;1261;25;;;1285;8;1287;25;;;1274.0;0.0
-1;7500;VEV_4500;748;12;;;;;766;9;768;12;;;757.0;0.0
-1;7500;VEV_5000;257;11;256;19;;;263;10;264;16;;;260.0;0.0
-1;7500;VEV_5100;169;6;168;19;;;174;17;;;;;171.5;0.0
-1;7500;VEV_5200;99;24;;;;;103;24;;;;;101.0;0.0
-1;7500;VEV_5300;52;17;;;;;55;21;;;;;53.5;0.0
-1;7500;VEV_5400;;;;;;;16;25;;;;;16.0;0.0
-1;7500;VEV_5500;6;21;;;;;7;25;;;;;6.5;0.0
-1;7500;VEV_6000;0;24;;;;;1;24;;;;;0.5;0.0
-1;7500;VEV_6500;0;17;;;;;1;17;;;;;0.5;0.0
-1;7600;ASH_COATED_OSMIUM;9991;11;9988;24;;;10009;24;;;;;10000.0;0.0
-1;7600;HYDROGEL_PACK;9955;11;9952;26;;;9971;11;9973;26;;;9963.0;0.0
-1;7600;INTARIAN_PEPPER_ROOT;13101;10;;;;;13115;10;13118;20;;;13108.0;0.0
-1;7600;VELVETFRUIT_EXTRACT;5245;49;;;;;5251;31;;;;;5248.0;0.0
-1;7600;VEV_4000;1263;14;1260;30;;;1284;14;1287;30;;;1273.5;0.0
-1;7600;VEV_4500;749;22;;;;;767;12;769;22;;;758.0;0.0
-1;7600;VEV_5000;258;9;;;;;264;9;265;12;;;261.0;0.0
-1;7600;VEV_5100;168;21;167;32;;;172;6;173;21;;;170.0;0.0
-1;7600;VEV_5200;100;11;99;29;;;102;29;103;22;;;101.0;0.0
-1;7600;VEV_5300;52;23;;;;;54;24;;;;;53.0;0.0
-1;7600;VEV_5400;14;21;;;;;;;;;;;14.0;0.0
-1;7600;VEV_5500;6;24;;;;;7;21;;;;;6.5;0.0
-1;7600;VEV_6000;0;20;;;;;1;20;;;;;0.5;0.0
-1;7600;VEV_6500;0;19;;;;;1;19;;;;;0.5;0.0
-1;7700;ASH_COATED_OSMIUM;9990;10;9988;21;;;10009;21;;;;;9999.5;0.0
-1;7700;HYDROGEL_PACK;9951;13;9948;24;;;9967;13;9969;24;;;9959.0;0.0
-1;7700;INTARIAN_PEPPER_ROOT;13101;9;13097;25;;;13115;9;13118;25;;;13108.0;0.0
-1;7700;VELVETFRUIT_EXTRACT;5244;66;;;;;5249;22;5250;41;;;5246.5;0.0
-1;7700;VEV_4000;1263;13;1261;30;;;1285;13;1287;30;;;1274.0;0.0
-1;7700;VEV_4500;750;6;749;22;748;16;766;6;768;16;;;758.0;0.0
-1;7700;VEV_5000;259;11;258;22;;;265;11;266;27;;;262.0;0.0
-1;7700;VEV_5100;168;15;;;;;173;10;174;20;;;170.5;0.0
-1;7700;VEV_5200;;;;;;;104;23;;;;;104.0;0.0
-1;7700;VEV_5300;52;8;;;;;54;22;;;;;53.0;0.0
-1;7700;VEV_5400;;;;;;;16;22;;;;;16.0;0.0
-1;7700;VEV_5500;6;20;;;;;7;18;;;;;6.5;0.0
-1;7700;VEV_6000;0;20;;;;;1;20;;;;;0.5;0.0
-1;7700;VEV_6500;0;17;;;;;1;17;;;;;0.5;0.0
-1;7800;ASH_COATED_OSMIUM;9991;15;9988;23;;;10009;23;;;;;10000.0;0.0
-1;7800;HYDROGEL_PACK;9952;10;9949;21;;;9968;10;9970;21;;;9960.0;0.0
-1;7800;INTARIAN_PEPPER_ROOT;13101;10;13097;21;;;13115;10;13118;21;;;13108.0;0.0
-1;7800;VELVETFRUIT_EXTRACT;5242;16;;;;;5248;56;;;;;5245.0;0.0
-1;7800;VEV_4000;1264;15;1261;18;;;1285;15;1288;18;;;1274.5;0.0
-1;7800;VEV_4500;749;6;747;21;;;765;6;767;21;;;757.0;0.0
-1;7800;VEV_5000;;;;;;;265;31;266;23;;;265.0;0.0
-1;7800;VEV_5100;168;10;167;29;;;;;;;;;168.0;0.0
-1;7800;VEV_5200;100;9;;;;;103;13;;;;;101.5;0.0
-1;7800;VEV_5300;52;10;;;;;54;26;;;;;53.0;0.0
-1;7800;VEV_5400;14;22;;;;;16;13;;;;;15.0;0.0
-1;7800;VEV_5500;6;20;;;;;7;21;;;;;6.5;0.0
-1;7800;VEV_6000;0;19;;;;;1;19;;;;;0.5;0.0
-1;7800;VEV_6500;0;17;;;;;1;17;;;;;0.5;0.0
-1;7900;ASH_COATED_OSMIUM;9990;12;9988;30;;;10006;12;10009;30;;;9998.0;0.0
-1;7900;HYDROGEL_PACK;9952;10;9949;22;;;9968;10;9970;22;;;9960.0;0.0
-1;7900;INTARIAN_PEPPER_ROOT;13098;21;;;;;13115;11;13118;21;;;13106.5;0.0
-1;7900;VELVETFRUIT_EXTRACT;5244;25;5243;69;;;5248;25;5249;68;5250;47;5246.0;0.0
-1;7900;VEV_4000;1262;10;1260;28;;;1284;10;1286;28;;;1273.0;0.0
-1;7900;VEV_4500;748;7;746;21;;;764;7;766;21;;;756.0;0.0
-1;7900;VEV_5000;259;12;;;;;265;9;266;17;;;262.0;0.0
-1;7900;VEV_5100;169;12;;;;;174;26;;;;;171.5;0.0
-1;7900;VEV_5200;102;23;;;;;105;28;;;;;103.5;0.0
-1;7900;VEV_5300;52;21;51;29;;;54;21;;;;;53.0;0.0
-1;7900;VEV_5400;14;24;13;16;;;15;27;;;;;14.5;0.0
-1;7900;VEV_5500;6;24;;;;;7;22;;;;;6.5;0.0
-1;7900;VEV_6000;0;20;;;;;1;20;;;;;0.5;0.0
-1;7900;VEV_6500;0;19;;;;;1;19;;;;;0.5;0.0
-1;8000;ASH_COATED_OSMIUM;9990;13;9988;25;;;10006;13;10009;25;;;9998.0;0.0
-1;8000;HYDROGEL_PACK;9953;11;9951;27;;;9969;11;9972;27;;;9961.0;0.0
-1;8000;INTARIAN_PEPPER_ROOT;;;;;;;13115;11;13118;23;;;13115.0;0.0
-1;8000;VELVETFRUIT_EXTRACT;5244;30;;;;;5250;55;;;;;5247.0;0.0
-1;8000;VEV_4000;1262;11;1260;19;;;1284;11;1286;19;;;1273.0;0.0
-1;8000;VEV_4500;749;9;747;16;;;765;9;767;16;;;757.0;0.0
-1;8000;VEV_5000;259;33;;;;;265;7;266;17;;;262.0;0.0
-1;8000;VEV_5100;167;27;;;;;172;9;173;30;;;169.5;0.0
-1;8000;VEV_5200;;;;;;;104;26;105;21;;;104.0;0.0
-1;8000;VEV_5300;52;8;;;;;;;;;;;52.0;0.0
-1;8000;VEV_5400;14;25;14;15;;;15;18;16;24;;;14.5;0.0
-1;8000;VEV_5500;6;24;;;;;8;24;;;;;7.0;0.0
-1;8000;VEV_6000;0;22;;;;;1;22;;;;;0.5;0.0
-1;8000;VEV_6500;0;17;;;;;1;17;;;;;0.5;0.0
-1;8100;ASH_COATED_OSMIUM;9990;11;9987;21;;;10008;21;;;;;9999.0;0.0
-1;8100;HYDROGEL_PACK;9952;10;9950;27;;;9968;10;9971;27;;;9960.0;0.0
-1;8100;INTARIAN_PEPPER_ROOT;13101;9;13098;21;;;13115;9;;;;;13108.0;0.0
-1;8100;VELVETFRUIT_EXTRACT;5245;46;;;;;5251;46;5252;41;;;5248.0;0.0
-1;8100;VEV_4000;1263;12;1261;21;;;1285;12;1287;21;;;1274.0;0.0
-1;8100;VEV_4500;749;9;747;15;;;765;9;766;15;;;757.0;0.0
-1;8100;VEV_5000;258;26;257;15;;;264;8;265;17;;;261.0;0.0
-1;8100;VEV_5100;168;27;167;22;;;173;13;;;;;170.5;0.0
-1;8100;VEV_5200;101;33;;;;;105;21;;;;;103.0;0.0
-1;8100;VEV_5300;52;18;;;;;;;;;;;52.0;0.0
-1;8100;VEV_5400;13;19;;;;;14;20;15;24;;;13.5;0.0
-1;8100;VEV_5500;6;18;;;;;8;24;;;;;7.0;0.0
-1;8100;VEV_6000;0;23;;;;;1;23;;;;;0.5;0.0
-1;8100;VEV_6500;0;20;;;;;1;20;;;;;0.5;0.0
-1;8200;ASH_COATED_OSMIUM;9990;13;9987;29;;;10006;13;10008;29;;;9998.0;0.0
-1;8200;HYDROGEL_PACK;9954;10;9951;30;;;9972;30;;;;;9963.0;0.0
-1;8200;INTARIAN_PEPPER_ROOT;13101;10;13098;17;;;13119;17;;;;;13110.0;0.0
-1;8200;VELVETFRUIT_EXTRACT;5243;38;5243;40;;;5248;25;5249;49;;;5245.5;0.0
-1;8200;VEV_4000;1264;11;1261;18;;;1285;11;1288;18;;;1274.5;0.0
-1;8200;VEV_4500;750;11;748;22;;;766;11;768;22;;;758.0;0.0
-1;8200;VEV_5000;257;27;;;;;264;12;265;27;;;260.5;0.0
-1;8200;VEV_5100;167;31;166;16;;;171;7;;;;;169.0;0.0
-1;8200;VEV_5200;101;27;;;;;;;;;;;101.0;0.0
-1;8200;VEV_5300;52;19;51;15;;;54;18;55;11;;;53.0;0.0
-1;8200;VEV_5400;13;22;;;;;15;25;;;;;14.0;0.0
-1;8200;VEV_5500;6;6;;;;;8;15;;;;;7.0;0.0
-1;8200;VEV_6000;0;21;;;;;1;21;;;;;0.5;0.0
-1;8200;VEV_6500;0;18;;;;;1;18;;;;;0.5;0.0
-1;8300;ASH_COATED_OSMIUM;9990;10;9987;23;;;10006;10;10008;23;;;9998.0;0.0
-1;8300;HYDROGEL_PACK;9954;15;9952;24;;;9970;15;9972;24;;;9962.0;0.0
-1;8300;INTARIAN_PEPPER_ROOT;;;;;;;13115;9;13119;15;;;13115.0;0.0
-1;8300;VELVETFRUIT_EXTRACT;5245;55;;;;;5251;44;;;;;5248.0;0.0
-1;8300;VEV_4000;1263;14;1261;27;;;1285;14;1287;27;;;1274.0;0.0
-1;8300;VEV_4500;750;8;748;15;;;766;8;768;15;;;758.0;0.0
-1;8300;VEV_5000;259;6;258;16;;;265;7;266;20;;;262.0;0.0
-1;8300;VEV_5100;168;20;167;20;;;172;27;;;;;170.0;0.0
-1;8300;VEV_5200;103;27;;;;;106;8;;;;;104.5;0.0
-1;8300;VEV_5300;52;27;;;;;54;23;55;19;;;53.0;0.0
-1;8300;VEV_5400;13;19;;;;;14;17;15;19;;;13.5;0.0
-1;8300;VEV_5500;7;20;;;;;8;19;;;;;7.5;0.0
-1;8300;VEV_6000;0;28;;;;;1;28;;;;;0.5;0.0
-1;8300;VEV_6500;0;13;;;;;1;13;;;;;0.5;0.0
-1;8400;ASH_COATED_OSMIUM;9990;12;9987;25;;;10008;25;;;;;9999.0;0.0
-1;8400;HYDROGEL_PACK;9956;10;9953;21;;;9972;10;9974;21;;;9964.0;0.0
-1;8400;INTARIAN_PEPPER_ROOT;13101;11;13098;24;;;13115;11;13119;24;;;13108.0;0.0
-1;8400;VELVETFRUIT_EXTRACT;5244;41;5244;52;;;5249;25;5250;40;;;5246.5;0.0
-1;8400;VEV_4000;1264;10;1261;19;;;1285;10;1288;19;;;1274.5;0.0
-1;8400;VEV_4500;750;12;748;19;;;766;12;768;19;;;758.0;0.0
-1;8400;VEV_5000;;;;;;;264;9;;;;;264.0;0.0
-1;8400;VEV_5100;168;7;;;;;173;20;;;;;170.5;0.0
-1;8400;VEV_5200;;;;;;;106;29;;;;;106.0;0.0
-1;8400;VEV_5300;51;5;;;;;53;26;;;;;52.0;0.0
-1;8400;VEV_5400;13;20;;;;;15;20;;;;;14.0;0.0
-1;8400;VEV_5500;7;25;;;;;8;29;;;;;7.5;0.0
-1;8400;VEV_6000;0;24;;;;;1;24;;;;;0.5;0.0
-1;8400;VEV_6500;0;20;;;;;1;20;;;;;0.5;0.0
-1;8500;ASH_COATED_OSMIUM;9989;11;9987;29;;;10005;11;10008;29;;;9997.0;0.0
-1;8500;HYDROGEL_PACK;9955;10;9953;25;;;9971;10;9974;25;;;9963.0;0.0
-1;8500;INTARIAN_PEPPER_ROOT;13101;10;13098;20;;;13116;10;13119;20;;;13108.5;0.0
-1;8500;VELVETFRUIT_EXTRACT;5245;41;;;;;5251;66;;;;;5248.0;0.0
-1;8500;VEV_4000;1264;15;1261;21;;;1285;15;1288;21;;;1274.5;0.0
-1;8500;VEV_4500;750;11;748;14;;;766;11;768;14;;;758.0;0.0
-1;8500;VEV_5000;256;12;;;;;263;7;264;18;;;259.5;0.0
-1;8500;VEV_5100;167;8;166;22;;;172;18;;;;;169.5;0.0
-1;8500;VEV_5200;102;34;101;23;;;104;9;105;27;;;103.0;0.0
-1;8500;VEV_5300;51;19;;;;;53;28;;;;;52.0;0.0
-1;8500;VEV_5400;;;;;;;15;20;;;;;15.0;0.0
-1;8500;VEV_5500;7;19;;;;;8;19;;;;;7.5;0.0
-1;8500;VEV_6000;0;26;;;;;1;26;;;;;0.5;0.0
-1;8500;VEV_6500;0;10;;;;;1;10;;;;;0.5;0.0
-1;8600;ASH_COATED_OSMIUM;9989;14;9987;30;;;10005;14;10008;30;;;9997.0;0.0
-1;8600;HYDROGEL_PACK;9956;13;9953;22;;;9972;13;9974;22;;;9964.0;0.0
-1;8600;INTARIAN_PEPPER_ROOT;13102;8;;;;;13116;8;13119;19;;;13109.0;0.0
-1;8600;VELVETFRUIT_EXTRACT;5244;60;;;;;5250;63;;;;;5247.0;0.0
-1;8600;VEV_4000;1265;15;1262;24;;;1286;15;1289;24;;;1275.5;0.0
-1;8600;VEV_4500;750;7;749;9;748;16;766;7;768;16;;;758.0;0.0
-1;8600;VEV_5000;255;28;;;;;262;8;263;15;;;258.5;0.0
-1;8600;VEV_5100;167;6;166;15;;;171;12;172;24;;;169.0;0.0
-1;8600;VEV_5200;101;21;;;;;104;8;105;29;;;102.5;0.0
-1;8600;VEV_5300;51;18;;;;;53;25;;;;;52.0;0.0
-1;8600;VEV_5400;;;;;;;15;25;;;;;15.0;0.0
-1;8600;VEV_5500;7;21;;;;;8;16;;;;;7.5;0.0
-1;8600;VEV_6000;0;19;;;;;1;19;;;;;0.5;0.0
-1;8600;VEV_6500;0;15;;;;;1;15;;;;;0.5;0.0
-1;8700;ASH_COATED_OSMIUM;9987;23;;;;;10005;10;10008;23;;;9996.0;0.0
-1;8700;HYDROGEL_PACK;9955;12;9952;27;;;9971;12;9973;27;;;9963.0;0.0
-1;8700;INTARIAN_PEPPER_ROOT;13102;11;13098;20;;;13116;11;13119;20;;;13109.0;0.0
-1;8700;VELVETFRUIT_EXTRACT;5243;63;;;;;5249;59;;;;;5246.0;0.0
-1;8700;VEV_4000;1266;8;1263;16;;;1287;8;1290;16;;;1276.5;0.0
-1;8700;VEV_4500;751;11;749;14;;;767;11;769;14;;;759.0;0.0
-1;8700;VEV_5000;256;12;255;12;;;262;10;263;21;;;259.0;0.0
-1;8700;VEV_5100;166;26;165;20;;;170;12;171;31;;;168.0;0.0
-1;8700;VEV_5200;101;22;;;;;104;31;105;20;;;102.5;0.0
-1;8700;VEV_5300;51;28;;;;;53;25;;;;;52.0;0.0
-1;8700;VEV_5400;13;19;;;;;15;22;;;;;14.0;0.0
-1;8700;VEV_5500;7;10;;;;;8;25;;;;;7.5;0.0
-1;8700;VEV_6000;0;26;;;;;1;26;;;;;0.5;0.0
-1;8700;VEV_6500;0;11;;;;;1;11;;;;;0.5;0.0
-1;8800;ASH_COATED_OSMIUM;9989;11;9986;20;;;10005;11;10007;20;;;9997.0;0.0
-1;8800;HYDROGEL_PACK;9958;15;9956;29;;;9974;15;9977;29;;;9966.0;0.0
-1;8800;INTARIAN_PEPPER_ROOT;13098;17;;;;;13116;12;13119;17;;;13107.0;0.0
-1;8800;VELVETFRUIT_EXTRACT;5242;58;5242;16;;;5248;49;;;;;5245.0;0.0
-1;8800;VEV_4000;1264;11;1261;15;;;1285;11;1288;15;;;1274.5;0.0
-1;8800;VEV_4500;751;11;749;24;;;767;11;769;24;;;759.0;0.0
-1;8800;VEV_5000;256;7;255;12;;;262;30;263;32;;;259.0;0.0
-1;8800;VEV_5100;167;30;166;33;;;171;20;172;16;;;169.0;0.0
-1;8800;VEV_5200;101;21;;;;;105;22;;;;;103.0;0.0
-1;8800;VEV_5300;51;27;;;;;53;26;54;20;;;52.0;0.0
-1;8800;VEV_5400;13;26;;;;;;;;;;;13.0;0.0
-1;8800;VEV_5500;7;23;;;;;8;24;;;;;7.5;0.0
-1;8800;VEV_6000;0;23;;;;;1;23;;;;;0.5;0.0
-1;8800;VEV_6500;0;11;;;;;1;11;;;;;0.5;0.0
-1;8900;ASH_COATED_OSMIUM;9989;10;;;;;;;;;;;9989.0;0.0
-1;8900;HYDROGEL_PACK;9959;10;9956;21;;;9975;10;9977;21;;;9967.0;0.0
-1;8900;INTARIAN_PEPPER_ROOT;13099;15;;;;;13116;10;13119;15;;;13107.5;0.0
-1;8900;VELVETFRUIT_EXTRACT;5240;40;;;;;5246;69;;;;;5243.0;0.0
-1;8900;VEV_4000;1264;8;1261;24;;;1285;8;1288;24;;;1274.5;0.0
-1;8900;VEV_4500;752;10;750;15;;;770;15;;;;;761.0;0.0
-1;8900;VEV_5000;258;29;257;19;;;264;12;;;;;261.0;0.0
-1;8900;VEV_5100;167;9;166;31;;;171;20;172;26;;;169.0;0.0
-1;8900;VEV_5200;100;12;;;;;103;8;104;30;;;101.5;0.0
-1;8900;VEV_5300;50;7;;;;;52;21;53;29;;;51.0;0.0
-1;8900;VEV_5400;13;22;;;;;14;20;15;25;;;13.5;0.0
-1;8900;VEV_5500;7;26;;;;;8;21;;;;;7.5;0.0
-1;8900;VEV_6000;0;22;;;;;1;22;;;;;0.5;0.0
-1;8900;VEV_6500;0;13;;;;;1;13;;;;;0.5;0.0
-1;9000;ASH_COATED_OSMIUM;9986;30;;;;;10007;30;;;;;9996.5;0.0
-1;9000;HYDROGEL_PACK;9958;12;9955;25;;;9974;12;9976;25;;;9966.0;0.0
-1;9000;INTARIAN_PEPPER_ROOT;13102;12;13099;22;;;13119;22;;;;;13110.5;0.0
-1;9000;VELVETFRUIT_EXTRACT;5243;23;5242;63;;;5247;23;5248;39;;;5245.0;0.0
-1;9000;VEV_4000;1264;15;1261;28;;;1285;15;1288;28;;;1274.5;0.0
-1;9000;VEV_4500;752;7;750;18;;;768;7;770;18;;;760.0;0.0
-1;9000;VEV_5000;258;9;257;12;;;264;19;;;;;261.0;0.0
-1;9000;VEV_5100;167;12;;;;;171;6;;;;;169.0;0.0
-1;9000;VEV_5200;101;8;100;27;;;104;22;;;;;102.5;0.0
-1;9000;VEV_5300;50;21;;;;;52;19;;;;;51.0;0.0
-1;9000;VEV_5400;;;;;;;15;17;;;;;15.0;0.0
-1;9000;VEV_5500;7;17;;;;;8;20;;;;;7.5;0.0
-1;9000;VEV_6000;0;18;;;;;1;18;;;;;0.5;0.0
-1;9000;VEV_6500;0;13;;;;;1;13;;;;;0.5;0.0
-1;9100;ASH_COATED_OSMIUM;9989;14;9986;23;;;10005;14;10007;23;;;9997.0;0.0
-1;9100;HYDROGEL_PACK;9960;14;9957;26;;;9976;14;9978;26;;;9968.0;0.0
-1;9100;INTARIAN_PEPPER_ROOT;13102;11;13099;16;;;13116;11;13119;16;;;13109.0;0.0
-1;9100;VELVETFRUIT_EXTRACT;5243;31;;;;;5249;64;;;;;5246.0;0.0
-1;9100;VEV_4000;1262;15;1260;19;;;1284;15;1286;19;;;1273.0;0.0
-1;9100;VEV_4500;751;8;749;16;;;767;8;768;10;769;16;759.0;0.0
-1;9100;VEV_5000;259;6;;;;;265;25;266;23;;;262.0;0.0
-1;9100;VEV_5100;167;28;166;22;;;171;11;172;19;;;169.0;0.0
-1;9100;VEV_5200;102;33;101;31;;;;;;;;;102.0;0.0
-1;9100;VEV_5300;50;6;;;;;52;10;;;;;51.0;0.0
-1;9100;VEV_5400;13;22;13;24;;;15;27;;;;;14.0;0.0
-1;9100;VEV_5500;7;23;;;;;8;16;;;;;7.5;0.0
-1;9100;VEV_6000;0;17;;;;;1;17;;;;;0.5;0.0
-1;9100;VEV_6500;0;14;;;;;1;14;;;;;0.5;0.0
-1;9200;ASH_COATED_OSMIUM;;;;;;;10005;15;10007;20;;;10005.0;0.0
-1;9200;HYDROGEL_PACK;9962;10;9959;21;;;9978;10;9980;21;;;9970.0;0.0
-1;9200;INTARIAN_PEPPER_ROOT;13102;11;13099;22;;;13116;11;;;;;13109.0;0.0
-1;9200;VELVETFRUIT_EXTRACT;5244;15;5243;47;;;5248;15;5249;42;;;5246.0;0.0
-1;9200;VEV_4000;1262;7;1260;21;;;1283;7;1286;21;;;1272.5;0.0
-1;9200;VEV_4500;751;6;749;15;;;767;6;768;12;769;15;759.0;0.0
-1;9200;VEV_5000;261;10;260;15;;;267;11;268;19;;;264.0;0.0
-1;9200;VEV_5100;167;36;;;;;171;12;172;19;;;169.0;0.0
-1;9200;VEV_5200;101;23;;;;;104;7;;;;;102.5;0.0
-1;9200;VEV_5300;49;20;;;;;51;18;52;21;;;50.0;0.0
-1;9200;VEV_5400;13;22;12;22;;;13;22;14;21;;;13.0;0.0
-1;9200;VEV_5500;7;29;;;;;8;20;;;;;7.5;0.0
-1;9200;VEV_6000;0;20;;;;;1;20;;;;;0.5;0.0
-1;9200;VEV_6500;0;18;;;;;1;18;;;;;0.5;0.0
-1;9300;ASH_COATED_OSMIUM;9988;11;9986;28;;;10004;11;10007;28;;;9996.0;0.0
-1;9300;HYDROGEL_PACK;9962;11;9960;20;;;9978;11;9981;20;;;9970.0;0.0
-1;9300;INTARIAN_PEPPER_ROOT;13102;10;13099;16;;;13116;10;;;;;13109.0;0.0
-1;9300;VELVETFRUIT_EXTRACT;5246;16;5245;19;;;5251;49;;;;;5248.5;0.0
-1;9300;VEV_4000;1262;13;1259;20;;;1283;13;1286;20;;;1272.5;0.0
-1;9300;VEV_4500;750;8;748;14;;;768;14;;;;;759.0;0.0
-1;9300;VEV_5000;261;12;260;17;;;267;24;268;17;;;264.0;0.0
-1;9300;VEV_5100;166;11;165;20;;;170;10;171;16;;;168.0;0.0
-1;9300;VEV_5200;102;19;;;;;;;;;;;102.0;0.0
-1;9300;VEV_5300;;;;;;;51;29;52;21;;;51.0;0.0
-1;9300;VEV_5400;13;29;;;;;14;15;;;;;13.5;0.0
-1;9300;VEV_5500;7;30;;;;;8;20;;;;;7.5;0.0
-1;9300;VEV_6000;0;18;;;;;1;18;;;;;0.5;0.0
-1;9300;VEV_6500;0;18;;;;;1;18;;;;;0.5;0.0
-1;9400;ASH_COATED_OSMIUM;9989;11;9986;28;;;10007;28;;;;;9998.0;0.0
-1;9400;HYDROGEL_PACK;9962;13;9960;27;;;9978;13;9981;27;;;9970.0;0.0
-1;9400;INTARIAN_PEPPER_ROOT;13102;8;;;;;13116;8;13120;22;;;13109.0;0.0
-1;9400;VELVETFRUIT_EXTRACT;5248;23;5247;56;;;5252;23;5253;60;;;5250.0;0.0
-1;9400;VEV_4000;1262;14;1259;21;;;1283;14;1286;21;;;1272.5;0.0
-1;9400;VEV_4500;751;11;749;14;;;767;11;769;14;;;759.0;0.0
-1;9400;VEV_5000;259;14;;;;;266;21;267;13;;;262.5;0.0
-1;9400;VEV_5100;168;26;;;;;172;7;;;;;170.0;0.0
-1;9400;VEV_5200;102;12;;;;;104;9;105;20;;;103.0;0.0
-1;9400;VEV_5300;49;19;;;;;51;24;;;;;50.0;0.0
-1;9400;VEV_5400;12;16;;;;;13;7;14;25;;;12.5;0.0
-1;9400;VEV_5500;7;30;;;;;8;18;;;;;7.5;0.0
-1;9400;VEV_6000;0;18;;;;;1;18;;;;;0.5;0.0
-1;9400;VEV_6500;0;18;;;;;1;18;;;;;0.5;0.0
-1;9500;ASH_COATED_OSMIUM;9988;14;9986;25;;;10004;14;;;;;9996.0;0.0
-1;9500;HYDROGEL_PACK;9961;14;9958;20;;;9977;14;9979;20;;;9969.0;0.0
-1;9500;INTARIAN_PEPPER_ROOT;13102;8;13099;15;;;13117;8;13120;15;;;13109.5;0.0
-1;9500;VELVETFRUIT_EXTRACT;5248;22;5247;36;5247;56;5252;22;5253;58;;;5250.0;0.0
-1;9500;VEV_4000;1263;13;1261;17;;;1285;13;1287;17;;;1274.0;0.0
-1;9500;VEV_4500;751;11;749;19;;;767;11;769;19;;;759.0;0.0
-1;9500;VEV_5000;;;;;;;265;7;266;25;;;265.0;0.0
-1;9500;VEV_5100;167;31;166;14;;;172;17;;;;;169.5;0.0
-1;9500;VEV_5200;102;10;;;;;104;12;105;23;;;103.0;0.0
-1;9500;VEV_5300;48;26;;;;;50;18;;;;;49.0;0.0
-1;9500;VEV_5400;12;19;12;22;;;14;23;;;;;13.0;0.0
-1;9500;VEV_5500;7;15;;;;;8;25;;;;;7.5;0.0
-1;9500;VEV_6000;0;22;;;;;1;22;;;;;0.5;0.0
-1;9500;VEV_6500;0;15;;;;;1;15;;;;;0.5;0.0
-1;9600;ASH_COATED_OSMIUM;9988;10;9986;20;;;10007;20;;;;;9997.5;0.0
-1;9600;HYDROGEL_PACK;9959;10;9957;29;;;9975;10;9978;29;;;9967.0;0.0
-1;9600;INTARIAN_PEPPER_ROOT;13103;8;13099;23;;;13117;8;;;;;13110.0;0.0
-1;9600;VELVETFRUIT_EXTRACT;5248;71;;;;;5254;48;5254;74;;;5251.0;0.0
-1;9600;VEV_4000;1263;7;1261;15;;;1285;7;1287;15;;;1274.0;0.0
-1;9600;VEV_4500;752;11;750;14;;;768;11;770;14;;;760.0;0.0
-1;9600;VEV_5000;258;31;257;17;;;264;25;265;25;;;261.0;0.0
-1;9600;VEV_5100;168;33;167;26;;;172;10;173;13;;;170.0;0.0
-1;9600;VEV_5200;103;32;102;33;;;;;;;;;103.0;0.0
-1;9600;VEV_5300;48;22;;;;;50;22;51;20;;;49.0;0.0
-1;9600;VEV_5400;12;17;;;;;14;27;;;;;13.0;0.0
-1;9600;VEV_5500;7;19;;;;;8;22;;;;;7.5;0.0
-1;9600;VEV_6000;0;18;;;;;1;18;;;;;0.5;0.0
-1;9600;VEV_6500;0;14;;;;;1;14;;;;;0.5;0.0
-1;9700;ASH_COATED_OSMIUM;9989;14;;;;;10005;14;10007;24;;;9997.0;0.0
-1;9700;HYDROGEL_PACK;9959;14;9957;22;;;9975;14;9978;22;;;9967.0;0.0
-1;9700;INTARIAN_PEPPER_ROOT;13099;23;;;;;13117;8;13120;23;;;13108.0;0.0
-1;9700;VELVETFRUIT_EXTRACT;5250;30;;;;;5256;23;;;;;5253.0;0.0
-1;9700;VEV_4000;1264;8;1261;30;;;1285;8;1288;30;;;1274.5;0.0
-1;9700;VEV_4500;753;7;751;15;;;769;7;771;15;;;761.0;0.0
-1;9700;VEV_5000;256;7;255;16;;;262;7;263;21;;;259.0;0.0
-1;9700;VEV_5100;168;10;167;23;;;172;20;173;24;;;170.0;0.0
-1;9700;VEV_5200;103;29;102;22;;;105;27;106;24;;;104.0;0.0
-1;9700;VEV_5300;48;27;;;;;50;24;;;;;49.0;0.0
-1;9700;VEV_5400;12;26;;;;;14;23;;;;;13.0;0.0
-1;9700;VEV_5500;7;25;;;;;8;22;;;;;7.5;0.0
-1;9700;VEV_6000;0;19;;;;;1;19;;;;;0.5;0.0
-1;9700;VEV_6500;0;19;;;;;1;19;;;;;0.5;0.0
-1;9800;ASH_COATED_OSMIUM;9987;20;;;;;10008;20;;;;;9997.5;0.0
-1;9800;HYDROGEL_PACK;9961;10;9959;28;;;9977;10;9980;28;;;9969.0;0.0
-1;9800;INTARIAN_PEPPER_ROOT;13103;12;13099;20;;;13120;20;;;;;13111.5;0.0
-1;9800;VELVETFRUIT_EXTRACT;5249;64;5249;21;;;5254;21;5255;53;;;5251.5;0.0
-1;9800;VEV_4000;1263;10;1261;29;;;1285;10;1287;29;;;1274.0;0.0
-1;9800;VEV_4500;753;12;751;15;;;769;12;770;6;771;15;761.0;0.0
-1;9800;VEV_5000;256;9;;;;;262;9;263;23;;;259.0;0.0
-1;9800;VEV_5100;166;12;;;;;171;11;172;14;;;168.5;0.0
-1;9800;VEV_5200;104;12;103;23;;;;;;;;;104.0;0.0
-1;9800;VEV_5300;48;30;;;;;50;13;;;;;49.0;0.0
-1;9800;VEV_5400;12;18;;;;;14;26;;;;;13.0;0.0
-1;9800;VEV_5500;7;25;;;;;8;22;;;;;7.5;0.0
-1;9800;VEV_6000;0;25;;;;;1;25;;;;;0.5;0.0
-1;9800;VEV_6500;0;14;;;;;1;14;;;;;0.5;0.0
-1;9900;ASH_COATED_OSMIUM;9989;12;9987;29;;;10005;12;10008;29;;;9997.0;0.0
-1;9900;HYDROGEL_PACK;9964;10;9962;30;;;9980;10;9983;30;;;9972.0;0.0
-1;9900;INTARIAN_PEPPER_ROOT;13103;12;13100;15;;;13117;12;13120;15;;;13110.0;0.0
-1;9900;VELVETFRUIT_EXTRACT;5249;60;;;;;5255;38;;;;;5252.0;0.0
-1;9900;VEV_4000;1263;8;1260;22;;;1284;8;1287;22;;;1273.5;0.0
-1;9900;VEV_4500;754;12;752;17;;;770;12;772;17;;;762.0;0.0
-1;9900;VEV_5000;255;11;254;18;;;261;12;262;13;;;258.0;0.0
-1;9900;VEV_5100;167;6;166;17;;;171;10;172;12;;;169.0;0.0
-1;9900;VEV_5200;103;7;102;32;;;105;9;;;;;104.0;0.0
-1;9900;VEV_5300;;;;;;;49;26;;;;;49.0;0.0
-1;9900;VEV_5400;12;30;;;;;14;19;;;;;13.0;0.0
-1;9900;VEV_5500;7;21;;;;;8;24;;;;;7.5;0.0
-1;9900;VEV_6000;0;30;;;;;1;30;;;;;0.5;0.0
-1;9900;VEV_6500;0;16;;;;;1;16;;;;;0.5;0.0
-1;10000;ASH_COATED_OSMIUM;9988;14;;;;;10004;14;10007;28;;;9996.0;0.0
-1;10000;HYDROGEL_PACK;9964;11;9962;30;;;9980;11;9983;30;;;9972.0;0.0
-1;10000;INTARIAN_PEPPER_ROOT;13103;9;13100;21;;;13117;9;13120;21;;;13110.0;0.0
-1;10000;VELVETFRUIT_EXTRACT;5248;24;5247;68;;;5252;24;5253;40;;;5250.0;0.0
-1;10000;VEV_4000;1263;10;1260;20;;;1284;10;1287;20;;;1273.5;0.0
-1;10000;VEV_4500;754;6;;;;;770;6;772;12;;;762.0;0.0
-1;10000;VEV_5000;255;8;;;;;261;6;;;;;258.0;0.0
-1;10000;VEV_5100;166;26;;;;;;;;;;;166.0;0.0
-1;10000;VEV_5200;102;32;;;;;106;27;;;;;104.0;0.0
-1;10000;VEV_5300;47;26;46;27;;;49;19;;;;;48.0;0.0
-1;10000;VEV_5400;12;21;;;;;14;19;;;;;13.0;0.0
-1;10000;VEV_5500;7;26;;;;;8;20;;;;;7.5;0.0
-1;10000;VEV_6000;0;18;;;;;1;18;;;;;0.5;0.0
-1;10000;VEV_6500;0;14;;;;;1;14;;;;;0.5;0.0
-1;10100;ASH_COATED_OSMIUM;9989;11;;;;;10007;24;;;;;9998.0;0.0
-1;10100;HYDROGEL_PACK;9968;15;9965;24;;;9984;15;9986;24;;;9976.0;0.0
-1;10100;INTARIAN_PEPPER_ROOT;13103;12;13100;21;;;13117;12;13120;21;;;13110.0;0.0
-1;10100;VELVETFRUIT_EXTRACT;5248;68;;;;;5254;61;;;;;5251.0;0.0
-1;10100;VEV_4000;1263;10;1260;27;;;1284;10;1287;27;;;1273.5;0.0
-1;10100;VEV_4500;753;9;751;12;;;769;9;771;12;;;761.0;0.0
-1;10100;VEV_5000;255;12;254;21;;;261;29;262;12;;;258.0;0.0
-1;10100;VEV_5100;166;26;;;;;170;29;171;16;;;168.0;0.0
-1;10100;VEV_5200;102;24;;;;;105;28;106;29;;;103.5;0.0
-1;10100;VEV_5300;47;26;;;;;49;25;;;;;48.0;0.0
-1;10100;VEV_5400;;;;;;;13;7;14;27;;;13.0;0.0
-1;10100;VEV_5500;7;29;;;;;8;21;;;;;7.5;0.0
-1;10100;VEV_6000;0;20;;;;;1;20;;;;;0.5;0.0
-1;10100;VEV_6500;0;12;;;;;1;12;;;;;0.5;0.0
-1;10200;ASH_COATED_OSMIUM;9989;14;9986;23;;;10005;14;10007;23;;;9997.0;0.0
-1;10200;HYDROGEL_PACK;9967;15;9964;29;;;9983;15;9985;29;;;9975.0;0.0
-1;10200;INTARIAN_PEPPER_ROOT;13113;8;13100;16;;;13117;10;13121;16;;;13115.0;0.0
-1;10200;VELVETFRUIT_EXTRACT;5251;68;5251;23;5250;33;5257;69;;;;;5254.0;0.0
-1;10200;VEV_4000;1263;14;1260;26;;;1284;14;1287;26;;;1273.5;0.0
-1;10200;VEV_4500;754;7;;;;;770;7;772;19;;;762.0;0.0
-1;10200;VEV_5000;255;11;254;18;;;261;8;262;13;;;258.0;0.0
-1;10200;VEV_5100;166;14;;;;;171;30;172;15;;;168.5;0.0
-1;10200;VEV_5200;104;12;;;;;106;7;107;32;;;105.0;0.0
-1;10200;VEV_5300;47;28;;;;;49;19;;;;;48.0;0.0
-1;10200;VEV_5400;;;;;;;14;23;;;;;14.0;0.0
-1;10200;VEV_5500;7;28;;;;;8;19;;;;;7.5;0.0
-1;10200;VEV_6000;0;23;;;;;1;23;;;;;0.5;0.0
-1;10200;VEV_6500;0;16;;;;;1;16;;;;;0.5;0.0
-1;10300;ASH_COATED_OSMIUM;9989;12;9986;30;;;10005;12;10007;30;;;9997.0;0.0
-1;10300;HYDROGEL_PACK;9970;15;9968;28;;;9986;15;9989;28;;;9978.0;0.0
-1;10300;INTARIAN_PEPPER_ROOT;13103;9;13100;25;;;13121;25;;;;;13112.0;0.0
-1;10300;VELVETFRUIT_EXTRACT;5251;63;5251;17;;;5256;17;5257;65;;;5253.5;0.0
-1;10300;VEV_4000;1264;7;1261;19;;;1285;7;1288;19;;;1274.5;0.0
-1;10300;VEV_4500;754;10;752;17;;;772;17;;;;;763.0;0.0
-1;10300;VEV_5000;255;36;;;;;261;8;262;19;;;258.0;0.0
-1;10300;VEV_5100;167;10;;;;;171;8;172;28;;;169.0;0.0
-1;10300;VEV_5200;;;;;;;;;;;;;0.0;0.0
-1;10300;VEV_5300;47;18;;;;;49;19;;;;;48.0;0.0
-1;10300;VEV_5400;13;30;;;;;15;20;;;;;14.0;0.0
-1;10300;VEV_5500;7;25;;;;;8;28;;;;;7.5;0.0
-1;10300;VEV_6000;0;24;;;;;1;24;;;;;0.5;0.0
-1;10300;VEV_6500;0;18;;;;;1;18;;;;;0.5;0.0
-1;10400;ASH_COATED_OSMIUM;9989;12;9986;29;;;10005;12;10007;29;;;9997.0;0.0
-1;10400;HYDROGEL_PACK;9969;14;9967;22;;;9985;14;9988;22;;;9977.0;0.0
-1;10400;INTARIAN_PEPPER_ROOT;13100;20;;;;;13117;8;13121;20;;;13108.5;0.0
-1;10400;VELVETFRUIT_EXTRACT;5250;37;;;;;5256;40;;;;;5253.0;0.0
-1;10400;VEV_4000;1263;13;1261;17;;;1285;13;1287;17;;;1274.0;0.0
-1;10400;VEV_4500;753;16;;;;;771;6;773;16;;;762.0;0.0
-1;10400;VEV_5000;255;11;254;12;;;261;11;262;14;;;258.0;0.0
-1;10400;VEV_5100;165;23;;;;;170;7;171;17;;;167.5;0.0
-1;10400;VEV_5200;103;23;102;22;;;105;12;106;34;;;104.0;0.0
-1;10400;VEV_5300;48;21;;;;;50;20;;;;;49.0;0.0
-1;10400;VEV_5400;13;25;;;;;15;20;;;;;14.0;0.0
-1;10400;VEV_5500;7;24;;;;;8;16;;;;;7.5;0.0
-1;10400;VEV_6000;0;16;;;;;1;16;;;;;0.5;0.0
-1;10400;VEV_6500;0;18;;;;;1;18;;;;;0.5;0.0
-1;10500;ASH_COATED_OSMIUM;9989;10;;;;;10007;20;;;;;9998.0;0.0
-1;10500;HYDROGEL_PACK;9970;15;9967;22;;;9986;15;9988;22;;;9978.0;0.0
-1;10500;INTARIAN_PEPPER_ROOT;13103;9;13100;15;;;;;;;;;13103.0;0.0
-1;10500;VELVETFRUIT_EXTRACT;5251;25;5250;48;;;5255;25;5256;64;;;5253.0;0.0
-1;10500;VEV_4000;1264;10;1262;23;;;1286;10;1288;23;;;1275.0;0.0
-1;10500;VEV_4500;754;6;752;17;;;770;6;772;17;;;762.0;0.0
-1;10500;VEV_5000;256;8;;;;;262;6;;;;;259.0;0.0
-1;10500;VEV_5100;166;9;165;15;;;170;33;;;;;168.0;0.0
-1;10500;VEV_5200;;;;;;;;;;;;;0.0;0.0
-1;10500;VEV_5300;47;14;;;;;50;25;;;;;48.5;0.0
-1;10500;VEV_5400;13;21;;;;;15;21;;;;;14.0;0.0
-1;10500;VEV_5500;6;24;;;;;8;17;;;;;7.0;0.0
-1;10500;VEV_6000;0;22;;;;;1;22;;;;;0.5;0.0
-1;10500;VEV_6500;0;15;;;;;1;15;;;;;0.5;0.0
-1;10600;ASH_COATED_OSMIUM;9989;13;;;;;10005;13;10008;21;;;9997.0;0.0
-1;10600;HYDROGEL_PACK;9967;11;9964;27;;;9983;11;9985;27;;;9975.0;0.0
-1;10600;INTARIAN_PEPPER_ROOT;13100;23;;;;;13118;9;13121;23;;;13109.0;0.0
-1;10600;VELVETFRUIT_EXTRACT;5251;17;5250;43;5250;63;5256;49;;;;;5253.5;0.0
-1;10600;VEV_4000;1264;13;1261;20;;;1285;13;1288;20;;;1274.5;0.0
-1;10600;VEV_4500;755;9;753;16;;;771;9;773;16;;;763.0;0.0
-1;10600;VEV_5000;256;12;255;16;;;262;12;;;;;259.0;0.0
-1;10600;VEV_5100;167;6;;;;;171;9;172;14;;;169.0;0.0
-1;10600;VEV_5200;102;25;;;;;105;28;106;35;;;103.5;0.0
-1;10600;VEV_5300;48;19;;;;;50;26;;;;;49.0;0.0
-1;10600;VEV_5400;13;19;;;;;15;25;;;;;14.0;0.0
-1;10600;VEV_5500;6;19;;;;;8;18;;;;;7.0;0.0
-1;10600;VEV_6000;0;23;;;;;1;23;;;;;0.5;0.0
-1;10600;VEV_6500;0;12;;;;;1;12;;;;;0.5;0.0
-1;10700;ASH_COATED_OSMIUM;9989;13;9986;30;;;10007;30;;;;;9998.0;0.0
-1;10700;HYDROGEL_PACK;9965;14;9963;20;;;9981;14;9983;20;;;9973.0;0.0
-1;10700;INTARIAN_PEPPER_ROOT;13104;12;13100;25;;;13118;12;;;;;13111.0;0.0
-1;10700;VELVETFRUIT_EXTRACT;5251;34;;;;;5256;24;5257;32;5257;43;5253.5;0.0
-1;10700;VEV_4000;1265;15;1263;20;;;1287;15;1289;20;;;1276.0;0.0
-1;10700;VEV_4500;755;11;754;11;753;21;773;21;;;;;764.0;0.0
-1;10700;VEV_5000;257;9;256;15;;;263;12;264;12;;;260.0;0.0
-1;10700;VEV_5100;169;12;;;;;174;16;;;;;171.5;0.0
-1;10700;VEV_5200;104;22;103;26;;;107;17;;;;;105.5;0.0
-1;10700;VEV_5300;48;20;;;;;;;;;;;48.0;0.0
-1;10700;VEV_5400;14;16;13;27;;;14;24;15;21;;;14.0;0.0
-1;10700;VEV_5500;6;24;;;;;8;24;;;;;7.0;0.0
-1;10700;VEV_6000;0;25;;;;;1;25;;;;;0.5;0.0
-1;10700;VEV_6500;0;15;;;;;1;15;;;;;0.5;0.0
-1;10800;ASH_COATED_OSMIUM;9989;14;;;;;10005;14;10007;25;;;9997.0;0.0
-1;10800;HYDROGEL_PACK;9965;12;9963;21;;;9981;12;9984;21;;;9973.0;0.0
-1;10800;INTARIAN_PEPPER_ROOT;13104;8;13100;17;;;13118;8;13121;17;;;13111.0;0.0
-1;10800;VELVETFRUIT_EXTRACT;5251;36;;;;;5257;57;;;;;5254.0;0.0
-1;10800;VEV_4000;1266;12;1263;23;;;1287;12;1290;23;;;1276.5;0.0
-1;10800;VEV_4500;755;10;753;12;;;771;10;772;12;773;12;763.0;0.0
-1;10800;VEV_5000;258;22;257;17;;;264;31;265;19;;;261.0;0.0
-1;10800;VEV_5100;170;25;;;;;174;7;175;30;;;172.0;0.0
-1;10800;VEV_5200;103;16;;;;;;;;;;;103.0;0.0
-1;10800;VEV_5300;48;20;;;;;50;17;51;18;;;49.0;0.0
-1;10800;VEV_5400;;;;;;;15;20;;;;;15.0;0.0
-1;10800;VEV_5500;7;25;;;;;8;27;;;;;7.5;0.0
-1;10800;VEV_6000;0;24;;;;;1;24;;;;;0.5;0.0
-1;10800;VEV_6500;0;11;;;;;1;11;;;;;0.5;0.0
-1;10900;ASH_COATED_OSMIUM;9989;15;9986;30;;;10005;15;10007;30;;;9997.0;0.0
-1;10900;HYDROGEL_PACK;9963;13;9961;26;;;9979;13;9982;26;;;9971.0;0.0
-1;10900;INTARIAN_PEPPER_ROOT;13104;10;13101;22;;;13118;10;13121;22;;;13111.0;0.0
-1;10900;VELVETFRUIT_EXTRACT;5250;30;;;;;5256;43;;;;;5253.0;0.0
-1;10900;VEV_4000;1264;15;1262;16;;;1285;15;1288;16;;;1274.5;0.0
-1;10900;VEV_4500;756;9;754;17;;;772;9;774;17;;;764.0;0.0
-1;10900;VEV_5000;259;10;258;23;;;266;12;;;;;262.5;0.0
-1;10900;VEV_5100;171;11;170;12;;;175;9;176;30;;;173.0;0.0
-1;10900;VEV_5200;;;;;;;105;28;106;32;;;105.0;0.0
-1;10900;VEV_5300;48;25;;;;;50;7;;;;;49.0;0.0
-1;10900;VEV_5400;;;;;;;15;10;;;;;15.0;0.0
-1;10900;VEV_5500;6;23;;;;;8;26;;;;;7.0;0.0
-1;10900;VEV_6000;0;19;;;;;1;19;;;;;0.5;0.0
-1;10900;VEV_6500;0;19;;;;;1;19;;;;;0.5;0.0
-1;11000;ASH_COATED_OSMIUM;9989;10;9986;23;;;;;;;;;9989.0;0.0
-1;11000;HYDROGEL_PACK;9961;12;9959;23;;;9977;12;9980;23;;;9969.0;0.0
-1;11000;INTARIAN_PEPPER_ROOT;13101;16;;;;;13118;12;13121;16;;;13109.5;0.0
-1;11000;VELVETFRUIT_EXTRACT;5251;32;;;;;5256;19;5257;59;;;5253.5;0.0
-1;11000;VEV_4000;1263;12;1260;22;;;1284;12;1286;22;;;1273.5;0.0
-1;11000;VEV_4500;755;17;;;;;773;11;775;17;;;764.0;0.0
-1;11000;VEV_5000;258;10;257;17;;;264;11;265;19;;;261.0;0.0
-1;11000;VEV_5100;171;6;170;17;;;175;8;176;21;;;173.0;0.0
-1;11000;VEV_5200;103;10;102;28;;;;;;;;;103.0;0.0
-1;11000;VEV_5300;48;20;;;;;50;24;;;;;49.0;0.0
-1;11000;VEV_5400;14;25;13;27;;;15;20;;;;;14.5;0.0
-1;11000;VEV_5500;6;19;;;;;8;21;;;;;7.0;0.0
-1;11000;VEV_6000;0;18;;;;;1;18;;;;;0.5;0.0
-1;11000;VEV_6500;0;16;;;;;1;16;;;;;0.5;0.0
-1;11100;ASH_COATED_OSMIUM;9988;13;9986;22;;;10004;13;;;;;9996.0;0.0
-1;11100;HYDROGEL_PACK;9960;14;9958;26;;;9976;14;9979;26;;;9968.0;0.0
-1;11100;INTARIAN_PEPPER_ROOT;13104;8;13101;18;;;13118;8;;;;;13111.0;0.0
-1;11100;VELVETFRUIT_EXTRACT;5250;55;;;;;5255;24;5256;39;;;5252.5;0.0
-1;11100;VEV_4000;1261;12;1259;20;;;1283;12;1285;20;;;1272.0;0.0
-1;11100;VEV_4500;756;7;754;12;;;773;22;774;12;;;764.5;0.0
-1;11100;VEV_5000;260;12;259;12;;;266;22;267;35;;;263.0;0.0
-1;11100;VEV_5100;170;11;169;21;;;174;8;175;16;;;172.0;0.0
-1;11100;VEV_5200;102;24;;;;;105;27;;;;;103.5;0.0
-1;11100;VEV_5300;47;8;;;;;49;22;;;;;48.0;0.0
-1;11100;VEV_5400;13;27;;;;;14;25;15;17;;;13.5;0.0
-1;11100;VEV_5500;6;26;;;;;8;12;;;;;7.0;0.0
-1;11100;VEV_6000;0;23;;;;;1;23;;;;;0.5;0.0
-1;11100;VEV_6500;0;14;;;;;1;14;;;;;0.5;0.0
-1;11200;ASH_COATED_OSMIUM;9989;11;9986;27;;;10005;11;;;;;9997.0;0.0
-1;11200;HYDROGEL_PACK;9957;10;9954;20;;;9973;10;9975;20;;;9965.0;0.0
-1;11200;INTARIAN_PEPPER_ROOT;13104;12;13101;20;;;13113;10;13118;12;13122;20;13108.5;0.0
-1;11200;VELVETFRUIT_EXTRACT;5251;43;;;;;5257;60;;;;;5254.0;0.0
-1;11200;VEV_4000;1262;9;1259;23;;;1283;9;1286;23;;;1272.5;0.0
-1;11200;VEV_4500;756;12;754;15;;;772;12;773;22;774;15;764.0;0.0
-1;11200;VEV_5000;262;9;;;;;;;;;;;262.0;0.0
-1;11200;VEV_5100;171;9;170;34;;;175;27;176;19;;;173.0;0.0
-1;11200;VEV_5200;103;9;102;23;;;105;25;;;;;104.0;0.0
-1;11200;VEV_5300;47;26;46;22;;;49;24;;;;;48.0;0.0
-1;11200;VEV_5400;13;25;;;;;14;22;15;24;;;13.5;0.0
-1;11200;VEV_5500;6;20;;;;;8;27;;;;;7.0;0.0
-1;11200;VEV_6000;0;25;;;;;1;25;;;;;0.5;0.0
-1;11200;VEV_6500;0;15;;;;;1;15;;;;;0.5;0.0
-1;11300;ASH_COATED_OSMIUM;9989;15;;;;;10005;15;;;;;9997.0;0.0
-1;11300;HYDROGEL_PACK;9957;10;9954;24;;;9973;10;9975;24;;;9965.0;0.0
-1;11300;INTARIAN_PEPPER_ROOT;13104;10;13101;23;;;13122;23;;;;;13113.0;0.0
-1;11300;VELVETFRUIT_EXTRACT;5251;56;;;;;5257;36;;;;;5254.0;0.0
-1;11300;VEV_4000;1262;15;1260;27;;;1283;15;1286;27;;;1272.5;0.0
-1;11300;VEV_4500;755;9;753;21;;;771;9;773;21;;;763.0;0.0
-1;11300;VEV_5000;262;7;261;21;;;268;11;269;12;;;265.0;0.0
-1;11300;VEV_5100;;;;;;;175;8;176;14;;;175.0;0.0
-1;11300;VEV_5200;103;34;;;;;105;9;;;;;104.0;0.0
-1;11300;VEV_5300;47;25;46;19;;;49;23;;;;;48.0;0.0
-1;11300;VEV_5400;14;27;;;;;15;18;;;;;14.5;0.0
-1;11300;VEV_5500;6;27;;;;;8;21;;;;;7.0;0.0
-1;11300;VEV_6000;0;28;;;;;1;28;;;;;0.5;0.0
-1;11300;VEV_6500;0;10;;;;;1;10;;;;;0.5;0.0
-1;11400;ASH_COATED_OSMIUM;9988;10;9986;30;;;10004;10;10007;30;;;9996.0;0.0
-1;11400;HYDROGEL_PACK;9958;11;9955;29;;;9974;11;9976;29;;;9966.0;0.0
-1;11400;INTARIAN_PEPPER_ROOT;13104;8;13101;17;;;13122;17;;;;;13113.0;0.0
-1;11400;VELVETFRUIT_EXTRACT;5252;15;5251;40;;;5257;23;;;;;5254.5;0.0
-1;11400;VEV_4000;1261;7;1259;26;;;1283;7;1285;26;;;1272.0;0.0
-1;11400;VEV_4500;754;7;752;21;;;771;10;772;21;;;762.5;0.0
-1;11400;VEV_5000;261;8;260;27;;;267;10;268;23;;;264.0;0.0
-1;11400;VEV_5100;171;12;;;;;175;12;176;16;;;173.0;0.0
-1;11400;VEV_5200;103;29;;;;;106;28;107;31;;;104.5;0.0
-1;11400;VEV_5300;47;21;;;;;49;25;;;;;48.0;0.0
-1;11400;VEV_5400;13;20;;;;;15;25;;;;;14.0;0.0
-1;11400;VEV_5500;7;30;;;;;8;19;;;;;7.5;0.0
-1;11400;VEV_6000;0;24;;;;;1;24;;;;;0.5;0.0
-1;11400;VEV_6500;0;18;;;;;1;18;;;;;0.5;0.0
-1;11500;ASH_COATED_OSMIUM;9987;11;9985;28;;;9996;2;10006;28;;;9991.5;0.0
-1;11500;HYDROGEL_PACK;9955;10;9953;27;;;9971;10;9974;27;;;9963.0;0.0
-1;11500;INTARIAN_PEPPER_ROOT;13104;8;13101;25;;;13119;8;;;;;13111.5;0.0
-1;11500;VELVETFRUIT_EXTRACT;5251;25;5250;53;;;5256;59;;;;;5253.5;0.0
-1;11500;VEV_4000;1263;14;1261;20;;;1285;14;1287;20;;;1274.0;0.0
-1;11500;VEV_4500;754;12;752;12;;;770;12;772;12;;;762.0;0.0
-1;11500;VEV_5000;262;10;261;13;;;268;9;269;27;;;265.0;0.0
-1;11500;VEV_5100;;;;;;;176;28;177;17;;;176.0;0.0
-1;11500;VEV_5200;;;;;;;107;20;;;;;107.0;0.0
-1;11500;VEV_5300;48;25;47;22;;;50;23;;;;;49.0;0.0
-1;11500;VEV_5400;;;;;;;15;16;;;;;15.0;0.0
-1;11500;VEV_5500;6;23;;;;;8;29;;;;;7.0;0.0
-1;11500;VEV_6000;0;20;;;;;1;20;;;;;0.5;0.0
-1;11500;VEV_6500;0;13;;;;;1;13;;;;;0.5;0.0
-1;11600;ASH_COATED_OSMIUM;9987;11;9985;27;;;9993;7;10003;11;10006;27;9990.0;0.0
-1;11600;HYDROGEL_PACK;9955;15;9953;30;;;9971;15;9973;30;;;9963.0;0.0
-1;11600;INTARIAN_PEPPER_ROOT;13105;11;13101;24;;;13122;24;;;;;13113.5;0.0
-1;11600;VELVETFRUIT_EXTRACT;5248;71;;;;;5254;55;;;;;5251.0;0.0
-1;11600;VEV_4000;1265;8;1262;19;;;1286;8;1289;19;;;1275.5;0.0
-1;11600;VEV_4500;755;7;753;18;;;771;7;773;18;;;763.0;0.0
-1;11600;VEV_5000;260;14;;;;;267;9;268;30;;;263.5;0.0
-1;11600;VEV_5100;172;25;171;22;;;177;20;;;;;174.5;0.0
-1;11600;VEV_5200;104;12;103;22;;;107;30;;;;;105.5;0.0
-1;11600;VEV_5300;47;19;;;;;49;16;50;15;;;48.0;0.0
-1;11600;VEV_5400;13;26;;;;;15;16;;;;;14.0;0.0
-1;11600;VEV_5500;7;21;;;;;8;19;;;;;7.5;0.0
-1;11600;VEV_6000;0;19;;;;;1;19;;;;;0.5;0.0
-1;11600;VEV_6500;0;12;;;;;1;12;;;;;0.5;0.0
-1;11700;ASH_COATED_OSMIUM;9985;28;;;;;10004;15;10006;28;;;9994.5;0.0
-1;11700;HYDROGEL_PACK;9954;14;9951;21;;;9970;14;9972;21;;;9962.0;0.0
-1;11700;INTARIAN_PEPPER_ROOT;13105;10;13101;18;;;13119;10;13122;18;;;13112.0;0.0
-1;11700;VELVETFRUIT_EXTRACT;5246;48;5246;49;;;5252;44;;;;;5249.0;0.0
-1;11700;VEV_4000;1264;11;1262;19;;;1286;11;1288;19;;;1275.0;0.0
-1;11700;VEV_4500;755;10;753;21;;;771;10;773;21;;;763.0;0.0
-1;11700;VEV_5000;261;11;260;23;;;267;11;268;24;;;264.0;0.0
-1;11700;VEV_5100;173;27;;;;;177;11;178;20;;;175.0;0.0
-1;11700;VEV_5200;104;22;;;;;;;;;;;104.0;0.0
-1;11700;VEV_5300;;;;;;;49;27;50;21;;;49.0;0.0
-1;11700;VEV_5400;;;;;;;15;27;;;;;15.0;0.0
-1;11700;VEV_5500;7;19;;;;;8;23;;;;;7.5;0.0
-1;11700;VEV_6000;0;18;;;;;1;18;;;;;0.5;0.0
-1;11700;VEV_6500;0;18;;;;;1;18;;;;;0.5;0.0
-1;11800;ASH_COATED_OSMIUM;9987;12;9985;22;;;10003;12;10006;22;;;9995.0;0.0
-1;11800;HYDROGEL_PACK;9952;15;9950;26;;;9968;15;9971;26;;;9960.0;0.0
-1;11800;INTARIAN_PEPPER_ROOT;13105;8;13101;19;;;13119;8;13122;19;;;13112.0;0.0
-1;11800;VELVETFRUIT_EXTRACT;5246;60;;;;;5252;49;5253;35;;;5249.0;0.0
-1;11800;VEV_4000;1265;7;1262;19;;;1286;7;1289;19;;;1275.5;0.0
-1;11800;VEV_4500;755;9;753;19;;;771;9;773;19;;;763.0;0.0
-1;11800;VEV_5000;260;6;259;14;;;266;9;267;17;;;263.0;0.0
-1;11800;VEV_5100;171;21;;;;;176;28;177;15;;;173.5;0.0
-1;11800;VEV_5200;105;21;104;24;;;108;27;;;;;106.5;0.0
-1;11800;VEV_5300;47;6;;;;;49;27;50;19;;;48.0;0.0
-1;11800;VEV_5400;13;19;;;;;14;20;15;30;;;13.5;0.0
-1;11800;VEV_5500;7;22;;;;;8;21;;;;;7.5;0.0
-1;11800;VEV_6000;0;24;;;;;1;24;;;;;0.5;0.0
-1;11800;VEV_6500;0;18;;;;;1;18;;;;;0.5;0.0
-1;11900;ASH_COATED_OSMIUM;9988;12;9985;25;;;9993;8;;;;;9990.5;0.0
-1;11900;HYDROGEL_PACK;9952;12;9949;23;;;9968;12;9970;23;;;9960.0;0.0
-1;11900;INTARIAN_PEPPER_ROOT;13105;11;13102;18;;;13119;11;13122;18;;;13112.0;0.0
-1;11900;VELVETFRUIT_EXTRACT;5244;30;;;;;5250;71;;;;;5247.0;0.0
-1;11900;VEV_4000;1265;7;1262;22;;;1286;7;1289;22;;;1275.5;0.0
-1;11900;VEV_4500;755;7;753;19;;;771;7;773;19;;;763.0;0.0
-1;11900;VEV_5000;260;10;259;22;;;266;8;;;;;263.0;0.0
-1;11900;VEV_5100;171;20;170;18;;;176;19;;;;;173.5;0.0
-1;11900;VEV_5200;105;2;;;;;107;7;108;16;;;106.0;0.0
-1;11900;VEV_5300;47;29;;;;;49;8;50;17;;;48.0;0.0
-1;11900;VEV_5400;13;30;;;;;15;21;;;;;14.0;0.0
-1;11900;VEV_5500;7;21;;;;;8;19;;;;;7.5;0.0
-1;11900;VEV_6000;0;25;;;;;1;25;;;;;0.5;0.0
-1;11900;VEV_6500;0;16;;;;;1;16;;;;;0.5;0.0
-1;12000;ASH_COATED_OSMIUM;9988;11;9986;29;;;10004;11;10007;29;;;9996.0;0.0
-1;12000;HYDROGEL_PACK;9949;11;9947;24;;;9965;11;9968;24;;;9957.0;0.0
-1;12000;INTARIAN_PEPPER_ROOT;13109;8;13105;12;;;13119;12;;;;;13114.0;0.0
-1;12000;VELVETFRUIT_EXTRACT;5245;36;;;;;5251;52;;;;;5248.0;0.0
-1;12000;VEV_4000;1264;11;1262;21;;;1286;11;1288;21;;;1275.0;0.0
-1;12000;VEV_4500;754;6;753;8;752;12;770;6;772;12;;;762.0;0.0
-1;12000;VEV_5000;260;6;259;28;;;266;8;267;19;;;263.0;0.0
-1;12000;VEV_5100;171;8;;;;;175;11;176;15;;;173.0;0.0
-1;12000;VEV_5200;;;;;;;109;20;;;;;109.0;0.0
-1;12000;VEV_5300;48;17;47;15;;;50;18;;;;;49.0;0.0
-1;12000;VEV_5400;14;17;13;16;;;15;16;;;;;14.5;0.0
-1;12000;VEV_5500;7;23;;;;;8;20;;;;;7.5;0.0
-1;12000;VEV_6000;0;30;;;;;1;30;;;;;0.5;0.0
-1;12000;VEV_6500;0;15;;;;;1;15;;;;;0.5;0.0
-1;12100;ASH_COATED_OSMIUM;9988;11;9986;30;;;10004;11;10007;30;;;9996.0;0.0
-1;12100;HYDROGEL_PACK;9948;10;9946;23;;;9964;10;9967;23;;;9956.0;0.0
-1;12100;INTARIAN_PEPPER_ROOT;13105;8;13102;19;;;13119;8;13122;19;;;13112.0;0.0
-1;12100;VELVETFRUIT_EXTRACT;5245;18;5244;58;;;5249;18;5250;33;;;5247.0;0.0
-1;12100;VEV_4000;1264;7;1262;27;;;1286;7;1288;27;;;1275.0;0.0
-1;12100;VEV_4500;756;11;754;13;;;774;13;;;;;765.0;0.0
-1;12100;VEV_5000;261;6;;;;;267;12;268;15;;;264.0;0.0
-1;12100;VEV_5100;171;8;;;;;175;28;176;15;;;173.0;0.0
-1;12100;VEV_5200;106;6;105;19;;;;;;;;;106.0;0.0
-1;12100;VEV_5300;48;22;;;;;;;;;;;48.0;0.0
-1;12100;VEV_5400;13;20;;;;;14;7;;;;;13.5;0.0
-1;12100;VEV_5500;7;25;;;;;8;19;;;;;7.5;0.0
-1;12100;VEV_6000;0;24;;;;;1;24;;;;;0.5;0.0
-1;12100;VEV_6500;0;20;;;;;1;20;;;;;0.5;0.0
-1;12200;ASH_COATED_OSMIUM;9989;12;9986;24;;;9999;1;10005;12;10007;24;9994.0;0.0
-1;12200;HYDROGEL_PACK;9948;13;9946;27;;;9964;13;9966;27;;;9956.0;0.0
-1;12200;INTARIAN_PEPPER_ROOT;13102;19;;;;;13119;12;13123;19;;;13110.5;0.0
-1;12200;VELVETFRUIT_EXTRACT;5242;19;5242;20;;;5247;20;5248;19;;;5244.5;0.0
-1;12200;VEV_4000;1265;15;1263;24;;;1286;15;1289;24;;;1275.5;0.0
-1;12200;VEV_4500;757;10;755;23;;;773;10;775;23;;;765.0;0.0
-1;12200;VEV_5000;259;20;;;;;266;28;267;18;;;262.5;0.0
-1;12200;VEV_5100;170;30;169;23;;;175;20;;;;;172.5;0.0
-1;12200;VEV_5200;104;31;;;;;107;6;;;;;105.5;0.0
-1;12200;VEV_5300;47;28;;;;;49;26;;;;;48.0;0.0
-1;12200;VEV_5400;14;21;13;21;;;15;28;;;;;14.5;0.0
-1;12200;VEV_5500;7;27;;;;;8;20;;;;;7.5;0.0
-1;12200;VEV_6000;0;20;;;;;1;20;;;;;0.5;0.0
-1;12200;VEV_6500;0;12;;;;;1;12;;;;;0.5;0.0
-1;12300;ASH_COATED_OSMIUM;9988;13;9986;20;;;10004;13;10007;20;;;9996.0;0.0
-1;12300;HYDROGEL_PACK;9950;10;9947;25;;;9966;10;9968;25;;;9958.0;0.0
-1;12300;INTARIAN_PEPPER_ROOT;13105;12;13102;21;;;13119;12;13123;21;;;13112.0;0.0
-1;12300;VELVETFRUIT_EXTRACT;5242;54;;;;;5248;45;;;;;5245.0;0.0
-1;12300;VEV_4000;1266;10;1264;23;;;1288;10;1290;23;;;1277.0;0.0
-1;12300;VEV_4500;756;10;754;20;;;772;10;774;20;;;764.0;0.0
-1;12300;VEV_5000;260;12;;;;;266;11;267;24;;;263.0;0.0
-1;12300;VEV_5100;169;12;;;;;173;10;174;24;;;171.0;0.0
-1;12300;VEV_5200;105;10;;;;;107;20;108;21;;;106.0;0.0
-1;12300;VEV_5300;47;24;;;;;49;16;;;;;48.0;0.0
-1;12300;VEV_5400;14;22;;;;;15;16;16;22;;;14.5;0.0
-1;12300;VEV_5500;7;22;;;;;8;20;;;;;7.5;0.0
-1;12300;VEV_6000;0;23;;;;;1;23;;;;;0.5;0.0
-1;12300;VEV_6500;0;15;;;;;1;15;;;;;0.5;0.0
-1;12400;ASH_COATED_OSMIUM;9988;12;9986;26;;;10004;12;10007;26;;;9996.0;0.0
-1;12400;HYDROGEL_PACK;9947;12;9945;29;;;9963;12;9966;29;;;9955.0;0.0
-1;12400;INTARIAN_PEPPER_ROOT;13105;12;13102;25;;;13119;12;;;;;13112.0;0.0
-1;12400;VELVETFRUIT_EXTRACT;5244;67;;;;;5250;48;;;;;5247.0;0.0
-1;12400;VEV_4000;1267;9;1264;16;;;1288;9;1291;16;;;1277.5;0.0
-1;12400;VEV_4500;754;23;;;;;772;6;774;23;;;763.0;0.0
-1;12400;VEV_5000;260;8;259;20;;;266;6;267;14;;;263.0;0.0
-1;12400;VEV_5100;169;32;168;27;;;;;;;;;169.0;0.0
-1;12400;VEV_5200;105;24;;;;;108;10;109;17;;;106.5;0.0
-1;12400;VEV_5300;47;27;;;;;49;25;50;30;;;48.0;0.0
-1;12400;VEV_5400;14;19;;;;;16;22;;;;;15.0;0.0
-1;12400;VEV_5500;7;21;;;;;8;21;;;;;7.5;0.0
-1;12400;VEV_6000;0;22;;;;;1;22;;;;;0.5;0.0
-1;12400;VEV_6500;0;17;;;;;1;17;;;;;0.5;0.0
-1;12500;ASH_COATED_OSMIUM;9989;14;9986;23;;;;;;;;;9989.0;0.0
-1;12500;HYDROGEL_PACK;9948;13;9946;22;;;9964;13;9967;22;;;9956.0;0.0
-1;12500;INTARIAN_PEPPER_ROOT;13102;25;;;;;13123;25;;;;;13112.5;0.0
-1;12500;VELVETFRUIT_EXTRACT;5243;19;;;;;5249;57;;;;;5246.0;0.0
-1;12500;VEV_4000;1268;12;1265;27;;;1289;12;1292;27;;;1278.5;0.0
-1;12500;VEV_4500;758;10;756;14;;;774;10;776;14;;;766.0;0.0
-1;12500;VEV_5000;258;11;257;12;;;265;20;;;;;261.5;0.0
-1;12500;VEV_5100;169;10;;;;;173;8;174;14;;;171.0;0.0
-1;12500;VEV_5200;106;26;;;;;109;30;;;;;107.5;0.0
-1;12500;VEV_5300;47;9;;;;;;;;;;;47.0;0.0
-1;12500;VEV_5400;15;23;;;;;16;18;;;;;15.5;0.0
-1;12500;VEV_5500;7;22;;;;;8;25;;;;;7.5;0.0
-1;12500;VEV_6000;0;20;;;;;1;20;;;;;0.5;0.0
-1;12500;VEV_6500;0;10;;;;;1;10;;;;;0.5;0.0
-1;12600;ASH_COATED_OSMIUM;9989;11;9987;30;;;10005;11;10008;30;;;9997.0;0.0
-1;12600;HYDROGEL_PACK;9951;13;9948;23;;;9967;13;9969;23;;;9959.0;0.0
-1;12600;INTARIAN_PEPPER_ROOT;13102;21;;;;;13120;11;;;;;13111.0;0.0
-1;12600;VELVETFRUIT_EXTRACT;5244;16;5243;49;;;5249;60;;;;;5246.5;0.0
-1;12600;VEV_4000;1268;7;1265;29;;;1289;7;1292;29;;;1278.5;0.0
-1;12600;VEV_4500;758;11;756;15;;;774;11;777;15;;;766.0;0.0
-1;12600;VEV_5000;259;6;258;16;;;265;12;266;35;;;262.0;0.0
-1;12600;VEV_5100;168;14;;;;;174;13;;;;;171.0;0.0
-1;12600;VEV_5200;;;;;;;109;29;;;;;109.0;0.0
-1;12600;VEV_5300;47;23;;;;;49;19;49;26;;;48.0;0.0
-1;12600;VEV_5400;15;20;;;;;16;21;;;;;15.5;0.0
-1;12600;VEV_5500;7;25;;;;;8;20;;;;;7.5;0.0
-1;12600;VEV_6000;0;22;;;;;1;22;;;;;0.5;0.0
-1;12600;VEV_6500;0;17;;;;;1;17;;;;;0.5;0.0
