timestamp;buyer;seller;symbol;currency;price;quantity
0;BOT_MAKER;BOT_TAKER;HYDROGEL_PACK;XIRECS;9971.0;4
0;SUBMISSION;BOT;INTARIAN_PEPPER_ROOT;XIRECS;13107.0;11
100;BOT_TAKER;BOT_MAKER;ASH_COATED_OSMIUM;XIRECS;10010.0;5
100;BOT_MAKER;BOT_TAKER;HYDROGEL_PACK;XIRECS;9972.0;6
100;SUBMISSION;BOT;INTARIAN_PEPPER_ROOT;XIRECS;13107.0;8
100;SUBMISSION;BOT_TAKER;VELVETFRUIT_EXTRACT;XIRECS;5261.0;5
200;SUBMISSION;BOT;INTARIAN_PEPPER_ROOT;XIRECS;13107.0;11
300;BOT_MAKER;BOT_TAKER;VELVETFRUIT_EXTRACT;XIRECS;5260.0;3
300;SUBMISSION;BOT;INTARIAN_PEPPER_ROOT;XIRECS;13107.0;10
400;BOT_MAKER;BOT_TAKER;HYDROGEL_PACK;XIRECS;9971.0;6
400;SUBMISSION;BOT;INTARIAN_PEPPER_ROOT;XIRECS;13107.0;10
400;SUBMISSION;BOT_TAKER;HYDROGEL_PACK;XIRECS;9972.0;3
500;SUBMISSION;BOT;INTARIAN_PEPPER_ROOT;XIRECS;13108.0;9
600;SUBMISSION;BOT;INTARIAN_PEPPER_ROOT;XIRECS;13108.0;12
700;BOT_MAKER;BOT_TAKER;HYDROGEL_PACK;XIRECS;9970.0;3
900;BOT_TAKER;BOT_MAKER;VEV_5200;XIRECS;104.0;5
900;SUBMISSION;BOT;INTARIAN_PEPPER_ROOT;XIRECS;13108.0;8
1000;BOT_TAKER;BOT_MAKER;HYDROGEL_PACK;XIRECS;9980.0;4
1000;BOT_MAKER;BOT_TAKER;HYDROGEL_PACK;XIRECS;9964.0;2
1000;SUBMISSION;BOT;INTARIAN_PEPPER_ROOT;XIRECS;13108.0;1
1000;BOT_TAKER;SUBMISSION;HYDROGEL_PACK;XIRECS;9979.0;2
1100;BOT_TAKER;SUBMISSION;VELVETFRUIT_EXTRACT;XIRECS;5261.0;5
1100;BOT_TAKER;BOT_MAKER;VELVETFRUIT_EXTRACT;XIRECS;5262.0;9
1200;BOT_MAKER;BOT_TAKER;ASH_COATED_OSMIUM;XIRECS;9991.0;4
1300;BOT_TAKER;BOT_MAKER;VELVETFRUIT_EXTRACT;XIRECS;5261.0;8
1400;BOT_TAKER;BOT_MAKER;ASH_COATED_OSMIUM;XIRECS;10009.0;5
1400;BOT_MAKER;BOT_TAKER;VELVETFRUIT_EXTRACT;XIRECS;5256.0;8
1500;BOT_MAKER;BOT_TAKER;VEV_4000;XIRECS;1257.0;1
1500;BOT_MAKER;BOT_TAKER;VEV_5500;XIRECS;5.0;5
1700;BOT_MAKER;BOT_TAKER;HYDROGEL_PACK;XIRECS;9963.0;5
1700;BOT_MAKER;BOT_TAKER;VELVETFRUIT_EXTRACT;XIRECS;5255.0;8
1700;SUBMISSION;BOT_TAKER;ASH_COATED_OSMIUM;XIRECS;9991.0;8
1700;SUBMISSION;BOT_TAKER;HYDROGEL_PACK;XIRECS;9964.0;5
1700;BOT_MAKER;BOT_TAKER;HYDROGEL_PACK;XIRECS;9963.0;1
1900;BOT_MAKER;BOT_TAKER;VELVETFRUIT_EXTRACT;XIRECS;5254.0;8
1900;BOT_MAKER;BOT_TAKER;VEV_6000;XIRECS;0.0;2
2000;BOT_MAKER;BOT_TAKER;HYDROGEL_PACK;XIRECS;9969.0;6
2100;BOT_TAKER;BOT_MAKER;HYDROGEL_PACK;XIRECS;9984.0;6
2100;BOT_MAKER;BOT_TAKER;VEV_6000;XIRECS;0.0;2
2200;BOT_MAKER;BOT_TAKER;ASH_COATED_OSMIUM;XIRECS;9993.0;7
2200;BOT_MAKER;BOT_TAKER;VELVETFRUIT_EXTRACT;XIRECS;5256.0;10
2200;BOT_MAKER;BOT_TAKER;VEV_4000;XIRECS;1258.0;3
2200;SUBMISSION;BOT_TAKER;ASH_COATED_OSMIUM;XIRECS;9994.0;3
2300;BOT_MAKER;BOT_TAKER;ASH_COATED_OSMIUM;XIRECS;9992.0;6
2300;BOT_TAKER;BOT_MAKER;VEV_5400;XIRECS;16.0;3
2400;BOT_TAKER;SUBMISSION;ASH_COATED_OSMIUM;XIRECS;10007.0;6
2500;BOT_TAKER;BOT_MAKER;HYDROGEL_PACK;XIRECS;9979.0;2
2600;BOT_MAKER;BOT_TAKER;VEV_4000;XIRECS;1262.0;2
2700;BOT_TAKER;BOT_MAKER;VELVETFRUIT_EXTRACT;XIRECS;5263.0;8
2700;BOT_MAKER;BOT_TAKER;VEV_4000;XIRECS;1262.0;3
2700;BOT_TAKER;BOT_MAKER;VEV_5400;XIRECS;15.0;5
3000;BOT_MAKER;BOT_TAKER;VELVETFRUIT_EXTRACT;XIRECS;5257.0;7
3100;BOT_TAKER;BOT_MAKER;HYDROGEL_PACK;XIRECS;9984.0;3
3100;SUBMISSION;BOT_TAKER;VELVETFRUIT_EXTRACT;XIRECS;5259.0;4
3200;BOT_TAKER;BOT_MAKER;HYDROGEL_PACK;XIRECS;9983.0;4
3200;BOT_TAKER;BOT_MAKER;VELVETFRUIT_EXTRACT;XIRECS;5262.0;10
3300;BOT_MAKER;BOT_TAKER;VEV_5500;XIRECS;6.0;5
3400;BOT_MAKER;BOT_TAKER;HYDROGEL_PACK;XIRECS;9967.0;6
3400;BOT_MAKER;BOT_TAKER;VEV_5400;XIRECS;15.0;5
3500;BOT_MAKER;BOT_TAKER;VEV_6000;XIRECS;0.0;4
3500;BOT_MAKER;BOT_TAKER;VEV_6500;XIRECS;0.0;4
3500;SUBMISSION;BOT;ASH_COATED_OSMIUM;XIRECS;9998.0;7
3600;BOT_TAKER;BOT_MAKER;VELVETFRUIT_EXTRACT;XIRECS;5261.0;6
3600;BOT_MAKER;BOT_TAKER;VEV_6500;XIRECS;0.0;3
3800;BOT;SUBMISSION;ASH_COATED_OSMIUM;XIRECS;10002.0;6
3800;SUBMISSION;BOT_TAKER;HYDROGEL_PACK;XIRECS;9967.0;3
4000;BOT_TAKER;BOT_MAKER;VELVETFRUIT_EXTRACT;XIRECS;5263.0;10
4000;BOT_TAKER;BOT_MAKER;VEV_4000;XIRECS;1286.0;2
4200;BOT_MAKER;BOT_TAKER;ASH_COATED_OSMIUM;XIRECS;9991.0;6
4200;BOT_MAKER;BOT_TAKER;VELVETFRUIT_EXTRACT;XIRECS;5257.0;5
4500;BOT_TAKER;BOT_MAKER;HYDROGEL_PACK;XIRECS;9974.0;3
4500;BOT_MAKER;BOT_TAKER;VELVETFRUIT_EXTRACT;XIRECS;5257.0;3
4500;SUBMISSION;BOT_TAKER;VELVETFRUIT_EXTRACT;XIRECS;5258.0;5
4600;BOT_MAKER;BOT_TAKER;INTARIAN_PEPPER_ROOT;XIRECS;13098.0;6
4600;BOT_TAKER;BOT_MAKER;VEV_5400;XIRECS;15.0;3
4600;BOT_TAKER;SUBMISSION;VEV_4000;XIRECS;1285.0;3
4700;BOT_MAKER;BOT_TAKER;VELVETFRUIT_EXTRACT;XIRECS;5258.0;5
4700;BOT_TAKER;SUBMISSION;HYDROGEL_PACK;XIRECS;9970.0;2
4800;BOT_MAKER;BOT_TAKER;HYDROGEL_PACK;XIRECS;9954.0;2
4800;BOT_TAKER;BOT_MAKER;VELVETFRUIT_EXTRACT;XIRECS;5263.0;3
4800;BOT_TAKER;BOT_MAKER;VEV_5400;XIRECS;16.0;2
5000;BOT_TAKER;BOT_MAKER;HYDROGEL_PACK;XIRECS;9966.0;2
5100;BOT_TAKER;BOT_MAKER;HYDROGEL_PACK;XIRECS;9968.0;6
5100;BOT_MAKER;BOT_TAKER;VELVETFRUIT_EXTRACT;XIRECS;5257.0;8
5100;BOT_TAKER;BOT_MAKER;VEV_4000;XIRECS;1284.0;3
5200;BOT_TAKER;SUBMISSION;INTARIAN_PEPPER_ROOT;XIRECS;13113.0;8
5300;BOT_TAKER;BOT_MAKER;VELVETFRUIT_EXTRACT;XIRECS;5260.0;6
5300;SUBMISSION;BOT;INTARIAN_PEPPER_ROOT;XIRECS;13112.0;8
5400;BOT_TAKER;BOT_MAKER;VELVETFRUIT_EXTRACT;XIRECS;5260.0;6
5500;BOT_TAKER;BOT_MAKER;VEV_4000;XIRECS;1283.0;1
5600;BOT_TAKER;BOT_MAKER;HYDROGEL_PACK;XIRECS;9970.0;4
5600;BOT_TAKER;BOT_MAKER;VELVETFRUIT_EXTRACT;XIRECS;5258.0;7
5600;BOT_MAKER;BOT_TAKER;VEV_4000;XIRECS;1262.0;2
5700;BOT_MAKER;BOT_TAKER;VELVETFRUIT_EXTRACT;XIRECS;5255.0;5
5700;BOT_TAKER;SUBMISSION;VELVETFRUIT_EXTRACT;XIRECS;5259.0;4
5900;BOT_TAKER;BOT_MAKER;VELVETFRUIT_EXTRACT;XIRECS;5260.0;4
6100;BOT_MAKER;BOT_TAKER;HYDROGEL_PACK;XIRECS;9951.0;4
6200;BOT;SUBMISSION;ASH_COATED_OSMIUM;XIRECS;10002.0;5
6300;BOT_MAKER;BOT_TAKER;VEV_6500;XIRECS;0.0;4
6400;BOT_TAKER;BOT_MAKER;HYDROGEL_PACK;XIRECS;9968.0;5
6400;BOT_TAKER;BOT_MAKER;VELVETFRUIT_EXTRACT;XIRECS;5257.0;7
6400;BOT_MAKER;BOT_TAKER;VEV_5500;XIRECS;5.0;5
6400;BOT_MAKER;BOT_TAKER;VEV_6000;XIRECS;0.0;3
6500;BOT_TAKER;BOT_MAKER;HYDROGEL_PACK;XIRECS;9968.0;2
6500;BOT_MAKER;BOT_TAKER;VELVETFRUIT_EXTRACT;XIRECS;5250.0;4
6500;BOT_TAKER;BOT_MAKER;VEV_6500;XIRECS;1.0;4
6700;BOT_MAKER;BOT_TAKER;HYDROGEL_PACK;XIRECS;9953.0;2
6700;BOT_TAKER;BOT_MAKER;VELVETFRUIT_EXTRACT;XIRECS;5255.0;6
6700;BOT_TAKER;BOT_MAKER;VELVETFRUIT_EXTRACT;XIRECS;5255.0;5
6700;BOT_MAKER;BOT_TAKER;VEV_4000;XIRECS;1262.0;3
6700;SUBMISSION;BOT;ASH_COATED_OSMIUM;XIRECS;9997.0;4
6800;BOT_MAKER;BOT_TAKER;HYDROGEL_PACK;XIRECS;9953.0;3
6900;BOT_MAKER;BOT_TAKER;VEV_5400;XIRECS;13.0;5
7000;BOT_TAKER;BOT_MAKER;HYDROGEL_PACK;XIRECS;9971.0;3
7000;BOT_TAKER;BOT_MAKER;VELVETFRUIT_EXTRACT;XIRECS;5255.0;8
7000;SUBMISSION;BOT_TAKER;VELVETFRUIT_EXTRACT;XIRECS;5252.0;4
7100;BOT_MAKER;BOT_TAKER;HYDROGEL_PACK;XIRECS;9955.0;5
7100;BOT_MAKER;BOT_TAKER;VEV_6000;XIRECS;0.0;2
7200;BOT_TAKER;BOT_MAKER;VEV_4000;XIRECS;1281.0;3
7300;BOT_MAKER;BOT_TAKER;VELVETFRUIT_EXTRACT;XIRECS;5250.0;7
7300;BOT_TAKER;BOT_MAKER;VEV_5500;XIRECS;7.0;4
7400;BOT_MAKER;BOT_TAKER;HYDROGEL_PACK;XIRECS;9958.0;2
7400;BOT_TAKER;SUBMISSION;VELVETFRUIT_EXTRACT;XIRECS;5252.0;5
7500;BOT_TAKER;BOT_MAKER;ASH_COATED_OSMIUM;XIRECS;10008.0;10
7500;BOT_TAKER;BOT_MAKER;VELVETFRUIT_EXTRACT;XIRECS;5251.0;3
7500;BOT_MAKER;BOT_TAKER;VELVETFRUIT_EXTRACT;XIRECS;5246.0;7
7500;BOT_TAKER;BOT_MAKER;VEV_6000;XIRECS;1.0;2
7700;BOT_MAKER;BOT_TAKER;HYDROGEL_PACK;XIRECS;9951.0;5
7700;BOT_TAKER;BOT_MAKER;VELVETFRUIT_EXTRACT;XIRECS;5249.0;4
7700;BOT_MAKER;BOT_TAKER;VEV_4000;XIRECS;1263.0;2
7800;BOT_MAKER;BOT_TAKER;HYDROGEL_PACK;XIRECS;9952.0;6
7800;BOT_TAKER;BOT_MAKER;VEV_5500;XIRECS;7.0;5
7800;SUBMISSION;BOT_TAKER;HYDROGEL_PACK;XIRECS;9953.0;4
7900;BOT_TAKER;BOT_MAKER;VEV_6500;XIRECS;1.0;2
8000;BOT_MAKER;BOT_TAKER;HYDROGEL_PACK;XIRECS;9953.0;5
8000;BOT_TAKER;SUBMISSION;VELVETFRUIT_EXTRACT;XIRECS;5249.0;5
8000;BOT_TAKER;BOT_MAKER;VELVETFRUIT_EXTRACT;XIRECS;5250.0;10
8100;BOT_TAKER;BOT_MAKER;HYDROGEL_PACK;XIRECS;9968.0;2
8200;BOT_TAKER;BOT_MAKER;VELVETFRUIT_EXTRACT;XIRECS;5248.0;8
8200;BOT_MAKER;BOT_TAKER;VEV_6000;XIRECS;0.0;2
8300;BOT_TAKER;BOT_MAKER;HYDROGEL_PACK;XIRECS;9970.0;4
8300;BOT_MAKER;BOT_TAKER;VELVETFRUIT_EXTRACT;XIRECS;5245.0;10
8300;BOT_TAKER;BOT_MAKER;VEV_4000;XIRECS;1285.0;2
8400;BOT_TAKER;SUBMISSION;VELVETFRUIT_EXTRACT;XIRECS;5248.0;5
8400;BOT_TAKER;BOT_MAKER;VELVETFRUIT_EXTRACT;XIRECS;5249.0;1
8500;BOT_TAKER;BOT_MAKER;HYDROGEL_PACK;XIRECS;9971.0;6
8600;BOT_MAKER;BOT_TAKER;HYDROGEL_PACK;XIRECS;9956.0;4
8600;BOT_TAKER;BOT_MAKER;VEV_4000;XIRECS;1286.0;3
8600;BOT_MAKER;BOT_TAKER;VEV_6000;XIRECS;0.0;2
8700;BOT_MAKER;BOT_TAKER;HYDROGEL_PACK;XIRECS;9955.0;6
8700;BOT_MAKER;BOT_TAKER;VELVETFRUIT_EXTRACT;XIRECS;5243.0;7
8700;BOT_MAKER;BOT_TAKER;VEV_4000;XIRECS;1266.0;2
8900;BOT_MAKER;BOT_TAKER;HYDROGEL_PACK;XIRECS;9959.0;5
8900;BOT_MAKER;BOT_TAKER;VEV_6000;XIRECS;0.0;5
9000;BOT_TAKER;BOT_MAKER;VEV_5300;XIRECS;52.0;2
9100;BOT_TAKER;BOT_MAKER;HYDROGEL_PACK;XIRECS;9976.0;6
9100;BOT_TAKER;BOT_MAKER;VEV_4000;XIRECS;1284.0;2
9200;BOT_TAKER;BOT_MAKER;VELVETFRUIT_EXTRACT;XIRECS;5248.0;5
9300;BOT_MAKER;BOT_TAKER;HYDROGEL_PACK;XIRECS;9962.0;4
9400;BOT_MAKER;BOT_TAKER;VELVETFRUIT_EXTRACT;XIRECS;5248.0;4
9400;BOT_MAKER;BOT_TAKER;VEV_4000;XIRECS;1262.0;3
9400;BOT_MAKER;BOT_TAKER;VEV_5500;XIRECS;7.0;4
9700;BOT_MAKER;BOT_TAKER;VELVETFRUIT_EXTRACT;XIRECS;5250.0;3
9700;BOT_TAKER;BOT_MAKER;VELVETFRUIT_EXTRACT;XIRECS;5256.0;7
9700;BOT_TAKER;BOT_MAKER;VEV_5500;XIRECS;8.0;4
9800;BOT_MAKER;BOT_TAKER;VELVETFRUIT_EXTRACT;XIRECS;5249.0;7
9800;BOT_MAKER;BOT_TAKER;VEV_4000;XIRECS;1263.0;3
9900;BOT_MAKER;BOT_TAKER;VEV_6500;XIRECS;0.0;5
10100;BOT_MAKER;BOT_TAKER;VELVETFRUIT_EXTRACT;XIRECS;5248.0;3
10400;BOT_MAKER;BOT_TAKER;HYDROGEL_PACK;XIRECS;9969.0;6
10400;BOT_MAKER;BOT_TAKER;VELVETFRUIT_EXTRACT;XIRECS;5250.0;3
10400;BOT_MAKER;BOT_TAKER;VEV_6500;XIRECS;0.0;4
10600;BOT_MAKER;BOT_TAKER;HYDROGEL_PACK;XIRECS;9967.0;5
10600;BOT_TAKER;BOT_MAKER;VEV_4000;XIRECS;1285.0;3
10700;BOT_TAKER;BOT_MAKER;HYDROGEL_PACK;XIRECS;9981.0;6
10700;BOT_TAKER;BOT_MAKER;VEV_5500;XIRECS;8.0;2
10700;BOT_TAKER;SUBMISSION;HYDROGEL_PACK;XIRECS;9980.0;3
10900;BOT_MAKER;BOT_TAKER;VEV_4000;XIRECS;1264.0;3
10900;BOT_TAKER;BOT_MAKER;VEV_6000;XIRECS;1.0;3
11000;BOT_MAKER;BOT_TAKER;HYDROGEL_PACK;XIRECS;9961.0;2
11000;BOT_MAKER;BOT_TAKER;VEV_5400;XIRECS;14.0;4
11100;BOT_TAKER;BOT_MAKER;VEV_5500;XIRECS;8.0;2
11200;BOT_MAKER;BOT_TAKER;VELVETFRUIT_EXTRACT;XIRECS;5251.0;5
11300;BOT_TAKER;BOT_MAKER;VEV_5300;XIRECS;49.0;2
11400;BOT_MAKER;BOT_TAKER;HYDROGEL_PACK;XIRECS;9958.0;4
11400;BOT_TAKER;BOT_MAKER;VELVETFRUIT_EXTRACT;XIRECS;5257.0;8
11400;BOT_TAKER;BOT_MAKER;VEV_6500;XIRECS;1.0;5
11400;BOT_TAKER;SUBMISSION;HYDROGEL_PACK;XIRECS;9973.0;3
11400;SUBMISSION;BOT_TAKER;VEV_4000;XIRECS;1262.0;1
11500;BOT_MAKER;BOT_TAKER;VELVETFRUIT_EXTRACT;XIRECS;5251.0;9
11500;BOT_TAKER;BOT_MAKER;VEV_6500;XIRECS;1.0;4
11500;SUBMISSION;BOT_TAKER;ASH_COATED_OSMIUM;XIRECS;9988.0;5
11600;BOT_TAKER;BOT_MAKER;VEV_4000;XIRECS;1286.0;3
11600;SUBMISSION;BOT;ASH_COATED_OSMIUM;XIRECS;9993.0;7
11600;BOT_TAKER;SUBMISSION;VEV_4000;XIRECS;1285.0;3
11700;BOT_MAKER;BOT_TAKER;VEV_4000;XIRECS;1264.0;3
11800;BOT_TAKER;BOT_MAKER;VELVETFRUIT_EXTRACT;XIRECS;5252.0;5
11800;BOT_TAKER;BOT_MAKER;VEV_5400;XIRECS;14.0;5
11800;BOT_TAKER;BOT_MAKER;VEV_5500;XIRECS;8.0;5
11900;BOT_MAKER;BOT_TAKER;VELVETFRUIT_EXTRACT;XIRECS;5244.0;8
11900;SUBMISSION;BOT;ASH_COATED_OSMIUM;XIRECS;9993.0;8
12000;BOT_MAKER;BOT_TAKER;VEV_5500;XIRECS;7.0;4
12000;BOT_TAKER;BOT_MAKER;VEV_6000;XIRECS;1.0;4
12100;BOT_MAKER;BOT_TAKER;VELVETFRUIT_EXTRACT;XIRECS;5245.0;4
12100;BOT_TAKER;BOT_MAKER;VEV_4000;XIRECS;1286.0;3
12200;BOT_MAKER;BOT_TAKER;HYDROGEL_PACK;XIRECS;9948.0;3
12300;BOT_TAKER;BOT_MAKER;VEV_5400;XIRECS;15.0;5
12300;BOT_MAKER;BOT_TAKER;VEV_5500;XIRECS;7.0;3
12400;SUBMISSION;BOT_TAKER;HYDROGEL_PACK;XIRECS;9948.0;4
12600;BOT_TAKER;BOT_MAKER;HYDROGEL_PACK;XIRECS;9967.0;5
12600;BOT_MAKER;BOT_TAKER;VELVETFRUIT_EXTRACT;XIRECS;5244.0;6
12600;BOT_TAKER;SUBMISSION;ASH_COATED_OSMIUM;XIRECS;10004.0;7
12700;BOT_MAKER;BOT_TAKER;VELVETFRUIT_EXTRACT;XIRECS;5245.0;4
12700;SUBMISSION;BOT_TAKER;HYDROGEL_PACK;XIRECS;9952.0;5
12700;BOT_MAKER;BOT_TAKER;HYDROGEL_PACK;XIRECS;9951.0;1
12800;BOT_TAKER;BOT_MAKER;VEV_6000;XIRECS;1.0;4
12900;BOT_MAKER;BOT_TAKER;HYDROGEL_PACK;XIRECS;9950.0;2
12900;BOT_MAKER;BOT_TAKER;VEV_6000;XIRECS;0.0;5
13000;BOT_MAKER;BOT_TAKER;VELVETFRUIT_EXTRACT;XIRECS;5249.0;5
13100;BOT_TAKER;BOT_MAKER;ASH_COATED_OSMIUM;XIRECS;10005.0;10
13100;BOT_MAKER;BOT_TAKER;HYDROGEL_PACK;XIRECS;9954.0;5
13100;BOT_MAKER;BOT_TAKER;VEV_4000;XIRECS;1268.0;1
13300;BOT_TAKER;BOT_MAKER;VEV_5400;XIRECS;16.0;2
13300;BOT_MAKER;BOT_TAKER;VEV_6000;XIRECS;0.0;3
13500;BOT_MAKER;BOT_TAKER;ASH_COATED_OSMIUM;XIRECS;9989.0;3
13500;BOT_TAKER;BOT_MAKER;VELVETFRUIT_EXTRACT;XIRECS;5251.0;4
13500;BOT_TAKER;SUBMISSION;HYDROGEL_PACK;XIRECS;9966.0;4
13500;SUBMISSION;BOT_TAKER;VELVETFRUIT_EXTRACT;XIRECS;5246.0;4
13600;BOT_MAKER;BOT_TAKER;HYDROGEL_PACK;XIRECS;9950.0;4
13600;BOT_TAKER;BOT_MAKER;VELVETFRUIT_EXTRACT;XIRECS;5253.0;5
13600;BOT_TAKER;BOT_MAKER;VEV_5500;XIRECS;8.0;5
13700;BOT_TAKER;BOT_MAKER;HYDROGEL_PACK;XIRECS;9967.0;5
13800;BOT_TAKER;BOT_MAKER;VELVETFRUIT_EXTRACT;XIRECS;5250.0;3
14000;BOT_TAKER;BOT_MAKER;HYDROGEL_PACK;XIRECS;9969.0;2
14100;BOT_MAKER;BOT_TAKER;HYDROGEL_PACK;XIRECS;9954.0;3
14100;BOT_TAKER;BOT_MAKER;VEV_5300;XIRECS;49.0;4
14100;BOT_TAKER;BOT_MAKER;VEV_5300;XIRECS;49.0;2
14200;BOT_TAKER;BOT_MAKER;VEV_6500;XIRECS;1.0;5
14300;BOT_MAKER;BOT_TAKER;VELVETFRUIT_EXTRACT;XIRECS;5244.0;4
14300;BOT_MAKER;BOT_TAKER;VEV_5300;XIRECS;47.0;5
14400;BOT_MAKER;BOT_TAKER;HYDROGEL_PACK;XIRECS;9956.0;5
14400;BOT_MAKER;BOT_TAKER;VELVETFRUIT_EXTRACT;XIRECS;5242.0;7
14400;BOT_TAKER;BOT_MAKER;VEV_4000;XIRECS;1283.0;1
14400;BOT_TAKER;BOT_MAKER;VEV_5400;XIRECS;15.0;2
14400;BOT_TAKER;BOT_MAKER;VEV_5500;XIRECS;8.0;5
14500;BOT_MAKER;BOT_TAKER;VEV_4000;XIRECS;1261.0;3
14600;BOT_MAKER;BOT_TAKER;HYDROGEL_PACK;XIRECS;9954.0;3
14600;BOT_TAKER;SUBMISSION;VELVETFRUIT_EXTRACT;XIRECS;5245.0;5
14600;BOT_TAKER;BOT_MAKER;VELVETFRUIT_EXTRACT;XIRECS;5246.0;7
14700;BOT_TAKER;BOT_MAKER;HYDROGEL_PACK;XIRECS;9968.0;4
14700;BOT_TAKER;BOT_MAKER;VELVETFRUIT_EXTRACT;XIRECS;5247.0;3
14800;BOT_TAKER;BOT_MAKER;HYDROGEL_PACK;XIRECS;9970.0;3
14800;BOT_MAKER;BOT_TAKER;VELVETFRUIT_EXTRACT;XIRECS;5242.0;7
14900;BOT_TAKER;BOT_MAKER;HYDROGEL_PACK;XIRECS;9972.0;4
14900;BOT_MAKER;BOT_TAKER;VELVETFRUIT_EXTRACT;XIRECS;5242.0;6
14900;BOT_MAKER;BOT_TAKER;VEV_4000;XIRECS;1263.0;1
15000;BOT_TAKER;BOT_MAKER;VELVETFRUIT_EXTRACT;XIRECS;5250.0;6
15000;BOT_MAKER;BOT_TAKER;VEV_5400;XIRECS;14.0;4
15000;BOT_MAKER;BOT_TAKER;VEV_5400;XIRECS;14.0;4
15100;BOT_TAKER;BOT_MAKER;VELVETFRUIT_EXTRACT;XIRECS;5250.0;7
15200;BOT_TAKER;BOT_MAKER;HYDROGEL_PACK;XIRECS;9975.0;4
15200;BOT_TAKER;BOT_MAKER;VELVETFRUIT_EXTRACT;XIRECS;5247.0;5
15200;BOT_TAKER;BOT_MAKER;VELVETFRUIT_EXTRACT;XIRECS;5247.0;3
15300;BOT_TAKER;BOT_MAKER;VEV_4000;XIRECS;1282.0;2
15400;BOT_TAKER;BOT_MAKER;HYDROGEL_PACK;XIRECS;9971.0;6
15500;BOT_MAKER;BOT_TAKER;VEV_5500;XIRECS;7.0;4
15600;BOT_TAKER;BOT_MAKER;HYDROGEL_PACK;XIRECS;9975.0;3
15800;BOT_TAKER;BOT_MAKER;VEV_4000;XIRECS;1283.0;1
15900;BOT_TAKER;BOT_MAKER;VEV_4000;XIRECS;1284.0;1
16000;BOT_TAKER;BOT_MAKER;VELVETFRUIT_EXTRACT;XIRECS;5248.0;6
16100;BOT_MAKER;BOT_TAKER;HYDROGEL_PACK;XIRECS;9965.0;5
16200;BOT_TAKER;BOT_MAKER;VELVETFRUIT_EXTRACT;XIRECS;5248.0;11
16300;BOT_TAKER;BOT_MAKER;VELVETFRUIT_EXTRACT;XIRECS;5249.0;3
16300;BOT_TAKER;BOT_MAKER;VEV_4000;XIRECS;1283.0;2
16500;BOT_MAKER;BOT_TAKER;HYDROGEL_PACK;XIRECS;9969.0;6
16600;BOT_TAKER;BOT_MAKER;VEV_4000;XIRECS;1283.0;3
16700;BOT_TAKER;BOT_MAKER;HYDROGEL_PACK;XIRECS;9985.0;4
16900;BOT_TAKER;BOT_MAKER;VELVETFRUIT_EXTRACT;XIRECS;5251.0;8
16900;BOT_MAKER;BOT_TAKER;VELVETFRUIT_EXTRACT;XIRECS;5247.0;6
16900;BOT_TAKER;BOT_MAKER;VEV_4000;XIRECS;1283.0;2
17000;BOT_MAKER;BOT_TAKER;VEV_4000;XIRECS;1262.0;2
17100;BOT_TAKER;BOT_MAKER;HYDROGEL_PACK;XIRECS;9979.0;2
17100;BOT_MAKER;BOT_TAKER;VELVETFRUIT_EXTRACT;XIRECS;5247.0;3
17100;SUBMISSION;BOT;ASH_COATED_OSMIUM;XIRECS;9995.0;9
17200;BOT_MAKER;BOT_TAKER;HYDROGEL_PACK;XIRECS;9962.0;6
17200;BOT_TAKER;BOT_MAKER;VELVETFRUIT_EXTRACT;XIRECS;5253.0;6
17200;BOT_TAKER;BOT_MAKER;VEV_4000;XIRECS;1282.0;2
17200;BOT_TAKER;BOT_MAKER;VEV_6000;XIRECS;1.0;4
17400;BOT_TAKER;BOT_MAKER;HYDROGEL_PACK;XIRECS;9975.0;2
17500;BOT_MAKER;BOT_TAKER;HYDROGEL_PACK;XIRECS;9958.0;3
17600;BOT_TAKER;BOT_MAKER;HYDROGEL_PACK;XIRECS;9975.0;3
17600;BOT_MAKER;BOT_TAKER;VELVETFRUIT_EXTRACT;XIRECS;5247.0;4
17600;BOT_TAKER;SUBMISSION;VELVETFRUIT_EXTRACT;XIRECS;5252.0;5
17600;BOT_TAKER;BOT_MAKER;VELVETFRUIT_EXTRACT;XIRECS;5253.0;1
17700;BOT_TAKER;BOT_MAKER;VELVETFRUIT_EXTRACT;XIRECS;5254.0;6
17700;BOT_MAKER;BOT_TAKER;VEV_6000;XIRECS;0.0;5
17800;BOT_TAKER;BOT_MAKER;VELVETFRUIT_EXTRACT;XIRECS;5252.0;8
17800;BOT_TAKER;BOT_MAKER;VEV_6000;XIRECS;1.0;5
17900;BOT_TAKER;BOT_MAKER;VELVETFRUIT_EXTRACT;XIRECS;5253.0;5
17900;BOT_TAKER;BOT_MAKER;VEV_6500;XIRECS;1.0;5
18100;BOT_MAKER;BOT_TAKER;HYDROGEL_PACK;XIRECS;9954.0;6
18200;BOT_MAKER;BOT_TAKER;HYDROGEL_PACK;XIRECS;9953.0;3
18300;BOT_MAKER;BOT_TAKER;VELVETFRUIT_EXTRACT;XIRECS;5247.0;6
18300;BOT;SUBMISSION;ASH_COATED_OSMIUM;XIRECS;9999.0;5
18400;BOT_MAKER;BOT_TAKER;VELVETFRUIT_EXTRACT;XIRECS;5248.0;8
18400;BOT_TAKER;SUBMISSION;HYDROGEL_PACK;XIRECS;9961.0;3
18400;BOT_TAKER;SUBMISSION;VEV_4000;XIRECS;1281.0;2
18500;BOT_MAKER;BOT_TAKER;VEV_6000;XIRECS;0.0;4
18600;BOT_TAKER;BOT_MAKER;VELVETFRUIT_EXTRACT;XIRECS;5252.0;4
18600;BOT_MAKER;BOT_TAKER;VEV_6500;XIRECS;0.0;5
18700;BOT_MAKER;BOT_TAKER;HYDROGEL_PACK;XIRECS;9946.0;2
18700;BOT_MAKER;BOT_TAKER;VELVETFRUIT_EXTRACT;XIRECS;5245.0;3
18700;BOT_TAKER;BOT_MAKER;VEV_4000;XIRECS;1286.0;1
18800;BOT_MAKER;BOT_TAKER;VELVETFRUIT_EXTRACT;XIRECS;5244.0;13
18900;BOT_MAKER;BOT_TAKER;HYDROGEL_PACK;XIRECS;9947.0;6
18900;BOT_MAKER;BOT_TAKER;VEV_4000;XIRECS;1262.0;3
18900;BOT_TAKER;BOT_MAKER;VEV_5400;XIRECS;14.0;5
19100;BOT_TAKER;BOT_MAKER;ASH_COATED_OSMIUM;XIRECS;10006.0;6
19100;BOT_TAKER;BOT_MAKER;HYDROGEL_PACK;XIRECS;9964.0;6
19100;BOT_MAKER;BOT_TAKER;VEV_5500;XIRECS;7.0;5
19300;BOT_TAKER;BOT_MAKER;VEV_5500;XIRECS;8.0;4
19400;BOT_TAKER;BOT_MAKER;HYDROGEL_PACK;XIRECS;9964.0;2
19500;BOT_MAKER;BOT_TAKER;VELVETFRUIT_EXTRACT;XIRECS;5248.0;7
19500;BOT_MAKER;BOT_TAKER;VELVETFRUIT_EXTRACT;XIRECS;5248.0;5
19500;BOT_MAKER;BOT_TAKER;VEV_5500;XIRECS;7.0;5
19600;BOT_TAKER;BOT_MAKER;VELVETFRUIT_EXTRACT;XIRECS;5253.0;8
19600;BOT_TAKER;SUBMISSION;VELVETFRUIT_EXTRACT;XIRECS;5252.0;3
19700;BOT_MAKER;BOT_TAKER;VELVETFRUIT_EXTRACT;XIRECS;5248.0;3
19700;BOT_MAKER;BOT_TAKER;VEV_4000;XIRECS;1258.0;2
19800;BOT_TAKER;BOT_MAKER;HYDROGEL_PACK;XIRECS;9961.0;5
19800;BOT_TAKER;BOT_MAKER;VEV_5400;XIRECS;13.0;4
19800;BOT_MAKER;BOT_TAKER;VEV_6500;XIRECS;0.0;3
19900;BOT_MAKER;BOT_TAKER;VEV_5200;XIRECS;100.0;2
19900;BOT_MAKER;BOT_TAKER;VEV_6000;XIRECS;0.0;2
19900;BOT_MAKER;BOT_TAKER;VEV_6500;XIRECS;0.0;5
20000;SUBMISSION;BOT_TAKER;HYDROGEL_PACK;XIRECS;9945.0;5
20000;BOT_MAKER;BOT_TAKER;HYDROGEL_PACK;XIRECS;9944.0;1
20100;BOT_TAKER;BOT_MAKER;HYDROGEL_PACK;XIRECS;9961.0;5
20100;BOT_TAKER;BOT_MAKER;VEV_4000;XIRECS;1280.0;3
20100;SUBMISSION;BOT_TAKER;ASH_COATED_OSMIUM;XIRECS;9992.0;5
20200;BOT_MAKER;BOT_TAKER;VEV_4000;XIRECS;1258.0;3
20400;BOT_MAKER;BOT_TAKER;VELVETFRUIT_EXTRACT;XIRECS;5246.0;14
20500;BOT_MAKER;BOT_TAKER;VELVETFRUIT_EXTRACT;XIRECS;5247.0;7
20500;SUBMISSION;BOT_TAKER;ASH_COATED_OSMIUM;XIRECS;9990.0;9
20600;BOT_MAKER;BOT_TAKER;HYDROGEL_PACK;XIRECS;9952.0;6
20600;BOT_MAKER;BOT_TAKER;VELVETFRUIT_EXTRACT;XIRECS;5247.0;6
20700;BOT_TAKER;SUBMISSION;VEV_4000;XIRECS;1279.0;3
20800;BOT_TAKER;BOT_MAKER;VELVETFRUIT_EXTRACT;XIRECS;5252.0;4
20800;BOT_TAKER;SUBMISSION;VELVETFRUIT_EXTRACT;XIRECS;5251.0;5
20800;BOT_TAKER;BOT_MAKER;VELVETFRUIT_EXTRACT;XIRECS;5252.0;3
20900;BOT_MAKER;BOT_TAKER;HYDROGEL_PACK;XIRECS;9958.0;5
20900;BOT_TAKER;SUBMISSION;HYDROGEL_PACK;XIRECS;9973.0;3
21000;BOT_MAKER;BOT_TAKER;HYDROGEL_PACK;XIRECS;9959.0;2
21100;BOT_TAKER;BOT_MAKER;HYDROGEL_PACK;XIRECS;9978.0;4
21100;BOT_MAKER;BOT_TAKER;VELVETFRUIT_EXTRACT;XIRECS;5243.0;5
21200;BOT_MAKER;BOT_TAKER;VEV_4000;XIRECS;1258.0;3
21300;BOT_TAKER;BOT_MAKER;VELVETFRUIT_EXTRACT;XIRECS;5251.0;7
21300;BOT_TAKER;BOT_MAKER;VEV_6500;XIRECS;1.0;2
21400;BOT_TAKER;BOT_MAKER;VELVETFRUIT_EXTRACT;XIRECS;5251.0;4
21400;BOT_TAKER;BOT_MAKER;VEV_6000;XIRECS;1.0;4
21400;BOT_TAKER;SUBMISSION;VEV_4000;XIRECS;1279.0;2
21500;BOT_MAKER;BOT_TAKER;VELVETFRUIT_EXTRACT;XIRECS;5245.0;7
21600;BOT_TAKER;BOT_MAKER;HYDROGEL_PACK;XIRECS;9979.0;5
21600;BOT_MAKER;BOT_TAKER;VELVETFRUIT_EXTRACT;XIRECS;5243.0;4
21700;BOT_MAKER;BOT_TAKER;VEV_5400;XIRECS;12.0;4
21700;SUBMISSION;BOT_TAKER;ASH_COATED_OSMIUM;XIRECS;9992.0;4
21800;BOT_TAKER;BOT_MAKER;HYDROGEL_PACK;XIRECS;9981.0;2
21800;BOT_TAKER;BOT_MAKER;VELVETFRUIT_EXTRACT;XIRECS;5251.0;7
21800;SUBMISSION;BOT_TAKER;VEV_4000;XIRECS;1257.0;1
21900;BOT_TAKER;BOT_MAKER;VELVETFRUIT_EXTRACT;XIRECS;5249.0;8
21900;BOT_TAKER;BOT_MAKER;VELVETFRUIT_EXTRACT;XIRECS;5249.0;5
22000;SUBMISSION;BOT_TAKER;VELVETFRUIT_EXTRACT;XIRECS;5245.0;5
22000;BOT_MAKER;BOT_TAKER;VELVETFRUIT_EXTRACT;XIRECS;5244.0;2
22100;BOT_TAKER;BOT_MAKER;ASH_COATED_OSMIUM;XIRECS;10007.0;7
22200;BOT_MAKER;BOT_TAKER;VEV_4000;XIRECS;1255.0;2
22300;BOT_MAKER;BOT_TAKER;HYDROGEL_PACK;XIRECS;9967.0;2
22300;BOT_MAKER;BOT_TAKER;VELVETFRUIT_EXTRACT;XIRECS;5243.0;8
22300;BOT_MAKER;BOT_TAKER;VEV_5500;XIRECS;8.0;5
22300;BOT_MAKER;BOT_TAKER;VEV_6000;XIRECS;0.0;2
22400;BOT_TAKER;BOT_MAKER;ASH_COATED_OSMIUM;XIRECS;10006.0;3
22400;BOT_TAKER;BOT_MAKER;VEV_6000;XIRECS;1.0;5
22500;BOT_MAKER;BOT_TAKER;HYDROGEL_PACK;XIRECS;9966.0;5
22500;BOT_TAKER;BOT_MAKER;VELVETFRUIT_EXTRACT;XIRECS;5250.0;8
22500;BOT_MAKER;BOT_TAKER;VEV_6500;XIRECS;0.0;5
22600;BOT_MAKER;BOT_TAKER;ASH_COATED_OSMIUM;XIRECS;9990.0;9
22600;BOT_TAKER;BOT_MAKER;HYDROGEL_PACK;XIRECS;9989.0;3
22600;BOT_TAKER;BOT_MAKER;VEV_5500;XIRECS;9.0;2
22600;BOT_MAKER;BOT_TAKER;VEV_6000;XIRECS;0.0;5
22700;BOT_TAKER;BOT_MAKER;VELVETFRUIT_EXTRACT;XIRECS;5251.0;4
23000;BOT_MAKER;BOT_TAKER;VEV_6500;XIRECS;0.0;4
23100;BOT_TAKER;BOT_MAKER;ASH_COATED_OSMIUM;XIRECS;10007.0;9
23100;BOT_MAKER;BOT_TAKER;HYDROGEL_PACK;XIRECS;9972.0;4
23100;BOT_MAKER;BOT_TAKER;VELVETFRUIT_EXTRACT;XIRECS;5246.0;5
23100;BOT_MAKER;BOT_TAKER;VELVETFRUIT_EXTRACT;XIRECS;5246.0;7
23200;BOT_TAKER;BOT_MAKER;HYDROGEL_PACK;XIRECS;9993.0;6
23200;BOT_MAKER;BOT_TAKER;VEV_5500;XIRECS;7.0;5
23300;BOT_MAKER;BOT_TAKER;VELVETFRUIT_EXTRACT;XIRECS;5246.0;7
23400;BOT_TAKER;BOT_MAKER;VELVETFRUIT_EXTRACT;XIRECS;5249.0;5
23400;BOT_MAKER;BOT_TAKER;VEV_5500;XIRECS;7.0;4
23500;BOT_TAKER;BOT_MAKER;HYDROGEL_PACK;XIRECS;9990.0;6
23500;BOT_MAKER;BOT_TAKER;HYDROGEL_PACK;XIRECS;9974.0;4
23500;BOT_TAKER;BOT_MAKER;VELVETFRUIT_EXTRACT;XIRECS;5250.0;8
23500;BOT_TAKER;BOT_MAKER;VEV_4000;XIRECS;1279.0;1
23500;BOT_MAKER;BOT_TAKER;VEV_6000;XIRECS;0.0;5
23600;BOT_TAKER;BOT_MAKER;HYDROGEL_PACK;XIRECS;9990.0;5
23800;BOT_TAKER;BOT_MAKER;VEV_6500;XIRECS;1.0;3
23900;BOT_MAKER;BOT_TAKER;HYDROGEL_PACK;XIRECS;9975.0;4
23900;BOT_TAKER;BOT_MAKER;VELVETFRUIT_EXTRACT;XIRECS;5249.0;5
23900;BOT_MAKER;BOT_TAKER;VEV_5500;XIRECS;8.0;5
23900;BOT_TAKER;SUBMISSION;ASH_COATED_OSMIUM;XIRECS;10007.0;10
24000;BOT_TAKER;BOT_MAKER;VELVETFRUIT_EXTRACT;XIRECS;5247.0;4
24100;BOT_TAKER;BOT_MAKER;VELVETFRUIT_EXTRACT;XIRECS;5248.0;8
24200;BOT_TAKER;BOT_MAKER;HYDROGEL_PACK;XIRECS;9993.0;4
24200;BOT_TAKER;BOT_MAKER;VELVETFRUIT_EXTRACT;XIRECS;5249.0;8
24200;BOT_TAKER;BOT_MAKER;VEV_4000;XIRECS;1284.0;1
24300;BOT_MAKER;BOT_TAKER;HYDROGEL_PACK;XIRECS;9979.0;3
24500;BOT_TAKER;BOT_MAKER;HYDROGEL_PACK;XIRECS;9993.0;2
24600;BOT_MAKER;BOT_TAKER;VELVETFRUIT_EXTRACT;XIRECS;5245.0;7
24700;BOT_TAKER;BOT_MAKER;VEV_4000;XIRECS;1286.0;3
24800;BOT_MAKER;BOT_TAKER;VELVETFRUIT_EXTRACT;XIRECS;5245.0;4
24800;SUBMISSION;BOT_TAKER;ASH_COATED_OSMIUM;XIRECS;9989.0;5
24900;BOT_TAKER;BOT_MAKER;HYDROGEL_PACK;XIRECS;9991.0;6
24900;SUBMISSION;BOT_TAKER;VELVETFRUIT_EXTRACT;XIRECS;5247.0;4
25100;BOT_TAKER;BOT_MAKER;VELVETFRUIT_EXTRACT;XIRECS;5251.0;7
25200;BOT_TAKER;BOT_MAKER;HYDROGEL_PACK;XIRECS;9991.0;2
25200;BOT_TAKER;BOT_MAKER;VELVETFRUIT_EXTRACT;XIRECS;5251.0;7
25300;BOT_MAKER;BOT_TAKER;HYDROGEL_PACK;XIRECS;9975.0;3
25300;BOT_TAKER;BOT_MAKER;VELVETFRUIT_EXTRACT;XIRECS;5253.0;8
25400;BOT_TAKER;BOT_MAKER;VEV_4000;XIRECS;1285.0;3
25400;BOT_TAKER;SUBMISSION;ASH_COATED_OSMIUM;XIRECS;10007.0;5
25500;BOT_MAKER;BOT_TAKER;INTARIAN_PEPPER_ROOT;XIRECS;13118.0;3
25600;BOT_TAKER;BOT_MAKER;HYDROGEL_PACK;XIRECS;9993.0;4
25600;BOT_MAKER;BOT_TAKER;VELVETFRUIT_EXTRACT;XIRECS;5245.0;7
25600;BOT_MAKER;BOT_TAKER;VEV_6000;XIRECS;0.0;5
25600;SUBMISSION;BOT_TAKER;VELVETFRUIT_EXTRACT;XIRECS;5246.0;5
25600;BOT_MAKER;BOT_TAKER;VELVETFRUIT_EXTRACT;XIRECS;5245.0;3
25700;BOT_MAKER;BOT_TAKER;HYDROGEL_PACK;XIRECS;9981.0;5
25700;BOT_MAKER;BOT_TAKER;VELVETFRUIT_EXTRACT;XIRECS;5243.0;7
25700;BOT_TAKER;SUBMISSION;HYDROGEL_PACK;XIRECS;9996.0;4
25800;BOT_TAKER;BOT_MAKER;VEV_5300;XIRECS;47.0;5
25900;BOT_TAKER;BOT_MAKER;VEV_6500;XIRECS;1.0;2
26100;BOT_TAKER;BOT_MAKER;VELVETFRUIT_EXTRACT;XIRECS;5250.0;10
26100;BOT_TAKER;BOT_MAKER;VEV_5500;XIRECS;9.0;4
26100;SUBMISSION;BOT_TAKER;VEV_4000;XIRECS;1266.0;1
26200;BOT_TAKER;SUBMISSION;ASH_COATED_OSMIUM;XIRECS;10010.0;5
26300;BOT_MAKER;BOT_TAKER;HYDROGEL_PACK;XIRECS;9986.0;6
26300;BOT_TAKER;BOT_MAKER;VELVETFRUIT_EXTRACT;XIRECS;5251.0;13
26300;BOT_TAKER;BOT_MAKER;VEV_5400;XIRECS;13.0;5
26400;BOT_TAKER;BOT_MAKER;HYDROGEL_PACK;XIRECS;10004.0;6
26400;BOT_MAKER;BOT_TAKER;VELVETFRUIT_EXTRACT;XIRECS;5248.0;8
26500;BOT_MAKER;BOT_TAKER;HYDROGEL_PACK;XIRECS;9987.0;5
26500;BOT_TAKER;BOT_MAKER;VEV_4000;XIRECS;1287.0;2
26600;BOT_MAKER;BOT_TAKER;HYDROGEL_PACK;XIRECS;9986.0;4
26600;BOT_MAKER;BOT_TAKER;VEV_5300;XIRECS;45.0;2
26600;BOT_MAKER;BOT_TAKER;VEV_5500;XIRECS;8.0;2
26700;BOT_TAKER;BOT_MAKER;VELVETFRUIT_EXTRACT;XIRECS;5255.0;3
26700;BOT_MAKER;BOT_TAKER;INTARIAN_PEPPER_ROOT;XIRECS;13120.0;5
26700;BOT_TAKER;SUBMISSION;VELVETFRUIT_EXTRACT;XIRECS;5254.0;4
26800;BOT_MAKER;BOT_TAKER;VELVETFRUIT_EXTRACT;XIRECS;5249.0;10
26800;BOT_MAKER;BOT_TAKER;VEV_6000;XIRECS;0.0;2
26900;BOT_MAKER;BOT_TAKER;HYDROGEL_PACK;XIRECS;9981.0;6
26900;BOT_MAKER;BOT_TAKER;VEV_4000;XIRECS;1268.0;3
27000;BOT_MAKER;BOT_TAKER;VELVETFRUIT_EXTRACT;XIRECS;5251.0;4
27000;BOT_TAKER;BOT_MAKER;VEV_4000;XIRECS;1290.0;2
27100;BOT_MAKER;BOT_TAKER;HYDROGEL_PACK;XIRECS;9982.0;6
27100;BOT_MAKER;BOT_TAKER;VELVETFRUIT_EXTRACT;XIRECS;5250.0;3
27100;BOT_TAKER;BOT_MAKER;VEV_4000;XIRECS;1288.0;3
27100;BOT_MAKER;BOT_TAKER;VEV_5500;XIRECS;8.0;4
27100;SUBMISSION;BOT_TAKER;HYDROGEL_PACK;XIRECS;9983.0;4
27200;BOT_TAKER;SUBMISSION;VELVETFRUIT_EXTRACT;XIRECS;5254.0;3
27300;BOT_TAKER;BOT_MAKER;HYDROGEL_PACK;XIRECS;9997.0;5
27300;SUBMISSION;BOT;ASH_COATED_OSMIUM;XIRECS;9998.0;8
27300;SUBMISSION;BOT_TAKER;HYDROGEL_PACK;XIRECS;9982.0;3
27400;BOT_MAKER;BOT_TAKER;HYDROGEL_PACK;XIRECS;9981.0;3
27400;BOT_TAKER;SUBMISSION;VELVETFRUIT_EXTRACT;XIRECS;5250.0;5
27400;BOT_TAKER;BOT_MAKER;VELVETFRUIT_EXTRACT;XIRECS;5251.0;9
27500;BOT_MAKER;BOT_TAKER;HYDROGEL_PACK;XIRECS;9977.0;6
27500;BOT_MAKER;BOT_TAKER;VELVETFRUIT_EXTRACT;XIRECS;5246.0;10
27500;BOT_TAKER;SUBMISSION;VELVETFRUIT_EXTRACT;XIRECS;5250.0;5
27600;BOT_MAKER;BOT_TAKER;VELVETFRUIT_EXTRACT;XIRECS;5246.0;5
27700;BOT_TAKER;SUBMISSION;ASH_COATED_OSMIUM;XIRECS;10007.0;6
27700;BOT_TAKER;SUBMISSION;HYDROGEL_PACK;XIRECS;9992.0;2
27800;BOT_TAKER;BOT_MAKER;HYDROGEL_PACK;XIRECS;9991.0;2
27900;BOT_MAKER;BOT_TAKER;VEV_4000;XIRECS;1268.0;1
27900;BOT_MAKER;BOT_TAKER;VEV_5500;XIRECS;8.0;5
28000;BOT_MAKER;BOT_TAKER;VELVETFRUIT_EXTRACT;XIRECS;5248.0;5
28000;BOT_MAKER;BOT_TAKER;VEV_4000;XIRECS;1268.0;3
28100;BOT_TAKER;BOT_MAKER;HYDROGEL_PACK;XIRECS;9990.0;4
28100;BOT_MAKER;BOT_TAKER;VELVETFRUIT_EXTRACT;XIRECS;5248.0;8
28200;BOT_MAKER;BOT_TAKER;ASH_COATED_OSMIUM;XIRECS;9993.0;4
28200;BOT_MAKER;BOT_TAKER;HYDROGEL_PACK;XIRECS;9970.0;3
28200;BOT_TAKER;BOT_MAKER;VELVETFRUIT_EXTRACT;XIRECS;5253.0;5
28200;BOT_TAKER;BOT_MAKER;VEV_5400;XIRECS;11.0;2
28300;BOT_MAKER;BOT_TAKER;VELVETFRUIT_EXTRACT;XIRECS;5247.0;5
28300;BOT_TAKER;BOT_MAKER;VELVETFRUIT_EXTRACT;XIRECS;5252.0;5
28400;BOT_TAKER;BOT_MAKER;VEV_5400;XIRECS;13.0;5
28400;SUBMISSION;BOT_TAKER;VELVETFRUIT_EXTRACT;XIRECS;5250.0;4
28600;BOT_MAKER;BOT_TAKER;VELVETFRUIT_EXTRACT;XIRECS;5251.0;6
28700;BOT_MAKER;BOT_TAKER;VELVETFRUIT_EXTRACT;XIRECS;5251.0;12
28700;BOT_TAKER;BOT_MAKER;VEV_6000;XIRECS;1.0;5
28800;BOT_MAKER;BOT_TAKER;INTARIAN_PEPPER_ROOT;XIRECS;13122.0;5
28800;BOT_TAKER;BOT_MAKER;VELVETFRUIT_EXTRACT;XIRECS;5257.0;8
28800;BOT_TAKER;BOT_MAKER;VEV_6500;XIRECS;1.0;3
28900;BOT_TAKER;SUBMISSION;HYDROGEL_PACK;XIRECS;9983.0;3
29100;BOT_TAKER;BOT_MAKER;VEV_5500;XIRECS;9.0;4
29100;BOT_MAKER;BOT_TAKER;VEV_6500;XIRECS;0.0;4
29400;BOT_MAKER;BOT_TAKER;VEV_5400;XIRECS;11.0;2
29500;BOT_MAKER;BOT_TAKER;VEV_5500;XIRECS;8.0;3
29600;BOT_TAKER;BOT_MAKER;ASH_COATED_OSMIUM;XIRECS;10009.0;6
29600;BOT_MAKER;BOT_TAKER;HYDROGEL_PACK;XIRECS;9973.0;3
29800;BOT_TAKER;BOT_MAKER;HYDROGEL_PACK;XIRECS;9988.0;2
29800;BOT_TAKER;BOT_MAKER;HYDROGEL_PACK;XIRECS;9988.0;4
29800;BOT_TAKER;BOT_MAKER;VELVETFRUIT_EXTRACT;XIRECS;5256.0;6
29800;BOT_TAKER;BOT_MAKER;VEV_5500;XIRECS;9.0;3
29800;BOT_TAKER;SUBMISSION;HYDROGEL_PACK;XIRECS;9987.0;5
29800;BOT_TAKER;BOT_MAKER;HYDROGEL_PACK;XIRECS;9988.0;1
29800;SUBMISSION;BOT_TAKER;VEV_4000;XIRECS;1269.0;2
30000;BOT_MAKER;BOT_TAKER;VEV_5500;XIRECS;8.0;5
30000;BOT_MAKER;BOT_TAKER;VEV_5500;XIRECS;8.0;3
30000;BOT_TAKER;BOT_MAKER;VEV_6000;XIRECS;1.0;4
30100;BOT_TAKER;BOT_MAKER;VELVETFRUIT_EXTRACT;XIRECS;5256.0;3
30200;BOT_TAKER;BOT_MAKER;VEV_4000;XIRECS;1290.0;3
30300;BOT_MAKER;BOT_TAKER;VELVETFRUIT_EXTRACT;XIRECS;5252.0;7
30400;BOT_TAKER;BOT_MAKER;VEV_5200;XIRECS;106.0;5
30400;BOT_MAKER;BOT_TAKER;VEV_5500;XIRECS;7.0;5
30500;BOT_TAKER;BOT_MAKER;VEV_5400;XIRECS;11.0;2
30600;BOT_MAKER;BOT_TAKER;HYDROGEL_PACK;XIRECS;9969.0;2
30600;BOT_TAKER;BOT_MAKER;VELVETFRUIT_EXTRACT;XIRECS;5255.0;6
30600;BOT_MAKER;BOT_TAKER;VELVETFRUIT_EXTRACT;XIRECS;5249.0;7
30800;BOT_TAKER;BOT_MAKER;VELVETFRUIT_EXTRACT;XIRECS;5256.0;4
30800;BOT_TAKER;BOT_MAKER;VEV_6500;XIRECS;1.0;5
30900;BOT_TAKER;BOT_MAKER;HYDROGEL_PACK;XIRECS;9987.0;6
30900;BOT_MAKER;BOT_TAKER;INTARIAN_PEPPER_ROOT;XIRECS;13124.0;3
30900;BOT_MAKER;BOT_TAKER;VEV_4000;XIRECS;1268.0;1
30900;BOT_MAKER;BOT_TAKER;VEV_5500;XIRECS;7.0;2
31000;BOT_MAKER;BOT_TAKER;ASH_COATED_OSMIUM;XIRECS;9994.0;6
31000;BOT_TAKER;SUBMISSION;VELVETFRUIT_EXTRACT;XIRECS;5253.0;5
31100;BOT_MAKER;BOT_TAKER;VEV_4000;XIRECS;1269.0;3
31200;BOT_TAKER;BOT_MAKER;VEV_6500;XIRECS;1.0;3
31300;BOT_TAKER;BOT_MAKER;HYDROGEL_PACK;XIRECS;9983.0;2
31400;BOT_MAKER;BOT_TAKER;ASH_COATED_OSMIUM;XIRECS;9994.0;7
31400;BOT_TAKER;SUBMISSION;ASH_COATED_OSMIUM;XIRECS;10009.0;2
31600;BOT_MAKER;BOT_TAKER;HYDROGEL_PACK;XIRECS;9969.0;6
31600;BOT_TAKER;BOT_MAKER;HYDROGEL_PACK;XIRECS;9985.0;2
31600;BOT_MAKER;BOT_TAKER;VELVETFRUIT_EXTRACT;XIRECS;5250.0;8
31700;BOT_MAKER;BOT_TAKER;VELVETFRUIT_EXTRACT;XIRECS;5250.0;3
31700;BOT_TAKER;BOT_MAKER;VEV_4000;XIRECS;1295.0;3
31700;BOT_TAKER;BOT_MAKER;VEV_5300;XIRECS;44.0;3
31800;BOT_MAKER;BOT_TAKER;HYDROGEL_PACK;XIRECS;9966.0;2
31800;BOT_TAKER;BOT_MAKER;VELVETFRUIT_EXTRACT;XIRECS;5254.0;3
31800;BOT_TAKER;BOT_MAKER;VELVETFRUIT_EXTRACT;XIRECS;5254.0;8
31800;BOT_MAKER;BOT_TAKER;VEV_4000;XIRECS;1274.0;3
31800;BOT_MAKER;BOT_TAKER;VEV_5500;XIRECS;7.0;3
31900;BOT_TAKER;BOT_MAKER;VEV_5400;XIRECS;13.0;2
32000;SUBMISSION;BOT_TAKER;ASH_COATED_OSMIUM;XIRECS;9994.0;6
32100;BOT_TAKER;BOT_MAKER;VEV_5500;XIRECS;8.0;5
32100;BOT_TAKER;SUBMISSION;HYDROGEL_PACK;XIRECS;9976.0;2
32300;BOT_MAKER;BOT_TAKER;HYDROGEL_PACK;XIRECS;9965.0;3
32300;BOT_TAKER;BOT_MAKER;HYDROGEL_PACK;XIRECS;9984.0;5
32300;BOT_MAKER;BOT_TAKER;VELVETFRUIT_EXTRACT;XIRECS;5244.0;3
32300;SUBMISSION;BOT;ASH_COATED_OSMIUM;XIRECS;10000.0;4
32400;BOT_MAKER;BOT_TAKER;HYDROGEL_PACK;XIRECS;9967.0;2
32400;BOT_MAKER;BOT_TAKER;VEV_5400;XIRECS;11.0;4
32500;BOT_MAKER;BOT_TAKER;VELVETFRUIT_EXTRACT;XIRECS;5244.0;4
32500;BOT_TAKER;BOT_MAKER;VEV_4000;XIRECS;1299.0;3
32500;SUBMISSION;BOT_TAKER;HYDROGEL_PACK;XIRECS;9968.0;4
32600;BOT_MAKER;BOT_TAKER;HYDROGEL_PACK;XIRECS;9964.0;2
32600;BOT_TAKER;BOT_MAKER;VELVETFRUIT_EXTRACT;XIRECS;5248.0;3
32700;BOT_TAKER;BOT_MAKER;VELVETFRUIT_EXTRACT;XIRECS;5247.0;7
32700;BOT_TAKER;BOT_MAKER;VEV_5400;XIRECS;12.0;3
32700;BOT_TAKER;BOT_MAKER;VEV_5500;XIRECS;9.0;2
32800;BOT_TAKER;BOT_MAKER;HYDROGEL_PACK;XIRECS;9978.0;5
32800;BOT_TAKER;BOT_MAKER;VEV_5400;XIRECS;12.0;5
32800;SUBMISSION;BOT_TAKER;VELVETFRUIT_EXTRACT;XIRECS;5244.0;5
32800;BOT_MAKER;BOT_TAKER;VELVETFRUIT_EXTRACT;XIRECS;5243.0;4
32800;SUBMISSION;BOT_TAKER;VEV_4000;XIRECS;1279.0;3
32900;BOT_TAKER;BOT_MAKER;ASH_COATED_OSMIUM;XIRECS;10011.0;2
33000;BOT_TAKER;BOT_MAKER;HYDROGEL_PACK;XIRECS;9977.0;3
33000;BOT_TAKER;BOT_MAKER;VEV_5400;XIRECS;13.0;4
33200;BOT_TAKER;BOT_MAKER;ASH_COATED_OSMIUM;XIRECS;10013.0;5
33200;BOT_MAKER;BOT_TAKER;INTARIAN_PEPPER_ROOT;XIRECS;13123.0;8
33200;BOT_MAKER;BOT_TAKER;VELVETFRUIT_EXTRACT;XIRECS;5242.0;4
33300;BOT_MAKER;BOT_TAKER;VELVETFRUIT_EXTRACT;XIRECS;5243.0;7
33300;BOT_TAKER;SUBMISSION;HYDROGEL_PACK;XIRECS;9982.0;5
33300;BOT_TAKER;BOT_MAKER;HYDROGEL_PACK;XIRECS;9983.0;1
33400;BOT_TAKER;BOT_MAKER;VEV_4000;XIRECS;1301.0;2
33400;BOT_TAKER;BOT_MAKER;VEV_5400;XIRECS;13.0;5
33500;BOT_MAKER;BOT_TAKER;VEV_4000;XIRECS;1278.0;3
33600;BOT_MAKER;BOT_TAKER;VEV_5500;XIRECS;7.0;5
33600;SUBMISSION;BOT;ASH_COATED_OSMIUM;XIRECS;10000.0;9
33800;BOT_MAKER;BOT_TAKER;VELVETFRUIT_EXTRACT;XIRECS;5245.0;5
33900;BOT_MAKER;BOT_TAKER;ASH_COATED_OSMIUM;XIRECS;9995.0;6
33900;BOT_MAKER;BOT_TAKER;VEV_4000;XIRECS;1279.0;3
33900;BOT_TAKER;BOT_MAKER;VEV_5200;XIRECS;107.0;5
33900;SUBMISSION;BOT;ASH_COATED_OSMIUM;XIRECS;10001.0;4
33900;BOT_TAKER;SUBMISSION;HYDROGEL_PACK;XIRECS;9984.0;4
33900;SUBMISSION;BOT_TAKER;VELVETFRUIT_EXTRACT;XIRECS;5245.0;4
34000;BOT_TAKER;BOT_MAKER;VELVETFRUIT_EXTRACT;XIRECS;5250.0;3
34100;BOT_TAKER;BOT_MAKER;VELVETFRUIT_EXTRACT;XIRECS;5249.0;7
34200;BOT_TAKER;BOT_MAKER;VEV_5300;XIRECS;47.0;5
34300;BOT_TAKER;BOT_MAKER;HYDROGEL_PACK;XIRECS;9983.0;4
34300;BOT_TAKER;BOT_MAKER;VEV_4000;XIRECS;1300.0;2
34400;BOT_TAKER;SUBMISSION;HYDROGEL_PACK;XIRECS;9981.0;3
34500;BOT_MAKER;BOT_TAKER;VELVETFRUIT_EXTRACT;XIRECS;5245.0;8
34600;BOT_MAKER;BOT_TAKER;VELVETFRUIT_EXTRACT;XIRECS;5245.0;3
34600;BOT_TAKER;BOT_MAKER;VELVETFRUIT_EXTRACT;XIRECS;5251.0;7
34600;BOT_MAKER;BOT_TAKER;VEV_5400;XIRECS;11.0;4
34700;BOT_MAKER;BOT_TAKER;HYDROGEL_PACK;XIRECS;9977.0;5
34800;BOT_TAKER;SUBMISSION;HYDROGEL_PACK;XIRECS;9991.0;5
34800;BOT_TAKER;SUBMISSION;VELVETFRUIT_EXTRACT;XIRECS;5249.0;5
34900;BOT_TAKER;BOT_MAKER;ASH_COATED_OSMIUM;XIRECS;10012.0;5
34900;BOT_MAKER;BOT_TAKER;VELVETFRUIT_EXTRACT;XIRECS;5244.0;3
35100;BOT_TAKER;BOT_MAKER;VELVETFRUIT_EXTRACT;XIRECS;5250.0;6
35200;BOT_TAKER;SUBMISSION;VEV_4000;XIRECS;1298.0;1
35300;BOT_TAKER;BOT_MAKER;HYDROGEL_PACK;XIRECS;9995.0;3
35300;BOT_TAKER;BOT_MAKER;VELVETFRUIT_EXTRACT;XIRECS;5250.0;9
35300;BOT_TAKER;BOT_MAKER;VEV_5500;XIRECS;9.0;5
35300;BOT_MAKER;BOT_TAKER;VEV_6500;XIRECS;0.0;5
35400;BOT_MAKER;BOT_TAKER;VELVETFRUIT_EXTRACT;XIRECS;5245.0;8
35400;BOT_MAKER;BOT_TAKER;VEV_6000;XIRECS;0.0;5
35400;SUBMISSION;BOT_TAKER;HYDROGEL_PACK;XIRECS;9977.0;5
35400;BOT_MAKER;BOT_TAKER;HYDROGEL_PACK;XIRECS;9976.0;1
35400;SUBMISSION;BOT_TAKER;VELVETFRUIT_EXTRACT;XIRECS;5246.0;5
35400;BOT_MAKER;BOT_TAKER;VELVETFRUIT_EXTRACT;XIRECS;5245.0;3
35500;BOT_TAKER;BOT_MAKER;VELVETFRUIT_EXTRACT;XIRECS;5250.0;9
35500;BOT_TAKER;SUBMISSION;HYDROGEL_PACK;XIRECS;9989.0;5
35600;BOT_MAKER;BOT_TAKER;HYDROGEL_PACK;XIRECS;9975.0;5
35600;BOT_TAKER;BOT_MAKER;VELVETFRUIT_EXTRACT;XIRECS;5250.0;8
35700;BOT_MAKER;BOT_TAKER;VELVETFRUIT_EXTRACT;XIRECS;5245.0;6
35700;BOT_TAKER;BOT_MAKER;VEV_5500;XIRECS;9.0;4
35700;SUBMISSION;BOT_TAKER;VEV_4000;XIRECS;1277.0;3
35800;BOT_TAKER;BOT_MAKER;VEV_4000;XIRECS;1298.0;1
35800;SUBMISSION;BOT;ASH_COATED_OSMIUM;XIRECS;10003.0;4
35900;BOT_MAKER;BOT_TAKER;ASH_COATED_OSMIUM;XIRECS;9996.0;5
35900;BOT_MAKER;BOT_TAKER;HYDROGEL_PACK;XIRECS;9979.0;6
35900;BOT_TAKER;BOT_MAKER;VELVETFRUIT_EXTRACT;XIRECS;5253.0;6
35900;BOT_TAKER;BOT_MAKER;VEV_5300;XIRECS;47.0;3
36000;BOT_MAKER;BOT_TAKER;VELVETFRUIT_EXTRACT;XIRECS;5249.0;6
36100;BOT_TAKER;SUBMISSION;ASH_COATED_OSMIUM;XIRECS;10014.0;5
36100;SUBMISSION;BOT_TAKER;VELVETFRUIT_EXTRACT;XIRECS;5248.0;4
36200;BOT_TAKER;BOT_MAKER;VEV_4000;XIRECS;1298.0;1
36300;BOT_MAKER;BOT_TAKER;HYDROGEL_PACK;XIRECS;9986.0;4
36300;BOT_MAKER;BOT_TAKER;VELVETFRUIT_EXTRACT;XIRECS;5248.0;7
36400;BOT_TAKER;BOT_MAKER;HYDROGEL_PACK;XIRECS;9998.0;2
36400;BOT_TAKER;BOT_MAKER;VELVETFRUIT_EXTRACT;XIRECS;5252.0;3
36500;BOT_TAKER;BOT_MAKER;VEV_5500;XIRECS;9.0;5
36500;SUBMISSION;BOT_TAKER;HYDROGEL_PACK;XIRECS;9983.0;5
36500;SUBMISSION;BOT_TAKER;VELVETFRUIT_EXTRACT;XIRECS;5249.0;5
36500;BOT_MAKER;BOT_TAKER;VELVETFRUIT_EXTRACT;XIRECS;5248.0;1
36600;BOT_MAKER;BOT_TAKER;HYDROGEL_PACK;XIRECS;9985.0;6
36600;BOT_TAKER;SUBMISSION;VELVETFRUIT_EXTRACT;XIRECS;5254.0;3
36800;BOT_MAKER;BOT_TAKER;VELVETFRUIT_EXTRACT;XIRECS;5249.0;6
36800;BOT_MAKER;BOT_TAKER;VEV_4000;XIRECS;1276.0;2
36800;BOT_TAKER;SUBMISSION;VELVETFRUIT_EXTRACT;XIRECS;5253.0;5
36800;BOT_TAKER;BOT_MAKER;VELVETFRUIT_EXTRACT;XIRECS;5254.0;2
36900;BOT_TAKER;BOT_MAKER;HYDROGEL_PACK;XIRECS;10000.0;5
36900;BOT_TAKER;BOT_MAKER;VELVETFRUIT_EXTRACT;XIRECS;5255.0;6
37200;BOT_TAKER;BOT_MAKER;VELVETFRUIT_EXTRACT;XIRECS;5256.0;6
37200;BOT_TAKER;SUBMISSION;VELVETFRUIT_EXTRACT;XIRECS;5255.0;5
37200;BOT_TAKER;BOT_MAKER;VELVETFRUIT_EXTRACT;XIRECS;5256.0;2
37400;BOT_TAKER;BOT_MAKER;HYDROGEL_PACK;XIRECS;10000.0;6
37400;BOT_MAKER;BOT_TAKER;VELVETFRUIT_EXTRACT;XIRECS;5249.0;8
37400;BOT_TAKER;BOT_MAKER;VEV_4000;XIRECS;1297.0;1
37400;BOT_MAKER;BOT_TAKER;VEV_5500;XIRECS;8.0;4
37500;BOT_MAKER;BOT_TAKER;VELVETFRUIT_EXTRACT;XIRECS;5248.0;4
37600;BOT_TAKER;SUBMISSION;VELVETFRUIT_EXTRACT;XIRECS;5253.0;5
37600;BOT_TAKER;BOT_MAKER;VELVETFRUIT_EXTRACT;XIRECS;5254.0;2
37700;BOT_MAKER;BOT_TAKER;HYDROGEL_PACK;XIRECS;9980.0;4
37700;BOT_TAKER;BOT_MAKER;VELVETFRUIT_EXTRACT;XIRECS;5254.0;4
37700;BOT_TAKER;BOT_MAKER;VEV_4000;XIRECS;1297.0;1
37800;BOT_MAKER;BOT_TAKER;HYDROGEL_PACK;XIRECS;9979.0;4
37900;BOT_MAKER;BOT_TAKER;HYDROGEL_PACK;XIRECS;9979.0;5
37900;BOT_TAKER;SUBMISSION;VELVETFRUIT_EXTRACT;XIRECS;5252.0;5
37900;BOT_TAKER;BOT_MAKER;VELVETFRUIT_EXTRACT;XIRECS;5253.0;2
38000;BOT_MAKER;BOT_TAKER;VELVETFRUIT_EXTRACT;XIRECS;5249.0;6
38100;BOT_MAKER;BOT_TAKER;ASH_COATED_OSMIUM;XIRECS;9996.0;10
38100;BOT_MAKER;BOT_TAKER;HYDROGEL_PACK;XIRECS;9979.0;2
38100;BOT_MAKER;BOT_TAKER;VEV_6000;XIRECS;0.0;2
38200;BOT_TAKER;BOT_MAKER;HYDROGEL_PACK;XIRECS;9991.0;6
38200;BOT_MAKER;BOT_TAKER;VELVETFRUIT_EXTRACT;XIRECS;5248.0;8
38300;BOT_TAKER;BOT_MAKER;HYDROGEL_PACK;XIRECS;9990.0;5
38300;BOT;SUBMISSION;ASH_COATED_OSMIUM;XIRECS;10005.0;10
38400;BOT_TAKER;BOT_MAKER;VELVETFRUIT_EXTRACT;XIRECS;5253.0;7
38400;BOT_MAKER;BOT_TAKER;VEV_4000;XIRECS;1274.0;1
38400;BOT_MAKER;BOT_TAKER;VEV_6000;XIRECS;0.0;4
38500;BOT_TAKER;BOT_MAKER;HYDROGEL_PACK;XIRECS;9988.0;4
38700;BOT_MAKER;BOT_TAKER;HYDROGEL_PACK;XIRECS;9972.0;5
38800;BOT_MAKER;BOT_TAKER;VELVETFRUIT_EXTRACT;XIRECS;5245.0;6
38900;BOT_MAKER;BOT_TAKER;VEV_5500;XIRECS;7.0;2
38900;BOT_TAKER;BOT_MAKER;INTARIAN_PEPPER_ROOT;XIRECS;13146.0;3
39100;BOT_MAKER;BOT_TAKER;VEV_5300;XIRECS;42.0;5
39200;BOT_TAKER;BOT_MAKER;VELVETFRUIT_EXTRACT;XIRECS;5249.0;6
39200;BOT_MAKER;BOT_TAKER;VEV_5300;XIRECS;42.0;4
39200;SUBMISSION;BOT_TAKER;HYDROGEL_PACK;XIRECS;9975.0;2
39300;BOT_MAKER;BOT_TAKER;VELVETFRUIT_EXTRACT;XIRECS;5243.0;8
39400;BOT_MAKER;BOT_TAKER;VELVETFRUIT_EXTRACT;XIRECS;5243.0;6
39500;BOT_MAKER;BOT_TAKER;VELVETFRUIT_EXTRACT;XIRECS;5244.0;12
39500;BOT_TAKER;BOT_MAKER;VEV_6500;XIRECS;1.0;2
39500;SUBMISSION;BOT_TAKER;VELVETFRUIT_EXTRACT;XIRECS;5245.0;5
39500;BOT_MAKER;BOT_TAKER;VELVETFRUIT_EXTRACT;XIRECS;5244.0;1
39600;BOT_MAKER;BOT_TAKER;VEV_5400;XIRECS;12.0;4
39600;BOT_TAKER;SUBMISSION;ASH_COATED_OSMIUM;XIRECS;10012.0;3
39600;SUBMISSION;BOT_TAKER;VELVETFRUIT_EXTRACT;XIRECS;5245.0;5
39600;BOT_MAKER;BOT_TAKER;VELVETFRUIT_EXTRACT;XIRECS;5244.0;3
39900;BOT_TAKER;BOT_MAKER;HYDROGEL_PACK;XIRECS;9989.0;4
39900;BOT_MAKER;BOT_TAKER;VELVETFRUIT_EXTRACT;XIRECS;5246.0;8
39900;BOT_TAKER;BOT_MAKER;VEV_4000;XIRECS;1297.0;1
40100;BOT_TAKER;BOT_MAKER;VEV_5400;XIRECS;12.0;5
40200;BOT_TAKER;BOT_MAKER;VELVETFRUIT_EXTRACT;XIRECS;5254.0;8
40300;BOT_MAKER;BOT_TAKER;HYDROGEL_PACK;XIRECS;9978.0;4
40400;SUBMISSION;BOT_TAKER;HYDROGEL_PACK;XIRECS;9983.0;2
40400;SUBMISSION;BOT_TAKER;VELVETFRUIT_EXTRACT;XIRECS;5249.0;3
40500;BOT_TAKER;BOT_MAKER;VELVETFRUIT_EXTRACT;XIRECS;5254.0;5
40500;BOT_MAKER;BOT_TAKER;VELVETFRUIT_EXTRACT;XIRECS;5248.0;8
40700;BOT_TAKER;BOT_MAKER;VEV_4000;XIRECS;1295.0;2
40800;BOT_MAKER;BOT_TAKER;VEV_4000;XIRECS;1275.0;1
40800;BOT_TAKER;SUBMISSION;VELVETFRUIT_EXTRACT;XIRECS;5254.0;5
40800;BOT_TAKER;BOT_MAKER;VELVETFRUIT_EXTRACT;XIRECS;5255.0;2
40900;BOT_MAKER;BOT_TAKER;VELVETFRUIT_EXTRACT;XIRECS;5251.0;3
41000;BOT_MAKER;BOT_TAKER;VELVETFRUIT_EXTRACT;XIRECS;5251.0;4
41100;BOT_MAKER;BOT_TAKER;HYDROGEL_PACK;XIRECS;9983.0;2
41100;BOT_MAKER;BOT_TAKER;HYDROGEL_PACK;XIRECS;9983.0;5
41100;BOT_MAKER;BOT_TAKER;VELVETFRUIT_EXTRACT;XIRECS;5251.0;3
41200;BOT_MAKER;BOT_TAKER;HYDROGEL_PACK;XIRECS;9981.0;3
41200;BOT_MAKER;BOT_TAKER;VEV_6000;XIRECS;0.0;5
41400;BOT_TAKER;BOT_MAKER;VEV_4000;XIRECS;1296.0;1
41500;BOT_TAKER;BOT_MAKER;VEV_4000;XIRECS;1297.0;3
41500;SUBMISSION;BOT_TAKER;VELVETFRUIT_EXTRACT;XIRECS;5253.0;5
41500;BOT_MAKER;BOT_TAKER;VELVETFRUIT_EXTRACT;XIRECS;5252.0;3
41600;BOT_TAKER;BOT_MAKER;VELVETFRUIT_EXTRACT;XIRECS;5261.0;3
41600;BOT_TAKER;BOT_MAKER;VEV_5500;XIRECS;9.0;5
41700;BOT_TAKER;BOT_MAKER;VELVETFRUIT_EXTRACT;XIRECS;5261.0;4
41700;BOT_MAKER;BOT_TAKER;VEV_4000;XIRECS;1274.0;2
41700;BOT_MAKER;BOT_TAKER;VEV_5500;XIRECS;8.0;4
41700;BOT_TAKER;BOT_MAKER;VEV_6000;XIRECS;1.0;4
41800;BOT_TAKER;BOT_MAKER;VELVETFRUIT_EXTRACT;XIRECS;5261.0;6
41800;BOT_MAKER;BOT_TAKER;VEV_4000;XIRECS;1275.0;2
41900;BOT_TAKER;BOT_MAKER;HYDROGEL_PACK;XIRECS;10001.0;4
42000;BOT_TAKER;BOT_MAKER;VELVETFRUIT_EXTRACT;XIRECS;5259.0;4
42100;BOT_TAKER;BOT_MAKER;VELVETFRUIT_EXTRACT;XIRECS;5260.0;8
42200;BOT_TAKER;BOT_MAKER;VELVETFRUIT_EXTRACT;XIRECS;5260.0;7
42300;BOT_MAKER;BOT_TAKER;VEV_5500;XIRECS;8.0;2
42400;BOT_TAKER;BOT_MAKER;VEV_5500;XIRECS;9.0;4
42400;BOT_TAKER;SUBMISSION;VEV_4000;XIRECS;1297.0;3
42500;BOT_MAKER;BOT_TAKER;HYDROGEL_PACK;XIRECS;9988.0;3
42600;BOT_TAKER;BOT_MAKER;VELVETFRUIT_EXTRACT;XIRECS;5260.0;5
42700;BOT_MAKER;BOT_TAKER;HYDROGEL_PACK;XIRECS;9986.0;2
42700;BOT_TAKER;BOT_MAKER;VELVETFRUIT_EXTRACT;XIRECS;5261.0;4
42700;BOT_TAKER;SUBMISSION;HYDROGEL_PACK;XIRECS;10001.0;5
42700;BOT_TAKER;BOT_MAKER;HYDROGEL_PACK;XIRECS;10002.0;1
42800;BOT_TAKER;BOT_MAKER;HYDROGEL_PACK;XIRECS;9999.0;4
42800;BOT_MAKER;BOT_TAKER;VELVETFRUIT_EXTRACT;XIRECS;5255.0;5
42800;BOT_TAKER;BOT_MAKER;VEV_4000;XIRECS;1299.0;2
42800;BOT_TAKER;SUBMISSION;VELVETFRUIT_EXTRACT;XIRECS;5260.0;3
42900;BOT_TAKER;BOT_MAKER;VEV_5500;XIRECS;9.0;2
43000;BOT_TAKER;BOT_MAKER;HYDROGEL_PACK;XIRECS;9997.0;2
43000;BOT_MAKER;BOT_TAKER;VEV_4000;XIRECS;1276.0;1
43100;BOT_MAKER;BOT_TAKER;HYDROGEL_PACK;XIRECS;9980.0;4
43100;BOT_TAKER;BOT_MAKER;VELVETFRUIT_EXTRACT;XIRECS;5260.0;3
43100;BOT_TAKER;BOT_MAKER;VEV_4000;XIRECS;1300.0;3
43200;BOT_TAKER;BOT_MAKER;VELVETFRUIT_EXTRACT;XIRECS;5261.0;4
43200;BOT_TAKER;SUBMISSION;VELVETFRUIT_EXTRACT;XIRECS;5260.0;5
43200;BOT_TAKER;BOT_MAKER;VELVETFRUIT_EXTRACT;XIRECS;5261.0;3
43300;BOT_MAKER;BOT_TAKER;ASH_COATED_OSMIUM;XIRECS;9995.0;5
43300;BOT_MAKER;BOT_TAKER;INTARIAN_PEPPER_ROOT;XIRECS;13136.0;3
43400;BOT_MAKER;BOT_TAKER;VEV_4000;XIRECS;1276.0;1
43400;BOT_TAKER;BOT_MAKER;VEV_6000;XIRECS;1.0;5
43500;BOT_MAKER;BOT_TAKER;VEV_5400;XIRECS;11.0;2
43600;BOT_TAKER;BOT_MAKER;HYDROGEL_PACK;XIRECS;9997.0;2
43600;BOT_TAKER;BOT_MAKER;VELVETFRUIT_EXTRACT;XIRECS;5262.0;6
43800;BOT_TAKER;SUBMISSION;HYDROGEL_PACK;XIRECS;9996.0;2
43900;BOT_MAKER;BOT_TAKER;HYDROGEL_PACK;XIRECS;9980.0;5
43900;BOT_TAKER;BOT_MAKER;VELVETFRUIT_EXTRACT;XIRECS;5263.0;8
43900;BOT_TAKER;BOT_MAKER;VEV_6500;XIRECS;1.0;2
44000;BOT_TAKER;BOT_MAKER;VELVETFRUIT_EXTRACT;XIRECS;5265.0;6
44100;BOT_TAKER;BOT_MAKER;VELVETFRUIT_EXTRACT;XIRECS;5262.0;5
44100;BOT_TAKER;BOT_MAKER;VEV_6000;XIRECS;1.0;2
44300;BOT_TAKER;BOT_MAKER;VELVETFRUIT_EXTRACT;XIRECS;5262.0;4
44400;BOT_TAKER;BOT_MAKER;VEV_4000;XIRECS;1298.0;1
44400;SUBMISSION;BOT;ASH_COATED_OSMIUM;XIRECS;9999.0;4
44400;SUBMISSION;BOT_TAKER;VELVETFRUIT_EXTRACT;XIRECS;5256.0;5
44500;BOT_MAKER;BOT_TAKER;VEV_6000;XIRECS;0.0;2
44500;SUBMISSION;BOT;ASH_COATED_OSMIUM;XIRECS;10001.0;6
44700;BOT_MAKER;BOT_TAKER;HYDROGEL_PACK;XIRECS;9972.0;5
44800;BOT_MAKER;BOT_TAKER;VELVETFRUIT_EXTRACT;XIRECS;5253.0;4
44900;BOT_TAKER;BOT_MAKER;VEV_5500;XIRECS;9.0;5
45000;BOT_TAKER;BOT_MAKER;VELVETFRUIT_EXTRACT;XIRECS;5261.0;8
45100;BOT_TAKER;BOT_MAKER;VELVETFRUIT_EXTRACT;XIRECS;5261.0;4
45100;BOT_MAKER;BOT_TAKER;VEV_4000;XIRECS;1276.0;1
45200;BOT_TAKER;BOT_MAKER;VELVETFRUIT_EXTRACT;XIRECS;5261.0;13
45200;BOT_MAKER;BOT_TAKER;VELVETFRUIT_EXTRACT;XIRECS;5255.0;3
45200;BOT_TAKER;BOT_MAKER;VEV_6000;XIRECS;1.0;5
45400;BOT_MAKER;BOT_TAKER;HYDROGEL_PACK;XIRECS;9972.0;5
45400;BOT_TAKER;BOT_MAKER;VELVETFRUIT_EXTRACT;XIRECS;5261.0;3
45400;BOT_TAKER;BOT_MAKER;VEV_5500;XIRECS;9.0;5
45400;BOT_TAKER;BOT_MAKER;VEV_6500;XIRECS;1.0;4
45500;BOT_TAKER;BOT_MAKER;VELVETFRUIT_EXTRACT;XIRECS;5261.0;7
45500;BOT_TAKER;BOT_MAKER;VELVETFRUIT_EXTRACT;XIRECS;5261.0;3
45500;BOT_MAKER;BOT_TAKER;VEV_5300;XIRECS;42.0;2
45600;BOT_TAKER;BOT_MAKER;VELVETFRUIT_EXTRACT;XIRECS;5260.0;8
45700;BOT_TAKER;BOT_MAKER;VELVETFRUIT_EXTRACT;XIRECS;5261.0;4
45700;BOT_MAKER;BOT_TAKER;VEV_5400;XIRECS;11.0;3
45800;BOT_TAKER;SUBMISSION;VEV_4000;XIRECS;1299.0;2
45900;BOT_MAKER;BOT_TAKER;VEV_5500;XIRECS;8.0;5
46000;BOT_MAKER;BOT_TAKER;HYDROGEL_PACK;XIRECS;9970.0;3
46100;BOT_TAKER;BOT_MAKER;HYDROGEL_PACK;XIRECS;9987.0;3
46100;BOT_TAKER;SUBMISSION;VEV_4000;XIRECS;1299.0;1
46200;BOT_TAKER;BOT_MAKER;VELVETFRUIT_EXTRACT;XIRECS;5261.0;5
46200;SUBMISSION;BOT;ASH_COATED_OSMIUM;XIRECS;10001.0;8
46200;SUBMISSION;BOT_TAKER;HYDROGEL_PACK;XIRECS;9969.0;3
46300;BOT_TAKER;BOT_MAKER;INTARIAN_PEPPER_ROOT;XIRECS;13153.0;7
46400;BOT_TAKER;SUBMISSION;HYDROGEL_PACK;XIRECS;9980.0;4
46500;BOT_MAKER;BOT_TAKER;INTARIAN_PEPPER_ROOT;XIRECS;13136.0;3
46500;BOT_TAKER;BOT_MAKER;VELVETFRUIT_EXTRACT;XIRECS;5262.0;8
46500;SUBMISSION;BOT_TAKER;HYDROGEL_PACK;XIRECS;9965.0;4
46500;BOT_TAKER;SUBMISSION;VELVETFRUIT_EXTRACT;XIRECS;5261.0;5
46500;BOT_TAKER;BOT_MAKER;VELVETFRUIT_EXTRACT;XIRECS;5262.0;3
46600;BOT_TAKER;BOT_MAKER;VEV_5300;XIRECS;45.0;3
46700;BOT_TAKER;BOT_MAKER;VEV_6000;XIRECS;1.0;4
46700;BOT_TAKER;BOT_MAKER;VEV_6500;XIRECS;1.0;5
46700;SUBMISSION;BOT_TAKER;VELVETFRUIT_EXTRACT;XIRECS;5261.0;5
46700;BOT_MAKER;BOT_TAKER;VELVETFRUIT_EXTRACT;XIRECS;5260.0;9
46800;BOT_TAKER;BOT_MAKER;HYDROGEL_PACK;XIRECS;9980.0;3
46800;BOT_MAKER;BOT_TAKER;VEV_4000;XIRECS;1276.0;2
46900;BOT_TAKER;BOT_MAKER;VELVETFRUIT_EXTRACT;XIRECS;5263.0;8
47000;BOT_MAKER;BOT_TAKER;VELVETFRUIT_EXTRACT;XIRECS;5257.0;7
47100;BOT_TAKER;BOT_MAKER;VELVETFRUIT_EXTRACT;XIRECS;5262.0;6
47300;BOT_TAKER;BOT_MAKER;VEV_6500;XIRECS;1.0;3
47300;SUBMISSION;BOT_TAKER;HYDROGEL_PACK;XIRECS;9958.0;2
47400;BOT_TAKER;BOT_MAKER;ASH_COATED_OSMIUM;XIRECS;10014.0;9
47400;BOT_MAKER;BOT_TAKER;VEV_5500;XIRECS;8.0;5
47400;BOT_MAKER;BOT_TAKER;VEV_6500;XIRECS;0.0;5
47500;BOT_TAKER;BOT_MAKER;ASH_COATED_OSMIUM;XIRECS;10015.0;5
47500;BOT_TAKER;BOT_MAKER;VEV_5400;XIRECS;12.0;5
47600;BOT_MAKER;BOT_TAKER;VELVETFRUIT_EXTRACT;XIRECS;5257.0;5
47600;BOT_TAKER;BOT_MAKER;VEV_6000;XIRECS;1.0;2
47700;BOT_MAKER;BOT_TAKER;VELVETFRUIT_EXTRACT;XIRECS;5257.0;4
47700;BOT_TAKER;BOT_MAKER;VEV_5500;XIRECS;9.0;3
47700;BOT_MAKER;BOT_TAKER;VEV_6000;XIRECS;0.0;4
47800;BOT_MAKER;BOT_TAKER;HYDROGEL_PACK;XIRECS;9956.0;5
47800;BOT_TAKER;SUBMISSION;VELVETFRUIT_EXTRACT;XIRECS;5261.0;4
47900;BOT_TAKER;BOT_MAKER;VELVETFRUIT_EXTRACT;XIRECS;5262.0;4
48100;BOT_MAKER;BOT_TAKER;VELVETFRUIT_EXTRACT;XIRECS;5256.0;6
48100;BOT_TAKER;SUBMISSION;VEV_4000;XIRECS;1301.0;3
48200;BOT_TAKER;BOT_MAKER;ASH_COATED_OSMIUM;XIRECS;10013.0;7
48200;BOT_MAKER;BOT_TAKER;HYDROGEL_PACK;XIRECS;9956.0;6
48400;BOT_MAKER;BOT_TAKER;VELVETFRUIT_EXTRACT;XIRECS;5255.0;4
48600;BOT_TAKER;BOT_MAKER;HYDROGEL_PACK;XIRECS;9977.0;3
48700;BOT_TAKER;BOT_MAKER;HYDROGEL_PACK;XIRECS;9978.0;4
48800;BOT_TAKER;BOT_MAKER;VELVETFRUIT_EXTRACT;XIRECS;5261.0;3
48800;BOT_MAKER;BOT_TAKER;VEV_6000;XIRECS;0.0;2
48800;SUBMISSION;BOT_TAKER;VEV_4000;XIRECS;1280.0;1
48900;BOT_MAKER;BOT_TAKER;HYDROGEL_PACK;XIRECS;9960.0;4
48900;BOT_MAKER;BOT_TAKER;VELVETFRUIT_EXTRACT;XIRECS;5259.0;5
48900;BOT_TAKER;SUBMISSION;HYDROGEL_PACK;XIRECS;9975.0;2
49000;BOT_MAKER;BOT_TAKER;VEV_5300;XIRECS;43.0;2
49100;BOT_MAKER;BOT_TAKER;VELVETFRUIT_EXTRACT;XIRECS;5259.0;3
49100;BOT_MAKER;BOT_TAKER;INTARIAN_PEPPER_ROOT;XIRECS;13142.0;5
49200;BOT_TAKER;BOT_MAKER;VELVETFRUIT_EXTRACT;XIRECS;5264.0;7
49200;BOT_TAKER;BOT_MAKER;VEV_4000;XIRECS;1302.0;3
49200;BOT_MAKER;BOT_TAKER;VEV_6000;XIRECS;0.0;3
49200;BOT_MAKER;BOT_TAKER;VEV_6500;XIRECS;0.0;3
49300;BOT_MAKER;BOT_TAKER;ASH_COATED_OSMIUM;XIRECS;9996.0;4
49300;BOT_TAKER;BOT_MAKER;HYDROGEL_PACK;XIRECS;9976.0;6
49300;BOT_MAKER;BOT_TAKER;VEV_6500;XIRECS;0.0;5
49400;BOT_TAKER;BOT_MAKER;VELVETFRUIT_EXTRACT;XIRECS;5264.0;7
49500;BOT_MAKER;BOT_TAKER;VELVETFRUIT_EXTRACT;XIRECS;5260.0;7
49500;SUBMISSION;BOT;ASH_COATED_OSMIUM;XIRECS;10002.0;6
49500;SUBMISSION;BOT_TAKER;ASH_COATED_OSMIUM;XIRECS;9997.0;3
49600;BOT_TAKER;BOT_MAKER;HYDROGEL_PACK;XIRECS;9974.0;6
49600;BOT_TAKER;BOT_MAKER;VEV_4000;XIRECS;1303.0;1
49700;BOT_MAKER;BOT_TAKER;HYDROGEL_PACK;XIRECS;9961.0;2
49800;BOT_MAKER;BOT_TAKER;ASH_COATED_OSMIUM;XIRECS;9996.0;3
49800;BOT_MAKER;BOT_TAKER;VEV_5300;XIRECS;43.0;5
49900;BOT_TAKER;BOT_MAKER;VELVETFRUIT_EXTRACT;XIRECS;5267.0;8
49900;BOT_TAKER;BOT_MAKER;VEV_5500;XIRECS;8.0;2
49900;SUBMISSION;BOT_TAKER;HYDROGEL_PACK;XIRECS;9962.0;5
49900;BOT_MAKER;BOT_TAKER;HYDROGEL_PACK;XIRECS;9961.0;1
50000;BOT_TAKER;BOT_MAKER;HYDROGEL_PACK;XIRECS;9980.0;3
50000;BOT_TAKER;BOT_MAKER;VELVETFRUIT_EXTRACT;XIRECS;5265.0;8
50000;BOT_MAKER;BOT_TAKER;VEV_5500;XIRECS;7.0;5
50200;BOT_TAKER;BOT_MAKER;VELVETFRUIT_EXTRACT;XIRECS;5266.0;6
50200;BOT_TAKER;BOT_MAKER;VEV_4000;XIRECS;1301.0;1
50200;BOT_MAKER;BOT_TAKER;VEV_5500;XIRECS;7.0;2
50200;BOT;SUBMISSION;ASH_COATED_OSMIUM;XIRECS;10004.0;9
50200;SUBMISSION;BOT_TAKER;VELVETFRUIT_EXTRACT;XIRECS;5262.0;5
50300;BOT_TAKER;BOT_MAKER;VELVETFRUIT_EXTRACT;XIRECS;5268.0;8
50400;BOT_MAKER;BOT_TAKER;HYDROGEL_PACK;XIRECS;9966.0;6
50500;BOT_TAKER;BOT_MAKER;HYDROGEL_PACK;XIRECS;9981.0;5
50600;BOT_TAKER;BOT_MAKER;HYDROGEL_PACK;XIRECS;9979.0;3
50700;BOT_TAKER;BOT_MAKER;HYDROGEL_PACK;XIRECS;9976.0;2
50800;BOT_MAKER;BOT_TAKER;VELVETFRUIT_EXTRACT;XIRECS;5260.0;3
50800;BOT_MAKER;BOT_TAKER;VEV_6500;XIRECS;0.0;2
50800;BOT_TAKER;BOT_MAKER;VEV_6500;XIRECS;1.0;5
50900;BOT_TAKER;BOT_MAKER;VELVETFRUIT_EXTRACT;XIRECS;5267.0;5
50900;BOT_MAKER;BOT_TAKER;VEV_6500;XIRECS;0.0;5
50900;SUBMISSION;BOT_TAKER;VELVETFRUIT_EXTRACT;XIRECS;5262.0;5
50900;BOT_MAKER;BOT_TAKER;VELVETFRUIT_EXTRACT;XIRECS;5261.0;3
51000;BOT_TAKER;BOT_MAKER;HYDROGEL_PACK;XIRECS;9980.0;3
51000;BOT_MAKER;BOT_TAKER;VEV_5500;XIRECS;7.0;5
51100;BOT_MAKER;BOT_TAKER;HYDROGEL_PACK;XIRECS;9964.0;6
51100;BOT_TAKER;BOT_MAKER;VELVETFRUIT_EXTRACT;XIRECS;5268.0;6
51200;BOT_MAKER;BOT_TAKER;VELVETFRUIT_EXTRACT;XIRECS;5261.0;3
51200;BOT_TAKER;BOT_MAKER;VEV_5200;XIRECS;121.0;2
51200;BOT_MAKER;BOT_TAKER;VEV_6500;XIRECS;0.0;4
51300;BOT_MAKER;BOT_TAKER;VELVETFRUIT_EXTRACT;XIRECS;5259.0;7
51300;BOT_MAKER;BOT_TAKER;VEV_5400;XIRECS;9.0;2
51400;BOT_TAKER;BOT_MAKER;VELVETFRUIT_EXTRACT;XIRECS;5264.0;8
51500;BOT_TAKER;BOT_MAKER;VEV_4000;XIRECS;1308.0;2
51500;BOT_MAKER;BOT_TAKER;VEV_5400;XIRECS;9.0;4
51500;BOT_TAKER;BOT_MAKER;VEV_6000;XIRECS;1.0;2
51500;SUBMISSION;BOT_TAKER;HYDROGEL_PACK;XIRECS;9966.0;5
51700;BOT_TAKER;BOT_MAKER;VEV_4000;XIRECS;1306.0;2
51700;BOT_TAKER;BOT_MAKER;VEV_6000;XIRECS;1.0;4
51800;BOT_TAKER;BOT_MAKER;VEV_6500;XIRECS;1.0;4
51900;BOT_TAKER;BOT_MAKER;VELVETFRUIT_EXTRACT;XIRECS;5269.0;13
51900;BOT_TAKER;BOT_MAKER;VELVETFRUIT_EXTRACT;XIRECS;5269.0;8
51900;BOT_MAKER;BOT_TAKER;VEV_5400;XIRECS;8.0;5
51900;BOT_TAKER;SUBMISSION;VELVETFRUIT_EXTRACT;XIRECS;5269.0;5
51900;BOT_TAKER;BOT_MAKER;VELVETFRUIT_EXTRACT;XIRECS;5270.0;3
52000;BOT_TAKER;BOT_MAKER;VELVETFRUIT_EXTRACT;XIRECS;5268.0;7
52000;BOT_MAKER;BOT_TAKER;VEV_6500;XIRECS;0.0;4
52100;BOT_TAKER;BOT_MAKER;VEV_6000;XIRECS;1.0;3
52200;BOT_TAKER;BOT_MAKER;VEV_6500;XIRECS;1.0;5
52200;SUBMISSION;BOT_TAKER;HYDROGEL_PACK;XIRECS;9963.0;5
52200;BOT_TAKER;SUBMISSION;VELVETFRUIT_EXTRACT;XIRECS;5267.0;5
52200;BOT_TAKER;BOT_MAKER;VELVETFRUIT_EXTRACT;XIRECS;5268.0;2
52400;BOT_TAKER;BOT_MAKER;ASH_COATED_OSMIUM;XIRECS;10010.0;5
52400;BOT_MAKER;BOT_TAKER;HYDROGEL_PACK;XIRECS;9964.0;4
52500;BOT_TAKER;BOT_MAKER;VEV_6500;XIRECS;1.0;2
52600;BOT_TAKER;BOT_MAKER;HYDROGEL_PACK;XIRECS;9980.0;3
52600;BOT_MAKER;BOT_TAKER;VEV_6000;XIRECS;0.0;5
52700;BOT_TAKER;BOT_MAKER;VELVETFRUIT_EXTRACT;XIRECS;5266.0;3
52700;BOT_TAKER;BOT_MAKER;VEV_6500;XIRECS;1.0;2
52800;BOT_MAKER;BOT_TAKER;VELVETFRUIT_EXTRACT;XIRECS;5261.0;7
52900;BOT_MAKER;BOT_TAKER;HYDROGEL_PACK;XIRECS;9966.0;5
52900;BOT_MAKER;BOT_TAKER;VELVETFRUIT_EXTRACT;XIRECS;5262.0;7
52900;BOT_MAKER;BOT_TAKER;VELVETFRUIT_EXTRACT;XIRECS;5262.0;8
53000;BOT_MAKER;BOT_TAKER;HYDROGEL_PACK;XIRECS;9967.0;4
53000;BOT_MAKER;BOT_TAKER;VELVETFRUIT_EXTRACT;XIRECS;5263.0;5
53000;SUBMISSION;BOT_TAKER;HYDROGEL_PACK;XIRECS;9968.0;5
53100;BOT_MAKER;BOT_TAKER;INTARIAN_PEPPER_ROOT;XIRECS;13146.0;6
53200;BOT_TAKER;BOT_MAKER;VEV_6500;XIRECS;1.0;3
53300;BOT_TAKER;BOT_MAKER;VELVETFRUIT_EXTRACT;XIRECS;5271.0;8
53300;BOT_MAKER;BOT_TAKER;VEV_4000;XIRECS;1290.0;2
53400;BOT_TAKER;BOT_MAKER;VELVETFRUIT_EXTRACT;XIRECS;5271.0;6
53400;BOT_TAKER;BOT_MAKER;VEV_6500;XIRECS;1.0;4
53600;BOT_TAKER;BOT_MAKER;VELVETFRUIT_EXTRACT;XIRECS;5271.0;5
53600;BOT_MAKER;BOT_TAKER;VELVETFRUIT_EXTRACT;XIRECS;5265.0;7
53600;BOT_MAKER;BOT_TAKER;VEV_5500;XIRECS;7.0;2
53700;BOT_MAKER;BOT_TAKER;VELVETFRUIT_EXTRACT;XIRECS;5265.0;8
53700;BOT_MAKER;BOT_TAKER;VEV_5300;XIRECS;42.0;3
53800;BOT_MAKER;BOT_TAKER;HYDROGEL_PACK;XIRECS;9971.0;2
53800;BOT_MAKER;BOT_TAKER;HYDROGEL_PACK;XIRECS;9971.0;5
53800;BOT_MAKER;BOT_TAKER;VELVETFRUIT_EXTRACT;XIRECS;5265.0;11
53900;BOT_MAKER;BOT_TAKER;HYDROGEL_PACK;XIRECS;9975.0;4
53900;BOT_TAKER;BOT_MAKER;VELVETFRUIT_EXTRACT;XIRECS;5269.0;8
53900;BOT_TAKER;SUBMISSION;HYDROGEL_PACK;XIRECS;9990.0;2
54000;BOT_TAKER;SUBMISSION;VELVETFRUIT_EXTRACT;XIRECS;5270.0;5
54200;BOT_TAKER;BOT_MAKER;VEV_4000;XIRECS;1308.0;3
54200;BOT_TAKER;SUBMISSION;VELVETFRUIT_EXTRACT;XIRECS;5270.0;3
54300;BOT;SUBMISSION;ASH_COATED_OSMIUM;XIRECS;10004.0;5
54500;BOT_TAKER;BOT_MAKER;VELVETFRUIT_EXTRACT;XIRECS;5269.0;5
54600;BOT_MAKER;BOT_TAKER;INTARIAN_PEPPER_ROOT;XIRECS;13148.0;3
54600;BOT_TAKER;BOT_MAKER;VEV_4000;XIRECS;1312.0;2
54700;BOT_TAKER;BOT_MAKER;HYDROGEL_PACK;XIRECS;9982.0;3
54700;BOT_TAKER;BOT_MAKER;VELVETFRUIT_EXTRACT;XIRECS;5270.0;8
54800;BOT_TAKER;BOT_MAKER;HYDROGEL_PACK;XIRECS;9984.0;3
54900;BOT_MAKER;BOT_TAKER;VELVETFRUIT_EXTRACT;XIRECS;5265.0;7
55000;BOT_TAKER;BOT_MAKER;VEV_4000;XIRECS;1311.0;1
55200;BOT_MAKER;BOT_TAKER;VEV_4000;XIRECS;1289.0;2
55400;BOT_TAKER;BOT_MAKER;INTARIAN_PEPPER_ROOT;XIRECS;13162.0;5
55400;BOT_TAKER;BOT_MAKER;VELVETFRUIT_EXTRACT;XIRECS;5269.0;3
55400;BOT_TAKER;BOT_MAKER;VEV_6500;XIRECS;1.0;3
55500;BOT_TAKER;BOT_MAKER;VELVETFRUIT_EXTRACT;XIRECS;5267.0;8
55500;BOT_MAKER;BOT_TAKER;VEV_5500;XIRECS;6.0;3
55600;BOT_TAKER;BOT_MAKER;HYDROGEL_PACK;XIRECS;9977.0;4
55600;BOT_TAKER;SUBMISSION;VELVETFRUIT_EXTRACT;XIRECS;5268.0;4
55800;BOT_TAKER;BOT_MAKER;ASH_COATED_OSMIUM;XIRECS;10012.0;6
55800;BOT_MAKER;BOT_TAKER;VELVETFRUIT_EXTRACT;XIRECS;5263.0;7
55800;BOT_TAKER;BOT_MAKER;VEV_5500;XIRECS;7.0;4
55900;BOT_MAKER;BOT_TAKER;ASH_COATED_OSMIUM;XIRECS;9994.0;6
55900;BOT_MAKER;BOT_TAKER;HYDROGEL_PACK;XIRECS;9959.0;5
55900;BOT_MAKER;BOT_TAKER;VELVETFRUIT_EXTRACT;XIRECS;5264.0;6
55900;BOT_TAKER;BOT_MAKER;VEV_6000;XIRECS;1.0;2
56100;BOT_MAKER;BOT_TAKER;HYDROGEL_PACK;XIRECS;9956.0;4
56100;BOT_TAKER;BOT_MAKER;VEV_5500;XIRECS;7.0;2
56200;BOT_MAKER;BOT_TAKER;VELVETFRUIT_EXTRACT;XIRECS;5263.0;5
56400;BOT_TAKER;BOT_MAKER;HYDROGEL_PACK;XIRECS;9966.0;3
56500;BOT_MAKER;BOT_TAKER;HYDROGEL_PACK;XIRECS;9949.0;4
56700;BOT_MAKER;BOT_TAKER;INTARIAN_PEPPER_ROOT;XIRECS;13150.0;3
56700;BOT_MAKER;BOT_TAKER;VELVETFRUIT_EXTRACT;XIRECS;5265.0;5
56700;SUBMISSION;BOT_TAKER;HYDROGEL_PACK;XIRECS;9950.0;4
56800;BOT_MAKER;BOT_TAKER;VEV_5500;XIRECS;6.0;4
56900;BOT_TAKER;BOT_MAKER;VEV_5300;XIRECS;43.0;5
56900;SUBMISSION;BOT_TAKER;VELVETFRUIT_EXTRACT;XIRECS;5268.0;3
57000;BOT_TAKER;BOT_MAKER;VELVETFRUIT_EXTRACT;XIRECS;5270.0;8
57000;BOT_MAKER;BOT_TAKER;VEV_4000;XIRECS;1293.0;2
57200;BOT_TAKER;BOT_MAKER;VEV_4000;XIRECS;1317.0;2
57200;BOT_MAKER;BOT_TAKER;VEV_6000;XIRECS;0.0;3
57300;SUBMISSION;BOT_TAKER;VELVETFRUIT_EXTRACT;XIRECS;5262.0;5
57300;BOT_MAKER;BOT_TAKER;VELVETFRUIT_EXTRACT;XIRECS;5261.0;4
57500;BOT_MAKER;BOT_TAKER;VEV_6000;XIRECS;0.0;2
57600;BOT_TAKER;BOT_MAKER;ASH_COATED_OSMIUM;XIRECS;10012.0;2
57600;BOT_TAKER;BOT_MAKER;VEV_4000;XIRECS;1313.0;2
57600;BOT_TAKER;BOT_MAKER;VEV_5400;XIRECS;10.0;2
57700;BOT_MAKER;BOT_TAKER;HYDROGEL_PACK;XIRECS;9944.0;6
57700;BOT_TAKER;BOT_MAKER;VELVETFRUIT_EXTRACT;XIRECS;5265.0;8
57700;BOT_TAKER;BOT_MAKER;VEV_4000;XIRECS;1315.0;1
57700;BOT_MAKER;BOT_TAKER;VEV_6000;XIRECS;0.0;5
57800;BOT_TAKER;BOT_MAKER;HYDROGEL_PACK;XIRECS;9959.0;2
57800;BOT_MAKER;BOT_TAKER;INTARIAN_PEPPER_ROOT;XIRECS;13151.0;3
57800;BOT_MAKER;BOT_TAKER;VELVETFRUIT_EXTRACT;XIRECS;5261.0;8
57800;BOT_TAKER;BOT_MAKER;VEV_4000;XIRECS;1315.0;3
57800;BOT;SUBMISSION;ASH_COATED_OSMIUM;XIRECS;10003.0;4
58000;BOT_TAKER;SUBMISSION;VELVETFRUIT_EXTRACT;XIRECS;5264.0;5
58000;BOT_TAKER;BOT_MAKER;VELVETFRUIT_EXTRACT;XIRECS;5265.0;2
58100;BOT_TAKER;BOT_MAKER;VELVETFRUIT_EXTRACT;XIRECS;5263.0;8
58100;BOT_MAKER;BOT_TAKER;VEV_5500;XIRECS;6.0;2
58200;BOT_MAKER;BOT_TAKER;HYDROGEL_PACK;XIRECS;9945.0;2
58200;SUBMISSION;BOT;ASH_COATED_OSMIUM;XIRECS;9999.0;6
58300;BOT_TAKER;BOT_MAKER;HYDROGEL_PACK;XIRECS;9961.0;2
58300;BOT_MAKER;BOT_TAKER;VELVETFRUIT_EXTRACT;XIRECS;5257.0;4
58400;BOT_MAKER;BOT_TAKER;VELVETFRUIT_EXTRACT;XIRECS;5258.0;5
58500;BOT_TAKER;SUBMISSION;ASH_COATED_OSMIUM;XIRECS;10007.0;5
58600;BOT_TAKER;BOT_MAKER;VELVETFRUIT_EXTRACT;XIRECS;5265.0;11
58600;BOT_TAKER;BOT_MAKER;VEV_5400;XIRECS;8.0;3
58700;BOT_MAKER;BOT_TAKER;HYDROGEL_PACK;XIRECS;9943.0;3
58700;BOT_TAKER;BOT_MAKER;VELVETFRUIT_EXTRACT;XIRECS;5264.0;7
58700;SUBMISSION;BOT_TAKER;VELVETFRUIT_EXTRACT;XIRECS;5260.0;5
58700;BOT_MAKER;BOT_TAKER;VELVETFRUIT_EXTRACT;XIRECS;5259.0;2
58900;BOT_TAKER;BOT_MAKER;VELVETFRUIT_EXTRACT;XIRECS;5262.0;7
58900;BOT_TAKER;BOT_MAKER;VEV_5500;XIRECS;7.0;2
59000;BOT_TAKER;BOT_MAKER;VELVETFRUIT_EXTRACT;XIRECS;5264.0;7
59100;BOT_MAKER;BOT_TAKER;VELVETFRUIT_EXTRACT;XIRECS;5257.0;8
59100;BOT_MAKER;BOT_TAKER;VEV_5400;XIRECS;7.0;2
59100;BOT_MAKER;BOT_TAKER;VEV_6000;XIRECS;0.0;2
59300;BOT_TAKER;BOT_MAKER;VELVETFRUIT_EXTRACT;XIRECS;5263.0;5
59300;BOT_TAKER;SUBMISSION;HYDROGEL_PACK;XIRECS;9964.0;3
59400;BOT_TAKER;BOT_MAKER;HYDROGEL_PACK;XIRECS;9963.0;3
59500;BOT_TAKER;BOT_MAKER;HYDROGEL_PACK;XIRECS;9963.0;6
59500;BOT_TAKER;BOT_MAKER;VEV_5500;XIRECS;7.0;4
59500;SUBMISSION;BOT_TAKER;HYDROGEL_PACK;XIRECS;9948.0;5
59700;BOT_TAKER;BOT_MAKER;HYDROGEL_PACK;XIRECS;9963.0;4
59700;BOT_TAKER;BOT_MAKER;VEV_6000;XIRECS;1.0;5
59800;BOT_MAKER;BOT_TAKER;HYDROGEL_PACK;XIRECS;9946.0;3
59800;SUBMISSION;BOT_TAKER;VELVETFRUIT_EXTRACT;XIRECS;5257.0;5
59800;BOT_MAKER;BOT_TAKER;VELVETFRUIT_EXTRACT;XIRECS;5256.0;3
59900;BOT_MAKER;BOT_TAKER;VELVETFRUIT_EXTRACT;XIRECS;5257.0;5
59900;BOT_MAKER;BOT_TAKER;VELVETFRUIT_EXTRACT;XIRECS;5257.0;6
60000;BOT_TAKER;BOT_MAKER;VEV_6000;XIRECS;1.0;2
60000;BOT_MAKER;BOT_TAKER;VEV_6500;XIRECS;0.0;3
60000;BOT_TAKER;SUBMISSION;HYDROGEL_PACK;XIRECS;9965.0;4
60200;BOT_TAKER;BOT_MAKER;VELVETFRUIT_EXTRACT;XIRECS;5265.0;9
60300;BOT_MAKER;BOT_TAKER;VEV_4000;XIRECS;1296.0;3
60400;BOT_TAKER;BOT_MAKER;VELVETFRUIT_EXTRACT;XIRECS;5269.0;7
60400;BOT_MAKER;BOT_TAKER;VEV_5300;XIRECS;44.0;2
60500;BOT_MAKER;BOT_TAKER;VELVETFRUIT_EXTRACT;XIRECS;5263.0;3
60600;BOT_MAKER;BOT_TAKER;HYDROGEL_PACK;XIRECS;9948.0;2
60600;BOT_TAKER;BOT_MAKER;VELVETFRUIT_EXTRACT;XIRECS;5268.0;5
60600;SUBMISSION;BOT_TAKER;ASH_COATED_OSMIUM;XIRECS;9989.0;8
60700;BOT_MAKER;BOT_TAKER;HYDROGEL_PACK;XIRECS;9949.0;6
60800;BOT_TAKER;BOT_MAKER;HYDROGEL_PACK;XIRECS;9967.0;2
60800;BOT_MAKER;BOT_TAKER;HYDROGEL_PACK;XIRECS;9951.0;6
60800;BOT_MAKER;BOT_TAKER;VELVETFRUIT_EXTRACT;XIRECS;5263.0;7
60800;BOT_MAKER;BOT_TAKER;VEV_4000;XIRECS;1297.0;2
60900;BOT_MAKER;BOT_TAKER;HYDROGEL_PACK;XIRECS;9951.0;3
60900;BOT_MAKER;BOT_TAKER;VELVETFRUIT_EXTRACT;XIRECS;5265.0;7
61000;BOT_TAKER;BOT_MAKER;HYDROGEL_PACK;XIRECS;9966.0;3
61000;BOT_TAKER;BOT_MAKER;VELVETFRUIT_EXTRACT;XIRECS;5270.0;8
61100;SUBMISSION;BOT_TAKER;HYDROGEL_PACK;XIRECS;9948.0;5
61100;BOT_MAKER;BOT_TAKER;HYDROGEL_PACK;XIRECS;9947.0;1
61100;SUBMISSION;BOT_TAKER;VELVETFRUIT_EXTRACT;XIRECS;5267.0;5
61100;BOT_MAKER;BOT_TAKER;VELVETFRUIT_EXTRACT;XIRECS;5266.0;3
61200;BOT_MAKER;BOT_TAKER;HYDROGEL_PACK;XIRECS;9944.0;4
61500;BOT_TAKER;BOT_MAKER;VEV_4000;XIRECS;1320.0;2
61600;BOT_MAKER;BOT_TAKER;VEV_6500;XIRECS;0.0;5
61700;BOT_TAKER;SUBMISSION;VELVETFRUIT_EXTRACT;XIRECS;5271.0;5
61700;BOT_TAKER;BOT_MAKER;VELVETFRUIT_EXTRACT;XIRECS;5272.0;3
61800;BOT_MAKER;BOT_TAKER;HYDROGEL_PACK;XIRECS;9945.0;6
61800;BOT_TAKER;SUBMISSION;VELVETFRUIT_EXTRACT;XIRECS;5271.0;5
61900;BOT_TAKER;BOT_MAKER;HYDROGEL_PACK;XIRECS;9964.0;5
61900;BOT_TAKER;BOT_MAKER;VEV_5400;XIRECS;9.0;5
62000;BOT_TAKER;BOT_MAKER;HYDROGEL_PACK;XIRECS;9966.0;6
62000;SUBMISSION;BOT_TAKER;VELVETFRUIT_EXTRACT;XIRECS;5266.0;3
62100;BOT_MAKER;BOT_TAKER;VELVETFRUIT_EXTRACT;XIRECS;5267.0;3
62200;BOT_TAKER;BOT_MAKER;VEV_4000;XIRECS;1320.0;2
62200;BOT_MAKER;BOT_TAKER;VEV_6000;XIRECS;0.0;5
62300;BOT_MAKER;BOT_TAKER;HYDROGEL_PACK;XIRECS;9954.0;4
62300;BOT_MAKER;BOT_TAKER;VELVETFRUIT_EXTRACT;XIRECS;5268.0;3
62500;BOT_TAKER;BOT_MAKER;HYDROGEL_PACK;XIRECS;9970.0;5
62500;BOT_TAKER;BOT_MAKER;VELVETFRUIT_EXTRACT;XIRECS;5272.0;14
62500;SUBMISSION;BOT_TAKER;HYDROGEL_PACK;XIRECS;9955.0;4
62500;BOT_TAKER;SUBMISSION;VELVETFRUIT_EXTRACT;XIRECS;5271.0;5
62500;BOT_TAKER;BOT_MAKER;VELVETFRUIT_EXTRACT;XIRECS;5272.0;2
62600;BOT_MAKER;BOT_TAKER;VELVETFRUIT_EXTRACT;XIRECS;5268.0;7
62600;SUBMISSION;BOT_TAKER;ASH_COATED_OSMIUM;XIRECS;9993.0;5
62700;BOT_MAKER;BOT_TAKER;VEV_6500;XIRECS;0.0;2
62700;SUBMISSION;BOT;ASH_COATED_OSMIUM;XIRECS;9997.0;10
62800;BOT_TAKER;BOT_MAKER;HYDROGEL_PACK;XIRECS;9964.0;3
62800;BOT_TAKER;BOT_MAKER;VEV_4000;XIRECS;1314.0;2
62800;BOT_MAKER;BOT_TAKER;VEV_5500;XIRECS;6.0;2
62800;BOT_TAKER;SUBMISSION;VEV_4000;XIRECS;1313.0;3
62900;BOT_MAKER;BOT_TAKER;VELVETFRUIT_EXTRACT;XIRECS;5268.0;6
63000;BOT_TAKER;BOT_MAKER;HYDROGEL_PACK;XIRECS;9962.0;2
63000;BOT_TAKER;BOT_MAKER;VELVETFRUIT_EXTRACT;XIRECS;5272.0;8
63000;SUBMISSION;BOT_TAKER;ASH_COATED_OSMIUM;XIRECS;9993.0;3
63100;BOT_MAKER;BOT_TAKER;INTARIAN_PEPPER_ROOT;XIRECS;13156.0;3
63200;BOT_MAKER;BOT_TAKER;VELVETFRUIT_EXTRACT;XIRECS;5269.0;3
63300;BOT_MAKER;BOT_TAKER;HYDROGEL_PACK;XIRECS;9947.0;6
63400;BOT_MAKER;BOT_TAKER;HYDROGEL_PACK;XIRECS;9944.0;6
63400;BOT_TAKER;BOT_MAKER;VELVETFRUIT_EXTRACT;XIRECS;5274.0;5
63400;BOT_MAKER;BOT_TAKER;VELVETFRUIT_EXTRACT;XIRECS;5269.0;3
63500;BOT_MAKER;BOT_TAKER;VELVETFRUIT_EXTRACT;XIRECS;5269.0;7
63500;BOT_MAKER;BOT_TAKER;VEV_5500;XIRECS;6.0;4
63500;BOT_MAKER;BOT_TAKER;VEV_6500;XIRECS;0.0;2
63600;BOT_TAKER;BOT_MAKER;VEV_6000;XIRECS;1.0;2
63700;BOT_MAKER;BOT_TAKER;VELVETFRUIT_EXTRACT;XIRECS;5270.0;7
63700;BOT_MAKER;BOT_TAKER;VEV_6000;XIRECS;0.0;3
63800;BOT_TAKER;BOT_MAKER;HYDROGEL_PACK;XIRECS;9963.0;3
63800;BOT_TAKER;BOT_MAKER;VEV_4000;XIRECS;1314.0;2
63900;BOT_MAKER;BOT_TAKER;VELVETFRUIT_EXTRACT;XIRECS;5271.0;7
64000;BOT_MAKER;BOT_TAKER;VELVETFRUIT_EXTRACT;XIRECS;5272.0;12
64000;BOT_MAKER;BOT_TAKER;VEV_5500;XIRECS;5.0;2
64100;BOT_TAKER;SUBMISSION;HYDROGEL_PACK;XIRECS;9969.0;5
64100;BOT_TAKER;BOT_MAKER;HYDROGEL_PACK;XIRECS;9970.0;1
64200;BOT_TAKER;SUBMISSION;VELVETFRUIT_EXTRACT;XIRECS;5277.0;5
64200;BOT_TAKER;BOT_MAKER;VELVETFRUIT_EXTRACT;XIRECS;5278.0;2
64500;BOT_MAKER;BOT_TAKER;ASH_COATED_OSMIUM;XIRECS;9991.0;2
64500;BOT_MAKER;BOT_TAKER;VELVETFRUIT_EXTRACT;XIRECS;5274.0;7
64600;SUBMISSION;BOT_TAKER;VELVETFRUIT_EXTRACT;XIRECS;5275.0;5
64700;BOT_TAKER;BOT_MAKER;VELVETFRUIT_EXTRACT;XIRECS;5281.0;8
64700;BOT_MAKER;BOT_TAKER;VEV_5400;XIRECS;8.0;2
64800;BOT_MAKER;BOT_TAKER;HYDROGEL_PACK;XIRECS;9953.0;5
64800;BOT_MAKER;BOT_TAKER;VELVETFRUIT_EXTRACT;XIRECS;5277.0;6
64800;BOT_TAKER;BOT_MAKER;VEV_5300;XIRECS;46.0;2
65000;BOT_TAKER;BOT_MAKER;VEV_4000;XIRECS;1311.0;2
65100;BOT_MAKER;BOT_TAKER;HYDROGEL_PACK;XIRECS;9956.0;6
65100;BOT_TAKER;BOT_MAKER;VELVETFRUIT_EXTRACT;XIRECS;5283.0;3
65100;BOT_MAKER;BOT_TAKER;VEV_6500;XIRECS;0.0;4
65300;BOT_MAKER;BOT_TAKER;VELVETFRUIT_EXTRACT;XIRECS;5276.0;8
65300;SUBMISSION;BOT;ASH_COATED_OSMIUM;XIRECS;9998.0;8
65300;BOT_TAKER;SUBMISSION;VELVETFRUIT_EXTRACT;XIRECS;5280.0;3
65500;BOT_MAKER;BOT_TAKER;HYDROGEL_PACK;XIRECS;9966.0;2
65500;BOT_MAKER;BOT_TAKER;VELVETFRUIT_EXTRACT;XIRECS;5276.0;10
65500;BOT_TAKER;BOT_MAKER;VEV_5200;XIRECS;129.0;4
65600;BOT_MAKER;BOT_TAKER;HYDROGEL_PACK;XIRECS;9964.0;6
65700;BOT_TAKER;BOT_MAKER;HYDROGEL_PACK;XIRECS;9979.0;5
65700;BOT_TAKER;BOT_MAKER;VELVETFRUIT_EXTRACT;XIRECS;5281.0;3
65700;BOT_MAKER;BOT_TAKER;VEV_5500;XIRECS;6.0;3
65700;BOT_TAKER;SUBMISSION;ASH_COATED_OSMIUM;XIRECS;10009.0;4
65800;SUBMISSION;BOT_TAKER;VELVETFRUIT_EXTRACT;XIRECS;5279.0;3
65800;BOT_TAKER;SUBMISSION;VEV_4000;XIRECS;1313.0;2
65900;BOT_MAKER;BOT_TAKER;ASH_COATED_OSMIUM;XIRECS;9991.0;9
65900;BOT_MAKER;BOT_TAKER;VELVETFRUIT_EXTRACT;XIRECS;5280.0;3
66000;BOT_MAKER;BOT_TAKER;VELVETFRUIT_EXTRACT;XIRECS;5279.0;13
66000;BOT_TAKER;BOT_MAKER;VEV_5300;XIRECS;45.0;2
66100;BOT_TAKER;BOT_MAKER;HYDROGEL_PACK;XIRECS;9979.0;2
66100;BOT_TAKER;BOT_MAKER;VELVETFRUIT_EXTRACT;XIRECS;5284.0;10
66100;SUBMISSION;BOT_TAKER;VELVETFRUIT_EXTRACT;XIRECS;5279.0;4
66200;BOT_MAKER;BOT_TAKER;HYDROGEL_PACK;XIRECS;9962.0;4
66200;BOT_TAKER;BOT_MAKER;VELVETFRUIT_EXTRACT;XIRECS;5284.0;7
66200;SUBMISSION;BOT_TAKER;HYDROGEL_PACK;XIRECS;9963.0;5
66400;BOT_MAKER;BOT_TAKER;HYDROGEL_PACK;XIRECS;9965.0;6
66600;BOT_TAKER;BOT_MAKER;HYDROGEL_PACK;XIRECS;9985.0;2
66600;BOT_MAKER;BOT_TAKER;VELVETFRUIT_EXTRACT;XIRECS;5280.0;8
66600;BOT_TAKER;BOT_MAKER;VEV_5400;XIRECS;10.0;2
66600;BOT;SUBMISSION;ASH_COATED_OSMIUM;XIRECS;10001.0;8
66700;BOT_TAKER;BOT_MAKER;INTARIAN_PEPPER_ROOT;XIRECS;13174.0;7
66700;BOT_MAKER;BOT_TAKER;VELVETFRUIT_EXTRACT;XIRECS;5280.0;8
66700;BOT_MAKER;BOT_TAKER;VEV_4000;XIRECS;1296.0;1
66800;BOT_MAKER;BOT_TAKER;VEV_4000;XIRECS;1296.0;2
66800;BOT_TAKER;BOT_MAKER;VEV_6500;XIRECS;1.0;3
66900;BOT_TAKER;BOT_MAKER;VELVETFRUIT_EXTRACT;XIRECS;5283.0;5
67000;SUBMISSION;BOT;ASH_COATED_OSMIUM;XIRECS;9997.0;4
67100;BOT_TAKER;BOT_MAKER;VEV_4000;XIRECS;1318.0;3
67100;BOT_TAKER;BOT_MAKER;INTARIAN_PEPPER_ROOT;XIRECS;13174.0;3
67200;BOT_MAKER;BOT_TAKER;HYDROGEL_PACK;XIRECS;9966.0;2
67200;BOT_MAKER;BOT_TAKER;VELVETFRUIT_EXTRACT;XIRECS;5277.0;3
67300;BOT_MAKER;BOT_TAKER;HYDROGEL_PACK;XIRECS;9963.0;4
67300;BOT_TAKER;BOT_MAKER;VELVETFRUIT_EXTRACT;XIRECS;5281.0;8
67300;BOT_TAKER;BOT_MAKER;VEV_4000;XIRECS;1319.0;3
67400;BOT_MAKER;BOT_TAKER;HYDROGEL_PACK;XIRECS;9958.0;5
67400;BOT_TAKER;BOT_MAKER;VELVETFRUIT_EXTRACT;XIRECS;5282.0;13
67400;SUBMISSION;BOT_TAKER;VELVETFRUIT_EXTRACT;XIRECS;5278.0;5
67400;BOT_MAKER;BOT_TAKER;VELVETFRUIT_EXTRACT;XIRECS;5277.0;9
67500;BOT_TAKER;BOT_MAKER;VELVETFRUIT_EXTRACT;XIRECS;5282.0;4
67500;BOT_TAKER;BOT_MAKER;VELVETFRUIT_EXTRACT;XIRECS;5282.0;4
67500;BOT_MAKER;BOT_TAKER;VEV_5500;XIRECS;6.0;5
67600;BOT_MAKER;BOT_TAKER;HYDROGEL_PACK;XIRECS;9961.0;4
67600;BOT_TAKER;BOT_MAKER;VEV_4000;XIRECS;1317.0;1
67600;BOT_TAKER;BOT_MAKER;VEV_5300;XIRECS;47.0;2
67700;BOT_TAKER;BOT_MAKER;HYDROGEL_PACK;XIRECS;9976.0;5
67700;BOT_TAKER;SUBMISSION;ASH_COATED_OSMIUM;XIRECS;10007.0;8
67800;BOT_MAKER;BOT_TAKER;HYDROGEL_PACK;XIRECS;9958.0;3
67800;BOT_TAKER;BOT_MAKER;VELVETFRUIT_EXTRACT;XIRECS;5284.0;6
67900;BOT_TAKER;BOT_MAKER;VEV_6000;XIRECS;1.0;5
67900;SUBMISSION;BOT_TAKER;HYDROGEL_PACK;XIRECS;9959.0;2
68000;BOT_MAKER;BOT_TAKER;VELVETFRUIT_EXTRACT;XIRECS;5279.0;6
68000;BOT_TAKER;BOT_MAKER;VEV_6000;XIRECS;1.0;2
68000;BOT_TAKER;SUBMISSION;VELVETFRUIT_EXTRACT;XIRECS;5284.0;5
68000;BOT_TAKER;BOT_MAKER;VELVETFRUIT_EXTRACT;XIRECS;5285.0;3
68100;BOT_TAKER;BOT_MAKER;HYDROGEL_PACK;XIRECS;9977.0;6
68100;BOT_TAKER;BOT_MAKER;VELVETFRUIT_EXTRACT;XIRECS;5284.0;6
68200;BOT_TAKER;BOT_MAKER;HYDROGEL_PACK;XIRECS;9977.0;6
68400;BOT_MAKER;BOT_TAKER;VEV_6500;XIRECS;0.0;2
68500;BOT_MAKER;BOT_TAKER;HYDROGEL_PACK;XIRECS;9964.0;5
68500;BOT_TAKER;BOT_MAKER;VEV_6000;XIRECS;1.0;3
68500;BOT_MAKER;BOT_TAKER;VEV_6500;XIRECS;0.0;3
68600;BOT_MAKER;BOT_TAKER;VELVETFRUIT_EXTRACT;XIRECS;5277.0;5
68600;BOT_TAKER;BOT_MAKER;VEV_5300;XIRECS;48.0;5
68800;BOT_MAKER;BOT_TAKER;VEV_5300;XIRECS;47.0;5
68800;BOT_TAKER;BOT_MAKER;VEV_5400;XIRECS;10.0;3
69000;BOT_TAKER;BOT_MAKER;VELVETFRUIT_EXTRACT;XIRECS;5282.0;7
69200;BOT_TAKER;BOT_MAKER;HYDROGEL_PACK;XIRECS;9966.0;3
69200;BOT_TAKER;BOT_MAKER;VEV_5300;XIRECS;49.0;4
69200;BOT_MAKER;BOT_TAKER;VEV_5500;XIRECS;5.0;5
69300;BOT_MAKER;BOT_TAKER;HYDROGEL_PACK;XIRECS;9953.0;2
69300;SUBMISSION;BOT_TAKER;VELVETFRUIT_EXTRACT;XIRECS;5279.0;3
69400;BOT_TAKER;BOT_MAKER;HYDROGEL_PACK;XIRECS;9969.0;4
69400;BOT_TAKER;BOT_MAKER;VELVETFRUIT_EXTRACT;XIRECS;5283.0;8
69400;BOT_TAKER;BOT_MAKER;VEV_6000;XIRECS;1.0;4
69500;BOT_MAKER;BOT_TAKER;VEV_6000;XIRECS;0.0;4
69600;BOT_TAKER;BOT_MAKER;VELVETFRUIT_EXTRACT;XIRECS;5284.0;5
69600;BOT_TAKER;SUBMISSION;VELVETFRUIT_EXTRACT;XIRECS;5283.0;4
69700;BOT_MAKER;BOT_TAKER;HYDROGEL_PACK;XIRECS;9950.0;3
69700;BOT_TAKER;BOT_MAKER;VELVETFRUIT_EXTRACT;XIRECS;5284.0;3
69700;SUBMISSION;BOT_TAKER;ASH_COATED_OSMIUM;XIRECS;9992.0;5
69800;BOT_TAKER;BOT_MAKER;VELVETFRUIT_EXTRACT;XIRECS;5283.0;6
69900;BOT_MAKER;BOT_TAKER;HYDROGEL_PACK;XIRECS;9950.0;4
69900;BOT_MAKER;BOT_TAKER;VEV_5300;XIRECS;45.0;2
70000;BOT_MAKER;BOT_TAKER;VELVETFRUIT_EXTRACT;XIRECS;5279.0;7
70100;BOT_TAKER;BOT_MAKER;VEV_6000;XIRECS;1.0;4
70100;BOT_TAKER;BOT_MAKER;VEV_6500;XIRECS;1.0;2
70100;BOT;SUBMISSION;ASH_COATED_OSMIUM;XIRECS;10000.0;4
70200;BOT_MAKER;BOT_TAKER;INTARIAN_PEPPER_ROOT;XIRECS;13160.0;6
70300;BOT_MAKER;BOT_TAKER;VEV_5300;XIRECS;46.0;2
70300;BOT_TAKER;BOT_MAKER;VEV_6000;XIRECS;1.0;2
70300;BOT_MAKER;BOT_TAKER;VEV_6500;XIRECS;0.0;5
70500;BOT_TAKER;BOT_MAKER;HYDROGEL_PACK;XIRECS;9969.0;4
70500;BOT_TAKER;BOT_MAKER;VELVETFRUIT_EXTRACT;XIRECS;5284.0;8
70500;BOT_MAKER;BOT_TAKER;VEV_5500;XIRECS;5.0;4
70500;SUBMISSION;BOT_TAKER;VEV_4000;XIRECS;1300.0;2
70600;BOT_TAKER;BOT_MAKER;HYDROGEL_PACK;XIRECS;9972.0;6
70600;BOT;SUBMISSION;ASH_COATED_OSMIUM;XIRECS;10000.0;9
70600;BOT_TAKER;SUBMISSION;HYDROGEL_PACK;XIRECS;9971.0;5
70600;BOT_TAKER;BOT_MAKER;HYDROGEL_PACK;XIRECS;9972.0;1
70700;BOT_TAKER;BOT_MAKER;VELVETFRUIT_EXTRACT;XIRECS;5285.0;8
70700;SUBMISSION;BOT_TAKER;VELVETFRUIT_EXTRACT;XIRECS;5281.0;5
70700;BOT_MAKER;BOT_TAKER;VELVETFRUIT_EXTRACT;XIRECS;5280.0;3
70800;BOT_MAKER;BOT_TAKER;HYDROGEL_PACK;XIRECS;9958.0;4
70800;BOT_MAKER;BOT_TAKER;VELVETFRUIT_EXTRACT;XIRECS;5280.0;8
70900;BOT_TAKER;SUBMISSION;HYDROGEL_PACK;XIRECS;9975.0;5
70900;BOT_TAKER;BOT_MAKER;HYDROGEL_PACK;XIRECS;9976.0;1
71000;BOT_MAKER;BOT_TAKER;HYDROGEL_PACK;XIRECS;9960.0;6
71000;BOT_MAKER;BOT_TAKER;VEV_5400;XIRECS;8.0;4
71100;BOT_TAKER;BOT_MAKER;VELVETFRUIT_EXTRACT;XIRECS;5285.0;3
71400;BOT_TAKER;BOT_MAKER;VELVETFRUIT_EXTRACT;XIRECS;5284.0;7
71400;BOT_MAKER;BOT_TAKER;VELVETFRUIT_EXTRACT;XIRECS;5279.0;5
71400;BOT_MAKER;BOT_TAKER;VEV_5400;XIRECS;8.0;5
71500;BOT_TAKER;BOT_MAKER;VEV_5400;XIRECS;10.0;4
71600;BOT_MAKER;BOT_TAKER;VELVETFRUIT_EXTRACT;XIRECS;5280.0;6
71700;BOT_TAKER;BOT_MAKER;HYDROGEL_PACK;XIRECS;9975.0;2
71700;BOT_TAKER;BOT_MAKER;VEV_6000;XIRECS;1.0;4
71700;BOT_TAKER;SUBMISSION;VELVETFRUIT_EXTRACT;XIRECS;5282.0;5
71700;BOT_TAKER;BOT_MAKER;VELVETFRUIT_EXTRACT;XIRECS;5283.0;2
71800;BOT_MAKER;BOT_TAKER;VELVETFRUIT_EXTRACT;XIRECS;5278.0;7
71800;SUBMISSION;BOT_TAKER;HYDROGEL_PACK;XIRECS;9961.0;4
71900;BOT_MAKER;BOT_TAKER;HYDROGEL_PACK;XIRECS;9966.0;5
71900;BOT_TAKER;BOT_MAKER;VELVETFRUIT_EXTRACT;XIRECS;5283.0;8
71900;BOT_MAKER;BOT_TAKER;VEV_4000;XIRECS;1296.0;3
71900;SUBMISSION;BOT_TAKER;VELVETFRUIT_EXTRACT;XIRECS;5278.0;5
71900;BOT_MAKER;BOT_TAKER;VELVETFRUIT_EXTRACT;XIRECS;5277.0;3
72100;BOT_TAKER;BOT_MAKER;VELVETFRUIT_EXTRACT;XIRECS;5282.0;3
72200;BOT_TAKER;BOT_MAKER;HYDROGEL_PACK;XIRECS;9983.0;3
72200;BOT_TAKER;SUBMISSION;HYDROGEL_PACK;XIRECS;9982.0;2
72300;BOT_MAKER;BOT_TAKER;HYDROGEL_PACK;XIRECS;9968.0;6
72300;BOT_TAKER;BOT_MAKER;VEV_5200;XIRECS;121.0;2
72300;BOT_TAKER;BOT_MAKER;VEV_6000;XIRECS;1.0;4
72400;BOT_TAKER;BOT_MAKER;VELVETFRUIT_EXTRACT;XIRECS;5279.0;3
72400;BOT_TAKER;BOT_MAKER;VEV_5500;XIRECS;7.0;3
72500;BOT_MAKER;BOT_TAKER;HYDROGEL_PACK;XIRECS;9973.0;6
72600;BOT_TAKER;BOT_MAKER;VELVETFRUIT_EXTRACT;XIRECS;5279.0;8
72600;BOT_MAKER;BOT_TAKER;VEV_6000;XIRECS;0.0;2
72700;BOT_MAKER;BOT_TAKER;VELVETFRUIT_EXTRACT;XIRECS;5273.0;6
72700;BOT_TAKER;BOT_MAKER;VEV_4000;XIRECS;1318.0;2
72700;BOT_MAKER;BOT_TAKER;VEV_5400;XIRECS;8.0;5
72700;BOT_MAKER;BOT_TAKER;VEV_6500;XIRECS;0.0;3
72700;BOT_TAKER;SUBMISSION;VELVETFRUIT_EXTRACT;XIRECS;5278.0;5
72700;BOT_TAKER;BOT_MAKER;VELVETFRUIT_EXTRACT;XIRECS;5279.0;1
72800;BOT_TAKER;BOT_MAKER;VELVETFRUIT_EXTRACT;XIRECS;5279.0;4
72800;BOT_MAKER;BOT_TAKER;VELVETFRUIT_EXTRACT;XIRECS;5273.0;13
72800;BOT_TAKER;SUBMISSION;HYDROGEL_PACK;XIRECS;9987.0;5
72900;BOT_TAKER;SUBMISSION;ASH_COATED_OSMIUM;XIRECS;10006.0;6
73000;BOT_MAKER;BOT_TAKER;ASH_COATED_OSMIUM;XIRECS;9992.0;7
73000;BOT_MAKER;BOT_TAKER;VEV_6500;XIRECS;0.0;2
73100;BOT_MAKER;BOT_TAKER;HYDROGEL_PACK;XIRECS;9970.0;5
73100;BOT_MAKER;BOT_TAKER;VEV_4000;XIRECS;1294.0;2
73100;BOT_MAKER;BOT_TAKER;VEV_6500;XIRECS;0.0;3
73100;BOT_TAKER;SUBMISSION;VEV_4000;XIRECS;1315.0;1
73200;BOT_MAKER;BOT_TAKER;INTARIAN_PEPPER_ROOT;XIRECS;13166.0;5
73200;BOT_TAKER;BOT_MAKER;VELVETFRUIT_EXTRACT;XIRECS;5276.0;6
73300;BOT_TAKER;BOT_MAKER;VELVETFRUIT_EXTRACT;XIRECS;5276.0;7
73300;BOT_TAKER;BOT_MAKER;VEV_6000;XIRECS;1.0;5
73300;BOT_TAKER;SUBMISSION;VELVETFRUIT_EXTRACT;XIRECS;5275.0;5
73300;BOT_TAKER;BOT_MAKER;VELVETFRUIT_EXTRACT;XIRECS;5276.0;5
73400;BOT_MAKER;BOT_TAKER;VELVETFRUIT_EXTRACT;XIRECS;5270.0;7
73500;BOT_MAKER;BOT_TAKER;HYDROGEL_PACK;XIRECS;9980.0;3
73600;BOT_MAKER;BOT_TAKER;VELVETFRUIT_EXTRACT;XIRECS;5272.0;8
73600;BOT_MAKER;BOT_TAKER;VEV_5500;XIRECS;6.0;3
73700;BOT_TAKER;BOT_MAKER;HYDROGEL_PACK;XIRECS;9995.0;4
73700;BOT_TAKER;SUBMISSION;HYDROGEL_PACK;XIRECS;9994.0;5
73700;BOT_TAKER;BOT_MAKER;HYDROGEL_PACK;XIRECS;9995.0;1
73800;BOT_MAKER;BOT_TAKER;HYDROGEL_PACK;XIRECS;9980.0;6
73900;BOT_TAKER;BOT_MAKER;HYDROGEL_PACK;XIRECS;9995.0;4
74000;BOT_TAKER;BOT_MAKER;ASH_COATED_OSMIUM;XIRECS;10010.0;5
74000;BOT_TAKER;BOT_MAKER;VELVETFRUIT_EXTRACT;XIRECS;5278.0;5
74000;BOT_MAKER;BOT_TAKER;VEV_6000;XIRECS;0.0;2
74100;BOT_TAKER;BOT_MAKER;VELVETFRUIT_EXTRACT;XIRECS;5278.0;8
74100;BOT_TAKER;BOT_MAKER;VEV_5500;XIRECS;7.0;2
74200;BOT_TAKER;BOT_MAKER;VEV_6000;XIRECS;1.0;2
74200;SUBMISSION;BOT_TAKER;VELVETFRUIT_EXTRACT;XIRECS;5276.0;5
74200;BOT_MAKER;BOT_TAKER;VELVETFRUIT_EXTRACT;XIRECS;5275.0;3
74300;BOT_MAKER;BOT_TAKER;VELVETFRUIT_EXTRACT;XIRECS;5273.0;7
74300;BOT_TAKER;BOT_MAKER;VEV_6000;XIRECS;1.0;2
74400;BOT_TAKER;BOT_MAKER;HYDROGEL_PACK;XIRECS;9995.0;2
74400;BOT_TAKER;BOT_MAKER;VELVETFRUIT_EXTRACT;XIRECS;5278.0;8
74600;SUBMISSION;BOT_TAKER;VEV_4000;XIRECS;1298.0;1
74700;BOT_TAKER;BOT_MAKER;VEV_6000;XIRECS;1.0;5
74800;BOT_TAKER;BOT_MAKER;VELVETFRUIT_EXTRACT;XIRECS;5277.0;8
74900;BOT_TAKER;SUBMISSION;VELVETFRUIT_EXTRACT;XIRECS;5277.0;4
75000;BOT_MAKER;BOT_TAKER;HYDROGEL_PACK;XIRECS;9980.0;2
75000;BOT_MAKER;BOT_TAKER;VELVETFRUIT_EXTRACT;XIRECS;5275.0;6
75000;BOT_TAKER;SUBMISSION;HYDROGEL_PACK;XIRECS;9998.0;4
75100;BOT_MAKER;BOT_TAKER;VELVETFRUIT_EXTRACT;XIRECS;5275.0;7
75100;BOT_TAKER;BOT_MAKER;VEV_6500;XIRECS;1.0;4
75200;BOT_TAKER;BOT_MAKER;VELVETFRUIT_EXTRACT;XIRECS;5282.0;7
75200;BOT_MAKER;BOT_TAKER;VEV_5300;XIRECS;41.0;3
75200;BOT;SUBMISSION;ASH_COATED_OSMIUM;XIRECS;10001.0;5
75400;BOT_MAKER;BOT_TAKER;VELVETFRUIT_EXTRACT;XIRECS;5277.0;6
75400;BOT_TAKER;BOT_MAKER;VEV_4000;XIRECS;1318.0;1
75500;BOT_TAKER;BOT_MAKER;HYDROGEL_PACK;XIRECS;10004.0;4
75500;BOT_MAKER;BOT_TAKER;VELVETFRUIT_EXTRACT;XIRECS;5277.0;8
75500;BOT_TAKER;BOT_MAKER;VEV_5400;XIRECS;9.0;5
75500;BOT_TAKER;BOT_MAKER;VEV_6500;XIRECS;1.0;5
75600;BOT_TAKER;BOT_MAKER;HYDROGEL_PACK;XIRECS;10006.0;3
75700;BOT_TAKER;BOT_MAKER;VEV_5400;XIRECS;10.0;2
75800;BOT_TAKER;BOT_MAKER;HYDROGEL_PACK;XIRECS;10004.0;2
75900;BOT_MAKER;BOT_TAKER;HYDROGEL_PACK;XIRECS;9988.0;3
76000;BOT_TAKER;BOT_MAKER;HYDROGEL_PACK;XIRECS;10004.0;5
76000;BOT_TAKER;BOT_MAKER;VEV_5400;XIRECS;9.0;4
76000;BOT_MAKER;BOT_TAKER;VEV_6000;XIRECS;0.0;2
76000;BOT_MAKER;BOT_TAKER;VEV_6000;XIRECS;0.0;3
76100;BOT_TAKER;BOT_MAKER;HYDROGEL_PACK;XIRECS;10006.0;5
76100;BOT_TAKER;BOT_MAKER;VELVETFRUIT_EXTRACT;XIRECS;5281.0;6
76100;BOT_MAKER;BOT_TAKER;VEV_5500;XIRECS;5.0;5
76500;BOT_MAKER;BOT_TAKER;HYDROGEL_PACK;XIRECS;9983.0;4
76500;BOT_MAKER;BOT_TAKER;VEV_6500;XIRECS;0.0;4
76500;SUBMISSION;BOT;ASH_COATED_OSMIUM;XIRECS;9998.0;5
76600;BOT_TAKER;BOT_MAKER;VELVETFRUIT_EXTRACT;XIRECS;5280.0;7
76600;BOT_MAKER;BOT_TAKER;VEV_6500;XIRECS;0.0;3
76700;BOT_TAKER;BOT_MAKER;HYDROGEL_PACK;XIRECS;9998.0;5
76700;BOT_TAKER;SUBMISSION;HYDROGEL_PACK;XIRECS;9997.0;5
76700;BOT_TAKER;BOT_MAKER;HYDROGEL_PACK;XIRECS;9998.0;1
76800;BOT_MAKER;BOT_TAKER;VEV_4000;XIRECS;1296.0;2
76900;BOT_MAKER;BOT_TAKER;HYDROGEL_PACK;XIRECS;9980.0;5
76900;BOT_MAKER;BOT_TAKER;VEV_5400;XIRECS;9.0;4
77000;BOT_TAKER;BOT_MAKER;VEV_4000;XIRECS;1318.0;1
77100;BOT_MAKER;BOT_TAKER;HYDROGEL_PACK;XIRECS;9974.0;5
77100;BOT_TAKER;BOT_MAKER;VEV_6500;XIRECS;1.0;3
77200;BOT_TAKER;BOT_MAKER;INTARIAN_PEPPER_ROOT;XIRECS;13184.0;7
77200;BOT_MAKER;BOT_TAKER;VELVETFRUIT_EXTRACT;XIRECS;5274.0;4
77300;BOT_MAKER;BOT_TAKER;VEV_4000;XIRECS;1296.0;1
77300;BOT_MAKER;BOT_TAKER;VEV_5200;XIRECS;115.0;5
77300;BOT_TAKER;BOT_MAKER;VEV_6000;XIRECS;1.0;2
77400;BOT_TAKER;BOT_MAKER;HYDROGEL_PACK;XIRECS;9991.0;3
77400;BOT_MAKER;BOT_TAKER;VELVETFRUIT_EXTRACT;XIRECS;5276.0;11
77400;BOT_TAKER;BOT_MAKER;VEV_6500;XIRECS;1.0;2
77400;SUBMISSION;BOT;ASH_COATED_OSMIUM;XIRECS;9997.0;9
77500;BOT_MAKER;BOT_TAKER;VEV_6000;XIRECS;0.0;3
77600;SUBMISSION;BOT_TAKER;ASH_COATED_OSMIUM;XIRECS;9989.0;4
77700;BOT_TAKER;BOT_MAKER;VELVETFRUIT_EXTRACT;XIRECS;5285.0;6
77700;BOT_MAKER;BOT_TAKER;VEV_6000;XIRECS;0.0;5
77800;BOT_TAKER;BOT_MAKER;VELVETFRUIT_EXTRACT;XIRECS;5285.0;5
77900;BOT_TAKER;BOT_MAKER;VEV_4000;XIRECS;1314.0;1
78100;BOT_TAKER;BOT_MAKER;VEV_5500;XIRECS;7.0;2
78100;BOT_MAKER;BOT_TAKER;VEV_6000;XIRECS;0.0;4
78100;BOT_TAKER;SUBMISSION;HYDROGEL_PACK;XIRECS;9994.0;5
78100;BOT_TAKER;BOT_MAKER;HYDROGEL_PACK;XIRECS;9995.0;1
78200;BOT_TAKER;BOT_MAKER;HYDROGEL_PACK;XIRECS;9993.0;3
78200;BOT_TAKER;SUBMISSION;HYDROGEL_PACK;XIRECS;9992.0;3
78300;BOT_MAKER;BOT_TAKER;HYDROGEL_PACK;XIRECS;9976.0;6
78300;BOT_MAKER;BOT_TAKER;VELVETFRUIT_EXTRACT;XIRECS;5280.0;5
78300;BOT_TAKER;BOT_MAKER;VEV_5400;XIRECS;11.0;2
78400;BOT_TAKER;SUBMISSION;HYDROGEL_PACK;XIRECS;9992.0;2
78500;BOT_TAKER;BOT_MAKER;HYDROGEL_PACK;XIRECS;9992.0;4
78500;BOT_MAKER;BOT_TAKER;VELVETFRUIT_EXTRACT;XIRECS;5282.0;8
78500;BOT_MAKER;BOT_TAKER;VEV_6500;XIRECS;0.0;2
78600;BOT_MAKER;BOT_TAKER;VEV_6000;XIRECS;0.0;2
78600;BOT;SUBMISSION;ASH_COATED_OSMIUM;XIRECS;9999.0;5
78700;BOT_MAKER;BOT_TAKER;HYDROGEL_PACK;XIRECS;9974.0;4
78700;BOT_TAKER;BOT_MAKER;VELVETFRUIT_EXTRACT;XIRECS;5290.0;7
78700;BOT_TAKER;BOT_MAKER;VEV_5500;XIRECS;7.0;5
78800;BOT_MAKER;BOT_TAKER;VELVETFRUIT_EXTRACT;XIRECS;5283.0;3
78900;BOT_TAKER;BOT_MAKER;HYDROGEL_PACK;XIRECS;9988.0;3
78900;BOT_MAKER;BOT_TAKER;VELVETFRUIT_EXTRACT;XIRECS;5284.0;5
78900;BOT_TAKER;BOT_MAKER;VEV_6500;XIRECS;1.0;3
78900;BOT;SUBMISSION;ASH_COATED_OSMIUM;XIRECS;9999.0;9
79000;BOT_TAKER;BOT_MAKER;INTARIAN_PEPPER_ROOT;XIRECS;13186.0;6
79000;BOT_MAKER;BOT_TAKER;VELVETFRUIT_EXTRACT;XIRECS;5283.0;8
79100;BOT_MAKER;BOT_TAKER;VELVETFRUIT_EXTRACT;XIRECS;5283.0;5
79100;BOT_TAKER;BOT_MAKER;VEV_5500;XIRECS;7.0;5
79200;BOT_MAKER;BOT_TAKER;HYDROGEL_PACK;XIRECS;9969.0;6
79200;SUBMISSION;BOT_TAKER;HYDROGEL_PACK;XIRECS;9970.0;5
79500;BOT_TAKER;BOT_MAKER;HYDROGEL_PACK;XIRECS;9989.0;5
79600;BOT_MAKER;BOT_TAKER;VELVETFRUIT_EXTRACT;XIRECS;5283.0;5
79600;BOT_MAKER;BOT_TAKER;VEV_4000;XIRECS;1301.0;1
79700;BOT_TAKER;BOT_MAKER;VELVETFRUIT_EXTRACT;XIRECS;5288.0;7
79800;BOT_TAKER;BOT_MAKER;HYDROGEL_PACK;XIRECS;9988.0;4
79800;BOT_TAKER;BOT_MAKER;VELVETFRUIT_EXTRACT;XIRECS;5288.0;7
79800;SUBMISSION;BOT;ASH_COATED_OSMIUM;XIRECS;9995.0;6
79900;BOT_MAKER;BOT_TAKER;HYDROGEL_PACK;XIRECS;9969.0;2
79900;BOT_MAKER;BOT_TAKER;VELVETFRUIT_EXTRACT;XIRECS;5283.0;4
80000;BOT_MAKER;BOT_TAKER;VELVETFRUIT_EXTRACT;XIRECS;5286.0;5
80100;BOT_MAKER;BOT_TAKER;HYDROGEL_PACK;XIRECS;9968.0;4
80100;BOT_MAKER;BOT_TAKER;VEV_6000;XIRECS;0.0;2
80100;BOT_MAKER;BOT_TAKER;VEV_6500;XIRECS;0.0;2
80200;BOT_TAKER;BOT_MAKER;VEV_4000;XIRECS;1327.0;1
80300;BOT_TAKER;BOT_MAKER;VEV_5200;XIRECS;120.0;4
80400;BOT_TAKER;BOT_MAKER;VEV_5400;XIRECS;11.0;5
80400;BOT_TAKER;SUBMISSION;ASH_COATED_OSMIUM;XIRECS;10004.0;4
80500;BOT_TAKER;BOT_MAKER;HYDROGEL_PACK;XIRECS;9986.0;3
80700;BOT_TAKER;BOT_MAKER;HYDROGEL_PACK;XIRECS;9989.0;3
80700;BOT_MAKER;BOT_TAKER;VELVETFRUIT_EXTRACT;XIRECS;5283.0;3
80700;BOT;SUBMISSION;ASH_COATED_OSMIUM;XIRECS;9999.0;9
80700;BOT_TAKER;SUBMISSION;VEV_4000;XIRECS;1323.0;3
80800;BOT_MAKER;BOT_TAKER;HYDROGEL_PACK;XIRECS;9973.0;3
80800;BOT_TAKER;BOT_MAKER;VEV_6000;XIRECS;1.0;5
80900;BOT_TAKER;BOT_MAKER;HYDROGEL_PACK;XIRECS;9991.0;3
80900;BOT_MAKER;BOT_TAKER;VELVETFRUIT_EXTRACT;XIRECS;5284.0;7
80900;BOT_TAKER;SUBMISSION;VEV_4000;XIRECS;1324.0;3
81000;BOT_MAKER;BOT_TAKER;VEV_4000;XIRECS;1304.0;3
81100;BOT_TAKER;BOT_MAKER;HYDROGEL_PACK;XIRECS;9990.0;2
81100;BOT_MAKER;BOT_TAKER;VELVETFRUIT_EXTRACT;XIRECS;5286.0;5
81200;BOT_MAKER;BOT_TAKER;VELVETFRUIT_EXTRACT;XIRECS;5284.0;3
81200;BOT_TAKER;BOT_MAKER;VELVETFRUIT_EXTRACT;XIRECS;5289.0;7
81200;BOT_MAKER;BOT_TAKER;VEV_4000;XIRECS;1305.0;2
81200;BOT;SUBMISSION;ASH_COATED_OSMIUM;XIRECS;9998.0;5
81300;BOT_MAKER;BOT_TAKER;VEV_5400;XIRECS;9.0;3
81600;BOT_MAKER;BOT_TAKER;VELVETFRUIT_EXTRACT;XIRECS;5284.0;3
81700;BOT_MAKER;BOT_TAKER;VEV_6500;XIRECS;0.0;3
81800;BOT_TAKER;BOT_MAKER;VELVETFRUIT_EXTRACT;XIRECS;5292.0;7
81900;BOT_TAKER;BOT_MAKER;VELVETFRUIT_EXTRACT;XIRECS;5292.0;3
82000;BOT_TAKER;BOT_MAKER;VEV_6500;XIRECS;1.0;5
82100;BOT_TAKER;BOT_MAKER;VELVETFRUIT_EXTRACT;XIRECS;5292.0;4
82100;BOT;SUBMISSION;ASH_COATED_OSMIUM;XIRECS;9999.0;9
82100;BOT_TAKER;SUBMISSION;ASH_COATED_OSMIUM;XIRECS;9999.0;3
82200;BOT_TAKER;BOT_MAKER;VEV_4000;XIRECS;1328.0;3
82400;BOT_MAKER;BOT_TAKER;HYDROGEL_PACK;XIRECS;9973.0;6
82500;BOT_MAKER;BOT_TAKER;VEV_6000;XIRECS;0.0;4
82500;BOT_TAKER;BOT_MAKER;VEV_6500;XIRECS;1.0;3
82600;BOT_MAKER;BOT_TAKER;HYDROGEL_PACK;XIRECS;9972.0;3
82600;BOT_MAKER;BOT_TAKER;VELVETFRUIT_EXTRACT;XIRECS;5284.0;4
82800;BOT_TAKER;SUBMISSION;HYDROGEL_PACK;XIRECS;9990.0;3
82900;BOT_MAKER;BOT_TAKER;VELVETFRUIT_EXTRACT;XIRECS;5286.0;11
82900;BOT_TAKER;BOT_MAKER;VEV_4000;XIRECS;1326.0;3
83000;BOT_MAKER;BOT_TAKER;HYDROGEL_PACK;XIRECS;9979.0;3
83000;BOT_TAKER;BOT_MAKER;VELVETFRUIT_EXTRACT;XIRECS;5291.0;4
83000;BOT_MAKER;BOT_TAKER;VEV_4000;XIRECS;1303.0;3
83000;BOT_TAKER;BOT_MAKER;VEV_5300;XIRECS;42.0;5
83000;BOT_TAKER;SUBMISSION;ASH_COATED_OSMIUM;XIRECS;10005.0;4
83000;SUBMISSION;BOT_TAKER;VELVETFRUIT_EXTRACT;XIRECS;5286.0;5
83000;BOT_MAKER;BOT_TAKER;VELVETFRUIT_EXTRACT;XIRECS;5285.0;3
83100;BOT_MAKER;BOT_TAKER;VELVETFRUIT_EXTRACT;XIRECS;5285.0;3
83100;SUBMISSION;BOT_TAKER;ASH_COATED_OSMIUM;XIRECS;9991.0;10
83100;SUBMISSION;BOT_TAKER;VELVETFRUIT_EXTRACT;XIRECS;5286.0;5
83100;BOT_MAKER;BOT_TAKER;VELVETFRUIT_EXTRACT;XIRECS;5285.0;3
83200;BOT_TAKER;BOT_MAKER;HYDROGEL_PACK;XIRECS;9996.0;5
83200;BOT_MAKER;BOT_TAKER;VEV_5500;XIRECS;6.0;2
83300;BOT_TAKER;BOT_MAKER;VELVETFRUIT_EXTRACT;XIRECS;5289.0;9
83500;BOT_TAKER;BOT_MAKER;VELVETFRUIT_EXTRACT;XIRECS;5287.0;5
83600;BOT_TAKER;BOT_MAKER;VELVETFRUIT_EXTRACT;XIRECS;5287.0;5
83600;BOT_MAKER;BOT_TAKER;VEV_5500;XIRECS;6.0;4
83700;BOT_MAKER;BOT_TAKER;HYDROGEL_PACK;XIRECS;9982.0;3
83800;BOT_TAKER;BOT_MAKER;HYDROGEL_PACK;XIRECS;9995.0;6
83800;BOT_MAKER;BOT_TAKER;VELVETFRUIT_EXTRACT;XIRECS;5280.0;4
83800;BOT_TAKER;BOT_MAKER;VEV_6000;XIRECS;1.0;3
83900;BOT_MAKER;BOT_TAKER;VEV_6000;XIRECS;0.0;4
83900;SUBMISSION;BOT_TAKER;VELVETFRUIT_EXTRACT;XIRECS;5282.0;5
83900;BOT_MAKER;BOT_TAKER;VELVETFRUIT_EXTRACT;XIRECS;5281.0;1
84000;BOT_TAKER;BOT_MAKER;ASH_COATED_OSMIUM;XIRECS;10005.0;3
84000;BOT_TAKER;BOT_MAKER;VELVETFRUIT_EXTRACT;XIRECS;5287.0;5
84000;BOT_TAKER;BOT_MAKER;VEV_5500;XIRECS;7.0;2
84100;BOT_MAKER;BOT_TAKER;HYDROGEL_PACK;XIRECS;9980.0;4
84200;BOT_MAKER;BOT_TAKER;INTARIAN_PEPPER_ROOT;XIRECS;13177.0;7
84200;BOT_MAKER;BOT_TAKER;VELVETFRUIT_EXTRACT;XIRECS;5280.0;7
84300;BOT_MAKER;BOT_TAKER;HYDROGEL_PACK;XIRECS;9984.0;2
84300;BOT_TAKER;BOT_MAKER;VELVETFRUIT_EXTRACT;XIRECS;5287.0;7
84400;BOT_TAKER;BOT_MAKER;VEV_6000;XIRECS;1.0;2
84500;BOT_TAKER;BOT_MAKER;VEV_4000;XIRECS;1324.0;2
84600;BOT_MAKER;BOT_TAKER;VELVETFRUIT_EXTRACT;XIRECS;5280.0;4
84600;BOT_MAKER;BOT_TAKER;VELVETFRUIT_EXTRACT;XIRECS;5280.0;8
84600;BOT_MAKER;BOT_TAKER;VEV_4000;XIRECS;1302.0;2
84800;BOT_MAKER;BOT_TAKER;HYDROGEL_PACK;XIRECS;9984.0;5
84800;BOT_TAKER;BOT_MAKER;VELVETFRUIT_EXTRACT;XIRECS;5286.0;8
84800;BOT_TAKER;BOT_MAKER;VEV_5500;XIRECS;7.0;4
84900;BOT_TAKER;BOT_MAKER;ASH_COATED_OSMIUM;XIRECS;10005.0;4
84900;BOT_MAKER;BOT_TAKER;VEV_4000;XIRECS;1302.0;1
85000;BOT_TAKER;BOT_MAKER;VELVETFRUIT_EXTRACT;XIRECS;5285.0;5
85100;BOT_TAKER;BOT_MAKER;VELVETFRUIT_EXTRACT;XIRECS;5285.0;13
85100;BOT_TAKER;BOT_MAKER;VEV_6500;XIRECS;1.0;3
85200;BOT_TAKER;BOT_MAKER;HYDROGEL_PACK;XIRECS;9997.0;6
85200;BOT_TAKER;BOT_MAKER;INTARIAN_PEPPER_ROOT;XIRECS;13192.0;5
85200;BOT_MAKER;BOT_TAKER;VELVETFRUIT_EXTRACT;XIRECS;5281.0;4
85300;BOT_MAKER;BOT_TAKER;VELVETFRUIT_EXTRACT;XIRECS;5281.0;4
85300;BOT_TAKER;BOT_MAKER;VEV_6000;XIRECS;1.0;5
85400;BOT_TAKER;BOT_MAKER;VELVETFRUIT_EXTRACT;XIRECS;5287.0;3
85400;BOT_MAKER;BOT_TAKER;VEV_6000;XIRECS;0.0;4
85400;BOT_TAKER;SUBMISSION;VELVETFRUIT_EXTRACT;XIRECS;5286.0;5
85500;BOT_TAKER;BOT_MAKER;HYDROGEL_PACK;XIRECS;10001.0;5
85600;BOT_TAKER;BOT_MAKER;VEV_5500;XIRECS;7.0;5
85700;BOT_TAKER;BOT_MAKER;HYDROGEL_PACK;XIRECS;10003.0;6
85700;BOT_MAKER;BOT_TAKER;VELVETFRUIT_EXTRACT;XIRECS;5282.0;5
85700;BOT_MAKER;BOT_TAKER;VEV_4000;XIRECS;1301.0;2
85800;BOT_MAKER;BOT_TAKER;VELVETFRUIT_EXTRACT;XIRECS;5282.0;8
85800;BOT_MAKER;BOT_TAKER;VEV_4000;XIRECS;1302.0;1
85800;BOT_TAKER;BOT_MAKER;VEV_5500;XIRECS;7.0;3
85800;SUBMISSION;BOT_TAKER;HYDROGEL_PACK;XIRECS;9988.0;2
86000;BOT_MAKER;BOT_TAKER;VEV_5500;XIRECS;6.0;3
86000;BOT_MAKER;BOT_TAKER;VEV_6500;XIRECS;0.0;3
86200;BOT_MAKER;BOT_TAKER;HYDROGEL_PACK;XIRECS;9987.0;6
86200;BOT_MAKER;BOT_TAKER;VELVETFRUIT_EXTRACT;XIRECS;5282.0;5
86300;BOT_TAKER;BOT_MAKER;VELVETFRUIT_EXTRACT;XIRECS;5285.0;7
86300;BOT_MAKER;BOT_TAKER;VEV_6000;XIRECS;0.0;5
86400;BOT_MAKER;BOT_TAKER;VELVETFRUIT_EXTRACT;XIRECS;5280.0;4
86400;BOT_TAKER;SUBMISSION;HYDROGEL_PACK;XIRECS;10003.0;3
86500;BOT_TAKER;BOT_MAKER;VELVETFRUIT_EXTRACT;XIRECS;5286.0;5
86500;BOT_TAKER;BOT_MAKER;VEV_6000;XIRECS;1.0;2
86500;BOT_TAKER;SUBMISSION;VELVETFRUIT_EXTRACT;XIRECS;5285.0;3
86600;BOT_MAKER;BOT_TAKER;VELVETFRUIT_EXTRACT;XIRECS;5282.0;10
86600;BOT_TAKER;BOT_MAKER;VEV_4000;XIRECS;1325.0;3
86600;SUBMISSION;BOT_TAKER;VELVETFRUIT_EXTRACT;XIRECS;5283.0;5
86600;BOT_MAKER;BOT_TAKER;VELVETFRUIT_EXTRACT;XIRECS;5282.0;3
86700;BOT_MAKER;BOT_TAKER;VEV_5300;XIRECS;41.0;5
86700;BOT_MAKER;BOT_TAKER;VEV_6000;XIRECS;0.0;4
86900;BOT;SUBMISSION;ASH_COATED_OSMIUM;XIRECS;9997.0;7
86900;SUBMISSION;BOT_TAKER;HYDROGEL_PACK;XIRECS;9987.0;3
87000;BOT_TAKER;BOT_MAKER;HYDROGEL_PACK;XIRECS;10007.0;4
87000;BOT_TAKER;SUBMISSION;HYDROGEL_PACK;XIRECS;10006.0;5
87200;SUBMISSION;BOT_TAKER;VEV_4000;XIRECS;1303.0;1
87300;BOT_MAKER;BOT_TAKER;VEV_4000;XIRECS;1303.0;2
87500;BOT_MAKER;BOT_TAKER;VELVETFRUIT_EXTRACT;XIRECS;5286.0;8
87600;BOT_MAKER;BOT_TAKER;HYDROGEL_PACK;XIRECS;9989.0;3
87700;BOT_MAKER;BOT_TAKER;VEV_5200;XIRECS;125.0;3
87800;BOT_TAKER;BOT_MAKER;VELVETFRUIT_EXTRACT;XIRECS;5291.0;6
87800;BOT_MAKER;BOT_TAKER;ASH_COATED_OSMIUM;XIRECS;9993.0;2
87900;BOT_TAKER;BOT_MAKER;VELVETFRUIT_EXTRACT;XIRECS;5290.0;9
87900;BOT_TAKER;BOT_MAKER;VEV_5500;XIRECS;7.0;5
87900;SUBMISSION;BOT_TAKER;VELVETFRUIT_EXTRACT;XIRECS;5287.0;3
87900;BOT_TAKER;SUBMISSION;VEV_4000;XIRECS;1324.0;3
88100;BOT_TAKER;BOT_MAKER;VEV_4000;XIRECS;1325.0;3
88300;BOT_MAKER;BOT_TAKER;VELVETFRUIT_EXTRACT;XIRECS;5286.0;7
88400;BOT_TAKER;BOT_MAKER;VEV_5300;XIRECS;45.0;2
88500;BOT_TAKER;BOT_MAKER;VELVETFRUIT_EXTRACT;XIRECS;5290.0;6
88600;BOT_TAKER;BOT_MAKER;HYDROGEL_PACK;XIRECS;10007.0;4
88600;BOT_MAKER;BOT_TAKER;HYDROGEL_PACK;XIRECS;9991.0;2
88700;BOT_TAKER;BOT_MAKER;HYDROGEL_PACK;XIRECS;10010.0;3
88700;BOT;SUBMISSION;ASH_COATED_OSMIUM;XIRECS;9998.0;7
88800;BOT_TAKER;BOT_MAKER;VELVETFRUIT_EXTRACT;XIRECS;5288.0;7
88800;BOT_TAKER;BOT_MAKER;VEV_4000;XIRECS;1321.0;1
88800;SUBMISSION;BOT_TAKER;HYDROGEL_PACK;XIRECS;10000.0;5
88900;BOT_MAKER;BOT_TAKER;VELVETFRUIT_EXTRACT;XIRECS;5285.0;13
89000;BOT_MAKER;BOT_TAKER;HYDROGEL_PACK;XIRECS;10003.0;5
89000;BOT_TAKER;BOT_MAKER;VEV_4000;XIRECS;1322.0;3
89100;BOT_MAKER;BOT_TAKER;INTARIAN_PEPPER_ROOT;XIRECS;13182.0;3
89100;SUBMISSION;BOT_TAKER;ASH_COATED_OSMIUM;XIRECS;9989.0;3
89200;BOT_TAKER;BOT_MAKER;VEV_6500;XIRECS;1.0;4
89300;BOT_TAKER;BOT_MAKER;HYDROGEL_PACK;XIRECS;10021.0;6
89300;BOT_TAKER;BOT_MAKER;VEV_4000;XIRECS;1323.0;3
89400;BOT_TAKER;BOT_MAKER;VELVETFRUIT_EXTRACT;XIRECS;5288.0;4
89400;BOT_MAKER;BOT_TAKER;VEV_6000;XIRECS;0.0;5
89400;BOT_TAKER;SUBMISSION;HYDROGEL_PACK;XIRECS;10019.0;2
89600;BOT_MAKER;BOT_TAKER;VELVETFRUIT_EXTRACT;XIRECS;5282.0;4
89800;BOT_MAKER;BOT_TAKER;VELVETFRUIT_EXTRACT;XIRECS;5280.0;6
89900;BOT_MAKER;BOT_TAKER;HYDROGEL_PACK;XIRECS;9999.0;6
89900;BOT_TAKER;BOT_MAKER;VELVETFRUIT_EXTRACT;XIRECS;5285.0;5
90000;BOT_TAKER;BOT_MAKER;VELVETFRUIT_EXTRACT;XIRECS;5285.0;5
90000;BOT_MAKER;BOT_TAKER;VEV_5400;XIRECS;11.0;2
90000;BOT_MAKER;BOT_TAKER;VEV_5500;XIRECS;6.0;3
90100;BOT_MAKER;BOT_TAKER;HYDROGEL_PACK;XIRECS;9996.0;6
90200;BOT_MAKER;BOT_TAKER;VEV_4000;XIRECS;1305.0;3
90200;BOT_TAKER;BOT_MAKER;VEV_5400;XIRECS;12.0;2
90200;BOT;SUBMISSION;ASH_COATED_OSMIUM;XIRECS;9998.0;10
90200;SUBMISSION;BOT_TAKER;VELVETFRUIT_EXTRACT;XIRECS;5280.0;5
90200;BOT_MAKER;BOT_TAKER;VELVETFRUIT_EXTRACT;XIRECS;5279.0;1
90300;BOT_TAKER;BOT_MAKER;VELVETFRUIT_EXTRACT;XIRECS;5284.0;5
90300;BOT_MAKER;BOT_TAKER;VELVETFRUIT_EXTRACT;XIRECS;5279.0;7
90300;SUBMISSION;BOT_TAKER;VEV_4000;XIRECS;1306.0;3
90400;BOT_MAKER;BOT_TAKER;VEV_4000;XIRECS;1305.0;2
90500;BOT_MAKER;BOT_TAKER;VELVETFRUIT_EXTRACT;XIRECS;5280.0;5
90500;BOT_TAKER;BOT_MAKER;VEV_4000;XIRECS;1326.0;1
90600;BOT_MAKER;BOT_TAKER;VEV_5300;XIRECS;44.0;2
90800;BOT_MAKER;BOT_TAKER;HYDROGEL_PACK;XIRECS;9996.0;6
90800;BOT_TAKER;SUBMISSION;VELVETFRUIT_EXTRACT;XIRECS;5284.0;5
90800;BOT_TAKER;BOT_MAKER;VELVETFRUIT_EXTRACT;XIRECS;5285.0;3
90900;BOT_TAKER;BOT_MAKER;HYDROGEL_PACK;XIRECS;10011.0;2
90900;BOT_MAKER;BOT_TAKER;VELVETFRUIT_EXTRACT;XIRECS;5280.0;7
91000;BOT_TAKER;BOT_MAKER;HYDROGEL_PACK;XIRECS;10014.0;3
91000;BOT_MAKER;BOT_TAKER;VELVETFRUIT_EXTRACT;XIRECS;5280.0;4
91000;BOT_TAKER;SUBMISSION;VELVETFRUIT_EXTRACT;XIRECS;5283.0;5
91100;BOT_MAKER;BOT_TAKER;VEV_6500;XIRECS;0.0;4
91200;BOT_TAKER;BOT_MAKER;VEV_5400;XIRECS;11.0;3
91200;BOT_TAKER;BOT_MAKER;VEV_6000;XIRECS;1.0;5
91200;BOT_TAKER;BOT_MAKER;VEV_6500;XIRECS;1.0;5
91300;BOT_MAKER;BOT_TAKER;ASH_COATED_OSMIUM;XIRECS;9986.0;4
91300;BOT_TAKER;BOT_MAKER;VEV_4000;XIRECS;1327.0;1
91300;BOT_MAKER;BOT_TAKER;VEV_6000;XIRECS;0.0;2
91400;BOT_MAKER;BOT_TAKER;HYDROGEL_PACK;XIRECS;10003.0;5
91400;BOT_TAKER;BOT_MAKER;VELVETFRUIT_EXTRACT;XIRECS;5283.0;6
91400;BOT_TAKER;BOT_MAKER;VEV_4000;XIRECS;1328.0;2
91400;BOT_MAKER;BOT_TAKER;VEV_5300;XIRECS;45.0;2
91600;BOT_TAKER;BOT_MAKER;VEV_6000;XIRECS;1.0;4
91700;BOT_MAKER;BOT_TAKER;ASH_COATED_OSMIUM;XIRECS;9988.0;8
91700;BOT_TAKER;BOT_MAKER;HYDROGEL_PACK;XIRECS;10019.0;2
91700;BOT_TAKER;BOT_MAKER;VELVETFRUIT_EXTRACT;XIRECS;5286.0;8
91700;BOT_TAKER;BOT_MAKER;VEV_5300;XIRECS;46.0;5
91800;SUBMISSION;BOT_TAKER;ASH_COATED_OSMIUM;XIRECS;9989.0;6
91800;BOT_TAKER;SUBMISSION;HYDROGEL_PACK;XIRECS;10019.0;5
91900;BOT_MAKER;BOT_TAKER;ASH_COATED_OSMIUM;XIRECS;9988.0;3
91900;BOT_TAKER;BOT_MAKER;HYDROGEL_PACK;XIRECS;10020.0;4
91900;BOT_TAKER;BOT_MAKER;VELVETFRUIT_EXTRACT;XIRECS;5286.0;6
91900;BOT_MAKER;BOT_TAKER;VEV_4000;XIRECS;1306.0;3
92000;BOT_MAKER;BOT_TAKER;HYDROGEL_PACK;XIRECS;10005.0;2
92100;BOT_MAKER;BOT_TAKER;VELVETFRUIT_EXTRACT;XIRECS;5279.0;4
92100;BOT_TAKER;BOT_MAKER;VEV_6000;XIRECS;1.0;2
92200;BOT_TAKER;SUBMISSION;ASH_COATED_OSMIUM;XIRECS;10003.0;6
92300;BOT_TAKER;BOT_MAKER;ASH_COATED_OSMIUM;XIRECS;10007.0;5
92300;BOT_TAKER;BOT_MAKER;INTARIAN_PEPPER_ROOT;XIRECS;13199.0;5
92300;BOT_MAKER;BOT_TAKER;VELVETFRUIT_EXTRACT;XIRECS;5275.0;10
92300;BOT_MAKER;BOT_TAKER;VEV_6000;XIRECS;0.0;4
92300;SUBMISSION;BOT_TAKER;HYDROGEL_PACK;XIRECS;10005.0;5
92300;BOT_MAKER;BOT_TAKER;HYDROGEL_PACK;XIRECS;10004.0;1
92400;BOT_TAKER;BOT_MAKER;VEV_4000;XIRECS;1325.0;2
92400;BOT_TAKER;BOT_MAKER;VEV_6500;XIRECS;1.0;4
92500;BOT_MAKER;BOT_TAKER;VEV_4000;XIRECS;1304.0;3
92500;BOT_TAKER;SUBMISSION;HYDROGEL_PACK;XIRECS;10020.0;5
92500;BOT_TAKER;BOT_MAKER;HYDROGEL_PACK;XIRECS;10021.0;1
92500;BOT_TAKER;SUBMISSION;VEV_4000;XIRECS;1325.0;3
92600;BOT_TAKER;BOT_MAKER;VELVETFRUIT_EXTRACT;XIRECS;5281.0;3
92600;BOT_MAKER;BOT_TAKER;VEV_5300;XIRECS;44.0;2
92700;BOT_MAKER;BOT_TAKER;VELVETFRUIT_EXTRACT;XIRECS;5275.0;7
92800;BOT_MAKER;BOT_TAKER;HYDROGEL_PACK;XIRECS;10005.0;5
92800;BOT_TAKER;BOT_MAKER;VEV_4000;XIRECS;1322.0;1
92800;BOT_MAKER;BOT_TAKER;VEV_5500;XIRECS;6.0;5
92800;BOT_TAKER;BOT_MAKER;VEV_6500;XIRECS;1.0;4
92900;BOT_MAKER;BOT_TAKER;VEV_4000;XIRECS;1299.0;3
92900;BOT_MAKER;BOT_TAKER;VEV_5500;XIRECS;6.0;2
93100;BOT_MAKER;BOT_TAKER;VELVETFRUIT_EXTRACT;XIRECS;5278.0;8
93200;BOT_TAKER;BOT_MAKER;HYDROGEL_PACK;XIRECS;10026.0;6
93200;BOT_MAKER;BOT_TAKER;VEV_6500;XIRECS;0.0;5
93300;BOT_TAKER;BOT_MAKER;HYDROGEL_PACK;XIRECS;10025.0;6
93600;BOT_MAKER;BOT_TAKER;VELVETFRUIT_EXTRACT;XIRECS;5276.0;6
93600;BOT_TAKER;BOT_MAKER;VEV_4000;XIRECS;1324.0;2
93600;BOT_TAKER;BOT_MAKER;VEV_6500;XIRECS;1.0;2
93600;BOT_TAKER;SUBMISSION;VELVETFRUIT_EXTRACT;XIRECS;5281.0;5
93700;BOT_MAKER;BOT_TAKER;VELVETFRUIT_EXTRACT;XIRECS;5277.0;5
93700;SUBMISSION;BOT_TAKER;VELVETFRUIT_EXTRACT;XIRECS;5278.0;5
93700;BOT_MAKER;BOT_TAKER;VELVETFRUIT_EXTRACT;XIRECS;5277.0;2
93800;BOT_TAKER;BOT_MAKER;HYDROGEL_PACK;XIRECS;10028.0;6
93900;BOT_TAKER;BOT_MAKER;ASH_COATED_OSMIUM;XIRECS;10007.0;6
93900;BOT_MAKER;BOT_TAKER;HYDROGEL_PACK;XIRECS;10014.0;5
93900;SUBMISSION;BOT_TAKER;HYDROGEL_PACK;XIRECS;10015.0;5
94000;BOT_MAKER;BOT_TAKER;HYDROGEL_PACK;XIRECS;10016.0;3
94100;BOT_MAKER;BOT_TAKER;VEV_5500;XIRECS;6.0;2
94100;SUBMISSION;BOT_TAKER;VELVETFRUIT_EXTRACT;XIRECS;5276.0;4
94200;BOT_MAKER;BOT_TAKER;VELVETFRUIT_EXTRACT;XIRECS;5276.0;4
94200;BOT_MAKER;BOT_TAKER;VEV_4000;XIRECS;1307.0;2
94200;BOT_TAKER;SUBMISSION;VELVETFRUIT_EXTRACT;XIRECS;5281.0;5
94300;BOT_TAKER;BOT_MAKER;VELVETFRUIT_EXTRACT;XIRECS;5280.0;4
94400;BOT_TAKER;BOT_MAKER;VELVETFRUIT_EXTRACT;XIRECS;5280.0;7
94500;BOT_TAKER;BOT_MAKER;VELVETFRUIT_EXTRACT;XIRECS;5280.0;5
94500;BOT_MAKER;BOT_TAKER;VEV_6000;XIRECS;0.0;3
94500;SUBMISSION;BOT_TAKER;VEV_4000;XIRECS;1304.0;3
94800;BOT_TAKER;BOT_MAKER;VELVETFRUIT_EXTRACT;XIRECS;5276.0;4
94800;BOT_TAKER;SUBMISSION;ASH_COATED_OSMIUM;XIRECS;10006.0;2
94900;BOT_TAKER;BOT_MAKER;VELVETFRUIT_EXTRACT;XIRECS;5275.0;9
94900;BOT_MAKER;BOT_TAKER;VEV_5500;XIRECS;7.0;4
95000;BOT_MAKER;BOT_TAKER;VEV_5300;XIRECS;43.0;2
95100;BOT_TAKER;BOT_MAKER;VEV_6000;XIRECS;1.0;5
95100;BOT_TAKER;SUBMISSION;VEV_4000;XIRECS;1321.0;1
95200;BOT_MAKER;BOT_TAKER;VEV_4000;XIRECS;1300.0;3
95300;BOT_MAKER;BOT_TAKER;VELVETFRUIT_EXTRACT;XIRECS;5270.0;6
95300;BOT_MAKER;BOT_TAKER;VEV_5400;XIRECS;9.0;4
95300;SUBMISSION;BOT;ASH_COATED_OSMIUM;XIRECS;9995.0;10
95500;BOT_TAKER;BOT_MAKER;VEV_6500;XIRECS;1.0;2
95600;BOT_TAKER;BOT_MAKER;VEV_6500;XIRECS;1.0;2
95700;BOT_MAKER;BOT_TAKER;HYDROGEL_PACK;XIRECS;10024.0;6
95700;BOT_MAKER;BOT_TAKER;VEV_4000;XIRECS;1303.0;3
95700;BOT_TAKER;SUBMISSION;ASH_COATED_OSMIUM;XIRECS;10004.0;4
95800;BOT_MAKER;BOT_TAKER;HYDROGEL_PACK;XIRECS;10029.0;5
96000;BOT_MAKER;BOT_TAKER;HYDROGEL_PACK;XIRECS;10034.0;3
96000;BOT_MAKER;BOT_TAKER;VEV_6000;XIRECS;0.0;2
96100;BOT_MAKER;BOT_TAKER;VEV_5400;XIRECS;9.0;5
96200;BOT_TAKER;BOT_MAKER;VEV_5300;XIRECS;45.0;3
96400;BOT_MAKER;BOT_TAKER;HYDROGEL_PACK;XIRECS;10031.0;4
96500;BOT_MAKER;BOT_TAKER;ASH_COATED_OSMIUM;XIRECS;9991.0;7
96500;BOT_TAKER;BOT_MAKER;HYDROGEL_PACK;XIRECS;10048.0;6
96500;BOT_TAKER;BOT_MAKER;VEV_5400;XIRECS;11.0;3
96500;BOT_TAKER;SUBMISSION;VEV_4000;XIRECS;1326.0;3
96600;BOT_TAKER;BOT_MAKER;VELVETFRUIT_EXTRACT;XIRECS;5271.0;5
96600;SUBMISSION;BOT;ASH_COATED_OSMIUM;XIRECS;9997.0;6
96700;BOT_MAKER;BOT_TAKER;VELVETFRUIT_EXTRACT;XIRECS;5267.0;4
96700;SUBMISSION;BOT_TAKER;VELVETFRUIT_EXTRACT;XIRECS;5268.0;5
96700;BOT_MAKER;BOT_TAKER;VELVETFRUIT_EXTRACT;XIRECS;5267.0;2
96800;BOT_TAKER;BOT_MAKER;VELVETFRUIT_EXTRACT;XIRECS;5272.0;6
96800;BOT_TAKER;BOT_MAKER;VEV_4000;XIRECS;1329.0;2
96800;BOT_MAKER;BOT_TAKER;VEV_6000;XIRECS;0.0;3
96800;BOT_TAKER;SUBMISSION;VELVETFRUIT_EXTRACT;XIRECS;5271.0;3
96900;BOT_MAKER;BOT_TAKER;VELVETFRUIT_EXTRACT;XIRECS;5267.0;8
96900;BOT_MAKER;BOT_TAKER;VEV_5300;XIRECS;44.0;4
97000;BOT_MAKER;BOT_TAKER;HYDROGEL_PACK;XIRECS;10032.0;4
97100;BOT_TAKER;BOT_MAKER;HYDROGEL_PACK;XIRECS;10049.0;3
97100;BOT_MAKER;BOT_TAKER;VELVETFRUIT_EXTRACT;XIRECS;5267.0;5
97100;SUBMISSION;BOT_TAKER;HYDROGEL_PACK;XIRECS;10034.0;2
97200;BOT_MAKER;BOT_TAKER;INTARIAN_PEPPER_ROOT;XIRECS;13187.0;5
97300;BOT_MAKER;BOT_TAKER;HYDROGEL_PACK;XIRECS;10036.0;6
97400;BOT_TAKER;BOT_MAKER;VEV_6500;XIRECS;1.0;4
97500;SUBMISSION;BOT_TAKER;VELVETFRUIT_EXTRACT;XIRECS;5267.0;4
97700;BOT_MAKER;BOT_TAKER;VEV_5400;XIRECS;9.0;4
97900;BOT_MAKER;BOT_TAKER;HYDROGEL_PACK;XIRECS;10036.0;3
97900;BOT;SUBMISSION;ASH_COATED_OSMIUM;XIRECS;10000.0;10
98100;BOT_MAKER;BOT_TAKER;HYDROGEL_PACK;XIRECS;10036.0;4
98100;BOT_MAKER;BOT_TAKER;VELVETFRUIT_EXTRACT;XIRECS;5264.0;9
98100;BOT_TAKER;SUBMISSION;VELVETFRUIT_EXTRACT;XIRECS;5269.0;4
98200;BOT_MAKER;BOT_TAKER;HYDROGEL_PACK;XIRECS;10038.0;3
98200;BOT_TAKER;BOT_MAKER;VEV_4000;XIRECS;1328.0;2
98200;BOT_TAKER;BOT_MAKER;VEV_6500;XIRECS;1.0;2
98300;BOT_MAKER;BOT_TAKER;VELVETFRUIT_EXTRACT;XIRECS;5264.0;8
98400;BOT_TAKER;BOT_MAKER;HYDROGEL_PACK;XIRECS;10053.0;3
98400;BOT_MAKER;BOT_TAKER;VELVETFRUIT_EXTRACT;XIRECS;5265.0;3
98600;BOT_TAKER;BOT_MAKER;HYDROGEL_PACK;XIRECS;10057.0;4
98600;BOT_TAKER;BOT_MAKER;VELVETFRUIT_EXTRACT;XIRECS;5268.0;6
98700;BOT_MAKER;BOT_TAKER;HYDROGEL_PACK;XIRECS;10045.0;5
98700;BOT_TAKER;BOT_MAKER;VEV_6500;XIRECS;1.0;2
98800;BOT_TAKER;BOT_MAKER;HYDROGEL_PACK;XIRECS;10061.0;6
98900;BOT_TAKER;BOT_MAKER;HYDROGEL_PACK;XIRECS;10062.0;5
99000;BOT_MAKER;BOT_TAKER;HYDROGEL_PACK;XIRECS;10047.0;2
99000;BOT_MAKER;BOT_TAKER;VELVETFRUIT_EXTRACT;XIRECS;5266.0;3
99000;SUBMISSION;BOT_TAKER;VELVETFRUIT_EXTRACT;XIRECS;5267.0;4
99100;BOT_MAKER;BOT_TAKER;HYDROGEL_PACK;XIRECS;10047.0;5
99100;BOT_TAKER;BOT_MAKER;HYDROGEL_PACK;XIRECS;10063.0;2
99100;SUBMISSION;BOT_TAKER;VEV_4000;XIRECS;1312.0;3
99200;BOT_TAKER;BOT_MAKER;VELVETFRUIT_EXTRACT;XIRECS;5271.0;3
99200;BOT_TAKER;BOT_MAKER;VEV_4000;XIRECS;1332.0;2
99300;BOT_TAKER;BOT_MAKER;HYDROGEL_PACK;XIRECS;10067.0;3
99400;BOT_TAKER;BOT_MAKER;ASH_COATED_OSMIUM;XIRECS;10007.0;5
99400;BOT_TAKER;BOT_MAKER;VELVETFRUIT_EXTRACT;XIRECS;5270.0;9
99400;BOT_TAKER;BOT_MAKER;VEV_4000;XIRECS;1331.0;2
99500;BOT_TAKER;BOT_MAKER;HYDROGEL_PACK;XIRECS;10064.0;5
99500;BOT_TAKER;BOT_MAKER;VELVETFRUIT_EXTRACT;XIRECS;5269.0;12
99500;BOT_TAKER;BOT_MAKER;VEV_5400;XIRECS;11.0;5
99600;BOT_TAKER;BOT_MAKER;VELVETFRUIT_EXTRACT;XIRECS;5271.0;4
99600;BOT_MAKER;BOT_TAKER;VEV_5500;XIRECS;7.0;5
99600;BOT_TAKER;BOT_MAKER;VEV_5500;XIRECS;8.0;2
99700;BOT_MAKER;BOT_TAKER;HYDROGEL_PACK;XIRECS;10049.0;6
99700;BOT_TAKER;BOT_MAKER;HYDROGEL_PACK;XIRECS;10065.0;4
99700;BOT_TAKER;BOT_MAKER;VELVETFRUIT_EXTRACT;XIRECS;5270.0;6
99700;BOT_MAKER;BOT_TAKER;VEV_5300;XIRECS;46.0;5
99700;BOT_MAKER;BOT_TAKER;VEV_6000;XIRECS;0.0;5
99800;BOT_MAKER;BOT_TAKER;VELVETFRUIT_EXTRACT;XIRECS;5266.0;8
99800;BOT_MAKER;BOT_TAKER;VEV_4000;XIRECS;1306.0;1
99800;BOT_MAKER;BOT_TAKER;VEV_6500;XIRECS;0.0;5
99800;SUBMISSION;BOT_TAKER;VELVETFRUIT_EXTRACT;XIRECS;5267.0;5
99800;BOT_MAKER;BOT_TAKER;VELVETFRUIT_EXTRACT;XIRECS;5266.0;3
99900;BOT_MAKER;BOT_TAKER;VELVETFRUIT_EXTRACT;XIRECS;5267.0;5
