day;timestamp;product;bid_price_1;bid_volume_1;bid_price_2;bid_volume_2;bid_price_3;bid_volume_3;ask_price_1;ask_volume_1;ask_price_2;ask_volume_2;ask_price_3;ask_volume_3;mid_price;profit_and_loss
-1;0;HYDROGEL_PACK;9971;11;9969;22;;;9987;11;9990;22;;;9979.0;0.0
-1;0;VELVETFRUIT_EXTRACT;5259;46;5259;41;;;5265;36;;;;;5262.0;0.0
-1;0;VEV_4000;1252;10;1249;26;;;1273;10;1276;26;;;1262.5;0.0
-1;0;VEV_4500;;;;;;;770;6;772;21;;;770.0;0.0
-1;0;VEV_5000;262;20;;;;;269;6;270;12;;;265.5;0.0
-1;0;VEV_5100;173;8;172;33;;;177;27;178;25;;;175.0;0.0
-1;0;VEV_5200;99;23;;;;;102;22;103;17;;;100.5;0.0
-1;0;VEV_5300;49;21;;;;;;;;;;;49.0;0.0
-1;0;VEV_5400;15;16;;;;;17;19;;;;;16.0;0.0
-1;0;VEV_5500;6;18;;;;;7;25;;;;;6.5;0.0
-1;0;VEV_6000;0;20;;;;;1;20;;;;;0.5;0.0
-1;0;VEV_6500;0;17;;;;;1;17;;;;;0.5;0.0
-1;100;HYDROGEL_PACK;9971;11;9969;20;;;9987;11;9990;20;;;9979.0;0.0
-1;100;VELVETFRUIT_EXTRACT;5259;22;;;;;5265;32;5265;52;;;5262.0;0.0
-1;100;VEV_4000;1252;7;1249;21;;;1273;7;1275;21;;;1262.5;0.0
-1;100;VEV_4500;751;8;750;22;;;768;7;770;22;;;759.5;0.0
-1;100;VEV_5000;263;22;;;;;270;11;271;16;;;266.5;0.0
-1;100;VEV_5100;;;;;;;177;26;;;;;177.0;0.0
-1;100;VEV_5200;101;9;100;26;;;104;35;;;;;102.5;0.0
-1;100;VEV_5300;48;25;;;;;50;4;;;;;49.0;0.0
-1;100;VEV_5400;15;28;;;;;17;23;;;;;16.0;0.0
-1;100;VEV_5500;6;21;;;;;7;18;;;;;6.5;0.0
-1;100;VEV_6000;0;24;;;;;1;24;;;;;0.5;0.0
-1;100;VEV_6500;0;18;;;;;1;18;;;;;0.5;0.0
-1;200;HYDROGEL_PACK;9971;10;9968;27;;;9987;10;9989;27;;;9979.0;0.0
-1;200;VELVETFRUIT_EXTRACT;5258;35;5258;40;;;5263;20;5264;51;;;5260.5;0.0
-1;200;VEV_4000;1250;7;1248;21;;;1272;7;1274;21;;;1261.0;0.0
-1;200;VEV_4500;752;6;750;12;;;768;6;770;12;;;760.0;0.0
-1;200;VEV_5000;263;14;;;;;270;25;271;22;;;266.5;0.0
-1;200;VEV_5100;173;10;172;13;;;177;11;;;;;175.0;0.0
-1;200;VEV_5200;100;21;;;;;103;12;;;;;101.5;0.0
-1;200;VEV_5300;47;16;;;;;50;20;;;;;48.5;0.0
-1;200;VEV_5400;15;24;;;;;17;22;;;;;16.0;0.0
-1;200;VEV_5500;6;13;;;;;7;18;;;;;6.5;0.0
-1;200;VEV_6000;0;28;;;;;1;28;;;;;0.5;0.0
-1;200;VEV_6500;0;17;;;;;1;17;;;;;0.5;0.0
-1;300;HYDROGEL_PACK;9968;10;9966;30;;;9984;10;9987;30;;;9976.0;0.0
-1;300;VELVETFRUIT_EXTRACT;5259;62;;;;;5264;17;5265;21;;;5261.5;0.0
-1;300;VEV_4000;1252;15;1249;30;;;1273;15;1276;30;;;1262.5;0.0
-1;300;VEV_4500;753;10;751;21;;;769;10;771;21;;;761.0;0.0
-1;300;VEV_5000;263;7;262;35;;;269;6;270;31;;;266.0;0.0
-1;300;VEV_5100;172;19;;;;;177;6;;;;;174.5;0.0
-1;300;VEV_5200;101;31;;;;;103;8;;;;;102.0;0.0
-1;300;VEV_5300;49;26;;;;;;;;;;;49.0;0.0
-1;300;VEV_5400;15;27;;;;;17;20;;;;;16.0;0.0
-1;300;VEV_5500;6;20;;;;;7;9;;;;;6.5;0.0
-1;300;VEV_6000;0;24;;;;;1;24;;;;;0.5;0.0
-1;300;VEV_6500;0;11;;;;;1;11;;;;;0.5;0.0
-1;400;HYDROGEL_PACK;9968;14;9966;29;;;9984;14;9987;29;;;9976.0;0.0
-1;400;VELVETFRUIT_EXTRACT;5260;16;;;;;5266;32;;;;;5263.0;0.0
-1;400;VEV_4000;1250;15;1248;15;;;1272;15;1274;15;;;1261.0;0.0
-1;400;VEV_4500;753;12;751;13;;;769;12;771;13;;;761.0;0.0
-1;400;VEV_5000;263;20;262;16;;;269;7;270;19;;;266.0;0.0
-1;400;VEV_5100;173;12;172;24;;;178;26;;;;;175.5;0.0
-1;400;VEV_5200;101;16;;;;;104;29;105;22;;;102.5;0.0
-1;400;VEV_5300;50;8;;;;;52;22;;;;;51.0;0.0
-1;400;VEV_5400;15;22;;;;;17;19;;;;;16.0;0.0
-1;400;VEV_5500;6;19;;;;;7;18;;;;;6.5;0.0
-1;400;VEV_6000;0;19;;;;;1;19;;;;;0.5;0.0
-1;400;VEV_6500;0;16;;;;;1;16;;;;;0.5;0.0
-1;500;HYDROGEL_PACK;9967;15;9964;30;;;9983;15;9985;30;;;9975.0;0.0
-1;500;VELVETFRUIT_EXTRACT;5262;15;5261;47;;;5267;67;;;;;5264.5;0.0
-1;500;VEV_4000;1251;10;1248;16;;;1272;10;1274;16;;;1261.5;0.0
-1;500;VEV_4500;753;6;;;;;769;6;771;22;;;761.0;0.0
-1;500;VEV_5000;264;9;263;24;;;270;6;271;16;;;267.0;0.0
-1;500;VEV_5100;174;24;173;21;;;;;;;;;174.0;0.0
-1;500;VEV_5200;;;;;;;104;7;105;33;;;104.0;0.0
-1;500;VEV_5300;50;16;;;;;52;20;52;24;;;51.0;0.0
-1;500;VEV_5400;15;6;;;;;16;25;;;;;15.5;0.0
-1;500;VEV_5500;6;28;;;;;7;18;;;;;6.5;0.0
-1;500;VEV_6000;0;28;;;;;1;28;;;;;0.5;0.0
-1;500;VEV_6500;0;14;;;;;1;14;;;;;0.5;0.0
-1;600;HYDROGEL_PACK;9969;11;9967;30;;;9985;11;9988;30;;;9977.0;0.0
-1;600;VELVETFRUIT_EXTRACT;5261;72;;;;;5266;23;5267;41;;;5263.5;0.0
-1;600;VEV_4000;1251;10;1249;17;;;1272;10;1275;17;;;1261.5;0.0
-1;600;VEV_4500;755;8;753;22;;;772;6;773;22;;;763.5;0.0
-1;600;VEV_5000;263;20;;;;;270;7;271;19;;;266.5;0.0
-1;600;VEV_5100;174;18;;;;;;;;;;;174.0;0.0
-1;600;VEV_5200;102;30;101;21;;;104;31;105;19;;;103.0;0.0
-1;600;VEV_5300;;;;;;;52;20;;;;;52.0;0.0
-1;600;VEV_5400;15;21;14;19;;;;;;;;;15.0;0.0
-1;600;VEV_5500;6;22;;;;;7;18;;;;;6.5;0.0
-1;600;VEV_6000;0;28;;;;;1;28;;;;;0.5;0.0
-1;600;VEV_6500;0;15;;;;;1;15;;;;;0.5;0.0
-1;700;HYDROGEL_PACK;9969;10;9966;28;;;9985;10;9987;28;;;9977.0;0.0
-1;700;VELVETFRUIT_EXTRACT;5261;16;5260;37;5260;33;5266;52;;;;;5263.5;0.0
-1;700;VEV_4000;1252;11;1249;25;;;1273;11;1275;25;;;1262.5;0.0
-1;700;VEV_4500;;;;;;;771;8;773;21;;;771.0;0.0
-1;700;VEV_5000;263;8;262;26;;;269;7;;;;;266.0;0.0
-1;700;VEV_5100;;;;;;;179;9;;;;;179.0;0.0
-1;700;VEV_5200;102;11;101;17;;;105;20;;;;;103.5;0.0
-1;700;VEV_5300;50;28;;;;;52;22;;;;;51.0;0.0
-1;700;VEV_5400;14;27;;;;;;;;;;;14.0;0.0
-1;700;VEV_5500;6;25;;;;;7;26;;;;;6.5;0.0
-1;700;VEV_6000;0;19;;;;;1;19;;;;;0.5;0.0
-1;700;VEV_6500;0;18;;;;;1;18;;;;;0.5;0.0
-1;800;HYDROGEL_PACK;9968;11;9966;20;;;9984;11;9987;20;;;9976.0;0.0
-1;800;VELVETFRUIT_EXTRACT;5261;19;5260;22;;;5266;62;;;;;5263.5;0.0
-1;800;VEV_4000;1252;11;1250;28;;;1274;11;1276;28;;;1263.0;0.0
-1;800;VEV_4500;752;12;751;16;750;22;768;12;770;22;;;760.0;0.0
-1;800;VEV_5000;263;13;;;;;;;;;;;263.0;0.0
-1;800;VEV_5100;175;12;174;31;;;180;23;;;;;177.5;0.0
-1;800;VEV_5200;103;9;102;23;;;106;24;;;;;104.5;0.0
-1;800;VEV_5300;;;;;;;51;15;;;;;51.0;0.0
-1;800;VEV_5400;;;;;;;;;;;;;0.0;0.0
-1;800;VEV_5500;6;23;;;;;7;26;;;;;6.5;0.0
-1;800;VEV_6000;0;21;;;;;1;21;;;;;0.5;0.0
-1;800;VEV_6500;0;14;;;;;1;14;;;;;0.5;0.0
-1;900;HYDROGEL_PACK;9965;10;9963;23;;;9981;10;9984;23;;;9973.0;0.0
-1;900;VELVETFRUIT_EXTRACT;5260;62;;;;;5265;23;5266;56;;;5262.5;0.0
-1;900;VEV_4000;1252;10;1249;29;;;1273;10;1276;29;;;1262.5;0.0
-1;900;VEV_4500;752;6;750;15;;;770;15;;;;;761.0;0.0
-1;900;VEV_5000;266;11;265;20;;;272;22;;;;;269.0;0.0
-1;900;VEV_5100;175;25;174;18;;;180;12;;;;;177.5;0.0
-1;900;VEV_5200;103;22;102;16;;;105;9;106;20;;;104.0;0.0
-1;900;VEV_5300;49;5;;;;;51;20;;;;;50.0;0.0
-1;900;VEV_5400;15;29;15;10;;;17;15;;;;;16.0;0.0
-1;900;VEV_5500;6;29;;;;;7;30;;;;;6.5;0.0
-1;900;VEV_6000;0;20;;;;;1;20;;;;;0.5;0.0
-1;900;VEV_6500;0;16;;;;;1;16;;;;;0.5;0.0
-1;1000;HYDROGEL_PACK;9967;13;9964;30;;;9983;13;9985;30;;;9975.0;0.0
-1;1000;VELVETFRUIT_EXTRACT;5259;31;;;;;5265;43;;;;;5262.0;0.0
-1;1000;VEV_4000;1253;14;1250;24;;;1274;14;1277;24;;;1263.5;0.0
-1;1000;VEV_4500;752;9;751;8;750;22;768;9;770;22;;;760.0;0.0
-1;1000;VEV_5000;266;6;265;12;;;272;30;;;;;269.0;0.0
-1;1000;VEV_5100;175;30;174;23;;;179;10;180;24;;;177.0;0.0
-1;1000;VEV_5200;103;22;102;19;;;105;10;106;24;;;104.0;0.0
-1;1000;VEV_5300;48;25;;;;;50;21;51;11;;;49.0;0.0
-1;1000;VEV_5400;16;26;;;;;17;19;;;;;16.5;0.0
-1;1000;VEV_5500;6;30;;;;;7;22;;;;;6.5;0.0
-1;1000;VEV_6000;0;23;;;;;1;23;;;;;0.5;0.0
-1;1000;VEV_6500;0;21;;;;;1;21;;;;;0.5;0.0
-1;1100;HYDROGEL_PACK;9965;14;9962;22;;;9981;14;9983;22;;;9973.0;0.0
-1;1100;VELVETFRUIT_EXTRACT;5258;38;5258;65;;;5264;52;;;;;5261.0;0.0
-1;1100;VEV_4000;1254;14;1251;18;;;1275;14;1278;18;;;1264.5;0.0
-1;1100;VEV_4500;754;12;752;13;;;770;12;772;13;;;762.0;0.0
-1;1100;VEV_5000;265;10;264;27;;;271;12;272;18;;;268.0;0.0
-1;1100;VEV_5100;174;27;173;23;;;179;13;;;;;176.5;0.0
-1;1100;VEV_5200;101;22;;;;;105;13;;;;;103.0;0.0
-1;1100;VEV_5300;48;22;;;;;50;24;;;;;49.0;0.0
-1;1100;VEV_5400;15;22;;;;;17;19;;;;;16.0;0.0
-1;1100;VEV_5500;6;23;;;;;7;22;;;;;6.5;0.0
-1;1100;VEV_6000;0;26;;;;;1;26;;;;;0.5;0.0
-1;1100;VEV_6500;0;12;;;;;1;12;;;;;0.5;0.0
-1;1200;HYDROGEL_PACK;9965;11;9963;20;;;9981;11;9984;20;;;9973.0;0.0
-1;1200;VELVETFRUIT_EXTRACT;5260;19;5259;56;;;5265;32;;;;;5262.5;0.0
-1;1200;VEV_4000;1255;11;1252;19;;;1276;11;1278;19;;;1265.5;0.0
-1;1200;VEV_4500;754;8;752;17;;;770;8;771;20;772;17;762.0;0.0
-1;1200;VEV_5000;266;12;265;12;;;272;6;273;19;;;269.0;0.0
-1;1200;VEV_5100;173;32;172;24;;;177;9;178;25;;;175.0;0.0
-1;1200;VEV_5200;101;22;;;;;;;;;;;101.0;0.0
-1;1200;VEV_5300;48;17;;;;;50;26;;;;;49.0;0.0
-1;1200;VEV_5400;15;28;;;;;17;17;;;;;16.0;0.0
-1;1200;VEV_5500;6;15;;;;;7;24;;;;;6.5;0.0
-1;1200;VEV_6000;0;26;;;;;1;26;;;;;0.5;0.0
-1;1200;VEV_6500;0;11;;;;;1;11;;;;;0.5;0.0
-1;1300;HYDROGEL_PACK;9964;10;9961;22;;;9980;10;9982;22;;;9972.0;0.0
-1;1300;VELVETFRUIT_EXTRACT;5259;17;5258;58;;;5264;53;;;;;5261.5;0.0
-1;1300;VEV_4000;1256;7;1254;30;;;1278;7;1280;30;;;1267.0;0.0
-1;1300;VEV_4500;754;7;752;24;;;770;7;772;24;;;762.0;0.0
-1;1300;VEV_5000;265;32;;;;;271;22;272;19;;;268.0;0.0
-1;1300;VEV_5100;174;26;173;18;;;178;12;179;19;;;176.0;0.0
-1;1300;VEV_5200;102;8;101;25;;;105;17;;;;;103.5;0.0
-1;1300;VEV_5300;48;29;47;18;;;50;26;51;18;;;49.0;0.0
-1;1300;VEV_5400;15;24;;;;;16;22;17;19;;;15.5;0.0
-1;1300;VEV_5500;6;24;;;;;7;27;;;;;6.5;0.0
-1;1300;VEV_6000;0;25;;;;;1;25;;;;;0.5;0.0
-1;1300;VEV_6500;0;14;;;;;1;14;;;;;0.5;0.0
-1;1400;HYDROGEL_PACK;9964;14;9961;30;;;9980;14;9982;30;;;9972.0;0.0
-1;1400;VELVETFRUIT_EXTRACT;5259;53;;;;;5265;53;;;;;5262.0;0.0
-1;1400;VEV_4000;1255;10;1253;17;;;1276;10;1279;17;;;1265.5;0.0
-1;1400;VEV_4500;750;24;;;;;768;9;770;24;;;759.0;0.0
-1;1400;VEV_5000;264;10;263;31;;;271;22;;;;;267.5;0.0
-1;1400;VEV_5100;176;35;175;24;;;180;23;181;23;;;178.0;0.0
-1;1400;VEV_5200;103;2;;;;;106;12;;;;;104.5;0.0
-1;1400;VEV_5300;47;29;;;;;50;26;;;;;48.5;0.0
-1;1400;VEV_5400;;;;;;;;;;;;;0.0;0.0
-1;1400;VEV_5500;6;23;;;;;7;24;;;;;6.5;0.0
-1;1400;VEV_6000;0;20;;;;;1;20;;;;;0.5;0.0
-1;1400;VEV_6500;0;13;;;;;1;13;;;;;0.5;0.0
-1;1500;HYDROGEL_PACK;9966;12;9964;23;;;9982;12;9985;23;;;9974.0;0.0
-1;1500;VELVETFRUIT_EXTRACT;5260;69;;;;;5266;60;;;;;5263.0;0.0
-1;1500;VEV_4000;1255;12;1253;16;;;1277;12;1279;16;;;1266.0;0.0
-1;1500;VEV_4500;753;7;751;14;;;769;7;;;;;761.0;0.0
-1;1500;VEV_5000;261;30;;;;;268;34;;;;;264.5;0.0
-1;1500;VEV_5100;175;9;;;;;179;8;180;14;;;177.0;0.0
-1;1500;VEV_5200;101;26;;;;;105;35;;;;;103.0;0.0
-1;1500;VEV_5300;48;23;;;;;50;28;;;;;49.0;0.0
-1;1500;VEV_5400;15;17;;;;;16;21;;;;;15.5;0.0
-1;1500;VEV_5500;6;19;;;;;7;20;;;;;6.5;0.0
-1;1500;VEV_6000;0;24;;;;;1;24;;;;;0.5;0.0
-1;1500;VEV_6500;0;15;;;;;1;15;;;;;0.5;0.0
-1;1600;HYDROGEL_PACK;9967;12;9965;25;;;9983;12;9986;25;;;9975.0;0.0
-1;1600;VELVETFRUIT_EXTRACT;5261;66;;;;;5267;67;;;;;5264.0;0.0
-1;1600;VEV_4000;1255;15;1253;23;;;1277;15;1279;23;;;1266.0;0.0
-1;1600;VEV_4500;752;8;750;16;;;768;8;770;16;;;760.0;0.0
-1;1600;VEV_5000;262;14;;;;;269;12;;;;;265.5;0.0
-1;1600;VEV_5100;175;21;174;22;;;179;12;;;;;177.0;0.0
-1;1600;VEV_5200;102;9;101;33;;;105;31;;;;;103.5;0.0
-1;1600;VEV_5300;48;19;47;19;;;50;25;51;12;;;49.0;0.0
-1;1600;VEV_5400;15;17;;;;;16;23;17;28;;;15.5;0.0
-1;1600;VEV_5500;6;25;;;;;7;23;;;;;6.5;0.0
-1;1600;VEV_6000;0;21;;;;;1;21;;;;;0.5;0.0
-1;1600;VEV_6500;0;14;;;;;1;14;;;;;0.5;0.0
-1;1700;HYDROGEL_PACK;9965;13;9963;25;;;9981;13;9984;25;;;9973.0;0.0
-1;1700;VELVETFRUIT_EXTRACT;5262;17;5261;54;;;5266;17;5267;34;;;5264.0;0.0
-1;1700;VEV_4000;1254;13;1252;24;;;1276;13;1278;24;;;1265.0;0.0
-1;1700;VEV_4500;754;8;752;21;;;770;8;772;21;;;762.0;0.0
-1;1700;VEV_5000;261;18;;;;;268;6;269;21;;;264.5;0.0
-1;1700;VEV_5100;175;31;174;13;;;179;8;;;;;177.0;0.0
-1;1700;VEV_5200;101;34;;;;;104;28;;;;;102.5;0.0
-1;1700;VEV_5300;48;21;;;;;50;24;;;;;49.0;0.0
-1;1700;VEV_5400;16;19;;;;;18;30;;;;;17.0;0.0
-1;1700;VEV_5500;6;28;;;;;7;18;;;;;6.5;0.0
-1;1700;VEV_6000;0;19;;;;;1;19;;;;;0.5;0.0
-1;1700;VEV_6500;0;17;;;;;1;17;;;;;0.5;0.0
-1;1800;HYDROGEL_PACK;9963;20;;;;;9982;15;9984;20;;;9972.5;0.0
-1;1800;VELVETFRUIT_EXTRACT;5261;35;5261;20;;;5266;20;5267;49;;;5263.5;0.0
-1;1800;VEV_4000;1255;12;1252;23;;;1276;12;1279;23;;;1265.5;0.0
-1;1800;VEV_4500;755;12;753;20;;;771;12;772;6;773;20;763.0;0.0
-1;1800;VEV_5000;261;10;260;12;;;267;6;268;23;;;264.0;0.0
-1;1800;VEV_5100;172;15;;;;;;;;;;;172.0;0.0
-1;1800;VEV_5200;101;12;100;18;;;104;25;;;;;102.5;0.0
-1;1800;VEV_5300;48;26;47;14;;;50;18;51;15;;;49.0;0.0
-1;1800;VEV_5400;15;22;;;;;16;22;17;20;;;15.5;0.0
-1;1800;VEV_5500;6;21;;;;;7;20;;;;;6.5;0.0
-1;1800;VEV_6000;0;25;;;;;1;25;;;;;0.5;0.0
-1;1800;VEV_6500;0;18;;;;;1;18;;;;;0.5;0.0
-1;1900;HYDROGEL_PACK;9965;12;9962;29;;;9981;12;9983;29;;;9973.0;0.0
-1;1900;VELVETFRUIT_EXTRACT;5260;58;;;;;5265;20;5266;51;;;5262.5;0.0
-1;1900;VEV_4000;1255;15;1252;25;;;1276;15;1279;25;;;1265.5;0.0
-1;1900;VEV_4500;755;7;753;14;;;771;7;773;14;;;763.0;0.0
-1;1900;VEV_5000;260;20;;;;;267;8;268;13;;;263.5;0.0
-1;1900;VEV_5100;172;23;;;;;177;7;;;;;174.5;0.0
-1;1900;VEV_5200;102;20;101;20;;;105;29;;;;;103.5;0.0
-1;1900;VEV_5300;49;26;;;;;51;27;;;;;50.0;0.0
-1;1900;VEV_5400;;;;;;;17;18;;;;;17.0;0.0
-1;1900;VEV_5500;6;23;;;;;7;18;;;;;6.5;0.0
-1;1900;VEV_6000;0;25;;;;;1;25;;;;;0.5;0.0
-1;1900;VEV_6500;0;16;;;;;1;16;;;;;0.5;0.0
-1;2000;HYDROGEL_PACK;9967;10;9964;20;;;9983;10;9985;20;;;9975.0;0.0
-1;2000;VELVETFRUIT_EXTRACT;5261;68;;;;;5267;59;;;;;5264.0;0.0
-1;2000;VEV_4000;1254;7;1251;27;;;1275;7;1277;27;;;1264.5;0.0
-1;2000;VEV_4500;754;6;752;21;;;770;6;772;21;;;762.0;0.0
-1;2000;VEV_5000;260;34;259;22;;;266;11;;;;;263.0;0.0
-1;2000;VEV_5100;174;10;173;17;;;178;6;179;13;;;176.0;0.0
-1;2000;VEV_5200;99;13;;;;;103;27;;;;;101.0;0.0
-1;2000;VEV_5300;49;20;;;;;51;19;;;;;50.0;0.0
-1;2000;VEV_5400;;;;;;;17;28;;;;;17.0;0.0
-1;2000;VEV_5500;6;22;;;;;7;27;;;;;6.5;0.0
-1;2000;VEV_6000;0;17;;;;;1;17;;;;;0.5;0.0
-1;2000;VEV_6500;0;13;;;;;1;13;;;;;0.5;0.0
-1;2100;HYDROGEL_PACK;9966;10;9964;22;;;9982;10;9984;22;;;9974.0;0.0
-1;2100;VELVETFRUIT_EXTRACT;5262;23;;;;;5268;39;;;;;5265.0;0.0
-1;2100;VEV_4000;1254;8;1252;28;;;1276;8;1278;28;;;1265.0;0.0
-1;2100;VEV_4500;755;10;753;15;;;771;10;773;15;;;763.0;0.0
-1;2100;VEV_5000;260;32;;;;;266;27;267;16;;;263.0;0.0
-1;2100;VEV_5100;174;11;173;13;;;;;;;;;174.0;0.0
-1;2100;VEV_5200;100;21;;;;;104;19;;;;;102.0;0.0
-1;2100;VEV_5300;49;23;48;22;;;51;24;;;;;50.0;0.0
-1;2100;VEV_5400;15;21;14;22;;;16;29;;;;;15.5;0.0
-1;2100;VEV_5500;6;23;;;;;7;22;;;;;6.5;0.0
-1;2100;VEV_6000;0;19;;;;;1;19;;;;;0.5;0.0
-1;2100;VEV_6500;0;15;;;;;1;15;;;;;0.5;0.0
-1;2200;HYDROGEL_PACK;9966;11;9963;28;;;9982;11;9984;28;;;9974.0;0.0
-1;2200;VELVETFRUIT_EXTRACT;5262;35;5261;36;;;5268;37;;;;;5265.0;0.0
-1;2200;VEV_4000;1254;8;1252;21;;;1275;8;1278;21;;;1264.5;0.0
-1;2200;VEV_4500;754;9;752;16;;;770;9;772;16;;;762.0;0.0
-1;2200;VEV_5000;261;29;260;25;;;268;17;;;;;264.5;0.0
-1;2200;VEV_5100;175;10;;;;;179;8;180;19;;;177.0;0.0
-1;2200;VEV_5200;99;24;;;;;102;9;103;25;;;100.5;0.0
-1;2200;VEV_5300;49;21;48;19;;;51;8;;;;;50.0;0.0
-1;2200;VEV_5400;14;25;;;;;;;;;;;14.0;0.0
-1;2200;VEV_5500;6;20;;;;;7;20;;;;;6.5;0.0
-1;2200;VEV_6000;0;22;;;;;1;22;;;;;0.5;0.0
-1;2200;VEV_6500;0;14;;;;;1;14;;;;;0.5;0.0
-1;2300;HYDROGEL_PACK;9966;12;9963;29;;;9982;12;9984;29;;;9974.0;0.0
-1;2300;VELVETFRUIT_EXTRACT;5262;15;5261;38;;;5267;40;;;;;5264.5;0.0
-1;2300;VEV_4000;1254;15;1251;25;;;1275;15;1278;25;;;1264.5;0.0
-1;2300;VEV_4500;753;15;;;;;771;9;773;15;;;762.0;0.0
-1;2300;VEV_5000;262;8;261;15;;;268;10;269;29;;;265.0;0.0
-1;2300;VEV_5100;174;8;;;;;;;;;;;174.0;0.0
-1;2300;VEV_5200;100;20;99;23;;;102;27;103;29;;;101.0;0.0
-1;2300;VEV_5300;49;26;;;;;51;24;;;;;50.0;0.0
-1;2300;VEV_5400;14;22;;;;;15;20;16;24;;;14.5;0.0
-1;2300;VEV_5500;6;25;;;;;7;26;;;;;6.5;0.0
-1;2300;VEV_6000;0;21;;;;;1;21;;;;;0.5;0.0
-1;2300;VEV_6500;0;13;;;;;1;13;;;;;0.5;0.0
-1;2400;HYDROGEL_PACK;9967;14;9965;23;;;9983;14;9986;23;;;9975.0;0.0
-1;2400;VELVETFRUIT_EXTRACT;5262;20;;;;;5267;17;5268;32;;;5264.5;0.0
-1;2400;VEV_4000;1254;11;1251;20;;;1275;11;1278;20;;;1264.5;0.0
-1;2400;VEV_4500;754;8;752;24;;;772;24;;;;;763.0;0.0
-1;2400;VEV_5000;262;16;;;;;269;28;270;22;;;265.5;0.0
-1;2400;VEV_5100;172;13;;;;;177;24;;;;;174.5;0.0
-1;2400;VEV_5200;;;;;;;;;;;;;0.0;0.0
-1;2400;VEV_5300;49;15;;;;;51;16;52;11;;;50.0;0.0
-1;2400;VEV_5400;14;15;14;19;;;16;22;;;;;15.0;0.0
-1;2400;VEV_5500;6;23;;;;;7;21;;;;;6.5;0.0
-1;2400;VEV_6000;0;23;;;;;1;23;;;;;0.5;0.0
-1;2400;VEV_6500;0;16;;;;;1;16;;;;;0.5;0.0
-1;2500;HYDROGEL_PACK;9969;11;9967;28;;;9985;11;9988;28;;;9977.0;0.0
-1;2500;VELVETFRUIT_EXTRACT;5261;68;;;;;5266;18;5267;43;;;5263.5;0.0
-1;2500;VEV_4000;1253;12;1251;20;;;1275;12;1277;20;;;1264.0;0.0
-1;2500;VEV_4500;754;9;753;6;752;21;772;21;;;;;763.0;0.0
-1;2500;VEV_5000;264;10;263;24;;;270;7;271;15;;;267.0;0.0
-1;2500;VEV_5100;;;;;;;178;6;179;12;;;178.0;0.0
-1;2500;VEV_5200;;;;;;;102;28;103;23;;;102.0;0.0
-1;2500;VEV_5300;49;20;;;;;51;25;;;;;50.0;0.0
-1;2500;VEV_5400;;;;;;;16;21;;;;;16.0;0.0
-1;2500;VEV_5500;6;25;;;;;7;25;;;;;6.5;0.0
-1;2500;VEV_6000;0;19;;;;;1;19;;;;;0.5;0.0
-1;2500;VEV_6500;0;17;;;;;1;17;;;;;0.5;0.0
-1;2600;HYDROGEL_PACK;9971;14;9969;27;;;9987;14;9990;27;;;9979.0;0.0
-1;2600;VELVETFRUIT_EXTRACT;5261;61;;;;;5266;15;5267;61;;;5263.5;0.0
-1;2600;VEV_4000;1252;12;1250;18;;;1273;12;1276;18;;;1262.5;0.0
-1;2600;VEV_4500;754;7;752;17;;;770;7;772;17;;;762.0;0.0
-1;2600;VEV_5000;263;19;;;;;270;8;271;14;;;266.5;0.0
-1;2600;VEV_5100;173;32;172;20;;;177;24;;;;;175.0;0.0
-1;2600;VEV_5200;100;28;;;;;103;10;104;13;;;101.5;0.0
-1;2600;VEV_5300;49;27;;;;;51;11;51;25;;;50.0;0.0
-1;2600;VEV_5400;14;23;14;9;;;16;21;;;;;15.0;0.0
-1;2600;VEV_5500;6;21;;;;;7;21;;;;;6.5;0.0
-1;2600;VEV_6000;0;20;;;;;1;20;;;;;0.5;0.0
-1;2600;VEV_6500;0;10;;;;;1;10;;;;;0.5;0.0
-1;2700;HYDROGEL_PACK;9969;11;9967;28;;;9985;11;9988;28;;;9977.0;0.0
-1;2700;VELVETFRUIT_EXTRACT;5261;24;;;;;5266;15;5267;63;;;5263.5;0.0
-1;2700;VEV_4000;1252;9;1249;18;;;1273;9;1275;18;;;1262.5;0.0
-1;2700;VEV_4500;754;8;752;16;;;770;8;772;16;;;762.0;0.0
-1;2700;VEV_5000;263;23;262;19;;;269;32;270;22;;;266.0;0.0
-1;2700;VEV_5100;172;30;;;;;177;8;178;22;;;174.5;0.0
-1;2700;VEV_5200;100;32;99;19;;;103;22;;;;;101.5;0.0
-1;2700;VEV_5300;48;28;;;;;50;22;;;;;49.0;0.0
-1;2700;VEV_5400;13;28;;;;;15;12;;;;;14.0;0.0
-1;2700;VEV_5500;6;23;;;;;7;22;;;;;6.5;0.0
-1;2700;VEV_6000;0;19;;;;;1;19;;;;;0.5;0.0
-1;2700;VEV_6500;0;11;;;;;1;11;;;;;0.5;0.0
-1;2800;HYDROGEL_PACK;9972;15;9970;26;;;9988;15;9991;26;;;9980.0;0.0
-1;2800;VELVETFRUIT_EXTRACT;5263;22;5262;41;5262;37;5268;63;;;;;5265.5;0.0
-1;2800;VEV_4000;1252;12;1250;21;;;1274;12;1276;21;;;1263.0;0.0
-1;2800;VEV_4500;755;10;753;15;;;773;15;;;;;764.0;0.0
-1;2800;VEV_5000;264;8;263;23;;;270;8;271;19;;;267.0;0.0
-1;2800;VEV_5100;174;33;;;;;178;7;179;22;;;176.0;0.0
-1;2800;VEV_5200;99;17;;;;;102;6;103;12;;;100.5;0.0
-1;2800;VEV_5300;48;24;;;;;50;25;51;20;;;49.0;0.0
-1;2800;VEV_5400;13;22;;;;;15;20;;;;;14.0;0.0
-1;2800;VEV_5500;6;17;;;;;7;20;;;;;6.5;0.0
-1;2800;VEV_6000;0;23;;;;;1;23;;;;;0.5;0.0
-1;2800;VEV_6500;0;13;;;;;1;13;;;;;0.5;0.0
-1;2900;HYDROGEL_PACK;9969;25;;;;;9988;14;9990;25;;;9978.5;0.0
-1;2900;VELVETFRUIT_EXTRACT;5263;66;;;;;5269;49;;;;;5266.0;0.0
-1;2900;VEV_4000;1251;12;1249;19;;;1273;12;1275;19;;;1262.0;0.0
-1;2900;VEV_4500;755;7;;;;;771;7;772;19;773;17;763.0;0.0
-1;2900;VEV_5000;264;8;;;;;270;29;;;;;267.0;0.0
-1;2900;VEV_5100;172;15;;;;;177;9;178;13;;;174.5;0.0
-1;2900;VEV_5200;99;20;98;15;;;102;23;;;;;100.5;0.0
-1;2900;VEV_5300;48;8;47;20;;;50;29;;;;;49.0;0.0
-1;2900;VEV_5400;13;18;;;;;;;;;;;13.0;0.0
-1;2900;VEV_5500;6;21;;;;;7;22;;;;;6.5;0.0
-1;2900;VEV_6000;0;16;;;;;1;16;;;;;0.5;0.0
-1;2900;VEV_6500;0;17;;;;;1;17;;;;;0.5;0.0
-1;3000;HYDROGEL_PACK;9973;11;9971;29;;;9989;11;9992;29;;;9981.0;0.0
-1;3000;VELVETFRUIT_EXTRACT;5263;68;5263;22;;;5268;22;5269;36;5269;55;5265.5;0.0
-1;3000;VEV_4000;1250;7;1247;21;;;1271;7;1273;21;;;1260.5;0.0
-1;3000;VEV_4500;755;12;754;11;753;15;771;12;774;15;;;763.0;0.0
-1;3000;VEV_5000;265;29;264;12;;;271;9;;;;;268.0;0.0
-1;3000;VEV_5100;175;21;174;19;;;179;6;180;21;;;177.0;0.0
-1;3000;VEV_5200;99;27;;;;;101;9;102;24;;;100.0;0.0
-1;3000;VEV_5300;47;27;;;;;49;24;50;15;;;48.0;0.0
-1;3000;VEV_5400;13;21;;;;;;;;;;;13.0;0.0
-1;3000;VEV_5500;6;27;;;;;7;25;;;;;6.5;0.0
-1;3000;VEV_6000;0;21;;;;;1;21;;;;;0.5;0.0
-1;3000;VEV_6500;0;12;;;;;1;12;;;;;0.5;0.0
-1;3100;HYDROGEL_PACK;9974;15;9971;28;;;9990;15;9992;28;;;9982.0;0.0
-1;3100;VELVETFRUIT_EXTRACT;5265;25;5264;70;;;5269;25;5270;61;5271;46;5267.0;0.0
-1;3100;VEV_4000;1250;8;1248;20;;;1272;8;1274;20;;;1261.0;0.0
-1;3100;VEV_4500;756;9;;;;;772;9;774;14;;;764.0;0.0
-1;3100;VEV_5000;265;9;264;15;;;;;;;;;265.0;0.0
-1;3100;VEV_5100;175;15;;;;;180;22;181;21;;;177.5;0.0
-1;3100;VEV_5200;98;22;;;;;102;23;;;;;100.0;0.0
-1;3100;VEV_5300;47;9;46;10;;;49;23;;;;;48.0;0.0
-1;3100;VEV_5400;;;;;;;15;21;;;;;15.0;0.0
-1;3100;VEV_5500;6;21;;;;;7;24;;;;;6.5;0.0
-1;3100;VEV_6000;0;24;;;;;1;24;;;;;0.5;0.0
-1;3100;VEV_6500;0;12;;;;;1;12;;;;;0.5;0.0
-1;3200;HYDROGEL_PACK;9974;15;9972;28;;;9990;15;9993;28;;;9982.0;0.0
-1;3200;VELVETFRUIT_EXTRACT;5265;21;5264;37;5264;40;5269;21;5270;64;;;5267.0;0.0
-1;3200;VEV_4000;1250;12;1247;17;;;1271;12;1274;17;;;1260.5;0.0
-1;3200;VEV_4500;755;11;753;16;;;773;16;;;;;764.0;0.0
-1;3200;VEV_5000;264;6;263;29;;;270;32;271;18;;;267.0;0.0
-1;3200;VEV_5100;175;31;;;;;179;27;180;12;;;177.0;0.0
-1;3200;VEV_5200;100;8;99;27;;;102;21;103;24;;;101.0;0.0
-1;3200;VEV_5300;;;;;;;49;22;;;;;49.0;0.0
-1;3200;VEV_5400;13;13;;;;;;;;;;;13.0;0.0
-1;3200;VEV_5500;6;25;;;;;7;18;;;;;6.5;0.0
-1;3200;VEV_6000;0;29;;;;;1;29;;;;;0.5;0.0
-1;3200;VEV_6500;0;14;;;;;1;14;;;;;0.5;0.0
-1;3300;HYDROGEL_PACK;9978;11;9976;21;;;9994;11;9997;21;;;9986.0;0.0
-1;3300;VELVETFRUIT_EXTRACT;5266;45;5266;16;;;5272;58;;;;;5269.0;0.0
-1;3300;VEV_4000;1252;11;1249;22;;;1273;11;1275;22;;;1262.5;0.0
-1;3300;VEV_4500;755;7;753;16;;;771;7;773;16;;;763.0;0.0
-1;3300;VEV_5000;266;8;265;23;;;272;9;273;17;;;269.0;0.0
-1;3300;VEV_5100;;;;;;;178;12;179;28;;;178.0;0.0
-1;3300;VEV_5200;99;21;;;;;103;12;;;;;101.0;0.0
-1;3300;VEV_5300;48;29;;;;;50;19;;;;;49.0;0.0
-1;3300;VEV_5400;;;;;;;14;26;15;30;;;14.0;0.0
-1;3300;VEV_5500;6;22;;;;;7;20;;;;;6.5;0.0
-1;3300;VEV_6000;0;27;;;;;1;27;;;;;0.5;0.0
-1;3300;VEV_6500;0;14;;;;;1;14;;;;;0.5;0.0
-1;3400;HYDROGEL_PACK;9977;10;9974;20;;;9993;10;9995;20;;;9985.0;0.0
-1;3400;VELVETFRUIT_EXTRACT;5266;19;5265;46;;;5271;37;;;;;5268.5;0.0
-1;3400;VEV_4000;1251;14;1249;15;;;1273;14;1275;15;;;1262.0;0.0
-1;3400;VEV_4500;755;8;753;14;;;771;8;773;14;;;763.0;0.0
-1;3400;VEV_5000;265;7;;;;;271;8;272;18;;;268.0;0.0
-1;3400;VEV_5100;173;25;172;23;;;178;21;;;;;175.5;0.0
-1;3400;VEV_5200;;;;;;;104;19;;;;;104.0;0.0
-1;3400;VEV_5300;48;20;47;22;;;;;;;;;48.0;0.0
-1;3400;VEV_5400;13;24;13;5;;;15;23;;;;;14.0;0.0
-1;3400;VEV_5500;6;23;;;;;7;25;;;;;6.5;0.0
-1;3400;VEV_6000;0;28;;;;;1;28;;;;;0.5;0.0
-1;3400;VEV_6500;0;16;;;;;1;16;;;;;0.5;0.0
-1;3500;HYDROGEL_PACK;9976;15;9973;27;;;9992;15;9994;27;;;9984.0;0.0
-1;3500;VELVETFRUIT_EXTRACT;5263;51;;;;;5269;40;;;;;5266.0;0.0
-1;3500;VEV_4000;1253;11;1251;23;;;1274;11;1277;23;;;1263.5;0.0
-1;3500;VEV_4500;755;6;753;22;;;771;6;773;22;;;763.0;0.0
-1;3500;VEV_5000;264;21;;;;;271;11;272;13;;;267.5;0.0
-1;3500;VEV_5100;173;9;;;;;177;11;178;25;;;175.0;0.0
-1;3500;VEV_5200;100;23;;;;;104;31;;;;;102.0;0.0
-1;3500;VEV_5300;48;6;;;;;50;24;;;;;49.0;0.0
-1;3500;VEV_5400;13;22;;;;;15;23;;;;;14.0;0.0
-1;3500;VEV_5500;6;18;;;;;7;23;;;;;6.5;0.0
-1;3500;VEV_6000;0;26;;;;;1;26;;;;;0.5;0.0
-1;3500;VEV_6500;0;19;;;;;1;19;;;;;0.5;0.0
-1;3600;HYDROGEL_PACK;9978;14;9976;28;;;9994;14;9997;28;;;9986.0;0.0
-1;3600;VELVETFRUIT_EXTRACT;5264;16;5263;42;;;5269;65;5270;37;;;5266.5;0.0
-1;3600;VEV_4000;1254;10;1251;20;;;1275;10;1277;20;;;1264.5;0.0
-1;3600;VEV_4500;755;8;753;23;;;771;8;773;23;;;763.0;0.0
-1;3600;VEV_5000;265;9;264;15;;;272;12;;;;;268.5;0.0
-1;3600;VEV_5100;;;;;;;178;9;179;23;;;178.0;0.0
-1;3600;VEV_5200;101;8;100;19;;;;;;;;;101.0;0.0
-1;3600;VEV_5300;49;16;;;;;51;20;;;;;50.0;0.0
-1;3600;VEV_5400;13;25;;;;;14;5;15;20;;;13.5;0.0
-1;3600;VEV_5500;6;17;;;;;7;19;;;;;6.5;0.0
-1;3600;VEV_6000;0;21;;;;;1;21;;;;;0.5;0.0
-1;3600;VEV_6500;0;17;;;;;1;17;;;;;0.5;0.0
-1;3700;HYDROGEL_PACK;9979;14;9977;22;;;9995;14;9998;22;;;9987.0;0.0
-1;3700;VELVETFRUIT_EXTRACT;5264;54;;;;;5270;49;;;;;5267.0;0.0
-1;3700;VEV_4000;1252;7;1250;15;;;1274;7;1276;15;;;1263.0;0.0
-1;3700;VEV_4500;755;10;753;20;;;771;10;774;20;;;763.0;0.0
-1;3700;VEV_5000;264;10;263;25;;;271;28;;;;;267.5;0.0
-1;3700;VEV_5100;175;6;174;15;;;179;10;;;;;177.0;0.0
-1;3700;VEV_5200;100;24;99;12;;;102;26;103;26;;;101.0;0.0
-1;3700;VEV_5300;49;20;;;;;51;25;;;;;50.0;0.0
-1;3700;VEV_5400;14;22;;;;;;;;;;;14.0;0.0
-1;3700;VEV_5500;6;26;;;;;7;25;;;;;6.5;0.0
-1;3700;VEV_6000;0;22;;;;;1;22;;;;;0.5;0.0
-1;3700;VEV_6500;0;15;;;;;1;15;;;;;0.5;0.0
-1;3800;HYDROGEL_PACK;9980;10;9978;24;;;9996;10;9999;24;;;9988.0;0.0
-1;3800;VELVETFRUIT_EXTRACT;5264;15;5263;65;;;5269;64;;;;;5266.5;0.0
-1;3800;VEV_4000;1253;15;1251;28;;;1274;15;1277;28;;;1263.5;0.0
-1;3800;VEV_4500;757;10;756;6;755;14;773;10;775;14;;;765.0;0.0
-1;3800;VEV_5000;264;31;263;19;;;270;26;271;14;;;267.0;0.0
-1;3800;VEV_5100;174;23;;;;;179;35;;;;;176.5;0.0
-1;3800;VEV_5200;100;24;99;32;;;102;6;;;;;101.0;0.0
-1;3800;VEV_5300;49;23;;;;;51;5;;;;;50.0;0.0
-1;3800;VEV_5400;13;18;;;;;15;24;;;;;14.0;0.0
-1;3800;VEV_5500;6;30;;;;;7;26;;;;;6.5;0.0
-1;3800;VEV_6000;0;23;;;;;1;23;;;;;0.5;0.0
-1;3800;VEV_6500;0;17;;;;;1;17;;;;;0.5;0.0
-1;3900;HYDROGEL_PACK;9978;15;9975;26;;;9994;15;9996;26;;;9986.0;0.0
-1;3900;VELVETFRUIT_EXTRACT;5262;35;;;;;5268;39;5268;49;;;5265.0;0.0
-1;3900;VEV_4000;1254;10;1252;30;;;1275;10;1278;30;;;1264.5;0.0
-1;3900;VEV_4500;755;12;;;;;771;12;773;17;;;763.0;0.0
-1;3900;VEV_5000;264;8;263;23;;;270;7;;;;;267.0;0.0
-1;3900;VEV_5100;173;16;;;;;178;8;179;20;;;175.5;0.0
-1;3900;VEV_5200;101;24;;;;;103;23;104;13;;;102.0;0.0
-1;3900;VEV_5300;49;25;;;;;;;;;;;49.0;0.0
-1;3900;VEV_5400;13;17;;;;;15;22;;;;;14.0;0.0
-1;3900;VEV_5500;6;20;;;;;7;27;;;;;6.5;0.0
-1;3900;VEV_6000;0;20;;;;;1;20;;;;;0.5;0.0
-1;3900;VEV_6500;0;13;;;;;1;13;;;;;0.5;0.0
-1;4000;HYDROGEL_PACK;9981;15;9978;23;;;9997;15;9999;23;;;9989.0;0.0
-1;4000;VELVETFRUIT_EXTRACT;5262;22;;;;;5268;67;;;;;5265.0;0.0
-1;4000;VEV_4000;1254;9;1252;19;;;1275;9;1278;19;;;1264.5;0.0
-1;4000;VEV_4500;755;10;754;6;753;16;773;16;;;;;764.0;0.0
-1;4000;VEV_5000;263;8;262;21;;;269;10;270;12;;;266.0;0.0
-1;4000;VEV_5100;173;26;172;35;;;177;6;;;;;175.0;0.0
-1;4000;VEV_5200;100;12;99;12;;;102;24;;;;;101.0;0.0
-1;4000;VEV_5300;49;10;;;;;51;16;;;;;50.0;0.0
-1;4000;VEV_5400;13;24;;;;;15;17;;;;;14.0;0.0
-1;4000;VEV_5500;6;24;;;;;7;27;;;;;6.5;0.0
-1;4000;VEV_6000;0;25;;;;;1;25;;;;;0.5;0.0
-1;4000;VEV_6500;0;12;;;;;1;12;;;;;0.5;0.0
-1;4100;HYDROGEL_PACK;9979;27;;;;;10000;27;;;;;9989.5;0.0
-1;4100;VELVETFRUIT_EXTRACT;5262;19;;;;;5267;25;5268;69;5269;33;5264.5;0.0
-1;4100;VEV_4000;1255;8;1253;18;;;1276;8;1279;18;;;1265.5;0.0
-1;4100;VEV_4500;754;13;;;;;772;7;774;13;;;763.0;0.0
-1;4100;VEV_5000;264;9;;;;;270;10;271;15;;;267.0;0.0
-1;4100;VEV_5100;173;6;;;;;177;8;;;;;175.0;0.0
-1;4100;VEV_5200;100;29;99;23;;;102;35;;;;;101.0;0.0
-1;4100;VEV_5300;49;16;;;;;51;23;;;;;50.0;0.0
-1;4100;VEV_5400;13;27;;;;;15;26;;;;;14.0;0.0
-1;4100;VEV_5500;6;27;;;;;7;28;;;;;6.5;0.0
-1;4100;VEV_6000;0;18;;;;;1;18;;;;;0.5;0.0
-1;4100;VEV_6500;0;10;;;;;1;10;;;;;0.5;0.0
-1;4200;HYDROGEL_PACK;9980;10;9977;25;;;9996;10;9998;25;;;9988.0;0.0
-1;4200;VELVETFRUIT_EXTRACT;5261;62;;;;;5267;53;;;;;5264.0;0.0
-1;4200;VEV_4000;1256;11;1253;18;;;1277;11;1280;18;;;1266.5;0.0
-1;4200;VEV_4500;755;6;;;;;771;6;773;15;;;763.0;0.0
-1;4200;VEV_5000;264;6;263;32;;;270;8;271;19;;;267.0;0.0
-1;4200;VEV_5100;172;8;171;16;;;176;12;177;13;;;174.0;0.0
-1;4200;VEV_5200;99;9;98;24;;;101;23;;;;;100.0;0.0
-1;4200;VEV_5300;50;15;49;28;;;52;10;;;;;51.0;0.0
-1;4200;VEV_5400;13;25;13;19;;;14;17;15;20;;;13.5;0.0
-1;4200;VEV_5500;6;17;;;;;7;26;;;;;6.5;0.0
-1;4200;VEV_6000;0;19;;;;;1;19;;;;;0.5;0.0
-1;4200;VEV_6500;0;16;;;;;1;16;;;;;0.5;0.0
-1;4300;HYDROGEL_PACK;9979;15;9977;27;;;9995;15;9998;27;;;9987.0;0.0
-1;4300;VELVETFRUIT_EXTRACT;5259;52;;;;;5264;18;5265;47;;;5261.5;0.0
-1;4300;VEV_4000;1256;10;1254;28;;;1278;10;1280;28;;;1267.0;0.0
-1;4300;VEV_4500;753;12;751;21;;;769;12;771;21;;;761.0;0.0
-1;4300;VEV_5000;262;28;;;;;269;6;270;23;;;265.5;0.0
-1;4300;VEV_5100;173;6;172;12;;;;;;;;;173.0;0.0
-1;4300;VEV_5200;100;31;99;31;;;102;10;;;;;101.0;0.0
-1;4300;VEV_5300;51;28;;;;;53;23;;;;;52.0;0.0
-1;4300;VEV_5400;13;28;;;;;15;26;;;;;14.0;0.0
-1;4300;VEV_5500;6;21;;;;;7;24;;;;;6.5;0.0
-1;4300;VEV_6000;0;27;;;;;1;27;;;;;0.5;0.0
-1;4300;VEV_6500;0;21;;;;;1;21;;;;;0.5;0.0
-1;4400;HYDROGEL_PACK;9982;11;9979;26;;;9998;11;10000;26;;;9990.0;0.0
-1;4400;VELVETFRUIT_EXTRACT;5257;36;;;;;5263;36;;;;;5260.0;0.0
-1;4400;VEV_4000;1256;12;1254;21;;;1277;12;1280;21;;;1266.5;0.0
-1;4400;VEV_4500;753;8;;;;;769;8;771;14;;;761.0;0.0
-1;4400;VEV_5000;262;27;;;;;268;22;;;;;265.0;0.0
-1;4400;VEV_5100;;;;;;;;;;;;;0.0;0.0
-1;4400;VEV_5200;100;7;99;23;;;102;9;103;26;;;101.0;0.0
-1;4400;VEV_5300;51;23;;;;;53;24;54;19;;;52.0;0.0
-1;4400;VEV_5400;;;;;;;14;18;15;21;;;14.0;0.0
-1;4400;VEV_5500;6;23;;;;;7;22;;;;;6.5;0.0
-1;4400;VEV_6000;0;24;;;;;1;24;;;;;0.5;0.0
-1;4400;VEV_6500;0;12;;;;;1;12;;;;;0.5;0.0
-1;4500;HYDROGEL_PACK;9981;14;9978;20;;;9997;14;9999;20;;;9989.0;0.0
-1;4500;VELVETFRUIT_EXTRACT;5258;39;5258;41;;;5263;24;5264;53;5265;39;5260.5;0.0
-1;4500;VEV_4000;1256;15;1253;28;;;1277;15;1280;28;;;1266.5;0.0
-1;4500;VEV_4500;753;12;751;20;;;769;12;771;20;;;761.0;0.0
-1;4500;VEV_5000;263;9;262;14;;;269;25;270;20;;;266.0;0.0
-1;4500;VEV_5100;174;28;;;;;;;;;;;174.0;0.0
-1;4500;VEV_5200;100;28;;;;;102;7;103;22;;;101.0;0.0
-1;4500;VEV_5300;51;21;;;;;53;27;;;;;52.0;0.0
-1;4500;VEV_5400;14;6;13;18;;;14;19;15;24;;;14.0;0.0
-1;4500;VEV_5500;6;23;;;;;7;15;;;;;6.5;0.0
-1;4500;VEV_6000;0;29;;;;;1;29;;;;;0.5;0.0
-1;4500;VEV_6500;0;18;;;;;1;18;;;;;0.5;0.0
-1;4600;HYDROGEL_PACK;9977;10;9975;26;;;9993;10;9996;26;;;9985.0;0.0
-1;4600;VELVETFRUIT_EXTRACT;5258;38;5258;19;;;5264;54;;;;;5261.0;0.0
-1;4600;VEV_4000;1255;14;1252;20;;;1276;14;1279;20;;;1265.5;0.0
-1;4600;VEV_4500;754;9;753;6;752;16;770;9;771;6;772;16;762.0;0.0
-1;4600;VEV_5000;263;8;262;18;;;269;7;270;31;;;266.0;0.0
-1;4600;VEV_5100;175;21;;;;;180;30;;;;;177.5;0.0
-1;4600;VEV_5200;99;8;;;;;101;25;102;19;;;100.0;0.0
-1;4600;VEV_5300;51;6;;;;;53;21;;;;;52.0;0.0
-1;4600;VEV_5400;13;28;;;;;14;23;15;18;;;13.5;0.0
-1;4600;VEV_5500;6;26;;;;;7;19;;;;;6.5;0.0
-1;4600;VEV_6000;0;24;;;;;1;24;;;;;0.5;0.0
-1;4600;VEV_6500;0;13;;;;;1;13;;;;;0.5;0.0
-1;4700;HYDROGEL_PACK;9977;15;9974;24;;;9993;15;9995;24;;;9985.0;0.0
-1;4700;VELVETFRUIT_EXTRACT;5259;43;5259;40;;;5265;39;;;;;5262.0;0.0
-1;4700;VEV_4000;1255;7;1252;17;;;1276;7;1278;17;;;1265.5;0.0
-1;4700;VEV_4500;754;9;752;18;;;770;9;772;18;;;762.0;0.0
-1;4700;VEV_5000;263;12;262;15;;;269;10;270;16;;;266.0;0.0
-1;4700;VEV_5100;175;9;174;22;;;179;25;180;18;;;177.0;0.0
-1;4700;VEV_5200;98;12;;;;;101;29;102;23;;;99.5;0.0
-1;4700;VEV_5300;51;25;;;;;53;20;53;26;;;52.0;0.0
-1;4700;VEV_5400;13;26;;;;;;;;;;;13.0;0.0
-1;4700;VEV_5500;6;15;;;;;7;25;;;;;6.5;0.0
-1;4700;VEV_6000;0;20;;;;;1;20;;;;;0.5;0.0
-1;4700;VEV_6500;0;11;;;;;1;11;;;;;0.5;0.0
-1;4800;HYDROGEL_PACK;9976;10;9973;29;;;9992;10;9994;29;;;9984.0;0.0
-1;4800;VELVETFRUIT_EXTRACT;5258;33;;;;;5264;53;;;;;5261.0;0.0
-1;4800;VEV_4000;1254;7;1252;15;;;1275;7;1278;15;;;1264.5;0.0
-1;4800;VEV_4500;754;10;752;14;;;770;10;772;14;;;762.0;0.0
-1;4800;VEV_5000;262;23;261;24;;;268;12;269;25;;;265.0;0.0
-1;4800;VEV_5100;174;21;;;;;179;11;180;19;;;176.5;0.0
-1;4800;VEV_5200;98;27;97;29;;;101;22;;;;;99.5;0.0
-1;4800;VEV_5300;50;29;;;;;52;27;;;;;51.0;0.0
-1;4800;VEV_5400;13;11;;;;;;;;;;;13.0;0.0
-1;4800;VEV_5500;6;17;;;;;7;24;;;;;6.5;0.0
-1;4800;VEV_6000;0;18;;;;;1;18;;;;;0.5;0.0
-1;4800;VEV_6500;0;17;;;;;1;17;;;;;0.5;0.0
-1;4900;HYDROGEL_PACK;9975;10;9972;30;;;9991;10;9993;30;;;9983.0;0.0
-1;4900;VELVETFRUIT_EXTRACT;5258;15;5257;58;;;5262;15;5263;23;;;5260.0;0.0
-1;4900;VEV_4000;1255;9;1253;17;;;1277;9;1279;17;;;1266.0;0.0
-1;4900;VEV_4500;755;8;753;23;;;771;8;773;23;;;763.0;0.0
-1;4900;VEV_5000;263;9;262;12;;;269;20;270;24;;;266.0;0.0
-1;4900;VEV_5100;175;28;174;30;;;179;12;180;19;;;177.0;0.0
-1;4900;VEV_5200;99;20;98;14;;;101;10;102;24;;;100.0;0.0
-1;4900;VEV_5300;50;20;49;17;;;52;18;;;;;51.0;0.0
-1;4900;VEV_5400;14;17;13;24;;;14;19;15;21;;;14.0;0.0
-1;4900;VEV_5500;6;27;;;;;7;24;;;;;6.5;0.0
-1;4900;VEV_6000;0;28;;;;;1;28;;;;;0.5;0.0
-1;4900;VEV_6500;0;12;;;;;1;12;;;;;0.5;0.0
-1;5000;HYDROGEL_PACK;9977;13;9974;29;;;9993;13;9995;29;;;9985.0;0.0
-1;5000;VELVETFRUIT_EXTRACT;5258;24;5257;64;;;5262;24;5263;46;;;5260.0;0.0
-1;5000;VEV_4000;1254;14;1251;18;;;1275;14;1278;18;;;1264.5;0.0
-1;5000;VEV_4500;753;11;751;19;;;769;11;771;19;;;761.0;0.0
-1;5000;VEV_5000;262;12;261;14;;;268;32;269;16;;;265.0;0.0
-1;5000;VEV_5100;176;21;;;;;180;9;181;33;;;178.0;0.0
-1;5000;VEV_5200;100;27;;;;;103;30;;;;;101.5;0.0
-1;5000;VEV_5300;;;;;;;52;5;;;;;52.0;0.0
-1;5000;VEV_5400;14;28;13;23;;;15;25;;;;;14.5;0.0
-1;5000;VEV_5500;6;22;;;;;7;16;;;;;6.5;0.0
-1;5000;VEV_6000;0;22;;;;;1;22;;;;;0.5;0.0
-1;5000;VEV_6500;0;16;;;;;1;16;;;;;0.5;0.0
-1;5100;HYDROGEL_PACK;9976;10;9974;22;;;9992;10;9995;22;;;9984.0;0.0
-1;5100;VELVETFRUIT_EXTRACT;5257;61;;;;;5262;20;5263;23;5264;36;5259.5;0.0
-1;5100;VEV_4000;1254;15;1251;29;;;1275;15;1278;29;;;1264.5;0.0
-1;5100;VEV_4500;752;9;751;8;750;23;768;9;770;23;;;760.0;0.0
-1;5100;VEV_5000;261;20;;;;;268;8;269;23;;;264.5;0.0
-1;5100;VEV_5100;173;16;;;;;;;;;;;173.0;0.0
-1;5100;VEV_5200;100;21;99;23;;;103;31;;;;;101.5;0.0
-1;5100;VEV_5300;;;;;;;52;16;;;;;52.0;0.0
-1;5100;VEV_5400;13;27;;;;;;;;;;;13.0;0.0
-1;5100;VEV_5500;6;27;;;;;7;27;;;;;6.5;0.0
-1;5100;VEV_6000;0;16;;;;;1;16;;;;;0.5;0.0
-1;5100;VEV_6500;0;15;;;;;1;15;;;;;0.5;0.0
-1;5200;HYDROGEL_PACK;9974;12;9972;29;;;9990;12;9993;29;;;9982.0;0.0
-1;5200;VELVETFRUIT_EXTRACT;5258;17;;;;;5263;21;5264;54;;;5260.5;0.0
-1;5200;VEV_4000;1255;10;1253;16;;;1277;10;1279;16;;;1266.0;0.0
-1;5200;VEV_4500;753;11;751;20;;;769;11;771;20;;;761.0;0.0
-1;5200;VEV_5000;261;13;;;;;268;11;269;23;;;264.5;0.0
-1;5200;VEV_5100;174;20;;;;;178;7;;;;;176.0;0.0
-1;5200;VEV_5200;100;26;;;;;;;;;;;100.0;0.0
-1;5200;VEV_5300;50;21;;;;;;;;;;;50.0;0.0
-1;5200;VEV_5400;;;;;;;15;26;;;;;15.0;0.0
-1;5200;VEV_5500;5;20;;;;;7;20;;;;;6.0;0.0
-1;5200;VEV_6000;0;24;;;;;1;24;;;;;0.5;0.0
-1;5200;VEV_6500;0;14;;;;;1;14;;;;;0.5;0.0
-1;5300;HYDROGEL_PACK;9973;14;9971;27;;;9989;14;9992;27;;;9981.0;0.0
-1;5300;VELVETFRUIT_EXTRACT;5258;54;;;;;5264;38;;;;;5261.0;0.0
-1;5300;VEV_4000;1256;8;1253;22;;;1277;8;1280;22;;;1266.5;0.0
-1;5300;VEV_4500;754;6;752;24;;;770;6;771;11;772;24;762.0;0.0
-1;5300;VEV_5000;262;8;;;;;268;23;269;12;;;265.0;0.0
-1;5300;VEV_5100;173;12;172;27;;;177;7;;;;;175.0;0.0
-1;5300;VEV_5200;;;;;;;102;24;103;28;;;102.0;0.0
-1;5300;VEV_5300;50;26;49;19;;;52;18;53;11;;;51.0;0.0
-1;5300;VEV_5400;13;25;;;;;15;21;;;;;14.0;0.0
-1;5300;VEV_5500;6;22;;;;;7;24;;;;;6.5;0.0
-1;5300;VEV_6000;0;21;;;;;1;21;;;;;0.5;0.0
-1;5300;VEV_6500;0;21;;;;;1;21;;;;;0.5;0.0
-1;5400;HYDROGEL_PACK;9973;11;9971;28;;;9989;11;9992;28;;;9981.0;0.0
-1;5400;VELVETFRUIT_EXTRACT;5260;45;;;;;5266;18;;;;;5263.0;0.0
-1;5400;VEV_4000;1257;8;1255;28;;;1279;8;1281;28;;;1268.0;0.0
-1;5400;VEV_4500;;;;;;;769;8;771;24;;;769.0;0.0
-1;5400;VEV_5000;261;9;260;27;;;267;8;268;23;;;264.0;0.0
-1;5400;VEV_5100;174;9;173;12;;;178;12;;;;;176.0;0.0
-1;5400;VEV_5200;100;27;99;21;;;103;20;;;;;101.5;0.0
-1;5400;VEV_5300;50;22;49;12;;;52;20;;;;;51.0;0.0
-1;5400;VEV_5400;14;27;13;27;;;14;17;;;;;14.0;0.0
-1;5400;VEV_5500;6;22;;;;;7;19;;;;;6.5;0.0
-1;5400;VEV_6000;0;22;;;;;1;22;;;;;0.5;0.0
-1;5400;VEV_6500;0;15;;;;;1;15;;;;;0.5;0.0
-1;5500;HYDROGEL_PACK;9973;15;9970;30;;;9989;15;9991;30;;;9981.0;0.0
-1;5500;VELVETFRUIT_EXTRACT;5261;36;;;;;5266;23;5267;19;;;5263.5;0.0
-1;5500;VEV_4000;1258;7;1256;23;;;1280;7;1282;23;;;1269.0;0.0
-1;5500;VEV_4500;756;10;754;12;;;774;12;;;;;765.0;0.0
-1;5500;VEV_5000;263;7;262;19;;;269;8;270;18;;;266.0;0.0
-1;5500;VEV_5100;;;;;;;178;9;;;;;178.0;0.0
-1;5500;VEV_5200;;;;;;;103;27;;;;;103.0;0.0
-1;5500;VEV_5300;50;18;;;;;52;23;;;;;51.0;0.0
-1;5500;VEV_5400;13;26;;;;;15;26;;;;;14.0;0.0
-1;5500;VEV_5500;6;25;;;;;7;19;;;;;6.5;0.0
-1;5500;VEV_6000;0;24;;;;;1;24;;;;;0.5;0.0
-1;5500;VEV_6500;0;13;;;;;1;13;;;;;0.5;0.0
-1;5600;HYDROGEL_PACK;9969;10;9967;24;;;9985;10;9987;24;;;9977.0;0.0
-1;5600;VELVETFRUIT_EXTRACT;5260;32;;;;;5265;22;5266;36;;;5262.5;0.0
-1;5600;VEV_4000;1258;11;1256;26;;;1279;11;1282;26;;;1268.5;0.0
-1;5600;VEV_4500;755;9;753;15;;;773;15;;;;;764.0;0.0
-1;5600;VEV_5000;262;27;;;;;269;32;;;;;265.5;0.0
-1;5600;VEV_5100;173;12;172;22;;;177;31;178;12;;;175.0;0.0
-1;5600;VEV_5200;99;12;98;27;;;101;10;102;24;;;100.0;0.0
-1;5600;VEV_5300;50;29;;;;;52;7;;;;;51.0;0.0
-1;5600;VEV_5400;13;19;;;;;15;26;;;;;14.0;0.0
-1;5600;VEV_5500;6;24;;;;;7;28;;;;;6.5;0.0
-1;5600;VEV_6000;0;25;;;;;1;25;;;;;0.5;0.0
-1;5600;VEV_6500;0;16;;;;;1;16;;;;;0.5;0.0
-1;5700;HYDROGEL_PACK;9968;11;9966;25;;;9984;11;9987;25;;;9976.0;0.0
-1;5700;VELVETFRUIT_EXTRACT;5260;49;;;;;5266;70;;;;;5263.0;0.0
-1;5700;VEV_4000;1257;10;1255;29;;;1279;10;1281;29;;;1268.0;0.0
-1;5700;VEV_4500;753;7;751;14;;;769;7;770;12;771;14;761.0;0.0
-1;5700;VEV_5000;261;10;260;16;;;267;6;268;23;;;264.0;0.0
-1;5700;VEV_5100;;;;;;;179;17;;;;;179.0;0.0
-1;5700;VEV_5200;99;12;98;24;;;101;7;102;27;;;100.0;0.0
-1;5700;VEV_5300;50;24;49;12;;;52;23;;;;;51.0;0.0
-1;5700;VEV_5400;13;26;13;19;;;15;27;;;;;14.0;0.0
-1;5700;VEV_5500;6;22;;;;;7;23;;;;;6.5;0.0
-1;5700;VEV_6000;0;20;;;;;1;20;;;;;0.5;0.0
-1;5700;VEV_6500;0;18;;;;;1;18;;;;;0.5;0.0
-1;5800;HYDROGEL_PACK;9973;13;9971;21;;;9989;13;9991;21;;;9981.0;0.0
-1;5800;VELVETFRUIT_EXTRACT;5260;59;;;;;5265;19;5266;48;;;5262.5;0.0
-1;5800;VEV_4000;1259;10;1256;20;;;1280;10;1282;20;;;1269.5;0.0
-1;5800;VEV_4500;755;12;753;17;;;771;12;773;17;;;763.0;0.0
-1;5800;VEV_5000;261;9;;;;;267;22;268;20;;;264.0;0.0
-1;5800;VEV_5100;173;13;;;;;178;8;;;;;175.5;0.0
-1;5800;VEV_5200;97;22;;;;;101;22;;;;;99.0;0.0
-1;5800;VEV_5300;50;25;49;18;;;52;19;;;;;51.0;0.0
-1;5800;VEV_5400;13;19;13;22;;;15;19;;;;;14.0;0.0
-1;5800;VEV_5500;6;24;;;;;7;20;;;;;6.5;0.0
-1;5800;VEV_6000;0;18;;;;;1;18;;;;;0.5;0.0
-1;5800;VEV_6500;0;17;;;;;1;17;;;;;0.5;0.0
-1;5900;HYDROGEL_PACK;9975;11;9972;27;;;9991;11;9993;27;;;9983.0;0.0
-1;5900;VELVETFRUIT_EXTRACT;5261;17;5260;63;;;5265;17;5266;31;;;5263.0;0.0
-1;5900;VEV_4000;1259;10;1257;26;;;1281;10;1283;26;;;1270.0;0.0
-1;5900;VEV_4500;754;6;752;12;;;772;12;;;;;763.0;0.0
-1;5900;VEV_5000;262;9;261;24;;;268;29;269;21;;;265.0;0.0
-1;5900;VEV_5100;174;32;173;19;;;178;31;179;29;;;176.0;0.0
-1;5900;VEV_5200;98;10;;;;;101;20;;;;;99.5;0.0
-1;5900;VEV_5300;50;7;;;;;;;;;;;50.0;0.0
-1;5900;VEV_5400;13;20;;;;;;;;;;;13.0;0.0
-1;5900;VEV_5500;6;16;;;;;7;18;;;;;6.5;0.0
-1;5900;VEV_6000;0;21;;;;;1;21;;;;;0.5;0.0
-1;5900;VEV_6500;0;17;;;;;1;17;;;;;0.5;0.0
-1;6000;HYDROGEL_PACK;9975;15;9973;30;;;9991;15;9994;30;;;9983.0;0.0
-1;6000;VELVETFRUIT_EXTRACT;5260;65;;;;;5266;73;;;;;5263.0;0.0
-1;6000;VEV_4000;1260;10;1257;25;;;1281;10;1284;25;;;1270.5;0.0
-1;6000;VEV_4500;754;11;752;17;;;772;17;;;;;763.0;0.0
-1;6000;VEV_5000;263;6;262;22;;;270;15;;;;;266.5;0.0
-1;6000;VEV_5100;174;7;173;14;;;178;8;;;;;176.0;0.0
-1;6000;VEV_5200;98;22;97;31;;;100;7;101;21;;;99.0;0.0
-1;6000;VEV_5300;50;18;;;;;52;5;;;;;51.0;0.0
-1;6000;VEV_5400;13;23;;;;;15;15;;;;;14.0;0.0
-1;6000;VEV_5500;6;20;;;;;7;19;;;;;6.5;0.0
-1;6000;VEV_6000;0;19;;;;;1;19;;;;;0.5;0.0
-1;6000;VEV_6500;0;17;;;;;1;17;;;;;0.5;0.0
-1;6100;HYDROGEL_PACK;9973;13;9971;29;;;9989;13;9992;29;;;9981.0;0.0
-1;6100;VELVETFRUIT_EXTRACT;5262;40;;;;;5267;23;5268;71;;;5264.5;0.0
-1;6100;VEV_4000;1261;9;1259;25;;;1283;9;1285;25;;;1272.0;0.0
-1;6100;VEV_4500;754;6;752;16;;;770;6;771;6;772;16;762.0;0.0
-1;6100;VEV_5000;261;19;;;;;268;11;269;16;;;264.5;0.0
-1;6100;VEV_5100;174;15;;;;;179;35;180;26;;;176.5;0.0
-1;6100;VEV_5200;98;9;97;21;;;100;8;101;33;;;99.0;0.0
-1;6100;VEV_5300;;;;;;;51;24;;;;;51.0;0.0
-1;6100;VEV_5400;13;19;13;8;;;14;21;15;25;;;13.5;0.0
-1;6100;VEV_5500;6;25;;;;;7;16;;;;;6.5;0.0
-1;6100;VEV_6000;0;16;;;;;1;16;;;;;0.5;0.0
-1;6100;VEV_6500;0;18;;;;;1;18;;;;;0.5;0.0
-1;6200;HYDROGEL_PACK;9971;14;9968;30;;;9987;14;9989;30;;;9979.0;0.0
-1;6200;VELVETFRUIT_EXTRACT;5262;47;5262;21;5261;42;5268;45;;;;;5265.0;0.0
-1;6200;VEV_4000;1260;7;1258;15;;;1282;7;1284;15;;;1271.0;0.0
-1;6200;VEV_4500;753;6;751;23;;;769;6;771;23;;;761.0;0.0
-1;6200;VEV_5000;261;8;260;20;;;267;8;268;24;;;264.0;0.0
-1;6200;VEV_5100;176;9;;;;;180;11;181;29;;;178.0;0.0
-1;6200;VEV_5200;98;12;;;;;;;;;;;98.0;0.0
-1;6200;VEV_5300;50;19;;;;;52;19;52;19;;;51.0;0.0
-1;6200;VEV_5400;14;24;13;24;;;14;24;15;28;;;14.0;0.0
-1;6200;VEV_5500;6;21;;;;;7;22;;;;;6.5;0.0
-1;6200;VEV_6000;0;18;;;;;1;18;;;;;0.5;0.0
-1;6200;VEV_6500;0;17;;;;;1;17;;;;;0.5;0.0
-1;6300;HYDROGEL_PACK;9972;15;9970;24;;;9988;15;9991;24;;;9980.0;0.0
-1;6300;VELVETFRUIT_EXTRACT;5262;35;;;;;5267;25;5268;70;;;5264.5;0.0
-1;6300;VEV_4000;1261;10;1259;17;;;1283;10;1285;17;;;1272.0;0.0
-1;6300;VEV_4500;752;8;750;12;;;768;8;770;12;;;760.0;0.0
-1;6300;VEV_5000;260;8;259;29;;;266;8;267;28;;;263.0;0.0
-1;6300;VEV_5100;;;;;;;179;10;;;;;179.0;0.0
-1;6300;VEV_5200;98;26;97;33;;;101;14;;;;;99.5;0.0
-1;6300;VEV_5300;;;;;;;52;7;53;20;;;52.0;0.0
-1;6300;VEV_5400;;;;;;;;;;;;;0.0;0.0
-1;6300;VEV_5500;6;16;;;;;7;23;;;;;6.5;0.0
-1;6300;VEV_6000;0;23;;;;;1;23;;;;;0.5;0.0
-1;6300;VEV_6500;0;14;;;;;1;14;;;;;0.5;0.0
-1;6400;HYDROGEL_PACK;9974;12;9971;21;;;9990;12;9992;21;;;9982.0;0.0
-1;6400;VELVETFRUIT_EXTRACT;5261;66;;;;;5266;16;5267;47;;;5263.5;0.0
-1;6400;VEV_4000;1263;8;1260;15;;;1284;8;1287;15;;;1273.5;0.0
-1;6400;VEV_4500;752;6;750;24;;;769;12;770;24;;;760.5;0.0
-1;6400;VEV_5000;258;17;;;;;266;14;;;;;262.0;0.0
-1;6400;VEV_5100;175;8;174;12;;;179;9;180;23;;;177.0;0.0
-1;6400;VEV_5200;97;19;;;;;100;7;101;27;;;98.5;0.0
-1;6400;VEV_5300;50;18;;;;;52;19;;;;;51.0;0.0
-1;6400;VEV_5400;13;26;;;;;15;27;;;;;14.0;0.0
-1;6400;VEV_5500;6;22;;;;;7;23;;;;;6.5;0.0
-1;6400;VEV_6000;0;19;;;;;1;19;;;;;0.5;0.0
-1;6400;VEV_6500;0;17;;;;;1;17;;;;;0.5;0.0
-1;6500;HYDROGEL_PACK;9973;15;9970;20;;;9989;15;9991;20;;;9981.0;0.0
-1;6500;VELVETFRUIT_EXTRACT;5262;40;;;;;5268;45;5269;34;;;5265.0;0.0
-1;6500;VEV_4000;1263;9;1261;27;;;1285;9;1287;27;;;1274.0;0.0
-1;6500;VEV_4500;751;9;749;24;;;767;9;769;24;;;759.0;0.0
-1;6500;VEV_5000;260;26;259;23;;;266;10;267;28;;;263.0;0.0
-1;6500;VEV_5100;174;31;173;19;;;178;32;179;27;;;176.0;0.0
-1;6500;VEV_5200;;;;;;;100;6;101;22;;;100.0;0.0
-1;6500;VEV_5300;50;23;;;;;52;20;;;;;51.0;0.0
-1;6500;VEV_5400;13;28;;;;;15;16;;;;;14.0;0.0
-1;6500;VEV_5500;6;17;;;;;7;23;;;;;6.5;0.0
-1;6500;VEV_6000;0;20;;;;;1;20;;;;;0.5;0.0
-1;6500;VEV_6500;0;13;;;;;1;13;;;;;0.5;0.0
-1;6600;HYDROGEL_PACK;9969;10;9967;25;;;9985;10;9988;25;;;9977.0;0.0
-1;6600;VELVETFRUIT_EXTRACT;5262;67;;;;;5268;75;;;;;5265.0;0.0
-1;6600;VEV_4000;1261;11;1259;24;;;1283;11;1285;24;;;1272.0;0.0
-1;6600;VEV_4500;752;7;750;13;;;768;7;770;13;;;760.0;0.0
-1;6600;VEV_5000;260;10;;;;;266;11;267;24;;;263.0;0.0
-1;6600;VEV_5100;173;12;;;;;178;7;179;17;;;175.5;0.0
-1;6600;VEV_5200;97;21;;;;;100;24;101;17;;;98.5;0.0
-1;6600;VEV_5300;49;19;;;;;52;13;52;22;;;50.5;0.0
-1;6600;VEV_5400;14;28;13;24;;;15;21;;;;;14.5;0.0
-1;6600;VEV_5500;6;16;;;;;7;27;;;;;6.5;0.0
-1;6600;VEV_6000;0;29;;;;;1;29;;;;;0.5;0.0
-1;6600;VEV_6500;0;12;;;;;1;12;;;;;0.5;0.0
-1;6700;HYDROGEL_PACK;9970;14;9968;21;;;9986;14;9989;21;;;9978.0;0.0
-1;6700;VELVETFRUIT_EXTRACT;5263;37;5263;20;;;5269;61;;;;;5266.0;0.0
-1;6700;VEV_4000;1261;8;1258;18;;;1282;8;1285;18;;;1271.5;0.0
-1;6700;VEV_4500;752;10;751;24;750;23;768;10;770;23;;;760.0;0.0
-1;6700;VEV_5000;258;23;257;15;;;264;8;265;13;;;261.0;0.0
-1;6700;VEV_5100;;;;;;;179;8;180;24;;;179.0;0.0
-1;6700;VEV_5200;98;20;;;;;101;6;102;31;;;99.5;0.0
-1;6700;VEV_5300;50;21;;;;;52;25;53;20;;;51.0;0.0
-1;6700;VEV_5400;13;17;;;;;15;20;;;;;14.0;0.0
-1;6700;VEV_5500;6;20;;;;;7;19;;;;;6.5;0.0
-1;6700;VEV_6000;0;22;;;;;1;22;;;;;0.5;0.0
-1;6700;VEV_6500;0;14;;;;;1;14;;;;;0.5;0.0
-1;6800;HYDROGEL_PACK;9971;11;9968;30;;;9987;11;9989;30;;;9979.0;0.0
-1;6800;VELVETFRUIT_EXTRACT;5264;67;;;;;5270;40;5270;45;;;5267.0;0.0
-1;6800;VEV_4000;1260;8;1258;26;;;1282;8;1284;26;;;1271.0;0.0
-1;6800;VEV_4500;752;10;750;24;;;768;10;770;24;;;760.0;0.0
-1;6800;VEV_5000;258;6;257;15;;;264;28;265;18;;;261.0;0.0
-1;6800;VEV_5100;176;9;175;22;;;180;9;181;14;;;178.0;0.0
-1;6800;VEV_5200;99;21;;;;;102;7;;;;;100.5;0.0
-1;6800;VEV_5300;50;30;;;;;;;;;;;50.0;0.0
-1;6800;VEV_5400;;;;;;;15;28;;;;;15.0;0.0
-1;6800;VEV_5500;6;22;;;;;7;17;;;;;6.5;0.0
-1;6800;VEV_6000;0;20;;;;;1;20;;;;;0.5;0.0
-1;6800;VEV_6500;0;11;;;;;1;11;;;;;0.5;0.0
-1;6900;HYDROGEL_PACK;9974;15;9971;20;;;9990;15;9992;20;;;9982.0;0.0
-1;6900;VELVETFRUIT_EXTRACT;5264;67;;;;;5269;25;5270;47;;;5266.5;0.0
-1;6900;VEV_4000;1261;10;1259;25;;;1283;10;1285;25;;;1272.0;0.0
-1;6900;VEV_4500;752;9;751;6;750;15;768;9;770;15;;;760.0;0.0
-1;6900;VEV_5000;258;22;;;;;264;12;265;14;;;261.0;0.0
-1;6900;VEV_5100;;;;;;;180;6;181;27;;;180.0;0.0
-1;6900;VEV_5200;100;19;99;24;;;102;6;;;;;101.0;0.0
-1;6900;VEV_5300;49;6;48;18;;;51;25;;;;;50.0;0.0
-1;6900;VEV_5400;13;24;;;;;14;18;15;22;;;13.5;0.0
-1;6900;VEV_5500;6;10;;;;;7;19;;;;;6.5;0.0
-1;6900;VEV_6000;0;25;;;;;1;25;;;;;0.5;0.0
-1;6900;VEV_6500;0;16;;;;;1;16;;;;;0.5;0.0
-1;7000;HYDROGEL_PACK;9973;14;9971;21;;;9989;14;9992;21;;;9981.0;0.0
-1;7000;VELVETFRUIT_EXTRACT;5266;67;;;;;5272;36;;;;;5269.0;0.0
-1;7000;VEV_4000;1262;13;1259;26;;;1283;13;1286;26;;;1272.5;0.0
-1;7000;VEV_4500;752;9;750;15;;;768;9;770;15;;;760.0;0.0
-1;7000;VEV_5000;260;8;259;13;;;266;31;;;;;263.0;0.0
-1;7000;VEV_5100;177;25;176;17;;;181;28;;;;;179.0;0.0
-1;7000;VEV_5200;100;13;;;;;103;10;104;25;;;101.5;0.0
-1;7000;VEV_5300;50;21;;;;;52;29;;;;;51.0;0.0
-1;7000;VEV_5400;13;24;13;20;;;14;29;15;18;;;13.5;0.0
-1;7000;VEV_5500;6;16;;;;;7;25;;;;;6.5;0.0
-1;7000;VEV_6000;0;17;;;;;1;17;;;;;0.5;0.0
-1;7000;VEV_6500;0;15;;;;;1;15;;;;;0.5;0.0
-1;7100;HYDROGEL_PACK;9972;15;9970;24;;;9988;15;9991;24;;;9980.0;0.0
-1;7100;VELVETFRUIT_EXTRACT;5269;18;5268;43;;;5274;15;;;;;5271.5;0.0
-1;7100;VEV_4000;1261;9;1259;17;;;1282;9;1285;17;;;1271.5;0.0
-1;7100;VEV_4500;752;11;750;21;;;768;11;770;21;;;760.0;0.0
-1;7100;VEV_5000;259;22;258;20;;;265;33;266;24;;;262.0;0.0
-1;7100;VEV_5100;176;12;;;;;;;;;;;176.0;0.0
-1;7100;VEV_5200;99;21;;;;;102;12;103;24;;;100.5;0.0
-1;7100;VEV_5300;50;6;;;;;52;26;53;14;;;51.0;0.0
-1;7100;VEV_5400;13;19;13;21;;;14;18;15;25;;;13.5;0.0
-1;7100;VEV_5500;6;20;;;;;7;25;;;;;6.5;0.0
-1;7100;VEV_6000;0;19;;;;;1;19;;;;;0.5;0.0
-1;7100;VEV_6500;0;15;;;;;1;15;;;;;0.5;0.0
-1;7200;HYDROGEL_PACK;9972;12;9970;20;;;9988;12;9991;20;;;9980.0;0.0
-1;7200;VELVETFRUIT_EXTRACT;5269;48;;;;;5274;22;5275;32;;;5271.5;0.0
-1;7200;VEV_4000;1260;11;1257;15;;;1281;11;1284;15;;;1270.5;0.0
-1;7200;VEV_4500;751;6;750;23;749;13;767;6;769;13;;;759.0;0.0
-1;7200;VEV_5000;259;8;;;;;265;8;266;31;;;262.0;0.0
-1;7200;VEV_5100;177;10;176;14;;;181;12;;;;;179.0;0.0
-1;7200;VEV_5200;100;9;99;19;;;102;20;103;23;;;101.0;0.0
-1;7200;VEV_5300;50;23;49;14;;;53;20;;;;;51.5;0.0
-1;7200;VEV_5400;13;20;;;;;14;25;15;27;;;13.5;0.0
-1;7200;VEV_5500;6;20;;;;;7;24;;;;;6.5;0.0
-1;7200;VEV_6000;0;26;;;;;1;26;;;;;0.5;0.0
-1;7200;VEV_6500;0;14;;;;;1;14;;;;;0.5;0.0
-1;7300;HYDROGEL_PACK;9974;12;9971;22;;;9990;12;9992;22;;;9982.0;0.0
-1;7300;VELVETFRUIT_EXTRACT;5267;32;;;;;5272;22;5273;61;;;5269.5;0.0
-1;7300;VEV_4000;1259;12;1257;28;;;1281;12;1283;28;;;1270.0;0.0
-1;7300;VEV_4500;751;12;749;20;;;769;20;;;;;760.0;0.0
-1;7300;VEV_5000;258;12;257;19;;;264;10;265;21;;;261.0;0.0
-1;7300;VEV_5100;177;7;176;33;;;181;28;;;;;179.0;0.0
-1;7300;VEV_5200;100;11;99;29;;;102;27;103;19;;;101.0;0.0
-1;7300;VEV_5300;50;6;;;;;52;21;;;;;51.0;0.0
-1;7300;VEV_5400;13;18;;;;;15;19;;;;;14.0;0.0
-1;7300;VEV_5500;6;26;;;;;7;18;;;;;6.5;0.0
-1;7300;VEV_6000;0;18;;;;;1;18;;;;;0.5;0.0
-1;7300;VEV_6500;0;18;;;;;1;18;;;;;0.5;0.0
-1;7400;HYDROGEL_PACK;9976;15;9973;28;;;9992;15;9994;28;;;9984.0;0.0
-1;7400;VELVETFRUIT_EXTRACT;5269;37;5269;20;;;5275;53;;;;;5272.0;0.0
-1;7400;VEV_4000;1260;7;1257;19;;;1281;7;1284;19;;;1270.5;0.0
-1;7400;VEV_4500;752;8;750;21;;;768;8;770;21;;;760.0;0.0
-1;7400;VEV_5000;256;18;;;;;264;14;;;;;260.0;0.0
-1;7400;VEV_5100;177;12;;;;;181;24;182;31;;;179.0;0.0
-1;7400;VEV_5200;98;19;;;;;102;33;;;;;100.0;0.0
-1;7400;VEV_5300;49;26;;;;;51;24;52;20;;;50.0;0.0
-1;7400;VEV_5400;13;21;;;;;14;23;15;27;;;13.5;0.0
-1;7400;VEV_5500;6;19;;;;;7;23;;;;;6.5;0.0
-1;7400;VEV_6000;0;19;;;;;1;19;;;;;0.5;0.0
-1;7400;VEV_6500;0;15;;;;;1;15;;;;;0.5;0.0
-1;7500;HYDROGEL_PACK;9976;10;9974;20;;;9992;10;9995;20;;;9984.0;0.0
-1;7500;VELVETFRUIT_EXTRACT;5269;32;;;;;5274;16;5275;56;;;5271.5;0.0
-1;7500;VEV_4000;1261;12;1258;15;;;1282;12;1285;15;;;1271.5;0.0
-1;7500;VEV_4500;753;10;751;17;;;769;10;771;17;;;761.0;0.0
-1;7500;VEV_5000;256;7;255;15;;;262;7;263;17;;;259.0;0.0
-1;7500;VEV_5100;177;21;;;;;182;9;;;;;179.5;0.0
-1;7500;VEV_5200;97;18;;;;;101;23;;;;;99.0;0.0
-1;7500;VEV_5300;49;29;48;15;;;51;25;;;;;50.0;0.0
-1;7500;VEV_5400;14;20;13;17;;;15;20;;;;;14.5;0.0
-1;7500;VEV_5500;6;24;;;;;7;22;;;;;6.5;0.0
-1;7500;VEV_6000;0;22;;;;;1;22;;;;;0.5;0.0
-1;7500;VEV_6500;0;14;;;;;1;14;;;;;0.5;0.0
-1;7600;HYDROGEL_PACK;9978;15;9975;28;;;9994;15;9996;28;;;9986.0;0.0
-1;7600;VELVETFRUIT_EXTRACT;5269;58;;;;;5274;17;5275;48;;;5271.5;0.0
-1;7600;VEV_4000;1261;14;1258;18;;;1282;14;1285;18;;;1271.5;0.0
-1;7600;VEV_4500;753;6;;;;;769;6;771;17;;;761.0;0.0
-1;7600;VEV_5000;257;8;256;20;;;263;11;264;24;;;260.0;0.0
-1;7600;VEV_5100;;;;;;;182;17;;;;;182.0;0.0
-1;7600;VEV_5200;97;24;;;;;101;19;;;;;99.0;0.0
-1;7600;VEV_5300;49;20;;;;;51;16;51;23;;;50.0;0.0
-1;7600;VEV_5400;;;;;;;15;17;;;;;15.0;0.0
-1;7600;VEV_5500;6;20;;;;;7;17;;;;;6.5;0.0
-1;7600;VEV_6000;0;16;;;;;1;16;;;;;0.5;0.0
-1;7600;VEV_6500;0;14;;;;;1;14;;;;;0.5;0.0
-1;7700;HYDROGEL_PACK;9978;15;9975;21;;;9994;15;9996;21;;;9986.0;0.0
-1;7700;VELVETFRUIT_EXTRACT;5269;20;;;;;5274;19;5275;48;;;5271.5;0.0
-1;7700;VEV_4000;1259;11;1257;29;;;1280;11;1283;29;;;1269.5;0.0
-1;7700;VEV_4500;752;6;751;11;750;13;768;6;770;13;;;760.0;0.0
-1;7700;VEV_5000;257;24;;;;;265;19;;;;;261.0;0.0
-1;7700;VEV_5100;177;7;176;14;;;181;30;182;12;;;179.0;0.0
-1;7700;VEV_5200;97;16;;;;;101;27;;;;;99.0;0.0
-1;7700;VEV_5300;48;28;47;14;;;50;24;;;;;49.0;0.0
-1;7700;VEV_5400;13;22;;;;;14;23;;;;;13.5;0.0
-1;7700;VEV_5500;6;18;;;;;7;17;;;;;6.5;0.0
-1;7700;VEV_6000;0;25;;;;;1;25;;;;;0.5;0.0
-1;7700;VEV_6500;0;18;;;;;1;18;;;;;0.5;0.0
-1;7800;HYDROGEL_PACK;9976;20;;;;;9994;13;9997;20;;;9985.0;0.0
-1;7800;VELVETFRUIT_EXTRACT;5270;21;5269;33;5269;22;5274;21;5275;62;;;5272.0;0.0
-1;7800;VEV_4000;1259;12;1256;18;;;1280;12;1283;18;;;1269.5;0.0
-1;7800;VEV_4500;754;7;752;21;;;770;7;772;21;;;762.0;0.0
-1;7800;VEV_5000;258;32;257;17;;;264;12;265;20;;;261.0;0.0
-1;7800;VEV_5100;177;11;176;18;;;181;9;182;21;;;179.0;0.0
-1;7800;VEV_5200;98;12;97;12;;;101;26;;;;;99.5;0.0
-1;7800;VEV_5300;48;29;;;;;50;22;;;;;49.0;0.0
-1;7800;VEV_5400;13;29;;;;;15;22;;;;;14.0;0.0
-1;7800;VEV_5500;6;29;;;;;7;16;;;;;6.5;0.0
-1;7800;VEV_6000;0;18;;;;;1;18;;;;;0.5;0.0
-1;7800;VEV_6500;0;14;;;;;1;14;;;;;0.5;0.0
-1;7900;HYDROGEL_PACK;9981;14;9978;29;;;9997;14;9999;29;;;9989.0;0.0
-1;7900;VELVETFRUIT_EXTRACT;5270;16;5269;57;;;5275;66;;;;;5272.5;0.0
-1;7900;VEV_4000;1258;11;1255;15;;;1279;11;1282;15;;;1268.5;0.0
-1;7900;VEV_4500;753;9;751;23;;;769;9;771;23;;;761.0;0.0
-1;7900;VEV_5000;259;6;258;24;;;265;27;266;13;;;262.0;0.0
-1;7900;VEV_5100;177;6;176;12;;;181;27;;;;;179.0;0.0
-1;7900;VEV_5200;98;23;;;;;101;17;;;;;99.5;0.0
-1;7900;VEV_5300;48;17;;;;;50;25;;;;;49.0;0.0
-1;7900;VEV_5400;13;28;;;;;15;26;;;;;14.0;0.0
-1;7900;VEV_5500;6;17;;;;;7;19;;;;;6.5;0.0
-1;7900;VEV_6000;0;17;;;;;1;17;;;;;0.5;0.0
-1;7900;VEV_6500;0;22;;;;;1;22;;;;;0.5;0.0
-1;8000;HYDROGEL_PACK;9983;15;9980;25;;;9999;15;10001;25;;;9991.0;0.0
-1;8000;VELVETFRUIT_EXTRACT;5270;21;5269;19;;;5275;48;;;;;5272.5;0.0
-1;8000;VEV_4000;1257;7;1254;30;;;1278;7;1280;30;;;1267.5;0.0
-1;8000;VEV_4500;754;9;752;17;;;770;9;772;17;;;762.0;0.0
-1;8000;VEV_5000;258;10;257;16;;;264;23;265;20;;;261.0;0.0
-1;8000;VEV_5100;;;;;;;182;13;;;;;182.0;0.0
-1;8000;VEV_5200;;;;;;;101;31;;;;;101.0;0.0
-1;8000;VEV_5300;48;7;;;;;50;24;51;20;;;49.0;0.0
-1;8000;VEV_5400;;;;;;;;;;;;;0.0;0.0
-1;8000;VEV_5500;6;25;;;;;7;25;;;;;6.5;0.0
-1;8000;VEV_6000;0;21;;;;;1;21;;;;;0.5;0.0
-1;8000;VEV_6500;0;17;;;;;1;17;;;;;0.5;0.0
-1;8100;HYDROGEL_PACK;9981;12;9979;20;;;9997;12;10000;20;;;9989.0;0.0
-1;8100;VELVETFRUIT_EXTRACT;5269;66;;;;;5274;16;5275;37;;;5271.5;0.0
-1;8100;VEV_4000;1256;9;1254;15;;;1277;9;1280;15;;;1266.5;0.0
-1;8100;VEV_4500;754;9;752;19;;;770;9;772;19;;;762.0;0.0
-1;8100;VEV_5000;257;11;256;23;;;264;19;;;;;260.5;0.0
-1;8100;VEV_5100;176;8;;;;;181;24;;;;;178.5;0.0
-1;8100;VEV_5200;97;7;;;;;99;11;100;14;;;98.0;0.0
-1;8100;VEV_5300;48;24;;;;;50;18;;;;;49.0;0.0
-1;8100;VEV_5400;14;20;13;19;;;15;18;;;;;14.5;0.0
-1;8100;VEV_5500;6;16;;;;;7;22;;;;;6.5;0.0
-1;8100;VEV_6000;0;24;;;;;1;24;;;;;0.5;0.0
-1;8100;VEV_6500;0;17;;;;;1;17;;;;;0.5;0.0
-1;8200;HYDROGEL_PACK;9980;10;9977;28;;;9996;10;9998;28;;;9988.0;0.0
-1;8200;VELVETFRUIT_EXTRACT;5270;25;5269;34;;;5274;25;5275;25;;;5272.0;0.0
-1;8200;VEV_4000;1257;13;1254;26;;;1278;13;1280;26;;;1267.5;0.0
-1;8200;VEV_4500;755;9;753;23;;;771;9;772;11;773;23;763.0;0.0
-1;8200;VEV_5000;255;23;;;;;262;8;263;20;;;258.5;0.0
-1;8200;VEV_5100;175;19;;;;;180;12;181;22;;;177.5;0.0
-1;8200;VEV_5200;96;22;;;;;99;8;100;23;;;97.5;0.0
-1;8200;VEV_5300;48;23;;;;;50;29;;;;;49.0;0.0
-1;8200;VEV_5400;14;22;13;28;;;15;25;;;;;14.5;0.0
-1;8200;VEV_5500;6;26;;;;;7;22;;;;;6.5;0.0
-1;8200;VEV_6000;0;28;;;;;1;28;;;;;0.5;0.0
-1;8200;VEV_6500;0;17;;;;;1;17;;;;;0.5;0.0
-1;8300;HYDROGEL_PACK;9979;10;9976;22;;;9995;10;9997;22;;;9987.0;0.0
-1;8300;VELVETFRUIT_EXTRACT;5268;38;;;;;5274;56;;;;;5271.0;0.0
-1;8300;VEV_4000;1257;7;1254;17;;;1278;7;1281;17;;;1267.5;0.0
-1;8300;VEV_4500;754;6;752;23;;;770;6;772;23;;;762.0;0.0
-1;8300;VEV_5000;257;35;256;20;;;263;34;264;26;;;260.0;0.0
-1;8300;VEV_5100;176;26;175;28;;;180;20;;;;;178.0;0.0
-1;8300;VEV_5200;96;16;;;;;99;8;100;36;;;97.5;0.0
-1;8300;VEV_5300;48;19;;;;;50;24;51;22;;;49.0;0.0
-1;8300;VEV_5400;13;22;;;;;;;;;;;13.0;0.0
-1;8300;VEV_5500;6;6;;;;;7;20;;;;;6.5;0.0
-1;8300;VEV_6000;0;23;;;;;1;23;;;;;0.5;0.0
-1;8300;VEV_6500;0;14;;;;;1;14;;;;;0.5;0.0
-1;8400;HYDROGEL_PACK;9979;11;9977;27;;;9995;11;9998;27;;;9987.0;0.0
-1;8400;VELVETFRUIT_EXTRACT;5267;24;5266;49;;;5271;24;5272;57;;;5269.0;0.0
-1;8400;VEV_4000;1257;8;1255;26;;;1278;8;1281;26;;;1267.5;0.0
-1;8400;VEV_4500;753;10;751;12;;;769;10;;;;;761.0;0.0
-1;8400;VEV_5000;258;8;257;13;;;265;16;;;;;261.5;0.0
-1;8400;VEV_5100;175;7;174;26;;;180;15;;;;;177.5;0.0
-1;8400;VEV_5200;;;;;;;99;22;;;;;99.0;0.0
-1;8400;VEV_5300;48;16;;;;;50;26;;;;;49.0;0.0
-1;8400;VEV_5400;;;;;;;15;21;;;;;15.0;0.0
-1;8400;VEV_5500;6;23;;;;;7;25;;;;;6.5;0.0
-1;8400;VEV_6000;0;25;;;;;1;25;;;;;0.5;0.0
-1;8400;VEV_6500;0;15;;;;;1;15;;;;;0.5;0.0
-1;8500;HYDROGEL_PACK;9977;14;9974;21;;;9993;14;9995;21;;;9985.0;0.0
-1;8500;VELVETFRUIT_EXTRACT;5266;65;;;;;5271;15;5272;44;;;5268.5;0.0
-1;8500;VEV_4000;1257;12;1255;25;;;1278;12;1281;25;;;1267.5;0.0
-1;8500;VEV_4500;754;11;752;21;;;772;21;;;;;763.0;0.0
-1;8500;VEV_5000;258;7;257;12;;;264;7;265;18;;;261.0;0.0
-1;8500;VEV_5100;175;26;174;15;;;179;29;;;;;177.0;0.0
-1;8500;VEV_5200;;;;;;;100;25;;;;;100.0;0.0
-1;8500;VEV_5300;48;21;;;;;50;17;;;;;49.0;0.0
-1;8500;VEV_5400;13;28;;;;;15;22;;;;;14.0;0.0
-1;8500;VEV_5500;6;20;;;;;7;27;;;;;6.5;0.0
-1;8500;VEV_6000;0;25;;;;;1;25;;;;;0.5;0.0
-1;8500;VEV_6500;0;21;;;;;1;21;;;;;0.5;0.0
-1;8600;HYDROGEL_PACK;9977;12;9975;24;;;9993;12;9996;24;;;9985.0;0.0
-1;8600;VELVETFRUIT_EXTRACT;5266;41;5265;36;;;5272;44;;;;;5269.0;0.0
-1;8600;VEV_4000;1258;11;1255;20;;;1279;11;1282;20;;;1268.5;0.0
-1;8600;VEV_4500;753;6;751;18;;;769;6;771;18;;;761.0;0.0
-1;8600;VEV_5000;258;6;;;;;264;25;265;24;;;261.0;0.0
-1;8600;VEV_5100;175;11;174;17;;;179;9;180;23;;;177.0;0.0
-1;8600;VEV_5200;97;8;;;;;99;28;100;32;;;98.0;0.0
-1;8600;VEV_5300;48;22;;;;;50;9;;;;;49.0;0.0
-1;8600;VEV_5400;13;23;;;;;15;19;;;;;14.0;0.0
-1;8600;VEV_5500;6;28;;;;;7;29;;;;;6.5;0.0
-1;8600;VEV_6000;0;19;;;;;1;19;;;;;0.5;0.0
-1;8600;VEV_6500;0;19;;;;;1;19;;;;;0.5;0.0
-1;8700;HYDROGEL_PACK;9975;10;9973;27;;;9991;10;9994;27;;;9983.0;0.0
-1;8700;VELVETFRUIT_EXTRACT;5266;70;5266;23;;;5272;50;;;;;5269.0;0.0
-1;8700;VEV_4000;1258;11;1256;27;;;1280;11;1282;27;;;1269.0;0.0
-1;8700;VEV_4500;751;24;;;;;769;9;770;10;771;24;760.0;0.0
-1;8700;VEV_5000;256;13;;;;;263;11;264;32;;;259.5;0.0
-1;8700;VEV_5100;176;7;175;15;;;180;28;;;;;178.0;0.0
-1;8700;VEV_5200;97;24;96;29;;;100;29;;;;;98.5;0.0
-1;8700;VEV_5300;47;21;;;;;49;23;;;;;48.0;0.0
-1;8700;VEV_5400;13;25;;;;;14;23;;;;;13.5;0.0
-1;8700;VEV_5500;6;25;;;;;7;17;;;;;6.5;0.0
-1;8700;VEV_6000;0;26;;;;;1;26;;;;;0.5;0.0
-1;8700;VEV_6500;0;19;;;;;1;19;;;;;0.5;0.0
-1;8800;HYDROGEL_PACK;9978;15;9976;23;;;9994;15;9997;23;;;9986.0;0.0
-1;8800;VELVETFRUIT_EXTRACT;5265;65;;;;;5271;67;;;;;5268.0;0.0
-1;8800;VEV_4000;1258;11;1255;19;;;1279;11;1281;19;;;1268.5;0.0
-1;8800;VEV_4500;756;12;754;21;;;772;12;774;21;;;764.0;0.0
-1;8800;VEV_5000;258;6;;;;;264;9;265;24;;;261.0;0.0
-1;8800;VEV_5100;177;10;176;30;;;181;6;182;34;;;179.0;0.0
-1;8800;VEV_5200;95;28;;;;;98;8;99;23;;;96.5;0.0
-1;8800;VEV_5300;47;23;;;;;49;23;;;;;48.0;0.0
-1;8800;VEV_5400;13;27;;;;;15;17;;;;;14.0;0.0
-1;8800;VEV_5500;6;16;;;;;7;22;;;;;6.5;0.0
-1;8800;VEV_6000;0;21;;;;;1;21;;;;;0.5;0.0
-1;8800;VEV_6500;0;25;;;;;1;25;;;;;0.5;0.0
-1;8900;HYDROGEL_PACK;9980;11;9977;22;;;9996;11;9998;22;;;9988.0;0.0
-1;8900;VELVETFRUIT_EXTRACT;5265;24;5264;68;;;5269;24;5270;31;;;5267.0;0.0
-1;8900;VEV_4000;1258;7;1255;18;;;1279;7;1282;18;;;1268.5;0.0
-1;8900;VEV_4500;754;12;;;;;772;8;774;12;;;763.0;0.0
-1;8900;VEV_5000;258;11;;;;;264;8;;;;;261.0;0.0
-1;8900;VEV_5100;177;23;;;;;182;6;183;30;;;179.5;0.0
-1;8900;VEV_5200;96;17;;;;;100;20;;;;;98.0;0.0
-1;8900;VEV_5300;47;25;;;;;49;20;;;;;48.0;0.0
-1;8900;VEV_5400;14;19;13;26;;;15;28;;;;;14.5;0.0
-1;8900;VEV_5500;6;20;;;;;7;24;;;;;6.5;0.0
-1;8900;VEV_6000;0;22;;;;;1;22;;;;;0.5;0.0
-1;8900;VEV_6500;0;14;;;;;1;14;;;;;0.5;0.0
-1;9000;HYDROGEL_PACK;9979;10;9976;25;;;9995;10;9997;25;;;9987.0;0.0
-1;9000;VELVETFRUIT_EXTRACT;5265;20;5264;56;;;5270;30;5271;41;;;5267.5;0.0
-1;9000;VEV_4000;1259;15;1256;27;;;1280;15;1283;27;;;1269.5;0.0
-1;9000;VEV_4500;755;6;753;19;;;771;6;773;19;;;763.0;0.0
-1;9000;VEV_5000;257;7;;;;;263;27;264;13;;;260.0;0.0
-1;9000;VEV_5100;177;12;176;33;;;181;7;;;;;179.0;0.0
-1;9000;VEV_5200;97;9;96;28;;;99;11;100;29;;;98.0;0.0
-1;9000;VEV_5300;47;19;46;10;;;49;18;;;;;48.0;0.0
-1;9000;VEV_5400;;;;;;;;;;;;;0.0;0.0
-1;9000;VEV_5500;6;30;;;;;8;20;;;;;7.0;0.0
-1;9000;VEV_6000;0;27;;;;;1;27;;;;;0.5;0.0
-1;9000;VEV_6500;0;15;;;;;1;15;;;;;0.5;0.0
-1;9100;HYDROGEL_PACK;9980;11;9978;24;;;9996;11;9999;24;;;9988.0;0.0
-1;9100;VELVETFRUIT_EXTRACT;5265;49;;;;;5271;42;;;;;5268.0;0.0
-1;9100;VEV_4000;1259;14;1257;17;;;1280;14;;;;;1269.5;0.0
-1;9100;VEV_4500;754;13;753;16;;;771;8;773;16;;;762.5;0.0
-1;9100;VEV_5000;254;9;253;15;;;260;10;261;17;;;257.0;0.0
-1;9100;VEV_5100;177;10;;;;;182;29;;;;;179.5;0.0
-1;9100;VEV_5200;97;29;96;29;;;;;;;;;97.0;0.0
-1;9100;VEV_5300;47;5;;;;;;;;;;;47.0;0.0
-1;9100;VEV_5400;13;20;;;;;15;21;;;;;14.0;0.0
-1;9100;VEV_5500;6;24;;;;;8;25;;;;;7.0;0.0
-1;9100;VEV_6000;0;20;;;;;1;20;;;;;0.5;0.0
-1;9100;VEV_6500;0;17;;;;;1;17;;;;;0.5;0.0
-1;9200;HYDROGEL_PACK;9980;13;9978;28;;;9996;13;9999;28;;;9988.0;0.0
-1;9200;VELVETFRUIT_EXTRACT;5265;38;;;;;5271;25;5272;31;;;5268.0;0.0
-1;9200;VEV_4000;1261;10;1259;20;;;1282;10;1285;20;;;1271.5;0.0
-1;9200;VEV_4500;754;12;752;21;;;770;12;772;21;;;762.0;0.0
-1;9200;VEV_5000;254;7;253;34;;;260;6;261;13;;;257.0;0.0
-1;9200;VEV_5100;177;28;;;;;181;12;;;;;179.0;0.0
-1;9200;VEV_5200;96;26;;;;;99;32;;;;;97.5;0.0
-1;9200;VEV_5300;47;24;;;;;;;;;;;47.0;0.0
-1;9200;VEV_5400;13;18;;;;;;;;;;;13.0;0.0
-1;9200;VEV_5500;6;20;;;;;8;23;;;;;7.0;0.0
-1;9200;VEV_6000;0;18;;;;;1;18;;;;;0.5;0.0
-1;9200;VEV_6500;0;14;;;;;1;14;;;;;0.5;0.0
-1;9300;HYDROGEL_PACK;9984;15;9981;24;;;10000;15;10002;24;;;9992.0;0.0
-1;9300;VELVETFRUIT_EXTRACT;5266;17;;;;;5272;63;;;;;5269.0;0.0
-1;9300;VEV_4000;1262;12;1259;18;;;1283;12;1286;18;;;1272.5;0.0
-1;9300;VEV_4500;751;21;;;;;769;9;771;21;;;760.0;0.0
-1;9300;VEV_5000;254;21;;;;;261;15;;;;;257.5;0.0
-1;9300;VEV_5100;176;9;175;16;;;180;35;;;;;178.0;0.0
-1;9300;VEV_5200;;;;;;;100;9;101;22;;;100.0;0.0
-1;9300;VEV_5300;;;;;;;49;25;;;;;49.0;0.0
-1;9300;VEV_5400;14;21;;;;;14;7;15;22;;;14.0;0.0
-1;9300;VEV_5500;6;24;;;;;8;23;;;;;7.0;0.0
-1;9300;VEV_6000;0;22;;;;;1;22;;;;;0.5;0.0
-1;9300;VEV_6500;0;15;;;;;1;15;;;;;0.5;0.0
-1;9400;HYDROGEL_PACK;9984;13;9981;25;;;10000;13;10002;25;;;9992.0;0.0
-1;9400;VELVETFRUIT_EXTRACT;5267;25;5266;70;;;5272;47;;;;;5269.5;0.0
-1;9400;VEV_4000;1260;14;1258;30;;;1282;14;1284;30;;;1271.0;0.0
-1;9400;VEV_4500;754;8;752;14;;;772;14;;;;;763.0;0.0
-1;9400;VEV_5000;253;12;252;32;;;259;30;260;23;;;256.0;0.0
-1;9400;VEV_5100;176;14;;;;;181;9;182;12;;;178.5;0.0
-1;9400;VEV_5200;;;;;;;101;19;;;;;101.0;0.0
-1;9400;VEV_5300;47;22;;;;;49;26;;;;;48.0;0.0
-1;9400;VEV_5400;14;21;13;19;;;14;7;;;;;14.0;0.0
-1;9400;VEV_5500;7;21;;;;;8;22;;;;;7.5;0.0
-1;9400;VEV_6000;0;22;;;;;1;22;;;;;0.5;0.0
-1;9400;VEV_6500;0;17;;;;;1;17;;;;;0.5;0.0
-1;9500;HYDROGEL_PACK;9982;15;9979;29;;;9998;15;10000;29;;;9990.0;0.0
-1;9500;VELVETFRUIT_EXTRACT;5267;57;;;;;5272;25;5273;45;;;5269.5;0.0
-1;9500;VEV_4000;1260;14;1257;29;;;1281;14;1284;29;;;1270.5;0.0
-1;9500;VEV_4500;753;8;752;9;751;14;769;8;770;11;771;14;761.0;0.0
-1;9500;VEV_5000;253;9;252;12;;;259;7;;;;;256.0;0.0
-1;9500;VEV_5100;175;10;174;14;;;180;24;;;;;177.5;0.0
-1;9500;VEV_5200;98;35;97;32;;;;;;;;;98.0;0.0
-1;9500;VEV_5300;47;26;;;;;49;7;50;19;;;48.0;0.0
-1;9500;VEV_5400;13;21;;;;;15;19;;;;;14.0;0.0
-1;9500;VEV_5500;7;29;;;;;8;20;;;;;7.5;0.0
-1;9500;VEV_6000;0;21;;;;;1;21;;;;;0.5;0.0
-1;9500;VEV_6500;0;14;;;;;1;14;;;;;0.5;0.0
-1;9600;HYDROGEL_PACK;9980;12;9977;22;;;9996;12;9998;22;;;9988.0;0.0
-1;9600;VELVETFRUIT_EXTRACT;5265;72;;;;;5271;69;;;;;5268.0;0.0
-1;9600;VEV_4000;1259;8;1256;15;;;1280;8;1282;15;;;1269.5;0.0
-1;9600;VEV_4500;753;12;751;12;;;769;12;771;12;;;761.0;0.0
-1;9600;VEV_5000;252;7;251;23;;;258;11;259;22;;;255.0;0.0
-1;9600;VEV_5100;175;27;;;;;179;23;;;;;177.0;0.0
-1;9600;VEV_5200;98;35;97;15;;;100;31;;;;;99.0;0.0
-1;9600;VEV_5300;47;18;46;26;;;49;21;;;;;48.0;0.0
-1;9600;VEV_5400;13;25;;;;;14;20;;;;;13.5;0.0
-1;9600;VEV_5500;6;22;;;;;8;19;;;;;7.0;0.0
-1;9600;VEV_6000;0;22;;;;;1;22;;;;;0.5;0.0
-1;9600;VEV_6500;0;18;;;;;1;18;;;;;0.5;0.0
-1;9700;HYDROGEL_PACK;9978;12;9976;24;;;9994;12;9997;24;;;9986.0;0.0
-1;9700;VELVETFRUIT_EXTRACT;5264;60;5264;23;;;5270;57;;;;;5267.0;0.0
-1;9700;VEV_4000;1259;9;1256;19;;;1280;9;1283;19;;;1269.5;0.0
-1;9700;VEV_4500;754;10;752;21;;;770;10;772;21;;;762.0;0.0
-1;9700;VEV_5000;249;6;248;16;;;255;12;256;21;;;252.0;0.0
-1;9700;VEV_5100;;;;;;;179;7;;;;;179.0;0.0
-1;9700;VEV_5200;99;7;98;33;;;101;10;102;32;;;100.0;0.0
-1;9700;VEV_5300;;;;;;;49;26;50;20;;;49.0;0.0
-1;9700;VEV_5400;13;17;;;;;;;;;;;13.0;0.0
-1;9700;VEV_5500;6;22;;;;;8;27;;;;;7.0;0.0
-1;9700;VEV_6000;0;19;;;;;1;19;;;;;0.5;0.0
-1;9700;VEV_6500;0;15;;;;;1;15;;;;;0.5;0.0
-1;9800;HYDROGEL_PACK;9977;14;9975;25;;;9993;14;9996;25;;;9985.0;0.0
-1;9800;VELVETFRUIT_EXTRACT;5264;56;;;;;5270;71;;;;;5267.0;0.0
-1;9800;VEV_4000;1260;12;1257;18;;;1281;12;1284;18;;;1270.5;0.0
-1;9800;VEV_4500;753;10;751;17;;;769;10;771;17;;;761.0;0.0
-1;9800;VEV_5000;247;28;246;20;;;254;20;;;;;250.5;0.0
-1;9800;VEV_5100;174;11;173;19;;;178;7;179;32;;;176.0;0.0
-1;9800;VEV_5200;98;24;97;23;;;101;36;;;;;99.5;0.0
-1;9800;VEV_5300;47;28;;;;;49;24;;;;;48.0;0.0
-1;9800;VEV_5400;13;16;;;;;15;26;;;;;14.0;0.0
-1;9800;VEV_5500;6;19;;;;;8;20;;;;;7.0;0.0
-1;9800;VEV_6000;0;17;;;;;1;17;;;;;0.5;0.0
-1;9800;VEV_6500;0;14;;;;;1;14;;;;;0.5;0.0
-1;9900;HYDROGEL_PACK;9977;10;9974;27;;;9993;10;9995;27;;;9985.0;0.0
-1;9900;VELVETFRUIT_EXTRACT;5264;40;5264;17;;;5269;17;5270;41;;;5266.5;0.0
-1;9900;VEV_4000;1262;7;1259;28;;;1283;7;1285;28;;;1272.5;0.0
-1;9900;VEV_4500;753;6;752;12;;;770;8;772;12;;;761.5;0.0
-1;9900;VEV_5000;248;7;247;12;;;254;7;255;17;;;251.0;0.0
-1;9900;VEV_5100;174;12;173;17;;;178;12;179;21;;;176.0;0.0
-1;9900;VEV_5200;99;35;98;19;;;102;23;;;;;100.5;0.0
-1;9900;VEV_5300;48;22;47;17;;;50;19;;;;;49.0;0.0
-1;9900;VEV_5400;14;20;;;;;15;7;16;28;;;14.5;0.0
-1;9900;VEV_5500;6;20;;;;;8;23;;;;;7.0;0.0
-1;9900;VEV_6000;0;20;;;;;1;20;;;;;0.5;0.0
-1;9900;VEV_6500;0;18;;;;;1;18;;;;;0.5;0.0
-1;10000;HYDROGEL_PACK;9978;13;9975;24;;;9994;13;9996;24;;;9986.0;0.0
-1;10000;VELVETFRUIT_EXTRACT;5263;34;5263;52;;;5268;20;5269;32;;;5265.5;0.0
-1;10000;VEV_4000;1262;13;1260;17;;;1284;13;1286;17;;;1273.0;0.0
-1;10000;VEV_4500;753;7;751;15;;;769;7;771;15;;;761.0;0.0
-1;10000;VEV_5000;247;8;;;;;253;23;254;19;;;250.0;0.0
-1;10000;VEV_5100;177;6;176;19;;;182;19;;;;;179.5;0.0
-1;10000;VEV_5200;99;30;98;15;;;102;13;;;;;100.5;0.0
-1;10000;VEV_5300;48;24;47;17;;;50;23;;;;;49.0;0.0
-1;10000;VEV_5400;14;24;;;;;16;25;;;;;15.0;0.0
-1;10000;VEV_5500;7;22;;;;;8;22;;;;;7.5;0.0
-1;10000;VEV_6000;0;23;;;;;1;23;;;;;0.5;0.0
-1;10000;VEV_6500;0;11;;;;;1;11;;;;;0.5;0.0
-1;10100;HYDROGEL_PACK;9978;10;9975;21;;;9994;10;9996;21;;;9986.0;0.0
-1;10100;VELVETFRUIT_EXTRACT;5263;35;5263;23;;;5268;23;5269;36;5269;33;5265.5;0.0
-1;10100;VEV_4000;1261;13;1258;15;;;1282;13;1285;15;;;1271.5;0.0
-1;10100;VEV_4500;754;10;752;12;;;770;10;772;12;;;762.0;0.0
-1;10100;VEV_5000;245;22;;;;;252;8;253;19;;;248.5;0.0
-1;10100;VEV_5100;176;20;;;;;180;8;;;;;178.0;0.0
-1;10100;VEV_5200;98;15;;;;;102;23;;;;;100.0;0.0
-1;10100;VEV_5300;49;23;;;;;51;6;;;;;50.0;0.0
-1;10100;VEV_5400;;;;;;;16;18;;;;;16.0;0.0
-1;10100;VEV_5500;7;20;;;;;8;26;;;;;7.5;0.0
-1;10100;VEV_6000;0;27;;;;;1;27;;;;;0.5;0.0
-1;10100;VEV_6500;0;17;;;;;1;17;;;;;0.5;0.0
-1;10200;HYDROGEL_PACK;9976;13;9974;24;;;9992;13;9995;24;;;9984.0;0.0
-1;10200;VELVETFRUIT_EXTRACT;5261;30;;;;;5267;50;;;;;5264.0;0.0
-1;10200;VEV_4000;1263;15;1260;20;;;1284;15;1287;20;;;1273.5;0.0
-1;10200;VEV_4500;753;12;751;24;;;769;12;771;24;;;761.0;0.0
-1;10200;VEV_5000;245;7;244;28;;;251;26;252;22;;;248.0;0.0
-1;10200;VEV_5100;175;22;;;;;180;6;181;19;;;177.5;0.0
-1;10200;VEV_5200;98;16;;;;;;;;;;;98.0;0.0
-1;10200;VEV_5300;49;21;;;;;52;14;;;;;50.5;0.0
-1;10200;VEV_5400;14;22;;;;;;;;;;;14.0;0.0
-1;10200;VEV_5500;7;20;;;;;8;19;;;;;7.5;0.0
-1;10200;VEV_6000;0;26;;;;;1;26;;;;;0.5;0.0
-1;10200;VEV_6500;0;14;;;;;1;14;;;;;0.5;0.0
-1;10300;HYDROGEL_PACK;9975;14;9973;23;;;9991;14;9994;23;;;9983.0;0.0
-1;10300;VELVETFRUIT_EXTRACT;5263;18;;;;;5268;21;5269;66;;;5265.5;0.0
-1;10300;VEV_4000;1263;9;1260;15;;;1284;9;1287;15;;;1273.5;0.0
-1;10300;VEV_4500;753;8;751;16;;;769;8;771;16;;;761.0;0.0
-1;10300;VEV_5000;246;29;245;14;;;;;;;;;246.0;0.0
-1;10300;VEV_5100;176;11;175;13;;;180;31;181;22;;;178.0;0.0
-1;10300;VEV_5200;99;28;98;19;;;102;30;;;;;100.5;0.0
-1;10300;VEV_5300;49;24;;;;;51;5;;;;;50.0;0.0
-1;10300;VEV_5400;14;23;14;26;;;16;22;;;;;15.0;0.0
-1;10300;VEV_5500;6;25;;;;;8;19;;;;;7.0;0.0
-1;10300;VEV_6000;0;20;;;;;1;20;;;;;0.5;0.0
-1;10300;VEV_6500;0;15;;;;;1;15;;;;;0.5;0.0
-1;10400;HYDROGEL_PACK;9974;11;9972;23;;;9990;11;9993;23;;;9982.0;0.0
-1;10400;VELVETFRUIT_EXTRACT;5261;43;;;;;5267;55;;;;;5264.0;0.0
-1;10400;VEV_4000;1263;11;1261;22;;;1285;11;1287;22;;;1274.0;0.0
-1;10400;VEV_4500;753;10;752;22;751;19;769;10;770;6;771;19;761.0;0.0
-1;10400;VEV_5000;247;32;;;;;254;8;;;;;250.5;0.0
-1;10400;VEV_5100;175;31;;;;;180;6;;;;;177.5;0.0
-1;10400;VEV_5200;100;31;;;;;102;9;103;36;;;101.0;0.0
-1;10400;VEV_5300;49;10;48;20;;;51;20;;;;;50.0;0.0
-1;10400;VEV_5400;;;;;;;16;27;;;;;16.0;0.0
-1;10400;VEV_5500;6;26;;;;;8;24;;;;;7.0;0.0
-1;10400;VEV_6000;0;20;;;;;1;20;;;;;0.5;0.0
-1;10400;VEV_6500;0;17;;;;;1;17;;;;;0.5;0.0
-1;10500;HYDROGEL_PACK;9974;12;9971;24;;;9990;12;9992;24;;;9982.0;0.0
-1;10500;VELVETFRUIT_EXTRACT;5262;42;5261;35;;;5268;56;;;;;5265.0;0.0
-1;10500;VEV_4000;1263;12;1261;21;;;1285;12;1287;21;;;1274.0;0.0
-1;10500;VEV_4500;751;12;750;12;749;13;767;12;769;13;;;759.0;0.0
-1;10500;VEV_5000;248;9;247;23;;;254;29;255;17;;;251.0;0.0
-1;10500;VEV_5100;176;8;175;21;;;180;7;181;25;;;178.0;0.0
-1;10500;VEV_5200;98;16;;;;;101;7;;;;;99.5;0.0
-1;10500;VEV_5300;48;18;;;;;50;21;;;;;49.0;0.0
-1;10500;VEV_5400;14;29;;;;;15;20;16;24;;;14.5;0.0
-1;10500;VEV_5500;6;18;;;;;8;22;;;;;7.0;0.0
-1;10500;VEV_6000;0;17;;;;;1;17;;;;;0.5;0.0
-1;10500;VEV_6500;0;19;;;;;1;19;;;;;0.5;0.0
-1;10600;HYDROGEL_PACK;9974;14;9971;24;;;9990;14;9992;24;;;9982.0;0.0
-1;10600;VELVETFRUIT_EXTRACT;5260;45;;;;;5266;40;;;;;5263.0;0.0
-1;10600;VEV_4000;1263;10;1261;25;;;1285;10;1287;25;;;1274.0;0.0
-1;10600;VEV_4500;751;9;749;18;;;769;18;;;;;760.0;0.0
-1;10600;VEV_5000;246;26;;;;;254;24;;;;;250.0;0.0
-1;10600;VEV_5100;174;17;;;;;179;10;;;;;176.5;0.0
-1;10600;VEV_5200;100;21;99;22;;;103;20;;;;;101.5;0.0
-1;10600;VEV_5300;49;29;48;23;;;51;5;;;;;50.0;0.0
-1;10600;VEV_5400;;;;;;;16;24;;;;;16.0;0.0
-1;10600;VEV_5500;6;25;;;;;8;23;;;;;7.0;0.0
-1;10600;VEV_6000;0;24;;;;;1;24;;;;;0.5;0.0
-1;10600;VEV_6500;0;17;;;;;1;17;;;;;0.5;0.0
-1;10700;HYDROGEL_PACK;9974;11;9972;22;;;9990;11;9993;22;;;9982.0;0.0
-1;10700;VELVETFRUIT_EXTRACT;5261;24;;;;;5267;67;;;;;5264.0;0.0
-1;10700;VEV_4000;1266;12;1264;23;;;1288;12;1290;23;;;1277.0;0.0
-1;10700;VEV_4500;752;6;750;20;;;768;6;770;20;;;760.0;0.0
-1;10700;VEV_5000;245;34;244;18;;;251;24;;;;;248.0;0.0
-1;10700;VEV_5100;176;22;;;;;180;22;181;14;;;178.0;0.0
-1;10700;VEV_5200;101;27;100;19;;;104;18;;;;;102.5;0.0
-1;10700;VEV_5300;48;12;;;;;51;21;;;;;49.5;0.0
-1;10700;VEV_5400;;;;;;;15;23;;;;;15.0;0.0
-1;10700;VEV_5500;6;21;;;;;8;25;;;;;7.0;0.0
-1;10700;VEV_6000;0;22;;;;;1;22;;;;;0.5;0.0
-1;10700;VEV_6500;0;11;;;;;1;11;;;;;0.5;0.0
-1;10800;HYDROGEL_PACK;9976;15;9973;28;;;9992;15;9994;28;;;9984.0;0.0
-1;10800;VELVETFRUIT_EXTRACT;5263;57;;;;;5268;15;5269;61;;;5265.5;0.0
-1;10800;VEV_4000;1266;9;1264;25;;;1288;9;1290;25;;;1277.0;0.0
-1;10800;VEV_4500;751;10;749;17;;;767;10;769;17;;;759.0;0.0
-1;10800;VEV_5000;243;12;242;19;;;249;6;250;15;;;246.0;0.0
-1;10800;VEV_5100;176;20;;;;;180;9;181;32;;;178.0;0.0
-1;10800;VEV_5200;100;20;;;;;104;22;;;;;102.0;0.0
-1;10800;VEV_5300;49;22;;;;;51;6;;;;;50.0;0.0
-1;10800;VEV_5400;13;20;;;;;15;27;;;;;14.0;0.0
-1;10800;VEV_5500;6;27;;;;;8;20;;;;;7.0;0.0
-1;10800;VEV_6000;0;20;;;;;1;20;;;;;0.5;0.0
-1;10800;VEV_6500;0;20;;;;;1;20;;;;;0.5;0.0
-1;10900;HYDROGEL_PACK;9973;14;9970;23;;;9989;14;9991;23;;;9981.0;0.0
-1;10900;VELVETFRUIT_EXTRACT;5263;30;5263;37;;;5269;47;;;;;5266.0;0.0
-1;10900;VEV_4000;1267;10;1264;21;;;1288;10;1291;21;;;1277.5;0.0
-1;10900;VEV_4500;749;11;747;17;;;765;11;767;17;;;757.0;0.0
-1;10900;VEV_5000;244;8;;;;;;;;;;;244.0;0.0
-1;10900;VEV_5100;;;;;;;181;6;;;;;181.0;0.0
-1;10900;VEV_5200;;;;;;;104;19;105;23;;;104.0;0.0
-1;10900;VEV_5300;49;5;;;;;51;24;;;;;50.0;0.0
-1;10900;VEV_5400;14;19;;;;;15;19;16;20;;;14.5;0.0
-1;10900;VEV_5500;6;18;;;;;8;24;;;;;7.0;0.0
-1;10900;VEV_6000;0;15;;;;;1;15;;;;;0.5;0.0
-1;10900;VEV_6500;0;18;;;;;1;18;;;;;0.5;0.0
-1;11000;HYDROGEL_PACK;9975;10;9973;27;;;9991;10;9994;27;;;9983.0;0.0
-1;11000;VELVETFRUIT_EXTRACT;5262;53;;;;;5268;31;5268;53;;;5265.0;0.0
-1;11000;VEV_4000;1266;13;1264;27;;;1288;13;1290;27;;;1277.0;0.0
-1;11000;VEV_4500;750;8;748;19;;;768;19;;;;;759.0;0.0
-1;11000;VEV_5000;244;31;243;24;;;250;27;251;12;;;247.0;0.0
-1;11000;VEV_5100;177;11;176;21;;;182;21;;;;;179.5;0.0
-1;11000;VEV_5200;101;15;;;;;105;23;;;;;103.0;0.0
-1;11000;VEV_5300;48;24;47;15;;;50;21;;;;;49.0;0.0
-1;11000;VEV_5400;13;22;;;;;15;19;;;;;14.0;0.0
-1;11000;VEV_5500;6;26;;;;;8;21;;;;;7.0;0.0
-1;11000;VEV_6000;0;26;;;;;1;26;;;;;0.5;0.0
-1;11000;VEV_6500;0;16;;;;;1;16;;;;;0.5;0.0
-1;11100;HYDROGEL_PACK;9978;11;9976;24;;;9994;11;9997;24;;;9986.0;0.0
-1;11100;VELVETFRUIT_EXTRACT;5262;36;;;;;5267;23;5268;56;;;5264.5;0.0
-1;11100;VEV_4000;1265;8;1263;26;;;1287;8;1289;26;;;1276.0;0.0
-1;11100;VEV_4500;750;12;748;19;;;766;12;768;19;;;758.0;0.0
-1;11100;VEV_5000;245;10;244;13;;;251;30;252;24;;;248.0;0.0
-1;11100;VEV_5100;177;8;176;12;;;181;10;;;;;179.0;0.0
-1;11100;VEV_5200;101;17;;;;;104;32;105;21;;;102.5;0.0
-1;11100;VEV_5300;;;;;;;51;22;;;;;51.0;0.0
-1;11100;VEV_5400;;;;;;;16;16;;;;;16.0;0.0
-1;11100;VEV_5500;6;19;;;;;8;19;;;;;7.0;0.0
-1;11100;VEV_6000;0;26;;;;;1;26;;;;;0.5;0.0
-1;11100;VEV_6500;0;14;;;;;1;14;;;;;0.5;0.0
-1;11200;HYDROGEL_PACK;9980;15;9977;27;;;9996;15;9998;27;;;9988.0;0.0
-1;11200;VELVETFRUIT_EXTRACT;5263;20;5262;60;;;5268;56;;;;;5265.5;0.0
-1;11200;VEV_4000;1266;13;1263;18;;;1287;13;1290;18;;;1276.5;0.0
-1;11200;VEV_4500;751;9;749;22;;;767;9;769;22;;;759.0;0.0
-1;11200;VEV_5000;244;7;243;14;;;250;30;251;13;;;247.0;0.0
-1;11200;VEV_5100;176;12;175;14;;;180;6;;;;;178.0;0.0
-1;11200;VEV_5200;100;16;;;;;103;8;104;36;;;101.5;0.0
-1;11200;VEV_5300;49;19;;;;;51;27;;;;;50.0;0.0
-1;11200;VEV_5400;14;24;;;;;;;;;;;14.0;0.0
-1;11200;VEV_5500;6;22;;;;;8;22;;;;;7.0;0.0
-1;11200;VEV_6000;0;25;;;;;1;25;;;;;0.5;0.0
-1;11200;VEV_6500;0;17;;;;;1;17;;;;;0.5;0.0
-1;11300;HYDROGEL_PACK;9980;14;9977;20;;;9996;14;9998;20;;;9988.0;0.0
-1;11300;VELVETFRUIT_EXTRACT;5261;23;5261;15;;;5267;50;;;;;5264.0;0.0
-1;11300;VEV_4000;1265;11;1263;27;;;1287;11;1289;27;;;1276.0;0.0
-1;11300;VEV_4500;751;6;749;18;;;767;6;769;18;;;759.0;0.0
-1;11300;VEV_5000;243;11;242;18;;;249;8;;;;;246.0;0.0
-1;11300;VEV_5100;174;8;173;20;;;178;27;;;;;176.0;0.0
-1;11300;VEV_5200;101;23;;;;;;;;;;;101.0;0.0
-1;11300;VEV_5300;49;23;;;;;51;24;;;;;50.0;0.0
-1;11300;VEV_5400;13;16;;;;;15;28;;;;;14.0;0.0
-1;11300;VEV_5500;6;20;;;;;8;19;;;;;7.0;0.0
-1;11300;VEV_6000;0;21;;;;;1;21;;;;;0.5;0.0
-1;11300;VEV_6500;0;14;;;;;1;14;;;;;0.5;0.0
-1;11400;HYDROGEL_PACK;9981;11;9978;30;;;9997;11;9999;30;;;9989.0;0.0
-1;11400;VELVETFRUIT_EXTRACT;5259;38;5259;20;;;5264;20;5265;42;;;5261.5;0.0
-1;11400;VEV_4000;1264;13;1262;27;;;1286;13;1288;27;;;1275.0;0.0
-1;11400;VEV_4500;751;11;749;14;;;769;14;;;;;760.0;0.0
-1;11400;VEV_5000;244;11;243;16;;;251;18;;;;;247.5;0.0
-1;11400;VEV_5100;174;8;;;;;178;9;;;;;176.0;0.0
-1;11400;VEV_5200;102;9;;;;;;;;;;;102.0;0.0
-1;11400;VEV_5300;48;18;47;16;;;50;24;51;26;;;49.0;0.0
-1;11400;VEV_5400;13;15;;;;;15;25;;;;;14.0;0.0
-1;11400;VEV_5500;7;20;;;;;8;24;;;;;7.5;0.0
-1;11400;VEV_6000;0;23;;;;;1;23;;;;;0.5;0.0
-1;11400;VEV_6500;0;16;;;;;1;16;;;;;0.5;0.0
-1;11500;HYDROGEL_PACK;9981;10;9978;28;;;9997;10;9999;28;;;9989.0;0.0
-1;11500;VELVETFRUIT_EXTRACT;5258;49;;;;;5264;33;5265;47;;;5261.0;0.0
-1;11500;VEV_4000;1266;15;1263;26;;;1287;15;1290;26;;;1276.5;0.0
-1;11500;VEV_4500;749;9;747;21;;;765;9;766;6;767;21;757.0;0.0
-1;11500;VEV_5000;;;;;;;251;16;;;;;251.0;0.0
-1;11500;VEV_5100;175;24;;;;;180;24;181;31;;;177.5;0.0
-1;11500;VEV_5200;;;;;;;106;17;;;;;106.0;0.0
-1;11500;VEV_5300;48;5;;;;;50;21;51;21;;;49.0;0.0
-1;11500;VEV_5400;13;22;;;;;15;25;;;;;14.0;0.0
-1;11500;VEV_5500;7;24;;;;;8;18;;;;;7.5;0.0
-1;11500;VEV_6000;0;29;;;;;1;29;;;;;0.5;0.0
-1;11500;VEV_6500;0;17;;;;;1;17;;;;;0.5;0.0
-1;11600;HYDROGEL_PACK;9976;14;9974;21;;;9992;14;9995;21;;;9984.0;0.0
-1;11600;VELVETFRUIT_EXTRACT;5260;21;5259;52;;;5264;21;5265;42;;;5262.0;0.0
-1;11600;VEV_4000;1265;8;1263;23;;;1287;8;1289;23;;;1276.0;0.0
-1;11600;VEV_4500;750;6;748;24;;;766;6;768;24;;;758.0;0.0
-1;11600;VEV_5000;243;7;242;12;;;249;12;250;17;;;246.0;0.0
-1;11600;VEV_5100;177;32;;;;;181;6;;;;;179.0;0.0
-1;11600;VEV_5200;103;11;;;;;105;9;106;13;;;104.0;0.0
-1;11600;VEV_5300;48;22;;;;;50;9;;;;;49.0;0.0
-1;11600;VEV_5400;13;25;13;6;;;15;25;;;;;14.0;0.0
-1;11600;VEV_5500;6;30;;;;;8;27;;;;;7.0;0.0
-1;11600;VEV_6000;0;19;;;;;1;19;;;;;0.5;0.0
-1;11600;VEV_6500;0;17;;;;;1;17;;;;;0.5;0.0
-1;11700;HYDROGEL_PACK;9975;10;9972;20;;;9993;20;;;;;9984.0;0.0
-1;11700;VELVETFRUIT_EXTRACT;5260;18;5259;21;;;5264;18;5265;56;;;5262.0;0.0
-1;11700;VEV_4000;1267;11;1264;23;;;1288;11;1291;23;;;1277.5;0.0
-1;11700;VEV_4500;750;9;748;17;;;766;9;768;17;;;758.0;0.0
-1;11700;VEV_5000;244;7;243;18;;;251;25;;;;;247.5;0.0
-1;11700;VEV_5100;176;33;;;;;;;;;;;176.0;0.0
-1;11700;VEV_5200;102;32;;;;;;;;;;;102.0;0.0
-1;11700;VEV_5300;48;25;;;;;50;22;;;;;49.0;0.0
-1;11700;VEV_5400;13;27;13;21;;;;;;;;;13.0;0.0
-1;11700;VEV_5500;7;21;;;;;8;16;;;;;7.5;0.0
-1;11700;VEV_6000;0;19;;;;;1;19;;;;;0.5;0.0
-1;11700;VEV_6500;0;15;;;;;1;15;;;;;0.5;0.0
-1;11800;HYDROGEL_PACK;9973;13;9970;28;;;9989;13;9991;28;;;9981.0;0.0
-1;11800;VELVETFRUIT_EXTRACT;5259;64;;;;;5264;22;5265;71;;;5261.5;0.0
-1;11800;VEV_4000;1267;14;1264;26;;;1288;14;1291;26;;;1277.5;0.0
-1;11800;VEV_4500;751;8;749;17;;;767;8;769;17;;;759.0;0.0
-1;11800;VEV_5000;244;7;243;14;;;250;8;;;;;247.0;0.0
-1;11800;VEV_5100;176;7;;;;;180;7;;;;;178.0;0.0
-1;11800;VEV_5200;103;6;102;34;;;105;9;106;34;;;104.0;0.0
-1;11800;VEV_5300;47;6;;;;;49;22;50;13;;;48.0;0.0
-1;11800;VEV_5400;13;20;12;27;;;13;25;14;18;;;13.0;0.0
-1;11800;VEV_5500;7;23;;;;;8;21;;;;;7.5;0.0
-1;11800;VEV_6000;0;23;;;;;1;23;;;;;0.5;0.0
-1;11800;VEV_6500;0;12;;;;;1;12;;;;;0.5;0.0
-1;11900;HYDROGEL_PACK;9969;15;9967;22;;;9985;15;9988;22;;;9977.0;0.0
-1;11900;VELVETFRUIT_EXTRACT;5260;25;5259;59;;;5264;25;5265;47;5266;40;5262.0;0.0
-1;11900;VEV_4000;1267;9;1264;24;;;1288;9;1291;24;;;1277.5;0.0
-1;11900;VEV_4500;751;8;749;15;;;767;8;769;15;;;759.0;0.0
-1;11900;VEV_5000;244;9;243;16;;;250;9;;;;;247.0;0.0
-1;11900;VEV_5100;177;9;176;18;;;181;12;182;13;;;179.0;0.0
-1;11900;VEV_5200;101;33;;;;;104;19;105;13;;;102.5;0.0
-1;11900;VEV_5300;48;24;;;;;50;25;;;;;49.0;0.0
-1;11900;VEV_5400;12;26;;;;;13;25;;;;;12.5;0.0
-1;11900;VEV_5500;7;18;;;;;8;27;;;;;7.5;0.0
-1;11900;VEV_6000;0;24;;;;;1;24;;;;;0.5;0.0
-1;11900;VEV_6500;0;20;;;;;1;20;;;;;0.5;0.0
-1;12000;HYDROGEL_PACK;9970;11;9967;28;;;9986;11;9988;28;;;9978.0;0.0
-1;12000;VELVETFRUIT_EXTRACT;5260;50;;;;;5265;17;5266;62;;;5262.5;0.0
-1;12000;VEV_4000;1267;14;1264;21;;;1288;14;1291;21;;;1277.5;0.0
-1;12000;VEV_4500;750;6;749;11;748;18;766;6;768;18;;;758.0;0.0
-1;12000;VEV_5000;245;11;;;;;251;7;252;21;;;248.0;0.0
-1;12000;VEV_5100;178;8;177;23;;;182;8;183;19;;;180.0;0.0
-1;12000;VEV_5200;100;29;;;;;;;;;;;100.0;0.0
-1;12000;VEV_5300;48;15;;;;;50;20;;;;;49.0;0.0
-1;12000;VEV_5400;12;21;;;;;;;;;;;12.0;0.0
-1;12000;VEV_5500;7;28;;;;;8;23;;;;;7.5;0.0
-1;12000;VEV_6000;0;20;;;;;1;20;;;;;0.5;0.0
-1;12000;VEV_6500;0;16;;;;;1;16;;;;;0.5;0.0
-1;12100;HYDROGEL_PACK;9972;13;9969;26;;;9988;13;9990;26;;;9980.0;0.0
-1;12100;VELVETFRUIT_EXTRACT;5261;21;5260;38;;;5266;74;;;;;5263.5;0.0
-1;12100;VEV_4000;1268;15;1265;29;;;1289;15;1292;29;;;1278.5;0.0
-1;12100;VEV_4500;750;11;748;17;;;766;11;767;11;768;17;758.0;0.0
-1;12100;VEV_5000;;;;;;;252;7;253;24;;;252.0;0.0
-1;12100;VEV_5100;177;14;;;;;182;31;183;15;;;179.5;0.0
-1;12100;VEV_5200;100;15;;;;;103;30;104;31;;;101.5;0.0
-1;12100;VEV_5300;48;20;;;;;50;10;;;;;49.0;0.0
-1;12100;VEV_5400;12;19;;;;;14;19;;;;;13.0;0.0
-1;12100;VEV_5500;6;20;;;;;8;21;;;;;7.0;0.0
-1;12100;VEV_6000;0;21;;;;;1;21;;;;;0.5;0.0
-1;12100;VEV_6500;0;16;;;;;1;16;;;;;0.5;0.0
-1;12200;HYDROGEL_PACK;9972;13;9969;26;;;9988;13;9990;26;;;9980.0;0.0
-1;12200;VELVETFRUIT_EXTRACT;5260;32;;;;;5266;44;;;;;5263.0;0.0
-1;12200;VEV_4000;1269;7;1266;16;;;1290;7;1293;16;;;1279.5;0.0
-1;12200;VEV_4500;750;9;748;24;;;766;9;768;24;;;758.0;0.0
-1;12200;VEV_5000;246;26;245;15;;;252;6;253;20;;;249.0;0.0
-1;12200;VEV_5100;177;31;;;;;182;24;;;;;179.5;0.0
-1;12200;VEV_5200;100;7;99;20;;;;;;;;;100.0;0.0
-1;12200;VEV_5300;48;23;47;13;;;50;23;;;;;49.0;0.0
-1;12200;VEV_5400;12;17;;;;;;;;;;;12.0;0.0
-1;12200;VEV_5500;7;29;;;;;8;26;;;;;7.5;0.0
-1;12200;VEV_6000;0;27;;;;;1;27;;;;;0.5;0.0
-1;12200;VEV_6500;0;16;;;;;1;16;;;;;0.5;0.0
-1;12300;HYDROGEL_PACK;9973;14;9970;21;;;9989;14;9991;21;;;9981.0;0.0
-1;12300;VELVETFRUIT_EXTRACT;5262;18;5261;64;;;5266;18;5267;67;5268;34;5264.0;0.0
-1;12300;VEV_4000;1267;12;1265;21;;;1289;12;1291;21;;;1278.0;0.0
-1;12300;VEV_4500;750;8;;;;;766;8;768;13;;;758.0;0.0
-1;12300;VEV_5000;243;34;242;23;;;249;12;250;21;;;246.0;0.0
-1;12300;VEV_5100;;;;;;;181;6;;;;;181.0;0.0
-1;12300;VEV_5200;100;29;;;;;104;24;;;;;102.0;0.0
-1;12300;VEV_5300;49;27;;;;;51;17;;;;;50.0;0.0
-1;12300;VEV_5400;;;;;;;14;16;;;;;14.0;0.0
-1;12300;VEV_5500;6;20;;;;;8;24;;;;;7.0;0.0
-1;12300;VEV_6000;0;22;;;;;1;22;;;;;0.5;0.0
-1;12300;VEV_6500;0;16;;;;;1;16;;;;;0.5;0.0
-1;12400;HYDROGEL_PACK;9974;12;9972;21;;;9990;12;9993;21;;;9982.0;0.0
-1;12400;VELVETFRUIT_EXTRACT;5260;31;;;;;5266;35;;;;;5263.0;0.0
-1;12400;VEV_4000;1267;8;1265;26;;;1289;8;1291;26;;;1278.0;0.0
-1;12400;VEV_4500;749;19;748;23;;;768;23;;;;;758.5;0.0
-1;12400;VEV_5000;244;9;243;23;;;250;12;251;17;;;247.0;0.0
-1;12400;VEV_5100;176;8;175;30;;;180;24;181;16;;;178.0;0.0
-1;12400;VEV_5200;;;;;;;104;28;;;;;104.0;0.0
-1;12400;VEV_5300;;;;;;;51;21;;;;;51.0;0.0
-1;12400;VEV_5400;12;19;;;;;14;22;;;;;13.0;0.0
-1;12400;VEV_5500;6;28;;;;;7;24;;;;;6.5;0.0
-1;12400;VEV_6000;0;28;;;;;1;28;;;;;0.5;0.0
-1;12400;VEV_6500;0;17;;;;;1;17;;;;;0.5;0.0
-1;12500;HYDROGEL_PACK;9975;11;9972;24;;;9991;11;9993;24;;;9983.0;0.0
-1;12500;VELVETFRUIT_EXTRACT;5261;50;;;;;5267;17;;;;;5264.0;0.0
-1;12500;VEV_4000;1267;11;1264;30;;;1288;11;1291;30;;;1277.5;0.0
-1;12500;VEV_4500;750;7;749;12;748;18;768;18;;;;;759.0;0.0
-1;12500;VEV_5000;243;20;;;;;250;8;251;16;;;246.5;0.0
-1;12500;VEV_5100;176;25;;;;;181;10;;;;;178.5;0.0
-1;12500;VEV_5200;99;32;;;;;;;;;;;99.0;0.0
-1;12500;VEV_5300;49;23;;;;;51;27;;;;;50.0;0.0
-1;12500;VEV_5400;13;23;12;27;;;;;;;;;13.0;0.0
-1;12500;VEV_5500;6;19;;;;;7;23;;;;;6.5;0.0
-1;12500;VEV_6000;0;25;;;;;1;25;;;;;0.5;0.0
-1;12500;VEV_6500;0;18;;;;;1;18;;;;;0.5;0.0
-1;12600;HYDROGEL_PACK;9974;14;9971;22;;;9990;14;9992;22;;;9982.0;0.0
-1;12600;VELVETFRUIT_EXTRACT;5263;15;5262;61;;;5268;58;5269;46;;;5265.5;0.0
-1;12600;VEV_4000;1268;11;1265;29;;;1289;11;1292;29;;;1278.5;0.0
-1;12600;VEV_4500;749;10;;;;;765;10;767;14;;;757.0;0.0
-1;12600;VEV_5000;245;12;244;13;;;251;7;252;19;;;248.0;0.0
-1;12600;VEV_5100;176;9;175;17;;;180;25;;;;;178.0;0.0
-1;12600;VEV_5200;99;24;;;;;103;13;;;;;101.0;0.0
-1;12600;VEV_5300;49;6;;;;;51;23;;;;;50.0;0.0
-1;12600;VEV_5400;12;28;;;;;;;;;;;12.0;0.0
-1;12600;VEV_5500;6;25;;;;;7;26;;;;;6.5;0.0
-1;12600;VEV_6000;0;22;;;;;1;22;;;;;0.5;0.0
-1;12600;VEV_6500;0;15;;;;;1;15;;;;;0.5;0.0
-1;12700;HYDROGEL_PACK;9973;11;9970;20;;;9989;11;9991;20;;;9981.0;0.0
-1;12700;VELVETFRUIT_EXTRACT;5262;37;5262;16;;;5267;20;5268;50;;;5264.5;0.0
-1;12700;VEV_4000;1267;10;1265;23;;;1289;10;1291;23;;;1278.0;0.0
-1;12700;VEV_4500;748;13;;;;;766;12;768;13;;;757.0;0.0
-1;12700;VEV_5000;246;9;245;20;;;252;7;253;23;;;249.0;0.0
-1;12700;VEV_5100;175;11;174;22;;;179;8;;;;;177.0;0.0
-1;12700;VEV_5200;;;;;;;102;30;103;26;;;102.0;0.0
-1;12700;VEV_5300;48;24;;;;;50;25;;;;;49.0;0.0
-1;12700;VEV_5400;;;;;;;;;;;;;0.0;0.0
-1;12700;VEV_5500;6;22;;;;;7;24;;;;;6.5;0.0
-1;12700;VEV_6000;0;23;;;;;1;23;;;;;0.5;0.0
-1;12700;VEV_6500;0;13;;;;;1;13;;;;;0.5;0.0
-1;12800;HYDROGEL_PACK;9969;11;9967;24;;;9985;11;9988;24;;;9977.0;0.0
-1;12800;VELVETFRUIT_EXTRACT;5261;70;;;;;5266;24;5267;39;;;5263.5;0.0
-1;12800;VEV_4000;1268;11;1265;23;;;1289;11;1292;23;;;1278.5;0.0
-1;12800;VEV_4500;749;8;747;23;;;767;23;;;;;758.0;0.0
-1;12800;VEV_5000;244;8;243;18;;;251;18;;;;;247.5;0.0
-1;12800;VEV_5100;177;9;;;;;181;6;;;;;179.0;0.0
-1;12800;VEV_5200;100;12;99;29;;;102;22;103;24;;;101.0;0.0
-1;12800;VEV_5300;48;8;;;;;50;6;;;;;49.0;0.0
-1;12800;VEV_5400;12;22;;;;;;;;;;;12.0;0.0
-1;12800;VEV_5500;6;18;;;;;8;28;;;;;7.0;0.0
-1;12800;VEV_6000;0;22;;;;;1;22;;;;;0.5;0.0
-1;12800;VEV_6500;0;17;;;;;1;17;;;;;0.5;0.0
-1;12900;HYDROGEL_PACK;9968;11;9965;28;;;9984;11;9986;28;;;9976.0;0.0
-1;12900;VELVETFRUIT_EXTRACT;5262;68;;;;;5268;63;;;;;5265.0;0.0
-1;12900;VEV_4000;1269;11;1266;18;;;1290;11;1293;18;;;1279.5;0.0
-1;12900;VEV_4500;747;21;;;;;765;11;767;21;;;756.0;0.0
-1;12900;VEV_5000;243;10;242;15;;;249;33;250;19;;;246.0;0.0
-1;12900;VEV_5100;176;10;175;21;;;180;7;;;;;178.0;0.0
-1;12900;VEV_5200;101;27;;;;;104;11;105;19;;;102.5;0.0
-1;12900;VEV_5300;48;25;47;18;;;50;20;;;;;49.0;0.0
-1;12900;VEV_5400;13;24;;;;;14;23;;;;;13.5;0.0
-1;12900;VEV_5500;6;22;;;;;8;16;;;;;7.0;0.0
-1;12900;VEV_6000;0;28;;;;;1;28;;;;;0.5;0.0
-1;12900;VEV_6500;0;19;;;;;1;19;;;;;0.5;0.0
-1;13000;HYDROGEL_PACK;9966;30;;;;;9984;13;9987;30;;;9975.0;0.0
-1;13000;VELVETFRUIT_EXTRACT;5261;56;;;;;5267;32;5268;35;;;5264.0;0.0
-1;13000;VEV_4000;1268;8;1265;17;;;1289;8;1292;17;;;1278.5;0.0
-1;13000;VEV_4500;749;8;747;21;;;765;8;767;21;;;757.0;0.0
-1;13000;VEV_5000;245;6;244;20;;;251;6;252;18;;;248.0;0.0
-1;13000;VEV_5100;176;15;;;;;181;11;182;15;;;178.5;0.0
-1;13000;VEV_5200;102;7;101;18;;;105;22;;;;;103.5;0.0
-1;13000;VEV_5300;49;27;;;;;51;5;;;;;50.0;0.0
-1;13000;VEV_5400;;;;;;;14;18;;;;;14.0;0.0
-1;13000;VEV_5500;6;25;;;;;8;21;;;;;7.0;0.0
-1;13000;VEV_6000;0;25;;;;;1;25;;;;;0.5;0.0
-1;13000;VEV_6500;0;12;;;;;1;12;;;;;0.5;0.0
-1;13100;HYDROGEL_PACK;9967;13;9965;27;;;9983;13;9986;27;;;9975.0;0.0
-1;13100;VELVETFRUIT_EXTRACT;5261;57;5260;40;;;5266;25;5267;15;;;5263.5;0.0
-1;13100;VEV_4000;1269;11;1266;24;;;1290;11;1293;24;;;1279.5;0.0
-1;13100;VEV_4500;750;12;749;15;748;14;768;14;;;;;759.0;0.0
-1;13100;VEV_5000;246;8;245;17;;;252;6;;;;;249.0;0.0
-1;13100;VEV_5100;175;28;174;22;;;179;10;180;20;;;177.0;0.0
-1;13100;VEV_5200;;;;;;;106;27;;;;;106.0;0.0
-1;13100;VEV_5300;49;28;;;;;51;23;;;;;50.0;0.0
-1;13100;VEV_5400;12;24;;;;;14;22;;;;;13.0;0.0
-1;13100;VEV_5500;6;28;;;;;8;22;;;;;7.0;0.0
-1;13100;VEV_6000;0;26;;;;;1;26;;;;;0.5;0.0
-1;13100;VEV_6500;0;15;;;;;1;15;;;;;0.5;0.0
-1;13200;HYDROGEL_PACK;9969;14;9966;21;;;9985;14;9987;21;;;9977.0;0.0
-1;13200;VELVETFRUIT_EXTRACT;5260;32;;;;;5265;20;5266;53;;;5262.5;0.0
-1;13200;VEV_4000;1268;7;1266;16;;;1290;7;1292;16;;;1279.0;0.0
-1;13200;VEV_4500;750;11;748;12;;;766;11;768;12;;;758.0;0.0
-1;13200;VEV_5000;244;10;243;15;;;250;22;251;21;;;247.0;0.0
-1;13200;VEV_5100;174;6;;;;;178;24;179;27;;;176.0;0.0
-1;13200;VEV_5200;102;8;101;28;;;104;8;105;35;;;103.0;0.0
-1;13200;VEV_5300;50;26;49;21;;;52;22;53;18;;;51.0;0.0
-1;13200;VEV_5400;13;22;;;;;14;22;;;;;13.5;0.0
-1;13200;VEV_5500;6;26;;;;;8;29;;;;;7.0;0.0
-1;13200;VEV_6000;0;20;;;;;1;20;;;;;0.5;0.0
-1;13200;VEV_6500;0;7;;;;;1;7;;;;;0.5;0.0
-1;13300;HYDROGEL_PACK;9968;10;9965;27;;;9984;10;9986;27;;;9976.0;0.0
-1;13300;VELVETFRUIT_EXTRACT;5261;23;5260;67;;;5265;23;5266;50;;;5263.0;0.0
-1;13300;VEV_4000;1267;15;1265;23;;;1289;15;1291;23;;;1278.0;0.0
-1;13300;VEV_4500;747;24;;;;;765;11;766;15;767;24;756.0;0.0
-1;13300;VEV_5000;245;9;244;18;;;251;29;252;20;;;248.0;0.0
-1;13300;VEV_5100;174;24;;;;;179;10;180;13;;;176.5;0.0
-1;13300;VEV_5200;102;11;101;15;;;105;20;;;;;103.5;0.0
-1;13300;VEV_5300;50;20;;;;;52;24;53;22;;;51.0;0.0
-1;13300;VEV_5400;13;23;12;21;;;;;;;;;13.0;0.0
-1;13300;VEV_5500;7;20;;;;;8;27;;;;;7.5;0.0
-1;13300;VEV_6000;0;23;;;;;1;23;;;;;0.5;0.0
-1;13300;VEV_6500;0;14;;;;;1;14;;;;;0.5;0.0
-1;13400;HYDROGEL_PACK;9968;12;9965;28;;;9984;12;9986;28;;;9976.0;0.0
-1;13400;VELVETFRUIT_EXTRACT;5261;19;5260;67;;;5266;35;5267;30;;;5263.5;0.0
-1;13400;VEV_4000;1267;12;1265;16;;;1289;12;1291;16;;;1278.0;0.0
-1;13400;VEV_4500;749;9;747;16;;;765;9;767;16;;;757.0;0.0
-1;13400;VEV_5000;246;7;245;33;;;252;11;;;;;249.0;0.0
-1;13400;VEV_5100;173;11;172;18;;;178;21;;;;;175.5;0.0
-1;13400;VEV_5200;;;;;;;103;9;104;22;;;103.0;0.0
-1;13400;VEV_5300;50;24;;;;;52;24;;;;;51.0;0.0
-1;13400;VEV_5400;13;22;12;20;;;13;19;;;;;13.0;0.0
-1;13400;VEV_5500;7;22;;;;;8;27;;;;;7.5;0.0
-1;13400;VEV_6000;0;27;;;;;1;27;;;;;0.5;0.0
-1;13400;VEV_6500;0;14;;;;;1;14;;;;;0.5;0.0
-1;13500;HYDROGEL_PACK;9966;12;9964;27;;;9982;12;9985;27;;;9974.0;0.0
-1;13500;VELVETFRUIT_EXTRACT;5261;43;5261;22;;;5266;22;5267;46;;;5263.5;0.0
-1;13500;VEV_4000;1267;8;1265;25;;;1289;8;1291;25;;;1278.0;0.0
-1;13500;VEV_4500;749;11;747;14;;;765;11;767;14;;;757.0;0.0
-1;13500;VEV_5000;244;11;243;23;;;250;7;;;;;247.0;0.0
-1;13500;VEV_5100;173;21;172;12;;;177;8;178;15;;;175.0;0.0
-1;13500;VEV_5200;102;20;101;29;;;;;;;;;102.0;0.0
-1;13500;VEV_5300;50;21;;;;;;;;;;;50.0;0.0
-1;13500;VEV_5400;12;21;;;;;13;27;14;20;;;12.5;0.0
-1;13500;VEV_5500;7;27;;;;;8;25;;;;;7.5;0.0
-1;13500;VEV_6000;0;13;;;;;1;13;;;;;0.5;0.0
-1;13500;VEV_6500;0;12;;;;;1;12;;;;;0.5;0.0
-1;13600;HYDROGEL_PACK;9965;10;9963;26;;;9984;26;;;;;9974.5;0.0
-1;13600;VELVETFRUIT_EXTRACT;5261;56;;;;;5267;45;;;;;5264.0;0.0
-1;13600;VEV_4000;1268;14;1266;17;;;1290;14;1292;17;;;1279.0;0.0
-1;13600;VEV_4500;746;23;;;;;764;8;766;23;;;755.0;0.0
-1;13600;VEV_5000;245;33;244;12;;;251;9;252;20;;;248.0;0.0
-1;13600;VEV_5100;173;19;172;12;;;177;31;;;;;175.0;0.0
-1;13600;VEV_5200;101;15;;;;;104;12;105;29;;;102.5;0.0
-1;13600;VEV_5300;50;5;;;;;52;25;;;;;51.0;0.0
-1;13600;VEV_5400;12;13;;;;;13;23;14;24;;;12.5;0.0
-1;13600;VEV_5500;7;23;;;;;8;27;;;;;7.5;0.0
-1;13600;VEV_6000;0;25;;;;;1;25;;;;;0.5;0.0
-1;13600;VEV_6500;0;16;;;;;1;16;;;;;0.5;0.0
-1;13700;HYDROGEL_PACK;9965;10;9963;20;;;9981;10;9984;20;;;9973.0;0.0
-1;13700;VELVETFRUIT_EXTRACT;5263;24;5262;15;;;5268;49;;;;;5265.5;0.0
-1;13700;VEV_4000;1269;10;1266;17;;;1290;10;1293;17;;;1279.5;0.0
-1;13700;VEV_4500;747;9;745;14;;;765;14;;;;;756.0;0.0
-1;13700;VEV_5000;245;22;;;;;251;22;;;;;248.0;0.0
-1;13700;VEV_5100;173;32;;;;;178;22;179;15;;;175.5;0.0
-1;13700;VEV_5200;102;7;101;14;;;105;26;;;;;103.5;0.0
-1;13700;VEV_5300;49;16;;;;;;;;;;;49.0;0.0
-1;13700;VEV_5400;12;20;12;26;;;;;;;;;12.0;0.0
-1;13700;VEV_5500;7;23;;;;;8;21;;;;;7.5;0.0
-1;13700;VEV_6000;0;29;;;;;1;29;;;;;0.5;0.0
-1;13700;VEV_6500;0;15;;;;;1;15;;;;;0.5;0.0
-1;13800;HYDROGEL_PACK;9968;11;9965;30;;;9984;11;9986;30;;;9976.0;0.0
-1;13800;VELVETFRUIT_EXTRACT;5263;60;;;;;5269;67;;;;;5266.0;0.0
-1;13800;VEV_4000;1269;10;1266;24;;;1290;10;1293;24;;;1279.5;0.0
-1;13800;VEV_4500;748;6;746;21;;;764;6;766;21;;;756.0;0.0
-1;13800;VEV_5000;246;12;;;;;252;12;253;31;;;249.0;0.0
-1;13800;VEV_5100;;;;;;;176;7;;;;;176.0;0.0
-1;13800;VEV_5200;101;15;;;;;105;27;;;;;103.0;0.0
-1;13800;VEV_5300;49;5;;;;;51;8;;;;;50.0;0.0
-1;13800;VEV_5400;12;18;;;;;13;18;14;17;;;12.5;0.0
-1;13800;VEV_5500;7;23;;;;;8;21;;;;;7.5;0.0
-1;13800;VEV_6000;0;22;;;;;1;22;;;;;0.5;0.0
-1;13800;VEV_6500;0;15;;;;;1;15;;;;;0.5;0.0
-1;13900;HYDROGEL_PACK;9966;12;9964;25;;;9982;12;9985;25;;;9974.0;0.0
-1;13900;VELVETFRUIT_EXTRACT;5263;23;;;;;5269;17;;;;;5266.0;0.0
-1;13900;VEV_4000;1269;9;1267;23;;;1291;9;1293;23;;;1280.0;0.0
-1;13900;VEV_4500;749;10;747;24;;;766;13;767;24;;;757.5;0.0
-1;13900;VEV_5000;247;18;246;18;;;253;8;254;20;;;250.0;0.0
-1;13900;VEV_5100;171;12;170;15;;;175;21;176;15;;;173.0;0.0
-1;13900;VEV_5200;101;27;;;;;104;9;105;19;;;102.5;0.0
-1;13900;VEV_5300;50;23;;;;;52;28;;;;;51.0;0.0
-1;13900;VEV_5400;12;17;;;;;13;9;14;23;;;12.5;0.0
-1;13900;VEV_5500;7;22;;;;;8;24;;;;;7.5;0.0
-1;13900;VEV_6000;0;27;;;;;1;27;;;;;0.5;0.0
-1;13900;VEV_6500;0;12;;;;;1;12;;;;;0.5;0.0
-1;14000;HYDROGEL_PACK;9964;12;9962;21;;;9980;12;9983;21;;;9972.0;0.0
-1;14000;VELVETFRUIT_EXTRACT;5261;57;;;;;5267;71;;;;;5264.0;0.0
-1;14000;VEV_4000;1268;14;1265;29;;;1289;14;1292;29;;;1278.5;0.0
-1;14000;VEV_4500;751;11;749;16;;;769;16;;;;;760.0;0.0
-1;14000;VEV_5000;246;7;245;18;;;252;12;;;;;249.0;0.0
-1;14000;VEV_5100;171;12;170;22;;;175;21;176;27;;;173.0;0.0
-1;14000;VEV_5200;102;6;101;17;;;104;7;105;26;;;103.0;0.0
-1;14000;VEV_5300;50;5;;;;;52;24;;;;;51.0;0.0
-1;14000;VEV_5400;11;10;;;;;13;25;;;;;12.0;0.0
-1;14000;VEV_5500;7;28;;;;;8;16;;;;;7.5;0.0
-1;14000;VEV_6000;0;21;;;;;1;21;;;;;0.5;0.0
-1;14000;VEV_6500;0;19;;;;;1;19;;;;;0.5;0.0
-1;14100;HYDROGEL_PACK;9962;11;9959;24;;;9978;11;9980;24;;;9970.0;0.0
-1;14100;VELVETFRUIT_EXTRACT;5259;40;5259;23;;;5265;59;;;;;5262.0;0.0
-1;14100;VEV_4000;1267;14;1265;19;;;1289;14;1291;19;;;1278.0;0.0
-1;14100;VEV_4500;751;6;750;6;749;13;767;6;769;13;;;759.0;0.0
-1;14100;VEV_5000;246;7;245;20;;;252;6;253;13;;;249.0;0.0
-1;14100;VEV_5100;170;8;169;23;;;174;21;175;24;;;172.0;0.0
-1;14100;VEV_5200;102;25;;;;;105;29;106;21;;;103.5;0.0
-1;14100;VEV_5300;;;;;;;52;25;;;;;52.0;0.0
-1;14100;VEV_5400;11;18;;;;;13;28;;;;;12.0;0.0
-1;14100;VEV_5500;7;21;;;;;8;23;;;;;7.5;0.0
-1;14100;VEV_6000;0;19;;;;;1;19;;;;;0.5;0.0
-1;14100;VEV_6500;0;18;;;;;1;18;;;;;0.5;0.0
-1;14200;HYDROGEL_PACK;9960;10;9957;28;;;9976;10;9978;28;;;9968.0;0.0
-1;14200;VELVETFRUIT_EXTRACT;5260;17;5259;30;5259;48;5265;31;;;;;5262.5;0.0
-1;14200;VEV_4000;1268;9;1265;15;;;1289;9;1292;15;;;1278.5;0.0
-1;14200;VEV_4500;750;11;748;13;;;766;11;768;13;;;758.0;0.0
-1;14200;VEV_5000;247;8;246;14;;;253;7;254;24;;;250.0;0.0
-1;14200;VEV_5100;171;7;170;23;;;175;9;176;14;;;173.0;0.0
-1;14200;VEV_5200;;;;;;;107;16;;;;;107.0;0.0
-1;14200;VEV_5300;50;22;49;16;;;52;17;52;23;;;51.0;0.0
-1;14200;VEV_5400;11;16;;;;;13;25;;;;;12.0;0.0
-1;14200;VEV_5500;7;17;;;;;8;26;;;;;7.5;0.0
-1;14200;VEV_6000;0;20;;;;;1;20;;;;;0.5;0.0
-1;14200;VEV_6500;0;12;;;;;1;12;;;;;0.5;0.0
-1;14300;HYDROGEL_PACK;9959;13;9957;27;;;9975;13;9978;27;;;9967.0;0.0
-1;14300;VELVETFRUIT_EXTRACT;5261;21;5260;30;;;5266;49;5267;45;;;5263.5;0.0
-1;14300;VEV_4000;1268;10;1266;26;;;1290;10;1293;26;;;1279.0;0.0
-1;14300;VEV_4500;748;10;746;12;;;766;12;;;;;757.0;0.0
-1;14300;VEV_5000;;;;;;;254;24;;;;;254.0;0.0
-1;14300;VEV_5100;171;21;;;;;176;16;;;;;173.5;0.0
-1;14300;VEV_5200;102;31;;;;;105;10;106;30;;;103.5;0.0
-1;14300;VEV_5300;50;27;;;;;;;;;;;50.0;0.0
-1;14300;VEV_5400;;;;;;;13;27;;;;;13.0;0.0
-1;14300;VEV_5500;7;25;;;;;8;18;;;;;7.5;0.0
-1;14300;VEV_6000;0;19;;;;;1;19;;;;;0.5;0.0
-1;14300;VEV_6500;0;14;;;;;1;14;;;;;0.5;0.0
-1;14400;HYDROGEL_PACK;9961;14;9959;27;;;9977;14;9980;27;;;9969.0;0.0
-1;14400;VELVETFRUIT_EXTRACT;5259;59;;;;;5264;15;5265;60;;;5261.5;0.0
-1;14400;VEV_4000;1271;7;1268;22;;;1292;7;1295;22;;;1281.5;0.0
-1;14400;VEV_4500;748;8;746;19;;;764;8;766;19;;;756.0;0.0
-1;14400;VEV_5000;247;23;246;18;;;253;12;;;;;250.0;0.0
-1;14400;VEV_5100;170;23;;;;;174;10;175;23;;;172.0;0.0
-1;14400;VEV_5200;104;9;103;17;;;107;24;;;;;105.5;0.0
-1;14400;VEV_5300;50;22;49;20;;;52;9;;;;;51.0;0.0
-1;14400;VEV_5400;;;;;;;12;19;13;22;;;12.0;0.0
-1;14400;VEV_5500;7;24;;;;;8;26;;;;;7.5;0.0
-1;14400;VEV_6000;0;24;;;;;1;24;;;;;0.5;0.0
-1;14400;VEV_6500;0;21;;;;;1;21;;;;;0.5;0.0
-1;14500;HYDROGEL_PACK;9960;13;9958;27;;;9976;13;9978;27;;;9968.0;0.0
-1;14500;VELVETFRUIT_EXTRACT;5261;43;5261;15;;;5267;35;;;;;5264.0;0.0
-1;14500;VEV_4000;1270;9;1268;19;;;1292;9;1294;19;;;1281.0;0.0
-1;14500;VEV_4500;748;12;746;12;;;764;12;765;10;766;12;756.0;0.0
-1;14500;VEV_5000;247;7;;;;;253;11;254;12;;;250.0;0.0
-1;14500;VEV_5100;169;24;;;;;173;29;174;18;;;171.0;0.0
-1;14500;VEV_5200;104;25;;;;;107;9;;;;;105.5;0.0
-1;14500;VEV_5300;50;19;49;17;;;52;10;53;27;;;51.0;0.0
-1;14500;VEV_5400;11;22;;;;;13;23;;;;;12.0;0.0
-1;14500;VEV_5500;7;22;;;;;8;18;;;;;7.5;0.0
-1;14500;VEV_6000;0;24;;;;;1;24;;;;;0.5;0.0
-1;14500;VEV_6500;0;15;;;;;1;15;;;;;0.5;0.0
-1;14600;HYDROGEL_PACK;9960;14;9958;30;;;9976;14;9979;30;;;9968.0;0.0
-1;14600;VELVETFRUIT_EXTRACT;5261;47;;;;;5266;23;5267;32;;;5263.5;0.0
-1;14600;VEV_4000;1271;12;1269;27;;;1293;12;1295;27;;;1282.0;0.0
-1;14600;VEV_4500;750;12;748;19;;;766;12;767;6;768;19;758.0;0.0
-1;14600;VEV_5000;;;;;;;253;24;254;15;;;253.0;0.0
-1;14600;VEV_5100;168;11;;;;;172;9;173;17;;;170.0;0.0
-1;14600;VEV_5200;105;10;104;29;;;108;33;;;;;106.5;0.0
-1;14600;VEV_5300;50;9;;;;;52;18;53;14;;;51.0;0.0
-1;14600;VEV_5400;11;19;;;;;13;23;;;;;12.0;0.0
-1;14600;VEV_5500;7;23;;;;;8;20;;;;;7.5;0.0
-1;14600;VEV_6000;0;27;;;;;1;27;;;;;0.5;0.0
-1;14600;VEV_6500;0;16;;;;;1;16;;;;;0.5;0.0
-1;14700;HYDROGEL_PACK;9956;13;9954;20;;;9972;13;9975;20;;;9964.0;0.0
-1;14700;VELVETFRUIT_EXTRACT;5262;50;;;;;5268;70;;;;;5265.0;0.0
-1;14700;VEV_4000;1272;7;1269;21;;;1294;7;1296;21;;;1283.0;0.0
-1;14700;VEV_4500;748;10;746;22;;;764;10;766;22;;;756.0;0.0
-1;14700;VEV_5000;246;13;;;;;253;6;254;18;;;249.5;0.0
-1;14700;VEV_5100;169;12;168;22;;;173;29;174;14;;;171.0;0.0
-1;14700;VEV_5200;103;15;;;;;106;9;;;;;104.5;0.0
-1;14700;VEV_5300;51;19;;;;;53;20;54;28;;;52.0;0.0
-1;14700;VEV_5400;11;22;;;;;13;26;;;;;12.0;0.0
-1;14700;VEV_5500;7;23;;;;;8;25;;;;;7.5;0.0
-1;14700;VEV_6000;0;27;;;;;1;27;;;;;0.5;0.0
-1;14700;VEV_6500;0;15;;;;;1;15;;;;;0.5;0.0
-1;14800;HYDROGEL_PACK;9957;12;9954;27;;;9973;12;9975;27;;;9965.0;0.0
-1;14800;VELVETFRUIT_EXTRACT;5260;17;;;;;5266;67;;;;;5263.0;0.0
-1;14800;VEV_4000;1273;8;1270;30;;;1294;8;1297;30;;;1283.5;0.0
-1;14800;VEV_4500;748;6;747;7;746;19;764;6;766;19;;;756.0;0.0
-1;14800;VEV_5000;247;20;;;;;254;12;255;16;;;250.5;0.0
-1;14800;VEV_5100;168;23;;;;;173;9;174;19;;;170.5;0.0
-1;14800;VEV_5200;103;19;;;;;107;28;;;;;105.0;0.0
-1;14800;VEV_5300;50;24;;;;;52;27;53;20;;;51.0;0.0
-1;14800;VEV_5400;12;5;11;23;;;13;12;;;;;12.5;0.0
-1;14800;VEV_5500;7;17;;;;;8;26;;;;;7.5;0.0
-1;14800;VEV_6000;0;29;;;;;1;29;;;;;0.5;0.0
-1;14800;VEV_6500;0;11;;;;;1;11;;;;;0.5;0.0
-1;14900;HYDROGEL_PACK;9954;13;9951;29;;;9970;13;9972;29;;;9962.0;0.0
-1;14900;VELVETFRUIT_EXTRACT;5260;38;5260;20;5259;48;5265;20;5266;16;;;5262.5;0.0
-1;14900;VEV_4000;1273;8;1270;25;;;1294;8;1297;25;;;1283.5;0.0
-1;14900;VEV_4500;748;8;746;23;;;764;8;766;23;;;756.0;0.0
-1;14900;VEV_5000;248;11;247;14;;;;;;;;;248.0;0.0
-1;14900;VEV_5100;169;7;168;23;;;173;11;174;31;;;171.0;0.0
-1;14900;VEV_5200;102;15;;;;;105;11;106;24;;;103.5;0.0
-1;14900;VEV_5300;;;;;;;52;26;;;;;52.0;0.0
-1;14900;VEV_5400;;;;;;;13;23;;;;;13.0;0.0
-1;14900;VEV_5500;7;6;;;;;8;24;;;;;7.5;0.0
-1;14900;VEV_6000;0;22;;;;;1;22;;;;;0.5;0.0
-1;14900;VEV_6500;0;15;;;;;1;15;;;;;0.5;0.0
-1;15000;HYDROGEL_PACK;9952;12;9949;30;;;9968;12;9970;30;;;9960.0;0.0
-1;15000;VELVETFRUIT_EXTRACT;5260;22;5259;30;;;5265;58;5266;37;;;5262.5;0.0
-1;15000;VEV_4000;1272;14;1270;18;;;1294;14;1296;18;;;1283.0;0.0
-1;15000;VEV_4500;749;9;747;19;;;767;19;;;;;758.0;0.0
-1;15000;VEV_5000;249;29;248;13;;;255;11;256;13;;;252.0;0.0
-1;15000;VEV_5100;169;23;;;;;174;10;;;;;171.5;0.0
-1;15000;VEV_5200;;;;;;;105;12;;;;;105.0;0.0
-1;15000;VEV_5300;50;25;;;;;52;23;;;;;51.0;0.0
-1;15000;VEV_5400;12;27;;;;;14;28;;;;;13.0;0.0
-1;15000;VEV_5500;7;18;;;;;8;26;;;;;7.5;0.0
-1;15000;VEV_6000;0;23;;;;;1;23;;;;;0.5;0.0
-1;15000;VEV_6500;0;19;;;;;1;19;;;;;0.5;0.0
-1;15100;HYDROGEL_PACK;9948;14;9945;28;;;9964;14;9966;28;;;9956.0;0.0
-1;15100;VELVETFRUIT_EXTRACT;5260;21;5259;41;;;5265;58;5266;37;;;5262.5;0.0
-1;15100;VEV_4000;1272;8;1270;16;;;1294;8;1297;16;;;1283.0;0.0
-1;15100;VEV_4500;749;9;747;17;;;765;9;767;17;;;757.0;0.0
-1;15100;VEV_5000;248;15;;;;;255;7;256;19;;;251.5;0.0
-1;15100;VEV_5100;170;29;169;19;;;174;7;175;14;;;172.0;0.0
-1;15100;VEV_5200;101;22;;;;;104;28;105;26;;;102.5;0.0
-1;15100;VEV_5300;50;23;;;;;52;19;53;14;;;51.0;0.0
-1;15100;VEV_5400;12;22;;;;;13;18;;;;;12.5;0.0
-1;15100;VEV_5500;7;30;;;;;8;16;;;;;7.5;0.0
-1;15100;VEV_6000;0;25;;;;;1;25;;;;;0.5;0.0
-1;15100;VEV_6500;0;15;;;;;1;15;;;;;0.5;0.0
-1;15200;HYDROGEL_PACK;9947;14;9945;20;;;9963;14;9966;20;;;9955.0;0.0
-1;15200;VELVETFRUIT_EXTRACT;5259;44;;;;;5265;35;;;;;5262.0;0.0
-1;15200;VEV_4000;1272;9;1270;18;;;1294;9;1296;18;;;1283.0;0.0
-1;15200;VEV_4500;749;8;747;24;;;765;8;767;24;;;757.0;0.0
-1;15200;VEV_5000;249;11;248;17;;;255;10;256;28;;;252.0;0.0
-1;15200;VEV_5100;171;28;170;22;;;175;8;176;15;;;173.0;0.0
-1;15200;VEV_5200;102;9;101;26;;;105;33;;;;;103.5;0.0
-1;15200;VEV_5300;50;25;;;;;52;27;;;;;51.0;0.0
-1;15200;VEV_5400;12;24;;;;;14;27;;;;;13.0;0.0
-1;15200;VEV_5500;7;29;;;;;8;17;;;;;7.5;0.0
-1;15200;VEV_6000;0;20;;;;;1;20;;;;;0.5;0.0
-1;15200;VEV_6500;0;21;;;;;1;21;;;;;0.5;0.0
-1;15300;HYDROGEL_PACK;9947;10;9945;21;;;9963;10;9966;21;;;9955.0;0.0
-1;15300;VELVETFRUIT_EXTRACT;5259;67;5259;23;;;5265;32;;;;;5262.0;0.0
-1;15300;VEV_4000;1272;14;1269;24;;;1293;14;1296;24;;;1282.5;0.0
-1;15300;VEV_4500;749;12;747;19;;;765;12;767;19;;;757.0;0.0
-1;15300;VEV_5000;250;12;249;23;;;256;7;257;24;;;253.0;0.0
-1;15300;VEV_5100;171;11;;;;;175;6;;;;;173.0;0.0
-1;15300;VEV_5200;102;19;101;34;;;104;8;105;22;;;103.0;0.0
-1;15300;VEV_5300;50;29;;;;;52;19;;;;;51.0;0.0
-1;15300;VEV_5400;11;23;;;;;13;21;;;;;12.0;0.0
-1;15300;VEV_5500;7;25;;;;;8;20;;;;;7.5;0.0
-1;15300;VEV_6000;0;15;;;;;1;15;;;;;0.5;0.0
-1;15300;VEV_6500;0;16;;;;;1;16;;;;;0.5;0.0
-1;15400;HYDROGEL_PACK;9945;10;9942;23;;;9961;10;9963;23;;;9953.0;0.0
-1;15400;VELVETFRUIT_EXTRACT;5260;19;;;;;5266;58;;;;;5263.0;0.0
-1;15400;VEV_4000;1272;15;1270;24;;;1294;15;1296;24;;;1283.0;0.0
-1;15400;VEV_4500;750;7;748;15;;;766;7;768;15;;;758.0;0.0
-1;15400;VEV_5000;250;9;249;19;;;256;10;257;13;;;253.0;0.0
-1;15400;VEV_5100;173;12;172;23;;;177;35;178;23;;;175.0;0.0
-1;15400;VEV_5200;102;22;101;18;;;105;24;;;;;103.5;0.0
-1;15400;VEV_5300;50;21;;;;;52;17;;;;;51.0;0.0
-1;15400;VEV_5400;12;17;11;20;;;13;25;;;;;12.5;0.0
-1;15400;VEV_5500;7;20;;;;;8;24;;;;;7.5;0.0
-1;15400;VEV_6000;0;21;;;;;1;21;;;;;0.5;0.0
-1;15400;VEV_6500;0;11;;;;;1;11;;;;;0.5;0.0
-1;15500;HYDROGEL_PACK;9943;11;9941;22;;;9959;11;9961;22;;;9951.0;0.0
-1;15500;VELVETFRUIT_EXTRACT;5261;17;5260;45;;;5265;17;5266;32;;;5263.0;0.0
-1;15500;VEV_4000;1273;13;1270;20;;;1294;13;1297;20;;;1283.5;0.0
-1;15500;VEV_4500;747;23;;;;;765;8;766;9;767;23;756.0;0.0
-1;15500;VEV_5000;249;25;;;;;255;31;;;;;252.0;0.0
-1;15500;VEV_5100;174;10;173;13;;;178;21;179;22;;;176.0;0.0
