timestamp;buyer;seller;symbol;currency;price;quantity
0;BOT_MAKER;BOT_TAKER;VELVETFRUIT_EXTRACT;XIRECS;5259.0;14
0;BOT_MAKER;BOT_TAKER;VELVETFRUIT_EXTRACT;XIRECS;5259.0;8
0;BOT_MAKER;BOT_TAKER;VEV_5300;XIRECS;49.0;4
100;BOT_MAKER;BOT_TAKER;VELVETFRUIT_EXTRACT;XIRECS;5259.0;14
100;BOT_TAKER;BOT_MAKER;VEV_5400;XIRECS;17.0;3
300;BOT_TAKER;BOT_MAKER;HYDROGEL_PACK;XIRECS;9984.0;5
400;BOT_MAKER;BOT_TAKER;HYDROGEL_PACK;XIRECS;9968.0;4
400;BOT_MAKER;BOT_TAKER;VELVETFRUIT_EXTRACT;XIRECS;5260.0;5
500;BOT_TAKER;BOT_MAKER;HYDROGEL_PACK;XIRECS;9983.0;5
500;BOT_MAKER;BOT_TAKER;VELVETFRUIT_EXTRACT;XIRECS;5262.0;12
600;BOT_TAKER;BOT_MAKER;VEV_4000;XIRECS;1272.0;2
600;BOT_TAKER;BOT_MAKER;VEV_5500;XIRECS;7.0;5
700;BOT_TAKER;BOT_MAKER;HYDROGEL_PACK;XIRECS;9985.0;6
800;BOT_MAKER;BOT_TAKER;VELVETFRUIT_EXTRACT;XIRECS;5261.0;8
800;BOT_TAKER;BOT_MAKER;VELVETFRUIT_EXTRACT;XIRECS;5266.0;7
800;SUBMISSION;BOT_TAKER;VELVETFRUIT_EXTRACT;XIRECS;5262.0;4
900;BOT_MAKER;BOT_TAKER;HYDROGEL_PACK;XIRECS;9965.0;5
900;BOT_TAKER;BOT_MAKER;VELVETFRUIT_EXTRACT;XIRECS;5265.0;6
1100;BOT_TAKER;BOT_MAKER;HYDROGEL_PACK;XIRECS;9981.0;3
1100;BOT_MAKER;BOT_TAKER;VEV_5400;XIRECS;15.0;2
1200;BOT_MAKER;BOT_TAKER;HYDROGEL_PACK;XIRECS;9965.0;3
1200;BOT_TAKER;SUBMISSION;VELVETFRUIT_EXTRACT;XIRECS;5264.0;5
1200;BOT_TAKER;BOT_MAKER;VELVETFRUIT_EXTRACT;XIRECS;5265.0;2
1300;BOT_MAKER;BOT_TAKER;VEV_5500;XIRECS;6.0;5
1400;BOT_TAKER;BOT_MAKER;HYDROGEL_PACK;XIRECS;9980.0;4
1400;BOT_MAKER;BOT_TAKER;VEV_6000;XIRECS;0.0;3
1500;BOT_TAKER;BOT_MAKER;VEV_4000;XIRECS;1277.0;3
1600;BOT_MAKER;BOT_TAKER;VEV_6000;XIRECS;0.0;4
1700;BOT_TAKER;BOT_MAKER;VELVETFRUIT_EXTRACT;XIRECS;5266.0;3
1700;BOT_TAKER;BOT_MAKER;VEV_6000;XIRECS;1.0;5
1800;BOT_TAKER;SUBMISSION;VELVETFRUIT_EXTRACT;XIRECS;5265.0;4
1900;BOT_MAKER;BOT_TAKER;HYDROGEL_PACK;XIRECS;9965.0;2
1900;BOT_TAKER;BOT_MAKER;VELVETFRUIT_EXTRACT;XIRECS;5265.0;8
1900;SUBMISSION;BOT_TAKER;VEV_4000;XIRECS;1256.0;3
2100;BOT_MAKER;BOT_TAKER;VELVETFRUIT_EXTRACT;XIRECS;5262.0;4
2100;BOT_TAKER;BOT_MAKER;VEV_5300;XIRECS;51.0;2
2200;BOT_TAKER;BOT_MAKER;HYDROGEL_PACK;XIRECS;9982.0;2
2200;BOT_TAKER;BOT_MAKER;HYDROGEL_PACK;XIRECS;9982.0;2
2300;BOT_MAKER;BOT_TAKER;HYDROGEL_PACK;XIRECS;9966.0;5
2300;BOT_MAKER;BOT_TAKER;VELVETFRUIT_EXTRACT;XIRECS;5262.0;4
2400;BOT_MAKER;BOT_TAKER;HYDROGEL_PACK;XIRECS;9967.0;6
2400;BOT_MAKER;BOT_TAKER;VELVETFRUIT_EXTRACT;XIRECS;5262.0;8
2500;BOT_MAKER;BOT_TAKER;VELVETFRUIT_EXTRACT;XIRECS;5261.0;8
2500;BOT_MAKER;BOT_TAKER;VEV_5500;XIRECS;6.0;4
2500;BOT_TAKER;BOT_MAKER;VEV_6500;XIRECS;1.0;2
2600;BOT_MAKER;BOT_TAKER;HYDROGEL_PACK;XIRECS;9971.0;6
2600;BOT_MAKER;BOT_TAKER;VELVETFRUIT_EXTRACT;XIRECS;5261.0;7
2700;BOT_MAKER;BOT_TAKER;VELVETFRUIT_EXTRACT;XIRECS;5261.0;6
2700;BOT_TAKER;BOT_MAKER;VEV_6500;XIRECS;1.0;2
2800;BOT_TAKER;BOT_MAKER;VELVETFRUIT_EXTRACT;XIRECS;5268.0;5
2800;BOT_TAKER;BOT_MAKER;VEV_4000;XIRECS;1274.0;1
3100;BOT_MAKER;BOT_TAKER;HYDROGEL_PACK;XIRECS;9974.0;5
3300;BOT_TAKER;SUBMISSION;HYDROGEL_PACK;XIRECS;9993.0;5
3400;BOT_MAKER;BOT_TAKER;HYDROGEL_PACK;XIRECS;9977.0;3
3500;BOT_MAKER;BOT_TAKER;HYDROGEL_PACK;XIRECS;9976.0;4
3500;BOT_MAKER;BOT_TAKER;VEV_5400;XIRECS;13.0;2
3700;BOT_MAKER;BOT_TAKER;VEV_6500;XIRECS;0.0;5
3800;BOT_MAKER;BOT_TAKER;VELVETFRUIT_EXTRACT;XIRECS;5264.0;6
3900;BOT_TAKER;BOT_MAKER;VELVETFRUIT_EXTRACT;XIRECS;5268.0;3
4000;BOT_TAKER;BOT_MAKER;HYDROGEL_PACK;XIRECS;9997.0;5
4000;BOT_TAKER;SUBMISSION;HYDROGEL_PACK;XIRECS;9996.0;5
4000;BOT_TAKER;BOT_MAKER;HYDROGEL_PACK;XIRECS;9997.0;1
4000;SUBMISSION;BOT_TAKER;VEV_4000;XIRECS;1255.0;2
4100;BOT_TAKER;BOT_MAKER;VEV_5400;XIRECS;15.0;2
4100;BOT_TAKER;BOT_MAKER;VEV_6000;XIRECS;1.0;4
4200;BOT_TAKER;BOT_MAKER;VELVETFRUIT_EXTRACT;XIRECS;5267.0;8
4300;BOT_MAKER;BOT_TAKER;VELVETFRUIT_EXTRACT;XIRECS;5259.0;3
4300;BOT_MAKER;BOT_TAKER;VEV_5500;XIRECS;6.0;4
4300;SUBMISSION;BOT_TAKER;VEV_4000;XIRECS;1257.0;2
4500;BOT_TAKER;BOT_MAKER;VEV_4000;XIRECS;1277.0;3
4500;BOT_TAKER;BOT_MAKER;VEV_6500;XIRECS;1.0;4
4600;BOT_TAKER;BOT_MAKER;VELVETFRUIT_EXTRACT;XIRECS;5264.0;4
4700;BOT_TAKER;BOT_MAKER;HYDROGEL_PACK;XIRECS;9993.0;2
4700;BOT_MAKER;BOT_TAKER;VELVETFRUIT_EXTRACT;XIRECS;5259.0;7
4800;BOT_TAKER;BOT_MAKER;VELVETFRUIT_EXTRACT;XIRECS;5264.0;8
4800;BOT_TAKER;BOT_MAKER;VEV_5500;XIRECS;7.0;5
4900;BOT_MAKER;BOT_TAKER;VELVETFRUIT_EXTRACT;XIRECS;5258.0;7
5000;BOT_TAKER;BOT_MAKER;VELVETFRUIT_EXTRACT;XIRECS;5262.0;6
5000;BOT_TAKER;BOT_MAKER;VEV_4000;XIRECS;1275.0;2
5000;BOT_TAKER;BOT_MAKER;VEV_5300;XIRECS;52.0;4
5000;BOT_MAKER;BOT_TAKER;VEV_6500;XIRECS;0.0;3
5000;SUBMISSION;BOT_TAKER;HYDROGEL_PACK;XIRECS;9978.0;5
5000;BOT_MAKER;BOT_TAKER;HYDROGEL_PACK;XIRECS;9977.0;1
5100;BOT_TAKER;BOT_MAKER;VEV_6500;XIRECS;1.0;4
5100;BOT_TAKER;SUBMISSION;VELVETFRUIT_EXTRACT;XIRECS;5261.0;5
5100;BOT_TAKER;BOT_MAKER;VELVETFRUIT_EXTRACT;XIRECS;5262.0;1
5300;BOT_TAKER;BOT_MAKER;VELVETFRUIT_EXTRACT;XIRECS;5264.0;8
5400;BOT_MAKER;BOT_TAKER;HYDROGEL_PACK;XIRECS;9973.0;5
5400;BOT_TAKER;BOT_MAKER;VELVETFRUIT_EXTRACT;XIRECS;5266.0;5
5500;BOT_TAKER;BOT_MAKER;VELVETFRUIT_EXTRACT;XIRECS;5266.0;7
5500;BOT_MAKER;BOT_TAKER;VEV_5400;XIRECS;13.0;4
5700;BOT_MAKER;BOT_TAKER;VEV_5500;XIRECS;6.0;4
5700;BOT_TAKER;BOT_MAKER;VEV_6500;XIRECS;1.0;2
5800;BOT_TAKER;BOT_MAKER;HYDROGEL_PACK;XIRECS;9989.0;6
5900;BOT_MAKER;BOT_TAKER;VELVETFRUIT_EXTRACT;XIRECS;5261.0;8
5900;BOT_TAKER;BOT_MAKER;VEV_4000;XIRECS;1281.0;1
6000;BOT_MAKER;BOT_TAKER;VELVETFRUIT_EXTRACT;XIRECS;5260.0;8
6000;BOT_MAKER;BOT_TAKER;VEV_5500;XIRECS;6.0;4
6100;BOT_TAKER;BOT_MAKER;VEV_6000;XIRECS;1.0;4
6200;BOT_TAKER;BOT_MAKER;VELVETFRUIT_EXTRACT;XIRECS;5268.0;8
6300;BOT_TAKER;BOT_MAKER;VELVETFRUIT_EXTRACT;XIRECS;5267.0;4
6400;BOT_TAKER;BOT_MAKER;VEV_5400;XIRECS;15.0;3
6500;BOT_MAKER;BOT_TAKER;HYDROGEL_PACK;XIRECS;9973.0;4
6600;BOT_TAKER;BOT_MAKER;VELVETFRUIT_EXTRACT;XIRECS;5268.0;8
6600;BOT_MAKER;BOT_TAKER;VEV_4000;XIRECS;1261.0;2
6700;BOT_MAKER;BOT_TAKER;VELVETFRUIT_EXTRACT;XIRECS;5263.0;8
6900;BOT_MAKER;BOT_TAKER;HYDROGEL_PACK;XIRECS;9974.0;3
7000;BOT_TAKER;BOT_MAKER;VELVETFRUIT_EXTRACT;XIRECS;5272.0;4
7000;BOT_TAKER;BOT_MAKER;VEV_6000;XIRECS;1.0;2
7100;BOT_MAKER;BOT_TAKER;VELVETFRUIT_EXTRACT;XIRECS;5269.0;6
7100;BOT_MAKER;BOT_TAKER;VEV_5500;XIRECS;6.0;4
7200;BOT_TAKER;BOT_MAKER;VELVETFRUIT_EXTRACT;XIRECS;5274.0;7
7200;BOT_TAKER;BOT_MAKER;VEV_4000;XIRECS;1281.0;3
7200;BOT_TAKER;BOT_MAKER;VEV_5300;XIRECS;53.0;3
7300;BOT_TAKER;BOT_MAKER;VELVETFRUIT_EXTRACT;XIRECS;5272.0;8
7300;BOT_TAKER;BOT_MAKER;VEV_4000;XIRECS;1281.0;1
7300;BOT_TAKER;BOT_MAKER;VEV_6000;XIRECS;1.0;4
7400;BOT_MAKER;BOT_TAKER;VEV_5300;XIRECS;49.0;2
7500;BOT_TAKER;BOT_MAKER;VELVETFRUIT_EXTRACT;XIRECS;5274.0;4
7500;BOT_TAKER;BOT_MAKER;VEV_5500;XIRECS;7.0;4
7600;BOT_TAKER;BOT_MAKER;VEV_5300;XIRECS;51.0;2
7800;SUBMISSION;BOT_TAKER;HYDROGEL_PACK;XIRECS;9977.0;3
7900;BOT_TAKER;BOT_MAKER;HYDROGEL_PACK;XIRECS;9997.0;6
7900;BOT_MAKER;BOT_TAKER;VEV_6000;XIRECS;0.0;2
8000;BOT_TAKER;BOT_MAKER;HYDROGEL_PACK;XIRECS;9999.0;6
8000;BOT_MAKER;BOT_TAKER;HYDROGEL_PACK;XIRECS;9983.0;3
8000;BOT_TAKER;BOT_MAKER;VEV_6000;XIRECS;1.0;2
8100;BOT_TAKER;BOT_MAKER;HYDROGEL_PACK;XIRECS;9997.0;4
8100;BOT_MAKER;BOT_TAKER;VEV_4000;XIRECS;1256.0;3
8200;BOT_MAKER;BOT_TAKER;VELVETFRUIT_EXTRACT;XIRECS;5270.0;4
8400;BOT_MAKER;BOT_TAKER;VEV_4000;XIRECS;1257.0;3
8700;BOT_TAKER;BOT_MAKER;HYDROGEL_PACK;XIRECS;9991.0;4
8700;BOT_TAKER;BOT_MAKER;VELVETFRUIT_EXTRACT;XIRECS;5272.0;7
8700;BOT_TAKER;BOT_MAKER;VEV_4000;XIRECS;1280.0;3
8800;BOT_TAKER;BOT_MAKER;HYDROGEL_PACK;XIRECS;9994.0;2
8800;SUBMISSION;BOT_TAKER;VELVETFRUIT_EXTRACT;XIRECS;5266.0;5
8800;BOT_MAKER;BOT_TAKER;VELVETFRUIT_EXTRACT;XIRECS;5265.0;3
8900;BOT_TAKER;BOT_MAKER;HYDROGEL_PACK;XIRECS;9996.0;6
8900;BOT_TAKER;BOT_MAKER;VEV_4000;XIRECS;1279.0;3
8900;BOT_MAKER;BOT_TAKER;VEV_6000;XIRECS;0.0;4
9000;BOT_MAKER;BOT_TAKER;HYDROGEL_PACK;XIRECS;9979.0;5
9000;BOT_TAKER;BOT_MAKER;VEV_5300;XIRECS;49.0;5
9200;BOT_TAKER;BOT_MAKER;HYDROGEL_PACK;XIRECS;9996.0;4
9300;SUBMISSION;BOT_TAKER;VEV_4000;XIRECS;1263.0;2
9400;BOT_TAKER;BOT_MAKER;HYDROGEL_PACK;XIRECS;10000.0;3
9400;BOT_TAKER;BOT_MAKER;VELVETFRUIT_EXTRACT;XIRECS;5272.0;7
9400;BOT_MAKER;BOT_TAKER;VEV_5500;XIRECS;7.0;5
9500;BOT_TAKER;BOT_MAKER;HYDROGEL_PACK;XIRECS;9998.0;2
9600;BOT_MAKER;BOT_TAKER;VELVETFRUIT_EXTRACT;XIRECS;5265.0;7
9600;BOT_MAKER;BOT_TAKER;VEV_5500;XIRECS;6.0;3
9700;BOT_TAKER;BOT_MAKER;VELVETFRUIT_EXTRACT;XIRECS;5270.0;13
9700;BOT_TAKER;BOT_MAKER;VEV_6500;XIRECS;1.0;5
9800;BOT_MAKER;BOT_TAKER;HYDROGEL_PACK;XIRECS;9977.0;2
9800;BOT_TAKER;BOT_MAKER;HYDROGEL_PACK;XIRECS;9993.0;3
9900;BOT_TAKER;BOT_MAKER;VELVETFRUIT_EXTRACT;XIRECS;5269.0;10
10000;BOT_TAKER;BOT_MAKER;VEV_6500;XIRECS;1.0;4
10100;BOT_MAKER;BOT_TAKER;VEV_6500;XIRECS;0.0;3
10200;BOT_MAKER;BOT_TAKER;VEV_5300;XIRECS;49.0;3
10200;BOT_TAKER;BOT_MAKER;VEV_5300;XIRECS;52.0;4
10300;BOT_MAKER;BOT_TAKER;HYDROGEL_PACK;XIRECS;9975.0;5
10300;BOT_MAKER;BOT_TAKER;VEV_4000;XIRECS;1263.0;3
10400;BOT_MAKER;BOT_TAKER;VELVETFRUIT_EXTRACT;XIRECS;5261.0;5
10500;BOT_TAKER;BOT_MAKER;HYDROGEL_PACK;XIRECS;9990.0;3
10500;BOT_TAKER;BOT_MAKER;VEV_4000;XIRECS;1285.0;1
10600;BOT_TAKER;BOT_MAKER;HYDROGEL_PACK;XIRECS;9990.0;3
10600;BOT_TAKER;BOT_MAKER;VEV_4000;XIRECS;1285.0;2
10700;BOT_MAKER;BOT_TAKER;VEV_4000;XIRECS;1266.0;2
10800;BOT_TAKER;BOT_MAKER;VELVETFRUIT_EXTRACT;XIRECS;5268.0;4
10900;BOT_MAKER;BOT_TAKER;VELVETFRUIT_EXTRACT;XIRECS;5263.0;5
11000;BOT_TAKER;BOT_MAKER;VELVETFRUIT_EXTRACT;XIRECS;5268.0;8
11100;BOT_MAKER;BOT_TAKER;VELVETFRUIT_EXTRACT;XIRECS;5262.0;6
11300;BOT_MAKER;BOT_TAKER;HYDROGEL_PACK;XIRECS;9980.0;5
11300;SUBMISSION;BOT_TAKER;VELVETFRUIT_EXTRACT;XIRECS;5262.0;5
11300;BOT_MAKER;BOT_TAKER;VELVETFRUIT_EXTRACT;XIRECS;5261.0;1
11400;BOT_TAKER;BOT_MAKER;VEV_6000;XIRECS;1.0;2
11400;BOT_TAKER;SUBMISSION;VELVETFRUIT_EXTRACT;XIRECS;5263.0;5
11400;BOT_TAKER;BOT_MAKER;VELVETFRUIT_EXTRACT;XIRECS;5264.0;2
11600;BOT_TAKER;BOT_MAKER;VELVETFRUIT_EXTRACT;XIRECS;5264.0;5
11600;BOT_TAKER;BOT_MAKER;VEV_5500;XIRECS;8.0;5
11700;BOT_TAKER;BOT_MAKER;VEV_4000;XIRECS;1288.0;1
11900;BOT_TAKER;BOT_MAKER;VEV_5400;XIRECS;13.0;5
12000;BOT_MAKER;BOT_TAKER;HYDROGEL_PACK;XIRECS;9970.0;4
12100;BOT_MAKER;BOT_TAKER;HYDROGEL_PACK;XIRECS;9972.0;4
12100;BOT_MAKER;BOT_TAKER;VELVETFRUIT_EXTRACT;XIRECS;5261.0;3
12200;BOT_TAKER;BOT_MAKER;HYDROGEL_PACK;XIRECS;9988.0;3
12200;BOT_TAKER;BOT_MAKER;VELVETFRUIT_EXTRACT;XIRECS;5266.0;6
12300;BOT_MAKER;BOT_TAKER;VELVETFRUIT_EXTRACT;XIRECS;5262.0;5
12300;BOT_MAKER;BOT_TAKER;VEV_4000;XIRECS;1267.0;2
12400;BOT_TAKER;BOT_MAKER;HYDROGEL_PACK;XIRECS;9990.0;5
12400;BOT_TAKER;BOT_MAKER;VEV_6000;XIRECS;1.0;5
12500;BOT_TAKER;BOT_MAKER;HYDROGEL_PACK;XIRECS;9991.0;4
12600;BOT_TAKER;BOT_MAKER;HYDROGEL_PACK;XIRECS;9990.0;6
12800;BOT_MAKER;BOT_TAKER;VELVETFRUIT_EXTRACT;XIRECS;5261.0;10
12800;BOT_TAKER;SUBMISSION;HYDROGEL_PACK;XIRECS;9984.0;3
12900;BOT_MAKER;BOT_TAKER;VELVETFRUIT_EXTRACT;XIRECS;5262.0;3
13000;BOT_MAKER;BOT_TAKER;VELVETFRUIT_EXTRACT;XIRECS;5261.0;4
13100;BOT_TAKER;BOT_MAKER;VEV_6500;XIRECS;1.0;5
13200;BOT_MAKER;BOT_TAKER;HYDROGEL_PACK;XIRECS;9969.0;3
13200;BOT_MAKER;BOT_TAKER;VEV_6500;XIRECS;0.0;3
13300;BOT_TAKER;BOT_MAKER;VELVETFRUIT_EXTRACT;XIRECS;5265.0;8
13400;BOT_MAKER;BOT_TAKER;HYDROGEL_PACK;XIRECS;9968.0;2
13400;BOT_TAKER;BOT_MAKER;VEV_4000;XIRECS;1289.0;1
13400;SUBMISSION;BOT_TAKER;VELVETFRUIT_EXTRACT;XIRECS;5262.0;5
13400;BOT_MAKER;BOT_TAKER;VELVETFRUIT_EXTRACT;XIRECS;5261.0;1
13500;BOT_MAKER;BOT_TAKER;HYDROGEL_PACK;XIRECS;9966.0;2
13500;BOT_MAKER;BOT_TAKER;VEV_4000;XIRECS;1267.0;3
13600;BOT_TAKER;BOT_MAKER;HYDROGEL_PACK;XIRECS;9984.0;3
13600;BOT_TAKER;BOT_MAKER;VELVETFRUIT_EXTRACT;XIRECS;5267.0;5
13600;BOT_TAKER;BOT_MAKER;VEV_4000;XIRECS;1290.0;3
13600;BOT_MAKER;BOT_TAKER;VEV_6500;XIRECS;0.0;5
13700;BOT_MAKER;BOT_TAKER;HYDROGEL_PACK;XIRECS;9965.0;5
13700;BOT_TAKER;BOT_MAKER;VELVETFRUIT_EXTRACT;XIRECS;5268.0;7
13800;BOT_MAKER;BOT_TAKER;HYDROGEL_PACK;XIRECS;9968.0;6
13800;BOT_MAKER;BOT_TAKER;VELVETFRUIT_EXTRACT;XIRECS;5263.0;12
13900;BOT_TAKER;BOT_MAKER;HYDROGEL_PACK;XIRECS;9982.0;6
13900;BOT_MAKER;BOT_TAKER;VELVETFRUIT_EXTRACT;XIRECS;5263.0;3
14000;BOT_TAKER;BOT_MAKER;VEV_6500;XIRECS;1.0;2
14100;BOT_TAKER;BOT_MAKER;VEV_6000;XIRECS;1.0;5
14200;BOT_MAKER;BOT_TAKER;HYDROGEL_PACK;XIRECS;9960.0;5
14300;BOT_MAKER;BOT_TAKER;VEV_4000;XIRECS;1268.0;1
14400;BOT_TAKER;BOT_MAKER;VELVETFRUIT_EXTRACT;XIRECS;5264.0;6
14500;BOT_TAKER;BOT_MAKER;VEV_6000;XIRECS;1.0;5
14500;BOT_TAKER;BOT_MAKER;VEV_6500;XIRECS;1.0;5
14500;SUBMISSION;BOT_TAKER;HYDROGEL_PACK;XIRECS;9961.0;5
14700;BOT_MAKER;BOT_TAKER;VELVETFRUIT_EXTRACT;XIRECS;5262.0;12
14800;BOT_MAKER;BOT_TAKER;HYDROGEL_PACK;XIRECS;9957.0;3
14800;BOT_TAKER;BOT_MAKER;VELVETFRUIT_EXTRACT;XIRECS;5266.0;7
14800;BOT_MAKER;BOT_TAKER;VEV_4000;XIRECS;1273.0;2
14900;BOT_MAKER;BOT_TAKER;VEV_4000;XIRECS;1273.0;1
14900;BOT_TAKER;SUBMISSION;VELVETFRUIT_EXTRACT;XIRECS;5264.0;4
15000;BOT_TAKER;BOT_MAKER;HYDROGEL_PACK;XIRECS;9968.0;4
15000;BOT_MAKER;BOT_TAKER;HYDROGEL_PACK;XIRECS;9952.0;6
15000;BOT_TAKER;BOT_MAKER;VELVETFRUIT_EXTRACT;XIRECS;5265.0;4
15000;SUBMISSION;BOT_TAKER;HYDROGEL_PACK;XIRECS;9953.0;5
15000;BOT_MAKER;BOT_TAKER;HYDROGEL_PACK;XIRECS;9952.0;1
15100;BOT_MAKER;BOT_TAKER;VEV_5500;XIRECS;7.0;5
15100;BOT_TAKER;BOT_MAKER;VEV_6500;XIRECS;1.0;3
15300;BOT_MAKER;BOT_TAKER;HYDROGEL_PACK;XIRECS;9947.0;6
15300;BOT_TAKER;BOT_MAKER;VEV_5500;XIRECS;8.0;5
15400;BOT_TAKER;BOT_MAKER;VEV_4000;XIRECS;1294.0;3
15500;SUBMISSION;BOT_TAKER;HYDROGEL_PACK;XIRECS;9944.0;4
15500;SUBMISSION;BOT_TAKER;VEV_4000;XIRECS;1274.0;3
15600;BOT_TAKER;BOT_MAKER;HYDROGEL_PACK;XIRECS;9961.0;6
15600;BOT_TAKER;BOT_MAKER;HYDROGEL_PACK;XIRECS;9961.0;3
15700;BOT_MAKER;BOT_TAKER;HYDROGEL_PACK;XIRECS;9942.0;3
15700;BOT_TAKER;BOT_MAKER;VEV_5400;XIRECS;13.0;2
15700;BOT_MAKER;BOT_TAKER;VEV_6000;XIRECS;0.0;2
15800;BOT_MAKER;BOT_TAKER;VELVETFRUIT_EXTRACT;XIRECS;5260.0;10
16000;BOT_MAKER;BOT_TAKER;HYDROGEL_PACK;XIRECS;9943.0;6
16000;BOT_MAKER;BOT_TAKER;VEV_5400;XIRECS;11.0;5
16100;BOT_TAKER;BOT_MAKER;VEV_5500;XIRECS;8.0;2
16200;BOT_MAKER;BOT_TAKER;VEV_4000;XIRECS;1268.0;2
16200;SUBMISSION;BOT_TAKER;VELVETFRUIT_EXTRACT;XIRECS;5260.0;5
16200;BOT_MAKER;BOT_TAKER;VELVETFRUIT_EXTRACT;XIRECS;5259.0;5
16300;BOT_TAKER;SUBMISSION;VELVETFRUIT_EXTRACT;XIRECS;5263.0;5
16300;BOT_TAKER;BOT_MAKER;VELVETFRUIT_EXTRACT;XIRECS;5264.0;1
16400;BOT_MAKER;BOT_TAKER;VELVETFRUIT_EXTRACT;XIRECS;5258.0;10
16500;BOT_MAKER;BOT_TAKER;VELVETFRUIT_EXTRACT;XIRECS;5259.0;8
16700;BOT_MAKER;BOT_TAKER;HYDROGEL_PACK;XIRECS;9940.0;2
16700;BOT_MAKER;BOT_TAKER;VELVETFRUIT_EXTRACT;XIRECS;5259.0;13
16700;BOT_TAKER;BOT_MAKER;VEV_4000;XIRECS;1290.0;3
16800;BOT_TAKER;SUBMISSION;HYDROGEL_PACK;XIRECS;9957.0;2
16900;BOT_MAKER;BOT_TAKER;HYDROGEL_PACK;XIRECS;9941.0;3
16900;BOT_MAKER;BOT_TAKER;VELVETFRUIT_EXTRACT;XIRECS;5259.0;3
16900;BOT_TAKER;BOT_MAKER;VEV_4000;XIRECS;1290.0;2
17000;BOT_MAKER;BOT_TAKER;HYDROGEL_PACK;XIRECS;9936.0;6
17000;BOT_TAKER;BOT_MAKER;VEV_6000;XIRECS;1.0;2
17400;BOT_MAKER;BOT_TAKER;HYDROGEL_PACK;XIRECS;9938.0;2
17400;BOT_TAKER;BOT_MAKER;VELVETFRUIT_EXTRACT;XIRECS;5263.0;6
17400;BOT_MAKER;BOT_TAKER;VELVETFRUIT_EXTRACT;XIRECS;5258.0;7
17400;BOT_TAKER;BOT_MAKER;VEV_5300;XIRECS;52.0;3
17500;BOT_TAKER;BOT_MAKER;HYDROGEL_PACK;XIRECS;9955.0;6
17500;BOT_TAKER;BOT_MAKER;VELVETFRUIT_EXTRACT;XIRECS;5264.0;3
17500;BOT_TAKER;BOT_MAKER;VEV_5300;XIRECS;51.0;2
17600;BOT_MAKER;BOT_TAKER;VELVETFRUIT_EXTRACT;XIRECS;5256.0;3
17600;BOT_TAKER;BOT_MAKER;VELVETFRUIT_EXTRACT;XIRECS;5262.0;8
17600;SUBMISSION;BOT_TAKER;HYDROGEL_PACK;XIRECS;9939.0;4
17700;BOT_MAKER;BOT_TAKER;VELVETFRUIT_EXTRACT;XIRECS;5257.0;12
17700;BOT_TAKER;BOT_MAKER;VEV_5300;XIRECS;51.0;1
17900;BOT_TAKER;BOT_MAKER;VEV_6500;XIRECS;1.0;5
18100;BOT_MAKER;BOT_TAKER;VELVETFRUIT_EXTRACT;XIRECS;5257.0;3
18100;BOT_MAKER;BOT_TAKER;VEV_6500;XIRECS;0.0;2
18100;BOT_TAKER;SUBMISSION;HYDROGEL_PACK;XIRECS;9951.0;5
18100;BOT_TAKER;BOT_MAKER;HYDROGEL_PACK;XIRECS;9952.0;1
18200;BOT_MAKER;BOT_TAKER;VELVETFRUIT_EXTRACT;XIRECS;5258.0;7
18200;BOT_MAKER;BOT_TAKER;VEV_4000;XIRECS;1269.0;3
18300;BOT_MAKER;BOT_TAKER;VELVETFRUIT_EXTRACT;XIRECS;5257.0;4
18300;SUBMISSION;BOT_TAKER;HYDROGEL_PACK;XIRECS;9937.0;4
18400;BOT_MAKER;BOT_TAKER;VEV_4000;XIRECS;1267.0;1
18400;BOT_TAKER;BOT_MAKER;VEV_6000;XIRECS;1.0;5
18600;BOT_TAKER;BOT_MAKER;VEV_5300;XIRECS;49.0;2
18600;BOT_TAKER;BOT_MAKER;VEV_5300;XIRECS;49.0;5
18800;BOT_TAKER;BOT_MAKER;HYDROGEL_PACK;XIRECS;9956.0;4
18800;BOT_TAKER;BOT_MAKER;VELVETFRUIT_EXTRACT;XIRECS;5265.0;5
18800;BOT_TAKER;BOT_MAKER;VEV_6500;XIRECS;1.0;5
18900;BOT_TAKER;BOT_MAKER;VEV_5500;XIRECS;7.0;2
19000;BOT_MAKER;BOT_TAKER;HYDROGEL_PACK;XIRECS;9941.0;3
19000;BOT_TAKER;BOT_MAKER;VELVETFRUIT_EXTRACT;XIRECS;5264.0;7
19000;BOT_MAKER;BOT_TAKER;VEV_4000;XIRECS;1266.0;2
19100;BOT_MAKER;BOT_TAKER;HYDROGEL_PACK;XIRECS;9941.0;6
19100;BOT_TAKER;BOT_MAKER;VEV_5400;XIRECS;13.0;3
19400;BOT_TAKER;BOT_MAKER;HYDROGEL_PACK;XIRECS;9955.0;3
19400;BOT_MAKER;BOT_TAKER;VELVETFRUIT_EXTRACT;XIRECS;5258.0;8
19400;BOT_MAKER;BOT_TAKER;VEV_5400;XIRECS;11.0;2
19400;BOT_MAKER;BOT_TAKER;VEV_6000;XIRECS;0.0;5
19500;BOT_TAKER;BOT_MAKER;HYDROGEL_PACK;XIRECS;9954.0;6
19600;BOT_MAKER;BOT_TAKER;HYDROGEL_PACK;XIRECS;9940.0;6
19600;BOT_TAKER;BOT_MAKER;VELVETFRUIT_EXTRACT;XIRECS;5261.0;7
19600;BOT_MAKER;BOT_TAKER;VEV_4000;XIRECS;1269.0;3
19700;BOT_MAKER;BOT_TAKER;VEV_5500;XIRECS;6.0;4
19800;BOT_MAKER;BOT_TAKER;VELVETFRUIT_EXTRACT;XIRECS;5257.0;8
19900;BOT_TAKER;BOT_MAKER;VELVETFRUIT_EXTRACT;XIRECS;5262.0;4
20100;BOT_MAKER;BOT_TAKER;VELVETFRUIT_EXTRACT;XIRECS;5256.0;5
20100;BOT_TAKER;BOT_MAKER;VEV_6000;XIRECS;1.0;5
20200;BOT_MAKER;BOT_TAKER;HYDROGEL_PACK;XIRECS;9943.0;5
20300;BOT_TAKER;BOT_MAKER;HYDROGEL_PACK;XIRECS;9958.0;3
20300;BOT_MAKER;BOT_TAKER;VEV_5500;XIRECS;6.0;5
20300;BOT_TAKER;BOT_MAKER;VEV_6500;XIRECS;1.0;2
20400;BOT_TAKER;BOT_MAKER;VELVETFRUIT_EXTRACT;XIRECS;5261.0;7
20400;BOT_TAKER;BOT_MAKER;VEV_6000;XIRECS;1.0;5
20500;BOT_TAKER;BOT_MAKER;HYDROGEL_PACK;XIRECS;9962.0;3
20500;BOT_MAKER;BOT_TAKER;VELVETFRUIT_EXTRACT;XIRECS;5254.0;6
20600;BOT_MAKER;BOT_TAKER;HYDROGEL_PACK;XIRECS;9945.0;3
20600;BOT_TAKER;BOT_MAKER;VELVETFRUIT_EXTRACT;XIRECS;5258.0;8
20600;BOT_TAKER;BOT_MAKER;VEV_5500;XIRECS;7.0;4
20700;BOT_MAKER;BOT_TAKER;HYDROGEL_PACK;XIRECS;9944.0;5
20700;BOT_TAKER;BOT_MAKER;VELVETFRUIT_EXTRACT;XIRECS;5258.0;9
20800;BOT_MAKER;BOT_TAKER;HYDROGEL_PACK;XIRECS;9944.0;3
20800;BOT_TAKER;BOT_MAKER;VELVETFRUIT_EXTRACT;XIRECS;5259.0;8
20800;BOT_MAKER;BOT_TAKER;VELVETFRUIT_EXTRACT;XIRECS;5253.0;5
20800;BOT_MAKER;BOT_TAKER;VEV_4000;XIRECS;1272.0;1
20900;SUBMISSION;BOT_TAKER;VELVETFRUIT_EXTRACT;XIRECS;5253.0;4
21000;BOT_MAKER;BOT_TAKER;HYDROGEL_PACK;XIRECS;9947.0;2
21000;BOT_TAKER;BOT_MAKER;VEV_6000;XIRECS;1.0;3
21000;BOT_TAKER;SUBMISSION;VEV_4000;XIRECS;1294.0;1
21100;BOT_MAKER;BOT_TAKER;VELVETFRUIT_EXTRACT;XIRECS;5254.0;8
21100;BOT_MAKER;BOT_TAKER;VELVETFRUIT_EXTRACT;XIRECS;5254.0;7
21100;SUBMISSION;BOT_TAKER;VELVETFRUIT_EXTRACT;XIRECS;5255.0;5
21100;BOT_MAKER;BOT_TAKER;VELVETFRUIT_EXTRACT;XIRECS;5254.0;3
21200;BOT_TAKER;BOT_MAKER;HYDROGEL_PACK;XIRECS;9965.0;5
21200;BOT_MAKER;BOT_TAKER;VELVETFRUIT_EXTRACT;XIRECS;5253.0;4
21200;BOT_TAKER;SUBMISSION;VELVETFRUIT_EXTRACT;XIRECS;5258.0;5
21300;BOT_MAKER;BOT_TAKER;VEV_4000;XIRECS;1273.0;1
21300;BOT_TAKER;SUBMISSION;VELVETFRUIT_EXTRACT;XIRECS;5258.0;3
21400;BOT_TAKER;BOT_MAKER;VELVETFRUIT_EXTRACT;XIRECS;5257.0;5
21500;BOT_TAKER;BOT_MAKER;VELVETFRUIT_EXTRACT;XIRECS;5258.0;4
21500;BOT_MAKER;BOT_TAKER;VEV_4000;XIRECS;1272.0;3
21500;SUBMISSION;BOT_TAKER;VEV_4000;XIRECS;1273.0;1
21600;BOT_MAKER;BOT_TAKER;VEV_4000;XIRECS;1271.0;2
21600;BOT_TAKER;BOT_MAKER;VEV_6500;XIRECS;1.0;5
21700;BOT_TAKER;BOT_MAKER;VELVETFRUIT_EXTRACT;XIRECS;5257.0;3
21700;BOT_TAKER;BOT_MAKER;VEV_4000;XIRECS;1293.0;2
21800;BOT_MAKER;BOT_TAKER;VEV_4000;XIRECS;1272.0;1
21800;BOT_TAKER;BOT_MAKER;VEV_6500;XIRECS;1.0;2
21900;BOT_TAKER;BOT_MAKER;VEV_6000;XIRECS;1.0;4
22000;BOT_MAKER;BOT_TAKER;HYDROGEL_PACK;XIRECS;9949.0;3
22000;BOT_TAKER;BOT_MAKER;VELVETFRUIT_EXTRACT;XIRECS;5260.0;5
22000;BOT_MAKER;BOT_TAKER;VEV_4000;XIRECS;1272.0;3
22100;BOT_MAKER;BOT_TAKER;VEV_4000;XIRECS;1273.0;1
22200;BOT_TAKER;BOT_MAKER;VELVETFRUIT_EXTRACT;XIRECS;5258.0;9
22400;BOT_MAKER;BOT_TAKER;VELVETFRUIT_EXTRACT;XIRECS;5253.0;3
22500;BOT_TAKER;BOT_MAKER;VELVETFRUIT_EXTRACT;XIRECS;5259.0;8
22600;BOT_TAKER;BOT_MAKER;VELVETFRUIT_EXTRACT;XIRECS;5260.0;3
22600;SUBMISSION;BOT_TAKER;HYDROGEL_PACK;XIRECS;9948.0;5
22700;BOT_TAKER;BOT_MAKER;VEV_6500;XIRECS;1.0;4
22800;BOT_MAKER;BOT_TAKER;VELVETFRUIT_EXTRACT;XIRECS;5255.0;7
22900;BOT_MAKER;BOT_TAKER;HYDROGEL_PACK;XIRECS;9948.0;5
22900;BOT_MAKER;BOT_TAKER;VEV_5400;XIRECS;12.0;5
23200;BOT_MAKER;BOT_TAKER;HYDROGEL_PACK;XIRECS;9949.0;6
23200;BOT_MAKER;BOT_TAKER;VEV_6500;XIRECS;0.0;2
23200;BOT_TAKER;SUBMISSION;HYDROGEL_PACK;XIRECS;9964.0;5
23300;BOT_MAKER;BOT_TAKER;VELVETFRUIT_EXTRACT;XIRECS;5255.0;4
23300;BOT_MAKER;BOT_TAKER;VEV_4000;XIRECS;1268.0;2
23400;BOT_TAKER;BOT_MAKER;VELVETFRUIT_EXTRACT;XIRECS;5260.0;7
23500;BOT_MAKER;BOT_TAKER;VELVETFRUIT_EXTRACT;XIRECS;5255.0;8
23500;BOT_MAKER;BOT_TAKER;VEV_6000;XIRECS;0.0;5
23600;BOT_TAKER;BOT_MAKER;VELVETFRUIT_EXTRACT;XIRECS;5262.0;8
23600;BOT_MAKER;BOT_TAKER;VEV_5500;XIRECS;5.0;5
23700;BOT_TAKER;BOT_MAKER;VELVETFRUIT_EXTRACT;XIRECS;5262.0;6
23700;BOT_MAKER;BOT_TAKER;VEV_5400;XIRECS;12.0;5
23800;BOT_TAKER;BOT_MAKER;HYDROGEL_PACK;XIRECS;9969.0;6
23800;BOT_TAKER;BOT_MAKER;VEV_6000;XIRECS;1.0;3
23900;BOT_TAKER;BOT_MAKER;VELVETFRUIT_EXTRACT;XIRECS;5261.0;4
23900;BOT_TAKER;SUBMISSION;VELVETFRUIT_EXTRACT;XIRECS;5260.0;5
23900;BOT_TAKER;BOT_MAKER;VELVETFRUIT_EXTRACT;XIRECS;5261.0;2
24000;BOT_MAKER;BOT_TAKER;VELVETFRUIT_EXTRACT;XIRECS;5255.0;8
24100;BOT_TAKER;BOT_MAKER;HYDROGEL_PACK;XIRECS;9969.0;2
24100;BOT_MAKER;BOT_TAKER;VEV_4000;XIRECS;1264.0;2
24200;BOT_TAKER;BOT_MAKER;VELVETFRUIT_EXTRACT;XIRECS;5262.0;5
24300;BOT_TAKER;BOT_MAKER;VELVETFRUIT_EXTRACT;XIRECS;5262.0;4
24400;BOT_TAKER;BOT_MAKER;VELVETFRUIT_EXTRACT;XIRECS;5261.0;8
24500;BOT_MAKER;BOT_TAKER;HYDROGEL_PACK;XIRECS;9954.0;2
24500;BOT_MAKER;BOT_TAKER;VELVETFRUIT_EXTRACT;XIRECS;5255.0;5
24700;BOT_TAKER;BOT_MAKER;VELVETFRUIT_EXTRACT;XIRECS;5261.0;15
24700;BOT_TAKER;BOT_MAKER;VEV_6500;XIRECS;1.0;2
24900;BOT_TAKER;BOT_MAKER;HYDROGEL_PACK;XIRECS;9972.0;3
24900;BOT_TAKER;BOT_MAKER;VELVETFRUIT_EXTRACT;XIRECS;5261.0;12
24900;BOT_MAKER;BOT_TAKER;VELVETFRUIT_EXTRACT;XIRECS;5255.0;4
24900;BOT_TAKER;BOT_MAKER;VEV_6000;XIRECS;1.0;5
24900;SUBMISSION;BOT_TAKER;HYDROGEL_PACK;XIRECS;9957.0;5
25100;BOT_MAKER;BOT_TAKER;HYDROGEL_PACK;XIRECS;9954.0;4
25100;BOT_TAKER;BOT_MAKER;VELVETFRUIT_EXTRACT;XIRECS;5262.0;5
25100;BOT_MAKER;BOT_TAKER;VELVETFRUIT_EXTRACT;XIRECS;5257.0;8
25200;BOT_MAKER;BOT_TAKER;VEV_4000;XIRECS;1263.0;2
25200;BOT_TAKER;BOT_MAKER;VEV_6500;XIRECS;1.0;2
25300;BOT_MAKER;BOT_TAKER;VELVETFRUIT_EXTRACT;XIRECS;5255.0;7
25400;BOT_TAKER;BOT_MAKER;HYDROGEL_PACK;XIRECS;9974.0;3
25400;BOT_MAKER;BOT_TAKER;HYDROGEL_PACK;XIRECS;9958.0;4
25400;BOT_TAKER;SUBMISSION;VELVETFRUIT_EXTRACT;XIRECS;5259.0;3
25500;BOT_TAKER;BOT_MAKER;VELVETFRUIT_EXTRACT;XIRECS;5258.0;6
25500;BOT_MAKER;BOT_TAKER;VEV_4000;XIRECS;1261.0;3
25500;BOT_MAKER;BOT_TAKER;VEV_5500;XIRECS;5.0;2
25600;BOT_MAKER;BOT_TAKER;VELVETFRUIT_EXTRACT;XIRECS;5253.0;6
25600;BOT_MAKER;BOT_TAKER;VEV_6500;XIRECS;0.0;5
25600;BOT_TAKER;SUBMISSION;VELVETFRUIT_EXTRACT;XIRECS;5257.0;5
25600;BOT_TAKER;BOT_MAKER;VELVETFRUIT_EXTRACT;XIRECS;5258.0;1
25700;BOT_MAKER;BOT_TAKER;HYDROGEL_PACK;XIRECS;9962.0;6
25700;BOT_TAKER;SUBMISSION;VEV_4000;XIRECS;1282.0;3
25800;BOT_TAKER;BOT_MAKER;HYDROGEL_PACK;XIRECS;9977.0;5
25900;BOT_TAKER;BOT_MAKER;HYDROGEL_PACK;XIRECS;9977.0;4
25900;BOT_TAKER;BOT_MAKER;VEV_5500;XIRECS;6.0;2
25900;BOT_TAKER;SUBMISSION;HYDROGEL_PACK;XIRECS;9976.0;5
26100;BOT_TAKER;BOT_MAKER;VELVETFRUIT_EXTRACT;XIRECS;5259.0;7
26100;BOT_MAKER;BOT_TAKER;VEV_6500;XIRECS;0.0;4
26200;BOT_TAKER;BOT_MAKER;VELVETFRUIT_EXTRACT;XIRECS;5260.0;5
26200;SUBMISSION;BOT_TAKER;VELVETFRUIT_EXTRACT;XIRECS;5255.0;3
26300;BOT_TAKER;BOT_MAKER;HYDROGEL_PACK;XIRECS;9974.0;2
26300;BOT_MAKER;BOT_TAKER;VELVETFRUIT_EXTRACT;XIRECS;5254.0;8
26400;BOT_MAKER;BOT_TAKER;HYDROGEL_PACK;XIRECS;9957.0;3
26400;BOT_TAKER;BOT_MAKER;VELVETFRUIT_EXTRACT;XIRECS;5260.0;7
26400;BOT_MAKER;BOT_TAKER;VEV_5300;XIRECS;43.0;4
26400;BOT_TAKER;BOT_MAKER;VEV_5500;XIRECS;7.0;3
26500;BOT_TAKER;BOT_MAKER;HYDROGEL_PACK;XIRECS;9975.0;2
26500;BOT_MAKER;BOT_TAKER;VELVETFRUIT_EXTRACT;XIRECS;5255.0;5
26600;BOT_MAKER;BOT_TAKER;HYDROGEL_PACK;XIRECS;9958.0;5
26600;BOT_TAKER;BOT_MAKER;VELVETFRUIT_EXTRACT;XIRECS;5261.0;7
26600;BOT_MAKER;BOT_TAKER;VEV_5400;XIRECS;13.0;3
26700;BOT_MAKER;BOT_TAKER;HYDROGEL_PACK;XIRECS;9955.0;6
26800;BOT_TAKER;SUBMISSION;VELVETFRUIT_EXTRACT;XIRECS;5258.0;4
26900;BOT_TAKER;BOT_MAKER;HYDROGEL_PACK;XIRECS;9971.0;3
26900;BOT_MAKER;BOT_TAKER;VELVETFRUIT_EXTRACT;XIRECS;5254.0;8
27000;BOT_TAKER;BOT_MAKER;HYDROGEL_PACK;XIRECS;9967.0;6
27200;BOT_TAKER;BOT_MAKER;VELVETFRUIT_EXTRACT;XIRECS;5261.0;3
27300;BOT_TAKER;BOT_MAKER;VEV_5500;XIRECS;7.0;4
27400;BOT_TAKER;BOT_MAKER;VEV_4000;XIRECS;1278.0;1
27400;BOT_TAKER;BOT_MAKER;VEV_4000;XIRECS;1278.0;1
27400;BOT_TAKER;SUBMISSION;VEV_4000;XIRECS;1277.0;3
27500;BOT_TAKER;BOT_MAKER;VELVETFRUIT_EXTRACT;XIRECS;5260.0;7
27500;BOT_TAKER;BOT_MAKER;VEV_4000;XIRECS;1277.0;1
27500;BOT_TAKER;SUBMISSION;HYDROGEL_PACK;XIRECS;9971.0;5
27700;BOT_TAKER;BOT_MAKER;HYDROGEL_PACK;XIRECS;9970.0;5
27700;BOT_MAKER;BOT_TAKER;VEV_6000;XIRECS;0.0;2
27800;BOT_MAKER;BOT_TAKER;VEV_4000;XIRECS;1254.0;2
27900;BOT_TAKER;BOT_MAKER;HYDROGEL_PACK;XIRECS;9971.0;5
27900;BOT_MAKER;BOT_TAKER;VELVETFRUIT_EXTRACT;XIRECS;5253.0;4
27900;BOT_MAKER;BOT_TAKER;VEV_5300;XIRECS;42.0;4
27900;BOT_TAKER;BOT_MAKER;VEV_6000;XIRECS;1.0;4
27900;SUBMISSION;BOT_TAKER;HYDROGEL_PACK;XIRECS;9956.0;4
28000;BOT_TAKER;BOT_MAKER;VELVETFRUIT_EXTRACT;XIRECS;5259.0;8
28000;BOT_MAKER;BOT_TAKER;VEV_6500;XIRECS;0.0;5
28300;BOT_MAKER;BOT_TAKER;HYDROGEL_PACK;XIRECS;9956.0;6
28400;BOT_TAKER;BOT_MAKER;HYDROGEL_PACK;XIRECS;9973.0;3
28500;BOT_MAKER;BOT_TAKER;VELVETFRUIT_EXTRACT;XIRECS;5249.0;7
28500;BOT_TAKER;BOT_MAKER;VELVETFRUIT_EXTRACT;XIRECS;5253.0;6
28600;BOT_TAKER;BOT_MAKER;HYDROGEL_PACK;XIRECS;9970.0;2
28700;BOT_MAKER;BOT_TAKER;VEV_5400;XIRECS;12.0;3
28800;BOT_MAKER;BOT_TAKER;HYDROGEL_PACK;XIRECS;9953.0;2
28900;BOT_TAKER;BOT_MAKER;VEV_5500;XIRECS;7.0;5
29000;BOT_TAKER;BOT_MAKER;HYDROGEL_PACK;XIRECS;9972.0;6
29000;BOT_MAKER;BOT_TAKER;VEV_5500;XIRECS;6.0;5
29000;BOT_TAKER;BOT_MAKER;VEV_6500;XIRECS;1.0;3
29100;BOT_MAKER;BOT_TAKER;HYDROGEL_PACK;XIRECS;9953.0;6
29200;BOT_MAKER;BOT_TAKER;HYDROGEL_PACK;XIRECS;9953.0;6
29300;BOT_TAKER;BOT_MAKER;VELVETFRUIT_EXTRACT;XIRECS;5252.0;8
29400;BOT_MAKER;BOT_TAKER;HYDROGEL_PACK;XIRECS;9952.0;6
29400;BOT_TAKER;BOT_MAKER;VELVETFRUIT_EXTRACT;XIRECS;5249.0;6
29400;BOT_MAKER;BOT_TAKER;VEV_4000;XIRECS;1253.0;3
29500;BOT_MAKER;BOT_TAKER;VELVETFRUIT_EXTRACT;XIRECS;5245.0;5
29500;BOT_TAKER;BOT_MAKER;VEV_5500;XIRECS;7.0;3
29600;BOT_MAKER;BOT_TAKER;HYDROGEL_PACK;XIRECS;9951.0;3
29600;BOT_MAKER;BOT_TAKER;HYDROGEL_PACK;XIRECS;9951.0;3
29800;BOT_MAKER;BOT_TAKER;HYDROGEL_PACK;XIRECS;9951.0;2
29800;BOT_TAKER;BOT_MAKER;VEV_5400;XIRECS;12.0;4
29800;BOT_MAKER;BOT_TAKER;VEV_6000;XIRECS;0.0;3
29900;BOT_TAKER;BOT_MAKER;HYDROGEL_PACK;XIRECS;9971.0;2
29900;BOT_TAKER;BOT_MAKER;VELVETFRUIT_EXTRACT;XIRECS;5249.0;5
29900;BOT_TAKER;BOT_MAKER;VELVETFRUIT_EXTRACT;XIRECS;5249.0;7
30000;BOT_MAKER;BOT_TAKER;VEV_4000;XIRECS;1252.0;2
30000;BOT_TAKER;BOT_MAKER;VEV_5500;XIRECS;7.0;5
30100;BOT_TAKER;BOT_MAKER;HYDROGEL_PACK;XIRECS;9966.0;5
30100;BOT_MAKER;BOT_TAKER;VELVETFRUIT_EXTRACT;XIRECS;5242.0;5
30100;BOT_MAKER;BOT_TAKER;VEV_5300;XIRECS;41.0;4
30100;SUBMISSION;BOT_TAKER;HYDROGEL_PACK;XIRECS;9951.0;5
30100;BOT_MAKER;BOT_TAKER;HYDROGEL_PACK;XIRECS;9950.0;1
30200;BOT_TAKER;BOT_MAKER;VELVETFRUIT_EXTRACT;XIRECS;5247.0;3
30200;BOT_MAKER;BOT_TAKER;VEV_6500;XIRECS;0.0;5
30300;BOT_MAKER;BOT_TAKER;HYDROGEL_PACK;XIRECS;9951.0;6
30600;BOT_TAKER;BOT_MAKER;HYDROGEL_PACK;XIRECS;9966.0;3
30600;BOT_TAKER;BOT_MAKER;VELVETFRUIT_EXTRACT;XIRECS;5246.0;7
30700;BOT_TAKER;BOT_MAKER;VEV_4000;XIRECS;1277.0;2
30700;SUBMISSION;BOT_TAKER;HYDROGEL_PACK;XIRECS;9947.0;5
30700;BOT_MAKER;BOT_TAKER;HYDROGEL_PACK;XIRECS;9946.0;1
30800;BOT_MAKER;BOT_TAKER;VEV_5400;XIRECS;11.0;3
30800;BOT_MAKER;BOT_TAKER;VEV_5500;XIRECS;6.0;5
30800;BOT_MAKER;BOT_TAKER;VEV_6500;XIRECS;0.0;5
30800;SUBMISSION;BOT_TAKER;VELVETFRUIT_EXTRACT;XIRECS;5241.0;5
30800;BOT_MAKER;BOT_TAKER;VELVETFRUIT_EXTRACT;XIRECS;5240.0;1
30900;BOT_TAKER;BOT_MAKER;HYDROGEL_PACK;XIRECS;9961.0;2
31000;BOT_MAKER;BOT_TAKER;VELVETFRUIT_EXTRACT;XIRECS;5239.0;3
31000;BOT_TAKER;BOT_MAKER;VEV_6000;XIRECS;1.0;3
31100;BOT_TAKER;BOT_MAKER;VEV_4000;XIRECS;1277.0;2
31100;BOT_TAKER;BOT_MAKER;VEV_5400;XIRECS;12.0;4
31200;BOT_TAKER;BOT_MAKER;VELVETFRUIT_EXTRACT;XIRECS;5243.0;7
31400;BOT_TAKER;SUBMISSION;VELVETFRUIT_EXTRACT;XIRECS;5244.0;3
31600;BOT_TAKER;BOT_MAKER;VELVETFRUIT_EXTRACT;XIRECS;5243.0;7
31700;BOT_TAKER;BOT_MAKER;VELVETFRUIT_EXTRACT;XIRECS;5244.0;8
31700;BOT_TAKER;BOT_MAKER;VEV_5500;XIRECS;7.0;4
31800;BOT_TAKER;BOT_MAKER;HYDROGEL_PACK;XIRECS;9962.0;5
31800;BOT_MAKER;BOT_TAKER;VELVETFRUIT_EXTRACT;XIRECS;5239.0;6
31800;BOT_MAKER;BOT_TAKER;VELVETFRUIT_EXTRACT;XIRECS;5239.0;8
31800;BOT_TAKER;BOT_MAKER;VEV_6000;XIRECS;1.0;4
31900;BOT_TAKER;BOT_MAKER;VELVETFRUIT_EXTRACT;XIRECS;5246.0;5
31900;BOT_TAKER;BOT_MAKER;VEV_6000;XIRECS;1.0;3
32000;BOT_MAKER;BOT_TAKER;VELVETFRUIT_EXTRACT;XIRECS;5241.0;4
32100;BOT_MAKER;BOT_TAKER;HYDROGEL_PACK;XIRECS;9944.0;6
32200;BOT_MAKER;BOT_TAKER;VEV_5500;XIRECS;6.0;2
32200;BOT_MAKER;BOT_TAKER;VEV_6000;XIRECS;0.0;5
32500;BOT_TAKER;BOT_MAKER;VELVETFRUIT_EXTRACT;XIRECS;5246.0;7
32600;BOT_MAKER;BOT_TAKER;VEV_4000;XIRECS;1254.0;1
32600;BOT_MAKER;BOT_TAKER;VEV_6500;XIRECS;0.0;5
32700;BOT_TAKER;SUBMISSION;HYDROGEL_PACK;XIRECS;9954.0;5
32700;BOT_TAKER;BOT_MAKER;HYDROGEL_PACK;XIRECS;9955.0;1
32800;BOT_TAKER;BOT_MAKER;VEV_6500;XIRECS;1.0;5
32900;BOT_MAKER;BOT_TAKER;HYDROGEL_PACK;XIRECS;9937.0;2
32900;SUBMISSION;BOT_TAKER;VELVETFRUIT_EXTRACT;XIRECS;5242.0;5
32900;BOT_MAKER;BOT_TAKER;VELVETFRUIT_EXTRACT;XIRECS;5241.0;1
33000;BOT_MAKER;BOT_TAKER;VELVETFRUIT_EXTRACT;XIRECS;5242.0;5
33100;BOT_MAKER;BOT_TAKER;HYDROGEL_PACK;XIRECS;9938.0;6
33100;BOT_TAKER;BOT_MAKER;VELVETFRUIT_EXTRACT;XIRECS;5246.0;3
33200;BOT_MAKER;BOT_TAKER;VELVETFRUIT_EXTRACT;XIRECS;5242.0;7
33200;BOT_MAKER;BOT_TAKER;VEV_4000;XIRECS;1252.0;1
33200;BOT_MAKER;BOT_TAKER;VEV_6500;XIRECS;0.0;4
33200;SUBMISSION;BOT_TAKER;VEV_4000;XIRECS;1253.0;3
33300;BOT_TAKER;BOT_MAKER;VELVETFRUIT_EXTRACT;XIRECS;5248.0;14
33400;BOT_MAKER;BOT_TAKER;HYDROGEL_PACK;XIRECS;9936.0;3
33500;BOT_TAKER;BOT_MAKER;VELVETFRUIT_EXTRACT;XIRECS;5249.0;8
33600;SUBMISSION;BOT_TAKER;VELVETFRUIT_EXTRACT;XIRECS;5243.0;5
33600;BOT_MAKER;BOT_TAKER;VELVETFRUIT_EXTRACT;XIRECS;5242.0;2
33700;BOT_MAKER;BOT_TAKER;HYDROGEL_PACK;XIRECS;9935.0;6
33700;SUBMISSION;BOT_TAKER;VELVETFRUIT_EXTRACT;XIRECS;5244.0;3
33800;BOT_TAKER;BOT_MAKER;HYDROGEL_PACK;XIRECS;9952.0;3
33800;BOT_MAKER;BOT_TAKER;VELVETFRUIT_EXTRACT;XIRECS;5241.0;8
33900;BOT_MAKER;BOT_TAKER;VELVETFRUIT_EXTRACT;XIRECS;5242.0;8
33900;SUBMISSION;BOT_TAKER;HYDROGEL_PACK;XIRECS;9935.0;3
34000;BOT_TAKER;BOT_MAKER;VEV_4000;XIRECS;1271.0;1
34000;BOT_TAKER;SUBMISSION;VELVETFRUIT_EXTRACT;XIRECS;5245.0;5
34000;BOT_TAKER;BOT_MAKER;VELVETFRUIT_EXTRACT;XIRECS;5246.0;1
34000;SUBMISSION;BOT_TAKER;VEV_4000;XIRECS;1250.0;1
34100;BOT_MAKER;BOT_TAKER;VEV_4000;XIRECS;1250.0;1
34200;BOT_MAKER;BOT_TAKER;HYDROGEL_PACK;XIRECS;9935.0;5
34300;BOT_MAKER;BOT_TAKER;VELVETFRUIT_EXTRACT;XIRECS;5240.0;4
34300;BOT_TAKER;BOT_MAKER;VEV_6000;XIRECS;1.0;5
34400;BOT_TAKER;BOT_MAKER;VELVETFRUIT_EXTRACT;XIRECS;5247.0;5
34500;BOT_MAKER;BOT_TAKER;VEV_4000;XIRECS;1250.0;3
34500;BOT_MAKER;BOT_TAKER;VEV_6500;XIRECS;0.0;4
34600;BOT_MAKER;BOT_TAKER;VELVETFRUIT_EXTRACT;XIRECS;5240.0;7
34600;BOT_MAKER;BOT_TAKER;VEV_4000;XIRECS;1250.0;3
34700;BOT_TAKER;BOT_MAKER;VELVETFRUIT_EXTRACT;XIRECS;5247.0;7
34700;BOT_MAKER;BOT_TAKER;VEV_4000;XIRECS;1252.0;2
34800;BOT_TAKER;BOT_MAKER;VEV_6500;XIRECS;1.0;5
34800;BOT_TAKER;SUBMISSION;HYDROGEL_PACK;XIRECS;9941.0;5
34900;BOT_MAKER;BOT_TAKER;HYDROGEL_PACK;XIRECS;9923.0;5
34900;BOT_MAKER;BOT_TAKER;VELVETFRUIT_EXTRACT;XIRECS;5242.0;6
35000;BOT_TAKER;BOT_MAKER;HYDROGEL_PACK;XIRECS;9939.0;4
35000;BOT_MAKER;BOT_TAKER;VELVETFRUIT_EXTRACT;XIRECS;5242.0;8
35100;BOT_TAKER;BOT_MAKER;HYDROGEL_PACK;XIRECS;9937.0;2
35100;BOT_TAKER;BOT_MAKER;HYDROGEL_PACK;XIRECS;9937.0;5
35200;BOT_TAKER;BOT_MAKER;VELVETFRUIT_EXTRACT;XIRECS;5245.0;6
35200;BOT_TAKER;BOT_MAKER;VEV_4000;XIRECS;1270.0;1
35200;BOT_MAKER;BOT_TAKER;VEV_6500;XIRECS;0.0;4
35400;BOT_TAKER;BOT_MAKER;VEV_5300;XIRECS;40.0;5
35500;BOT_MAKER;BOT_TAKER;VELVETFRUIT_EXTRACT;XIRECS;5240.0;5
35600;BOT_MAKER;BOT_TAKER;VEV_6000;XIRECS;0.0;2
35600;BOT_TAKER;SUBMISSION;HYDROGEL_PACK;XIRECS;9940.0;5
35600;BOT_TAKER;BOT_MAKER;HYDROGEL_PACK;XIRECS;9941.0;1
35800;BOT_MAKER;BOT_TAKER;HYDROGEL_PACK;XIRECS;9926.0;5
35800;BOT_TAKER;BOT_MAKER;VELVETFRUIT_EXTRACT;XIRECS;5244.0;3
35800;SUBMISSION;BOT_TAKER;VELVETFRUIT_EXTRACT;XIRECS;5240.0;5
35800;BOT_MAKER;BOT_TAKER;VELVETFRUIT_EXTRACT;XIRECS;5239.0;2
35900;BOT_MAKER;BOT_TAKER;HYDROGEL_PACK;XIRECS;9923.0;2
35900;SUBMISSION;BOT_TAKER;VELVETFRUIT_EXTRACT;XIRECS;5241.0;5
35900;BOT_MAKER;BOT_TAKER;VELVETFRUIT_EXTRACT;XIRECS;5240.0;1
36100;BOT_TAKER;BOT_MAKER;HYDROGEL_PACK;XIRECS;9940.0;2
36100;BOT_TAKER;BOT_MAKER;VEV_4000;XIRECS;1269.0;2
36100;BOT_TAKER;BOT_MAKER;VEV_5500;XIRECS;7.0;5
36200;BOT_MAKER;BOT_TAKER;VELVETFRUIT_EXTRACT;XIRECS;5241.0;4
36300;BOT_MAKER;BOT_TAKER;HYDROGEL_PACK;XIRECS;9927.0;6
36300;BOT_TAKER;BOT_MAKER;VELVETFRUIT_EXTRACT;XIRECS;5248.0;4
36300;BOT_TAKER;BOT_MAKER;VEV_5500;XIRECS;7.0;5
36500;BOT_TAKER;BOT_MAKER;VEV_4000;XIRECS;1270.0;1
36600;BOT_MAKER;BOT_TAKER;VELVETFRUIT_EXTRACT;XIRECS;5240.0;7
36600;BOT_MAKER;BOT_TAKER;VEV_6000;XIRECS;0.0;2
36700;BOT_TAKER;BOT_MAKER;VEV_6500;XIRECS;1.0;2
36800;BOT_MAKER;BOT_TAKER;HYDROGEL_PACK;XIRECS;9930.0;4
36900;BOT_TAKER;BOT_MAKER;HYDROGEL_PACK;XIRECS;9942.0;6
36900;BOT_TAKER;BOT_MAKER;VELVETFRUIT_EXTRACT;XIRECS;5246.0;7
37000;BOT_MAKER;BOT_TAKER;VEV_4000;XIRECS;1251.0;1
37100;BOT_MAKER;BOT_TAKER;HYDROGEL_PACK;XIRECS;9929.0;5
37100;BOT_MAKER;BOT_TAKER;VEV_5500;XIRECS;6.0;3
37200;BOT_TAKER;BOT_MAKER;HYDROGEL_PACK;XIRECS;9944.0;6
37300;BOT_MAKER;BOT_TAKER;HYDROGEL_PACK;XIRECS;9928.0;4
37500;BOT_TAKER;BOT_MAKER;VELVETFRUIT_EXTRACT;XIRECS;5247.0;7
37500;BOT_MAKER;BOT_TAKER;VEV_4000;XIRECS;1253.0;3
37500;BOT_TAKER;BOT_MAKER;VEV_5300;XIRECS;40.0;5
37600;BOT_TAKER;BOT_MAKER;VELVETFRUIT_EXTRACT;XIRECS;5249.0;9
37600;BOT_TAKER;BOT_MAKER;VEV_5400;XIRECS;13.0;2
37700;BOT_TAKER;BOT_MAKER;HYDROGEL_PACK;XIRECS;9943.0;4
37700;BOT_TAKER;BOT_MAKER;VELVETFRUIT_EXTRACT;XIRECS;5248.0;8
37800;BOT_TAKER;BOT_MAKER;VEV_5500;XIRECS;8.0;4
37900;BOT_MAKER;BOT_TAKER;HYDROGEL_PACK;XIRECS;9926.0;5
37900;BOT_MAKER;BOT_TAKER;VELVETFRUIT_EXTRACT;XIRECS;5244.0;7
37900;BOT_TAKER;BOT_MAKER;VEV_4000;XIRECS;1275.0;1
38000;BOT_MAKER;BOT_TAKER;VELVETFRUIT_EXTRACT;XIRECS;5242.0;6
38100;BOT_TAKER;BOT_MAKER;VEV_4000;XIRECS;1273.0;1
38200;BOT_TAKER;BOT_MAKER;VEV_5500;XIRECS;7.0;4
38300;BOT_TAKER;BOT_MAKER;VEV_6000;XIRECS;1.0;4
38400;BOT_MAKER;BOT_TAKER;VEV_5400;XIRECS;11.0;5
38500;BOT_MAKER;BOT_TAKER;HYDROGEL_PACK;XIRECS;9920.0;6
38500;BOT_TAKER;BOT_MAKER;VELVETFRUIT_EXTRACT;XIRECS;5250.0;6
38500;BOT_TAKER;BOT_MAKER;VEV_6000;XIRECS;1.0;5
38600;BOT_MAKER;BOT_TAKER;VELVETFRUIT_EXTRACT;XIRECS;5244.0;6
38600;BOT_MAKER;BOT_TAKER;VEV_4000;XIRECS;1256.0;1
38600;BOT_TAKER;SUBMISSION;VELVETFRUIT_EXTRACT;XIRECS;5249.0;4
38600;SUBMISSION;BOT_TAKER;VEV_4000;XIRECS;1257.0;2
38800;BOT_TAKER;BOT_MAKER;HYDROGEL_PACK;XIRECS;9939.0;3
38800;BOT_TAKER;BOT_MAKER;VEV_6000;XIRECS;1.0;4
38900;BOT_TAKER;BOT_MAKER;HYDROGEL_PACK;XIRECS;9941.0;3
38900;BOT_TAKER;BOT_MAKER;HYDROGEL_PACK;XIRECS;9941.0;6
39100;BOT_TAKER;BOT_MAKER;HYDROGEL_PACK;XIRECS;9939.0;6
39100;BOT_MAKER;BOT_TAKER;VELVETFRUIT_EXTRACT;XIRECS;5246.0;3
39200;BOT_MAKER;BOT_TAKER;HYDROGEL_PACK;XIRECS;9925.0;6
39200;BOT_TAKER;BOT_MAKER;VELVETFRUIT_EXTRACT;XIRECS;5251.0;4
39200;BOT_TAKER;BOT_MAKER;VEV_6000;XIRECS;1.0;3
39200;SUBMISSION;BOT_TAKER;VEV_4000;XIRECS;1258.0;2
39300;BOT_MAKER;BOT_TAKER;HYDROGEL_PACK;XIRECS;9922.0;4
39300;BOT_TAKER;BOT_MAKER;VEV_4000;XIRECS;1279.0;1
39400;BOT_TAKER;BOT_MAKER;VELVETFRUIT_EXTRACT;XIRECS;5251.0;7
39400;BOT_MAKER;BOT_TAKER;VEV_4000;XIRECS;1260.0;2
39400;BOT_MAKER;BOT_TAKER;VEV_6000;XIRECS;0.0;5
39500;BOT_MAKER;BOT_TAKER;HYDROGEL_PACK;XIRECS;9923.0;3
39500;BOT_TAKER;BOT_MAKER;VELVETFRUIT_EXTRACT;XIRECS;5251.0;14
39500;BOT_MAKER;BOT_TAKER;VEV_4000;XIRECS;1260.0;3
39600;BOT_TAKER;BOT_MAKER;HYDROGEL_PACK;XIRECS;9937.0;3
39600;BOT_MAKER;BOT_TAKER;VEV_6500;XIRECS;0.0;4
39700;BOT_MAKER;BOT_TAKER;VELVETFRUIT_EXTRACT;XIRECS;5247.0;5
39800;BOT_MAKER;BOT_TAKER;VEV_6500;XIRECS;0.0;2
39900;SUBMISSION;BOT_TAKER;HYDROGEL_PACK;XIRECS;9916.0;4
40000;BOT_TAKER;BOT_MAKER;VELVETFRUIT_EXTRACT;XIRECS;5255.0;3
40100;BOT_MAKER;BOT_TAKER;HYDROGEL_PACK;XIRECS;9917.0;6
40100;BOT_TAKER;BOT_MAKER;VELVETFRUIT_EXTRACT;XIRECS;5256.0;5
40100;BOT_TAKER;BOT_MAKER;VEV_6000;XIRECS;1.0;5
40200;BOT_MAKER;BOT_TAKER;HYDROGEL_PACK;XIRECS;9917.0;4
40200;BOT_MAKER;BOT_TAKER;VELVETFRUIT_EXTRACT;XIRECS;5252.0;7
40200;BOT_TAKER;BOT_MAKER;VEV_4000;XIRECS;1283.0;2
40200;BOT_TAKER;SUBMISSION;VEV_4000;XIRECS;1282.0;1
40500;BOT_TAKER;BOT_MAKER;VEV_4000;XIRECS;1282.0;2
40500;BOT_MAKER;BOT_TAKER;VEV_5300;XIRECS;39.0;4
40600;BOT_MAKER;BOT_TAKER;HYDROGEL_PACK;XIRECS;9922.0;2
40600;BOT_MAKER;BOT_TAKER;VELVETFRUIT_EXTRACT;XIRECS;5253.0;4
40600;BOT_MAKER;BOT_TAKER;VEV_6000;XIRECS;0.0;2
40800;BOT_MAKER;BOT_TAKER;VEV_4000;XIRECS;1260.0;1
41000;BOT_TAKER;BOT_MAKER;VEV_4000;XIRECS;1281.0;1
41100;BOT_TAKER;BOT_MAKER;HYDROGEL_PACK;XIRECS;9938.0;2
41100;BOT_TAKER;BOT_MAKER;VELVETFRUIT_EXTRACT;XIRECS;5259.0;3
41100;BOT_TAKER;BOT_MAKER;VEV_5500;XIRECS;7.0;5
41300;BOT_TAKER;BOT_MAKER;VELVETFRUIT_EXTRACT;XIRECS;5262.0;7
41300;BOT_TAKER;SUBMISSION;VELVETFRUIT_EXTRACT;XIRECS;5261.0;5
41300;BOT_TAKER;BOT_MAKER;VELVETFRUIT_EXTRACT;XIRECS;5262.0;1
41500;SUBMISSION;BOT_TAKER;VELVETFRUIT_EXTRACT;XIRECS;5258.0;5
41600;BOT_MAKER;BOT_TAKER;VELVETFRUIT_EXTRACT;XIRECS;5256.0;3
41700;BOT_TAKER;BOT_MAKER;HYDROGEL_PACK;XIRECS;9945.0;4
41700;BOT_MAKER;BOT_TAKER;VEV_5500;XIRECS;6.0;3
41800;BOT_TAKER;BOT_MAKER;VELVETFRUIT_EXTRACT;XIRECS;5259.0;8
41900;BOT_MAKER;BOT_TAKER;HYDROGEL_PACK;XIRECS;9934.0;3
41900;SUBMISSION;BOT_TAKER;VELVETFRUIT_EXTRACT;XIRECS;5254.0;3
42000;BOT_TAKER;BOT_MAKER;VEV_6500;XIRECS;1.0;5
42100;BOT_TAKER;BOT_MAKER;HYDROGEL_PACK;XIRECS;9948.0;5
42100;BOT_TAKER;BOT_MAKER;VEV_6500;XIRECS;1.0;3
42400;BOT_MAKER;BOT_TAKER;VELVETFRUIT_EXTRACT;XIRECS;5256.0;8
42400;BOT_MAKER;BOT_TAKER;VELVETFRUIT_EXTRACT;XIRECS;5256.0;8
42500;BOT_TAKER;BOT_MAKER;HYDROGEL_PACK;XIRECS;9953.0;5
42500;BOT_MAKER;BOT_TAKER;VELVETFRUIT_EXTRACT;XIRECS;5255.0;3
42600;BOT_TAKER;BOT_MAKER;HYDROGEL_PACK;XIRECS;9952.0;5
42600;BOT_TAKER;BOT_MAKER;VELVETFRUIT_EXTRACT;XIRECS;5259.0;6
42600;BOT_MAKER;BOT_TAKER;VEV_6000;XIRECS;0.0;2
42700;BOT_MAKER;BOT_TAKER;VEV_6000;XIRECS;0.0;5
42700;BOT_TAKER;SUBMISSION;HYDROGEL_PACK;XIRECS;9950.0;2
42900;BOT_TAKER;BOT_MAKER;VEV_4000;XIRECS;1274.0;3
43000;BOT_MAKER;BOT_TAKER;HYDROGEL_PACK;XIRECS;9936.0;4
43000;BOT_MAKER;BOT_TAKER;VELVETFRUIT_EXTRACT;XIRECS;5250.0;3
43100;BOT_TAKER;BOT_MAKER;HYDROGEL_PACK;XIRECS;9954.0;6
43100;BOT_TAKER;BOT_MAKER;VEV_4000;XIRECS;1276.0;2
43100;BOT_TAKER;BOT_MAKER;VEV_5400;XIRECS;12.0;5
43200;BOT_TAKER;BOT_MAKER;VEV_4000;XIRECS;1276.0;2
43200;BOT_MAKER;BOT_TAKER;VEV_6500;XIRECS;0.0;5
43300;BOT_MAKER;BOT_TAKER;HYDROGEL_PACK;XIRECS;9941.0;3
43500;BOT_MAKER;BOT_TAKER;VELVETFRUIT_EXTRACT;XIRECS;5250.0;4
43600;BOT_TAKER;BOT_MAKER;HYDROGEL_PACK;XIRECS;9960.0;4
43600;BOT_TAKER;BOT_MAKER;VELVETFRUIT_EXTRACT;XIRECS;5256.0;5
43700;BOT_MAKER;BOT_TAKER;HYDROGEL_PACK;XIRECS;9941.0;6
43700;BOT_MAKER;BOT_TAKER;VELVETFRUIT_EXTRACT;XIRECS;5251.0;7
43800;BOT_TAKER;BOT_MAKER;HYDROGEL_PACK;XIRECS;9956.0;5
43900;BOT_TAKER;BOT_MAKER;VELVETFRUIT_EXTRACT;XIRECS;5256.0;6
43900;BOT_MAKER;BOT_TAKER;VEV_4000;XIRECS;1256.0;3
44000;BOT_TAKER;BOT_MAKER;HYDROGEL_PACK;XIRECS;9957.0;4
44100;BOT_MAKER;BOT_TAKER;HYDROGEL_PACK;XIRECS;9941.0;4
44200;BOT_TAKER;BOT_MAKER;HYDROGEL_PACK;XIRECS;9956.0;6
44200;BOT_MAKER;BOT_TAKER;VEV_6500;XIRECS;0.0;4
44400;BOT_MAKER;BOT_TAKER;VEV_6500;XIRECS;0.0;3
44600;BOT_TAKER;SUBMISSION;VEV_4000;XIRECS;1272.0;1
44700;BOT_MAKER;BOT_TAKER;HYDROGEL_PACK;XIRECS;9941.0;5
44700;BOT_MAKER;BOT_TAKER;VEV_5500;XIRECS;7.0;5
44800;BOT_MAKER;BOT_TAKER;HYDROGEL_PACK;XIRECS;9942.0;6
44800;BOT_MAKER;BOT_TAKER;VELVETFRUIT_EXTRACT;XIRECS;5247.0;7
44900;BOT_TAKER;BOT_MAKER;HYDROGEL_PACK;XIRECS;9956.0;4
45000;BOT_TAKER;BOT_MAKER;VEV_6500;XIRECS;1.0;2
45000;BOT_TAKER;SUBMISSION;HYDROGEL_PACK;XIRECS;9957.0;5
45000;BOT_TAKER;BOT_MAKER;HYDROGEL_PACK;XIRECS;9958.0;1
45000;BOT_TAKER;SUBMISSION;VELVETFRUIT_EXTRACT;XIRECS;5251.0;5
45000;BOT_TAKER;BOT_MAKER;VELVETFRUIT_EXTRACT;XIRECS;5252.0;5
45100;BOT_TAKER;BOT_MAKER;VELVETFRUIT_EXTRACT;XIRECS;5253.0;15
45100;BOT_MAKER;BOT_TAKER;VEV_4000;XIRECS;1249.0;2
45200;BOT_TAKER;BOT_MAKER;VELVETFRUIT_EXTRACT;XIRECS;5251.0;6
45200;BOT_MAKER;BOT_TAKER;VEV_5300;XIRECS;38.0;3
45200;BOT_MAKER;BOT_TAKER;VEV_6000;XIRECS;0.0;5
45200;SUBMISSION;BOT_TAKER;VELVETFRUIT_EXTRACT;XIRECS;5247.0;4
45400;BOT_MAKER;BOT_TAKER;HYDROGEL_PACK;XIRECS;9937.0;5
45400;BOT_TAKER;BOT_MAKER;VELVETFRUIT_EXTRACT;XIRECS;5249.0;3
45400;BOT_TAKER;BOT_MAKER;VEV_5300;XIRECS;40.0;4
45400;SUBMISSION;BOT_TAKER;HYDROGEL_PACK;XIRECS;9938.0;3
45500;BOT_MAKER;BOT_TAKER;VELVETFRUIT_EXTRACT;XIRECS;5243.0;5
45600;BOT_MAKER;BOT_TAKER;VELVETFRUIT_EXTRACT;XIRECS;5243.0;5
45600;BOT_MAKER;BOT_TAKER;VEV_5300;XIRECS;38.0;5
45700;BOT_MAKER;BOT_TAKER;HYDROGEL_PACK;XIRECS;9941.0;3
45700;BOT_MAKER;BOT_TAKER;VELVETFRUIT_EXTRACT;XIRECS;5242.0;6
45700;BOT_TAKER;BOT_MAKER;VEV_4000;XIRECS;1271.0;1
45700;BOT_TAKER;BOT_MAKER;VEV_6000;XIRECS;1.0;4
45700;SUBMISSION;BOT_TAKER;HYDROGEL_PACK;XIRECS;9942.0;5
45700;BOT_MAKER;BOT_TAKER;HYDROGEL_PACK;XIRECS;9941.0;1
45800;BOT_TAKER;BOT_MAKER;VELVETFRUIT_EXTRACT;XIRECS;5248.0;6
45800;BOT_MAKER;BOT_TAKER;VEV_6500;XIRECS;0.0;2
45900;BOT_TAKER;BOT_MAKER;VELVETFRUIT_EXTRACT;XIRECS;5246.0;5
45900;BOT_TAKER;BOT_MAKER;VEV_4000;XIRECS;1272.0;2
46000;BOT_TAKER;SUBMISSION;VELVETFRUIT_EXTRACT;XIRECS;5247.0;5
46000;BOT_TAKER;BOT_MAKER;VELVETFRUIT_EXTRACT;XIRECS;5248.0;3
46100;BOT_TAKER;BOT_MAKER;VELVETFRUIT_EXTRACT;XIRECS;5247.0;4
46100;BOT_TAKER;BOT_MAKER;VELVETFRUIT_EXTRACT;XIRECS;5247.0;5
46200;BOT_MAKER;BOT_TAKER;VELVETFRUIT_EXTRACT;XIRECS;5243.0;3
46200;BOT_MAKER;BOT_TAKER;VELVETFRUIT_EXTRACT;XIRECS;5243.0;4
46300;BOT_TAKER;SUBMISSION;VELVETFRUIT_EXTRACT;XIRECS;5247.0;5
46500;BOT_TAKER;BOT_MAKER;HYDROGEL_PACK;XIRECS;9960.0;5
46500;BOT_MAKER;BOT_TAKER;VELVETFRUIT_EXTRACT;XIRECS;5242.0;14
46500;BOT_MAKER;BOT_TAKER;VEV_5400;XIRECS;9.0;4
46500;BOT_MAKER;BOT_TAKER;VEV_5500;XIRECS;7.0;5
46600;BOT_TAKER;BOT_MAKER;HYDROGEL_PACK;XIRECS;9960.0;6
46600;BOT_MAKER;BOT_TAKER;VEV_6000;XIRECS;0.0;4
46800;BOT_TAKER;BOT_MAKER;VEV_4000;XIRECS;1270.0;3
46900;BOT_MAKER;BOT_TAKER;HYDROGEL_PACK;XIRECS;9938.0;4
46900;BOT_TAKER;BOT_MAKER;VEV_6500;XIRECS;1.0;2
46900;SUBMISSION;BOT_TAKER;VEV_4000;XIRECS;1250.0;1
47000;BOT_TAKER;BOT_MAKER;HYDROGEL_PACK;XIRECS;9953.0;2
47000;BOT_MAKER;BOT_TAKER;VEV_4000;XIRECS;1250.0;2
47100;BOT_TAKER;BOT_MAKER;VELVETFRUIT_EXTRACT;XIRECS;5247.0;5
47200;BOT_MAKER;BOT_TAKER;HYDROGEL_PACK;XIRECS;9938.0;3
47200;BOT_TAKER;BOT_MAKER;VELVETFRUIT_EXTRACT;XIRECS;5245.0;4
47400;BOT_TAKER;BOT_MAKER;VEV_6000;XIRECS;1.0;3
47500;BOT_MAKER;BOT_TAKER;HYDROGEL_PACK;XIRECS;9941.0;6
47500;BOT_TAKER;BOT_MAKER;VELVETFRUIT_EXTRACT;XIRECS;5244.0;8
47500;SUBMISSION;BOT_TAKER;HYDROGEL_PACK;XIRECS;9942.0;3
47600;BOT_MAKER;BOT_TAKER;VELVETFRUIT_EXTRACT;XIRECS;5239.0;7
47600;BOT_TAKER;BOT_MAKER;VEV_6000;XIRECS;1.0;3
47700;BOT_TAKER;BOT_MAKER;HYDROGEL_PACK;XIRECS;9957.0;2
47800;BOT_TAKER;BOT_MAKER;HYDROGEL_PACK;XIRECS;9958.0;6
47800;BOT_TAKER;BOT_MAKER;VELVETFRUIT_EXTRACT;XIRECS;5242.0;6
48000;BOT_MAKER;BOT_TAKER;VELVETFRUIT_EXTRACT;XIRECS;5236.0;4
48000;BOT_TAKER;BOT_MAKER;VEV_4000;XIRECS;1271.0;1
48000;BOT_TAKER;BOT_MAKER;VEV_5500;XIRECS;8.0;5
48100;BOT_MAKER;BOT_TAKER;HYDROGEL_PACK;XIRECS;9945.0;4
48100;BOT_TAKER;BOT_MAKER;VELVETFRUIT_EXTRACT;XIRECS;5241.0;5
48200;BOT_MAKER;BOT_TAKER;VEV_6000;XIRECS;0.0;2
48300;BOT_TAKER;BOT_MAKER;VELVETFRUIT_EXTRACT;XIRECS;5240.0;6
48400;BOT_TAKER;BOT_MAKER;VEV_5500;XIRECS;8.0;2
48600;BOT_TAKER;BOT_MAKER;HYDROGEL_PACK;XIRECS;9963.0;4
48700;BOT_TAKER;BOT_MAKER;HYDROGEL_PACK;XIRECS;9962.0;2
48700;BOT_MAKER;BOT_TAKER;VELVETFRUIT_EXTRACT;XIRECS;5235.0;7
48700;SUBMISSION;BOT_TAKER;VELVETFRUIT_EXTRACT;XIRECS;5236.0;5
48900;BOT_TAKER;BOT_MAKER;VELVETFRUIT_EXTRACT;XIRECS;5239.0;8
49000;BOT_TAKER;BOT_MAKER;HYDROGEL_PACK;XIRECS;9965.0;4
49000;BOT_TAKER;BOT_MAKER;VEV_4000;XIRECS;1266.0;3
49100;BOT_MAKER;BOT_TAKER;HYDROGEL_PACK;XIRECS;9945.0;6
49400;BOT_TAKER;BOT_MAKER;VEV_5400;XIRECS;11.0;5
49500;BOT_TAKER;BOT_MAKER;HYDROGEL_PACK;XIRECS;9957.0;4
49600;BOT_MAKER;BOT_TAKER;VELVETFRUIT_EXTRACT;XIRECS;5236.0;8
49600;BOT_MAKER;BOT_TAKER;VEV_5300;XIRECS;38.0;2
49700;BOT_MAKER;BOT_TAKER;VELVETFRUIT_EXTRACT;XIRECS;5237.0;4
49700;BOT_TAKER;BOT_MAKER;VEV_5500;XIRECS;8.0;5
49900;BOT_MAKER;BOT_TAKER;VELVETFRUIT_EXTRACT;XIRECS;5235.0;3
50000;BOT_MAKER;BOT_TAKER;VEV_4000;XIRECS;1245.0;1
50000;BOT_TAKER;BOT_MAKER;VEV_5400;XIRECS;10.0;4
50100;BOT_TAKER;BOT_MAKER;HYDROGEL_PACK;XIRECS;9955.0;5
50100;BOT_MAKER;BOT_TAKER;VELVETFRUIT_EXTRACT;XIRECS;5236.0;12
50200;BOT_MAKER;BOT_TAKER;VELVETFRUIT_EXTRACT;XIRECS;5237.0;3
50500;BOT_TAKER;BOT_MAKER;HYDROGEL_PACK;XIRECS;9951.0;3
50500;BOT_MAKER;BOT_TAKER;VELVETFRUIT_EXTRACT;XIRECS;5237.0;6
50600;BOT_TAKER;BOT_MAKER;VELVETFRUIT_EXTRACT;XIRECS;5242.0;3
50600;SUBMISSION;BOT_TAKER;VELVETFRUIT_EXTRACT;XIRECS;5238.0;4
50600;BOT_TAKER;SUBMISSION;VEV_4000;XIRECS;1268.0;2
50700;BOT_TAKER;BOT_MAKER;VEV_4000;XIRECS;1269.0;2
50700;BOT_TAKER;BOT_MAKER;VEV_6000;XIRECS;1.0;4
50800;BOT_MAKER;BOT_TAKER;VEV_6000;XIRECS;0.0;2
50900;BOT_TAKER;BOT_MAKER;HYDROGEL_PACK;XIRECS;9955.0;3
50900;BOT_MAKER;BOT_TAKER;VELVETFRUIT_EXTRACT;XIRECS;5236.0;7
51000;BOT_MAKER;BOT_TAKER;VELVETFRUIT_EXTRACT;XIRECS;5236.0;7
51100;BOT_MAKER;BOT_TAKER;VELVETFRUIT_EXTRACT;XIRECS;5236.0;3
51100;BOT_TAKER;BOT_MAKER;VEV_5400;XIRECS;8.0;3
51100;BOT_MAKER;BOT_TAKER;VEV_6500;XIRECS;0.0;3
51100;BOT_TAKER;SUBMISSION;VEV_4000;XIRECS;1269.0;2
51200;BOT_MAKER;BOT_TAKER;HYDROGEL_PACK;XIRECS;9938.0;6
51200;BOT_MAKER;BOT_TAKER;VELVETFRUIT_EXTRACT;XIRECS;5237.0;4
51200;BOT_TAKER;BOT_MAKER;VEV_6500;XIRECS;1.0;4
51300;BOT_MAKER;BOT_TAKER;VEV_5400;XIRECS;8.0;4
51400;BOT_MAKER;BOT_TAKER;VELVETFRUIT_EXTRACT;XIRECS;5238.0;12
51500;BOT_MAKER;BOT_TAKER;HYDROGEL_PACK;XIRECS;9940.0;3
51500;BOT_MAKER;BOT_TAKER;VELVETFRUIT_EXTRACT;XIRECS;5237.0;5
51500;BOT_MAKER;BOT_TAKER;VEV_6500;XIRECS;0.0;2
51600;BOT_MAKER;BOT_TAKER;HYDROGEL_PACK;XIRECS;9937.0;6
51600;BOT_MAKER;BOT_TAKER;VEV_5500;XIRECS;7.0;4
51700;BOT_TAKER;SUBMISSION;HYDROGEL_PACK;XIRECS;9955.0;4
51700;BOT_TAKER;SUBMISSION;VELVETFRUIT_EXTRACT;XIRECS;5242.0;5
51800;BOT_MAKER;BOT_TAKER;VELVETFRUIT_EXTRACT;XIRECS;5239.0;8
51800;BOT_MAKER;BOT_TAKER;VEV_6000;XIRECS;0.0;2
51900;BOT_MAKER;BOT_TAKER;HYDROGEL_PACK;XIRECS;9944.0;6
52100;BOT_TAKER;BOT_MAKER;VELVETFRUIT_EXTRACT;XIRECS;5245.0;7
52200;BOT_MAKER;BOT_TAKER;VEV_6500;XIRECS;0.0;3
52300;BOT_MAKER;BOT_TAKER;VEV_4000;XIRECS;1247.0;1
52500;BOT_MAKER;BOT_TAKER;VELVETFRUIT_EXTRACT;XIRECS;5235.0;8
52500;SUBMISSION;BOT_TAKER;HYDROGEL_PACK;XIRECS;9946.0;5
52500;BOT_MAKER;BOT_TAKER;HYDROGEL_PACK;XIRECS;9945.0;1
52600;BOT_TAKER;BOT_MAKER;VEV_5500;XIRECS;8.0;2
52700;BOT_TAKER;BOT_MAKER;VELVETFRUIT_EXTRACT;XIRECS;5239.0;3
52700;BOT_TAKER;BOT_MAKER;VEV_6500;XIRECS;1.0;5
52800;BOT_TAKER;BOT_MAKER;VEV_4000;XIRECS;1264.0;2
52900;BOT_MAKER;BOT_TAKER;VELVETFRUIT_EXTRACT;XIRECS;5233.0;6
53000;BOT_MAKER;BOT_TAKER;VEV_5400;XIRECS;8.0;4
53000;SUBMISSION;BOT_TAKER;VELVETFRUIT_EXTRACT;XIRECS;5234.0;5
53100;BOT_MAKER;BOT_TAKER;VEV_5400;XIRECS;8.0;2
53100;BOT_MAKER;BOT_TAKER;VEV_6000;XIRECS;0.0;4
53100;SUBMISSION;BOT_TAKER;VELVETFRUIT_EXTRACT;XIRECS;5234.0;4
53200;BOT_MAKER;BOT_TAKER;VELVETFRUIT_EXTRACT;XIRECS;5233.0;6
53200;BOT_MAKER;BOT_TAKER;VEV_4000;XIRECS;1240.0;2
53200;BOT_TAKER;BOT_MAKER;VEV_6500;XIRECS;1.0;2
53700;BOT_MAKER;BOT_TAKER;VELVETFRUIT_EXTRACT;XIRECS;5236.0;7
53800;BOT_TAKER;BOT_MAKER;VEV_6000;XIRECS;1.0;5
53800;SUBMISSION;BOT_TAKER;VEV_5200;XIRECS;89.0;3
53900;BOT_TAKER;BOT_MAKER;VELVETFRUIT_EXTRACT;XIRECS;5242.0;3
54100;BOT_MAKER;BOT_TAKER;VEV_4000;XIRECS;1237.0;3
54200;BOT_MAKER;BOT_TAKER;HYDROGEL_PACK;XIRECS;9944.0;3
54200;BOT_MAKER;BOT_TAKER;VELVETFRUIT_EXTRACT;XIRECS;5235.0;4
54200;BOT_TAKER;BOT_MAKER;VELVETFRUIT_EXTRACT;XIRECS;5241.0;5
54300;BOT_MAKER;BOT_TAKER;HYDROGEL_PACK;XIRECS;9946.0;3
54300;BOT_MAKER;BOT_TAKER;VELVETFRUIT_EXTRACT;XIRECS;5236.0;8
54300;BOT_MAKER;BOT_TAKER;VEV_6000;XIRECS;0.0;4
54400;BOT_TAKER;BOT_MAKER;VEV_4000;XIRECS;1255.0;2
54400;BOT_TAKER;BOT_MAKER;VEV_6000;XIRECS;1.0;5
54600;BOT_MAKER;BOT_TAKER;VELVETFRUIT_EXTRACT;XIRECS;5235.0;8
54600;BOT_TAKER;BOT_MAKER;VEV_6500;XIRECS;1.0;4
54700;BOT_TAKER;BOT_MAKER;VELVETFRUIT_EXTRACT;XIRECS;5239.0;8
54700;BOT_TAKER;BOT_MAKER;VEV_5300;XIRECS;39.0;5
54800;BOT_TAKER;BOT_MAKER;VELVETFRUIT_EXTRACT;XIRECS;5239.0;8
54900;BOT_TAKER;BOT_MAKER;VEV_5300;XIRECS;39.0;4
54900;BOT_MAKER;BOT_TAKER;VEV_5400;XIRECS;8.0;4
55100;BOT_MAKER;BOT_TAKER;HYDROGEL_PACK;XIRECS;9945.0;4
55100;BOT_MAKER;BOT_TAKER;VEV_5400;XIRECS;8.0;3
55100;BOT_TAKER;BOT_MAKER;VEV_6500;XIRECS;1.0;3
55200;BOT_MAKER;BOT_TAKER;HYDROGEL_PACK;XIRECS;9945.0;3
55200;BOT_TAKER;BOT_MAKER;VEV_5500;XIRECS;8.0;3
55300;BOT_TAKER;BOT_MAKER;VEV_5400;XIRECS;9.0;3
55400;BOT_TAKER;BOT_MAKER;VELVETFRUIT_EXTRACT;XIRECS;5242.0;3
55400;BOT_MAKER;BOT_TAKER;VEV_6000;XIRECS;0.0;3
55400;BOT_MAKER;BOT_TAKER;VEV_6500;XIRECS;0.0;3
55400;BOT_TAKER;SUBMISSION;VELVETFRUIT_EXTRACT;XIRECS;5241.0;5
55500;BOT_TAKER;BOT_MAKER;VELVETFRUIT_EXTRACT;XIRECS;5242.0;6
55600;BOT_TAKER;BOT_MAKER;VEV_4000;XIRECS;1259.0;1
55700;BOT_MAKER;BOT_TAKER;VEV_6500;XIRECS;0.0;3
55800;BOT_TAKER;BOT_MAKER;VELVETFRUIT_EXTRACT;XIRECS;5239.0;7
55900;BOT_TAKER;BOT_MAKER;HYDROGEL_PACK;XIRECS;9958.0;4
55900;BOT_MAKER;BOT_TAKER;VEV_5400;XIRECS;7.0;2
55900;BOT_TAKER;BOT_MAKER;VEV_6500;XIRECS;1.0;3
56000;BOT_TAKER;BOT_MAKER;VELVETFRUIT_EXTRACT;XIRECS;5242.0;6
56000;BOT_MAKER;BOT_TAKER;VEV_4000;XIRECS;1234.0;3
56000;SUBMISSION;BOT_TAKER;HYDROGEL_PACK;XIRECS;9942.0;5
56200;BOT_TAKER;BOT_MAKER;VELVETFRUIT_EXTRACT;XIRECS;5242.0;3
56400;BOT_TAKER;BOT_MAKER;HYDROGEL_PACK;XIRECS;9957.0;3
56400;BOT_MAKER;BOT_TAKER;HYDROGEL_PACK;XIRECS;9941.0;4
56400;BOT_TAKER;BOT_MAKER;VELVETFRUIT_EXTRACT;XIRECS;5242.0;8
56400;BOT_MAKER;BOT_TAKER;VEV_5200;XIRECS;90.0;4
56400;BOT_TAKER;BOT_MAKER;VEV_6000;XIRECS;1.0;4
56500;BOT_MAKER;BOT_TAKER;VEV_4000;XIRECS;1235.0;3
56500;BOT_TAKER;BOT_MAKER;VEV_6000;XIRECS;1.0;3
56600;BOT_TAKER;BOT_MAKER;HYDROGEL_PACK;XIRECS;9958.0;3
56600;BOT_TAKER;BOT_MAKER;VELVETFRUIT_EXTRACT;XIRECS;5240.0;3
56600;BOT_TAKER;BOT_MAKER;VEV_6500;XIRECS;1.0;3
56900;BOT_MAKER;BOT_TAKER;HYDROGEL_PACK;XIRECS;9940.0;5
56900;BOT_TAKER;BOT_MAKER;VELVETFRUIT_EXTRACT;XIRECS;5241.0;8
57000;BOT_MAKER;BOT_TAKER;VEV_4000;XIRECS;1232.0;3
57000;SUBMISSION;BOT_TAKER;VELVETFRUIT_EXTRACT;XIRECS;5235.0;5
57000;BOT_MAKER;BOT_TAKER;VELVETFRUIT_EXTRACT;XIRECS;5234.0;2
57100;BOT_TAKER;BOT_MAKER;HYDROGEL_PACK;XIRECS;9956.0;3
57100;BOT_TAKER;BOT_MAKER;VEV_6500;XIRECS;1.0;3
57200;BOT_MAKER;BOT_TAKER;HYDROGEL_PACK;XIRECS;9937.0;6
57300;BOT_MAKER;BOT_TAKER;VELVETFRUIT_EXTRACT;XIRECS;5234.0;3
57400;BOT_MAKER;BOT_TAKER;HYDROGEL_PACK;XIRECS;9936.0;2
57400;BOT_MAKER;BOT_TAKER;VEV_6000;XIRECS;0.0;4
57500;BOT_MAKER;BOT_TAKER;HYDROGEL_PACK;XIRECS;9934.0;5
57500;BOT_MAKER;BOT_TAKER;VEV_5500;XIRECS;7.0;4
57600;BOT_TAKER;BOT_MAKER;VEV_4000;XIRECS;1256.0;2
57700;BOT_TAKER;BOT_MAKER;HYDROGEL_PACK;XIRECS;9951.0;4
57700;BOT_MAKER;BOT_TAKER;VEV_4000;XIRECS;1235.0;2
57800;BOT_MAKER;BOT_TAKER;VEV_5400;XIRECS;9.0;5
57900;BOT_MAKER;BOT_TAKER;HYDROGEL_PACK;XIRECS;9937.0;2
57900;SUBMISSION;BOT_TAKER;VELVETFRUIT_EXTRACT;XIRECS;5241.0;5
57900;BOT_MAKER;BOT_TAKER;VELVETFRUIT_EXTRACT;XIRECS;5240.0;3
58000;BOT_TAKER;SUBMISSION;VELVETFRUIT_EXTRACT;XIRECS;5244.0;5
58100;BOT_MAKER;BOT_TAKER;HYDROGEL_PACK;XIRECS;9936.0;2
58100;BOT_TAKER;BOT_MAKER;VELVETFRUIT_EXTRACT;XIRECS;5246.0;8
58100;BOT_TAKER;SUBMISSION;VELVETFRUIT_EXTRACT;XIRECS;5245.0;5
58100;BOT_TAKER;BOT_MAKER;VELVETFRUIT_EXTRACT;XIRECS;5246.0;1
58200;BOT_TAKER;BOT_MAKER;VELVETFRUIT_EXTRACT;XIRECS;5246.0;3
58200;BOT_TAKER;BOT_MAKER;VEV_6500;XIRECS;1.0;4
58200;SUBMISSION;BOT_TAKER;VEV_4000;XIRECS;1237.0;1
58300;BOT_TAKER;BOT_MAKER;HYDROGEL_PACK;XIRECS;9954.0;2
58300;BOT_TAKER;BOT_MAKER;VELVETFRUIT_EXTRACT;XIRECS;5247.0;9
58300;BOT_TAKER;BOT_MAKER;VEV_4000;XIRECS;1257.0;3
58500;BOT_MAKER;BOT_TAKER;HYDROGEL_PACK;XIRECS;9936.0;6
58500;BOT_MAKER;BOT_TAKER;VEV_4000;XIRECS;1238.0;2
58600;BOT_TAKER;BOT_MAKER;HYDROGEL_PACK;XIRECS;9953.0;6
58600;BOT_MAKER;BOT_TAKER;VELVETFRUIT_EXTRACT;XIRECS;5243.0;8
58700;BOT_MAKER;BOT_TAKER;VELVETFRUIT_EXTRACT;XIRECS;5243.0;4
58800;BOT_TAKER;BOT_MAKER;VELVETFRUIT_EXTRACT;XIRECS;5249.0;5
58900;BOT_TAKER;BOT_MAKER;HYDROGEL_PACK;XIRECS;9954.0;2
58900;BOT_MAKER;BOT_TAKER;VELVETFRUIT_EXTRACT;XIRECS;5243.0;5
58900;BOT_MAKER;BOT_TAKER;VEV_4000;XIRECS;1237.0;3
59000;BOT_MAKER;BOT_TAKER;VELVETFRUIT_EXTRACT;XIRECS;5242.0;6
59000;SUBMISSION;BOT_TAKER;VELVETFRUIT_EXTRACT;XIRECS;5243.0;5
59100;BOT_TAKER;BOT_MAKER;VEV_4000;XIRECS;1257.0;2
59200;BOT_MAKER;BOT_TAKER;VELVETFRUIT_EXTRACT;XIRECS;5246.0;3
59300;BOT_MAKER;BOT_TAKER;HYDROGEL_PACK;XIRECS;9943.0;6
59300;BOT_TAKER;BOT_MAKER;VELVETFRUIT_EXTRACT;XIRECS;5248.0;8
59600;BOT_MAKER;BOT_TAKER;VELVETFRUIT_EXTRACT;XIRECS;5244.0;8
59600;BOT_MAKER;BOT_TAKER;VEV_5500;XIRECS;8.0;2
59700;BOT_TAKER;BOT_MAKER;HYDROGEL_PACK;XIRECS;9959.0;5
59700;BOT_MAKER;BOT_TAKER;VEV_4000;XIRECS;1238.0;3
59900;BOT_MAKER;BOT_TAKER;VELVETFRUIT_EXTRACT;XIRECS;5243.0;5
60100;BOT_TAKER;BOT_MAKER;VELVETFRUIT_EXTRACT;XIRECS;5249.0;6
60100;BOT_MAKER;BOT_TAKER;VEV_4000;XIRECS;1237.0;3
60100;BOT_MAKER;BOT_TAKER;VEV_5400;XIRECS;6.0;3
60200;BOT_MAKER;BOT_TAKER;VELVETFRUIT_EXTRACT;XIRECS;5244.0;6
60200;SUBMISSION;BOT_TAKER;VELVETFRUIT_EXTRACT;XIRECS;5245.0;3
60300;BOT_TAKER;BOT_MAKER;HYDROGEL_PACK;XIRECS;9956.0;6
60300;BOT_TAKER;BOT_MAKER;VELVETFRUIT_EXTRACT;XIRECS;5249.0;7
60300;SUBMISSION;BOT_TAKER;VEV_4000;XIRECS;1239.0;1
60400;BOT_MAKER;BOT_TAKER;VELVETFRUIT_EXTRACT;XIRECS;5241.0;6
60400;BOT_TAKER;BOT_MAKER;VEV_5400;XIRECS;7.0;4
60500;BOT_MAKER;BOT_TAKER;VELVETFRUIT_EXTRACT;XIRECS;5242.0;6
60600;BOT_MAKER;BOT_TAKER;VELVETFRUIT_EXTRACT;XIRECS;5241.0;8
60700;BOT_TAKER;BOT_MAKER;VELVETFRUIT_EXTRACT;XIRECS;5247.0;3
60800;BOT_TAKER;BOT_MAKER;VEV_4000;XIRECS;1259.0;2
60800;BOT_MAKER;BOT_TAKER;VEV_6500;XIRECS;0.0;4
60900;BOT_MAKER;BOT_TAKER;VELVETFRUIT_EXTRACT;XIRECS;5238.0;5
61000;BOT_MAKER;BOT_TAKER;VELVETFRUIT_EXTRACT;XIRECS;5239.0;10
61000;SUBMISSION;BOT_TAKER;HYDROGEL_PACK;XIRECS;9944.0;5
61000;BOT_MAKER;BOT_TAKER;HYDROGEL_PACK;XIRECS;9943.0;1
61100;SUBMISSION;BOT_TAKER;HYDROGEL_PACK;XIRECS;9943.0;5
61100;BOT_MAKER;BOT_TAKER;HYDROGEL_PACK;XIRECS;9942.0;1
61200;BOT_TAKER;BOT_MAKER;HYDROGEL_PACK;XIRECS;9960.0;5
61200;BOT_TAKER;BOT_MAKER;VELVETFRUIT_EXTRACT;XIRECS;5245.0;6
61300;BOT_MAKER;BOT_TAKER;HYDROGEL_PACK;XIRECS;9944.0;4
61400;BOT_TAKER;BOT_MAKER;HYDROGEL_PACK;XIRECS;9959.0;6
61500;BOT_MAKER;BOT_TAKER;VELVETFRUIT_EXTRACT;XIRECS;5242.0;4
61600;BOT_MAKER;BOT_TAKER;VELVETFRUIT_EXTRACT;XIRECS;5244.0;5
61600;BOT_TAKER;SUBMISSION;VEV_4000;XIRECS;1261.0;1
61700;BOT_TAKER;BOT_MAKER;HYDROGEL_PACK;XIRECS;9961.0;5
61800;BOT_MAKER;BOT_TAKER;HYDROGEL_PACK;XIRECS;9947.0;3
61800;BOT_MAKER;BOT_TAKER;VEV_4000;XIRECS;1240.0;1
61800;BOT_TAKER;BOT_MAKER;VEV_5400;XIRECS;8.0;3
61900;BOT_MAKER;BOT_TAKER;VEV_5500;XIRECS;8.0;4
62000;BOT_TAKER;BOT_MAKER;VEV_6500;XIRECS;1.0;2
62100;BOT_TAKER;BOT_MAKER;VEV_6000;XIRECS;1.0;3
62100;BOT_MAKER;BOT_TAKER;VEV_6500;XIRECS;0.0;4
62200;BOT_MAKER;BOT_TAKER;HYDROGEL_PACK;XIRECS;9949.0;6
62200;BOT_MAKER;BOT_TAKER;VELVETFRUIT_EXTRACT;XIRECS;5240.0;5
62300;BOT_MAKER;BOT_TAKER;VEV_4000;XIRECS;1242.0;2
62400;BOT_TAKER;BOT_MAKER;VELVETFRUIT_EXTRACT;XIRECS;5244.0;5
62400;BOT_TAKER;BOT_MAKER;VEV_4000;XIRECS;1263.0;2
62500;BOT_TAKER;BOT_MAKER;HYDROGEL_PACK;XIRECS;9966.0;4
62500;SUBMISSION;BOT_TAKER;HYDROGEL_PACK;XIRECS;9951.0;5
62500;BOT_MAKER;BOT_TAKER;HYDROGEL_PACK;XIRECS;9950.0;1
62700;BOT_TAKER;BOT_MAKER;VELVETFRUIT_EXTRACT;XIRECS;5243.0;3
62800;BOT_MAKER;BOT_TAKER;VELVETFRUIT_EXTRACT;XIRECS;5240.0;3
62800;BOT_MAKER;BOT_TAKER;VELVETFRUIT_EXTRACT;XIRECS;5240.0;6
62900;BOT_TAKER;BOT_MAKER;VELVETFRUIT_EXTRACT;XIRECS;5246.0;8
63000;BOT_TAKER;BOT_MAKER;VEV_6500;XIRECS;1.0;2
63100;BOT_MAKER;BOT_TAKER;HYDROGEL_PACK;XIRECS;9950.0;4
63200;BOT_MAKER;BOT_TAKER;HYDROGEL_PACK;XIRECS;9948.0;5
63200;BOT_MAKER;BOT_TAKER;VELVETFRUIT_EXTRACT;XIRECS;5242.0;7
63300;BOT_MAKER;BOT_TAKER;VELVETFRUIT_EXTRACT;XIRECS;5240.0;7
63300;BOT_TAKER;BOT_MAKER;VEV_4000;XIRECS;1261.0;2
63300;SUBMISSION;BOT_TAKER;VELVETFRUIT_EXTRACT;XIRECS;5241.0;3
63400;BOT_TAKER;BOT_MAKER;VELVETFRUIT_EXTRACT;XIRECS;5246.0;5
63400;BOT_MAKER;BOT_TAKER;VEV_6000;XIRECS;0.0;2
63500;BOT_MAKER;BOT_TAKER;HYDROGEL_PACK;XIRECS;9943.0;6
63800;SUBMISSION;BOT_TAKER;VELVETFRUIT_EXTRACT;XIRECS;5243.0;5
63800;BOT_MAKER;BOT_TAKER;VELVETFRUIT_EXTRACT;XIRECS;5242.0;3
63900;BOT_TAKER;BOT_MAKER;VELVETFRUIT_EXTRACT;XIRECS;5247.0;6
63900;BOT_TAKER;SUBMISSION;HYDROGEL_PACK;XIRECS;9962.0;2
64000;BOT_TAKER;BOT_MAKER;VEV_6000;XIRECS;1.0;2
64100;BOT_MAKER;BOT_TAKER;HYDROGEL_PACK;XIRECS;9945.0;6
64100;BOT_TAKER;BOT_MAKER;VELVETFRUIT_EXTRACT;XIRECS;5248.0;5
64200;BOT_TAKER;BOT_MAKER;VELVETFRUIT_EXTRACT;XIRECS;5247.0;3
64200;BOT_TAKER;BOT_MAKER;VEV_6500;XIRECS;1.0;4
64300;BOT_TAKER;BOT_MAKER;VEV_6000;XIRECS;1.0;2
64400;BOT_MAKER;BOT_TAKER;VEV_5500;XIRECS;7.0;3
64600;BOT_MAKER;BOT_TAKER;VELVETFRUIT_EXTRACT;XIRECS;5241.0;6
64800;BOT_TAKER;BOT_MAKER;HYDROGEL_PACK;XIRECS;9948.0;5
64900;BOT_MAKER;BOT_TAKER;VELVETFRUIT_EXTRACT;XIRECS;5240.0;4
65000;BOT_MAKER;BOT_TAKER;VEV_5500;XIRECS;7.0;5
65100;BOT_TAKER;BOT_MAKER;HYDROGEL_PACK;XIRECS;9945.0;5
65100;BOT_TAKER;BOT_MAKER;VEV_4000;XIRECS;1259.0;1
65200;BOT_MAKER;BOT_TAKER;VELVETFRUIT_EXTRACT;XIRECS;5242.0;8
65200;BOT_MAKER;BOT_TAKER;VEV_6000;XIRECS;0.0;2
65300;BOT_TAKER;BOT_MAKER;VELVETFRUIT_EXTRACT;XIRECS;5246.0;5
65300;BOT_TAKER;BOT_MAKER;VELVETFRUIT_EXTRACT;XIRECS;5246.0;3
65300;BOT_TAKER;BOT_MAKER;VEV_5400;XIRECS;8.0;5
65300;BOT_MAKER;BOT_TAKER;VEV_5400;XIRECS;7.0;2
65400;BOT_TAKER;BOT_MAKER;VELVETFRUIT_EXTRACT;XIRECS;5246.0;8
65500;BOT_TAKER;BOT_MAKER;VELVETFRUIT_EXTRACT;XIRECS;5248.0;14
65600;BOT_TAKER;BOT_MAKER;VELVETFRUIT_EXTRACT;XIRECS;5245.0;7
65700;BOT_TAKER;BOT_MAKER;VELVETFRUIT_EXTRACT;XIRECS;5245.0;8
65800;BOT_MAKER;BOT_TAKER;VELVETFRUIT_EXTRACT;XIRECS;5238.0;8
65900;BOT_TAKER;BOT_MAKER;VEV_5500;XIRECS;9.0;5
66000;BOT_MAKER;BOT_TAKER;VELVETFRUIT_EXTRACT;XIRECS;5241.0;10
66000;BOT_MAKER;BOT_TAKER;VEV_4000;XIRECS;1236.0;2
66000;BOT_TAKER;BOT_MAKER;VEV_6500;XIRECS;1.0;2
66100;BOT_TAKER;BOT_MAKER;VELVETFRUIT_EXTRACT;XIRECS;5244.0;7
66100;BOT_MAKER;BOT_TAKER;VEV_5300;XIRECS;39.0;5
66200;BOT_MAKER;BOT_TAKER;HYDROGEL_PACK;XIRECS;9929.0;4
66200;BOT_TAKER;BOT_MAKER;VEV_5500;XIRECS;9.0;5
66300;BOT_MAKER;BOT_TAKER;VELVETFRUIT_EXTRACT;XIRECS;5241.0;6
66300;BOT_TAKER;BOT_MAKER;VEV_5300;XIRECS;41.0;5
66300;BOT_MAKER;BOT_TAKER;VEV_5400;XIRECS;7.0;4
66400;BOT_TAKER;BOT_MAKER;VELVETFRUIT_EXTRACT;XIRECS;5245.0;10
66400;BOT_MAKER;BOT_TAKER;VEV_6000;XIRECS;0.0;4
66500;BOT_TAKER;BOT_MAKER;VELVETFRUIT_EXTRACT;XIRECS;5244.0;5
66500;BOT_MAKER;BOT_TAKER;VEV_5400;XIRECS;8.0;2
66600;BOT_MAKER;BOT_TAKER;HYDROGEL_PACK;XIRECS;9926.0;5
66600;BOT_TAKER;BOT_MAKER;VEV_4000;XIRECS;1253.0;3
66700;BOT_TAKER;BOT_MAKER;VELVETFRUIT_EXTRACT;XIRECS;5246.0;4
66700;BOT_MAKER;BOT_TAKER;VEV_5500;XIRECS;8.0;2
66800;BOT_TAKER;BOT_MAKER;HYDROGEL_PACK;XIRECS;9942.0;5
66900;BOT_MAKER;BOT_TAKER;HYDROGEL_PACK;XIRECS;9926.0;6
66900;BOT_TAKER;BOT_MAKER;VELVETFRUIT_EXTRACT;XIRECS;5245.0;4
66900;BOT_TAKER;BOT_MAKER;VEV_5300;XIRECS;40.0;5
67000;BOT_TAKER;BOT_MAKER;HYDROGEL_PACK;XIRECS;9943.0;3
67100;BOT_TAKER;BOT_MAKER;VELVETFRUIT_EXTRACT;XIRECS;5242.0;13
67200;BOT_TAKER;BOT_MAKER;VEV_5200;XIRECS;94.0;5
67300;BOT_TAKER;BOT_MAKER;VELVETFRUIT_EXTRACT;XIRECS;5243.0;5
67300;BOT_MAKER;BOT_TAKER;VEV_6500;XIRECS;0.0;3
67300;BOT_TAKER;SUBMISSION;VELVETFRUIT_EXTRACT;XIRECS;5242.0;5
67300;BOT_TAKER;BOT_MAKER;VELVETFRUIT_EXTRACT;XIRECS;5243.0;1
67500;BOT_MAKER;BOT_TAKER;VELVETFRUIT_EXTRACT;XIRECS;5239.0;5
67500;SUBMISSION;BOT_TAKER;HYDROGEL_PACK;XIRECS;9927.0;2
67600;BOT_TAKER;BOT_MAKER;HYDROGEL_PACK;XIRECS;9942.0;4
67600;BOT_TAKER;BOT_MAKER;VELVETFRUIT_EXTRACT;XIRECS;5245.0;5
67600;BOT_TAKER;BOT_MAKER;VEV_4000;XIRECS;1257.0;1
67600;BOT_TAKER;SUBMISSION;HYDROGEL_PACK;XIRECS;9941.0;4
67700;BOT_TAKER;BOT_MAKER;VELVETFRUIT_EXTRACT;XIRECS;5244.0;5
67700;BOT_TAKER;BOT_MAKER;VELVETFRUIT_EXTRACT;XIRECS;5244.0;13
67700;BOT_MAKER;BOT_TAKER;VEV_5300;XIRECS;38.0;2
67800;BOT_MAKER;BOT_TAKER;VELVETFRUIT_EXTRACT;XIRECS;5236.0;10
67800;BOT_TAKER;SUBMISSION;HYDROGEL_PACK;XIRECS;9945.0;4
67900;BOT_TAKER;BOT_MAKER;HYDROGEL_PACK;XIRECS;9948.0;2
67900;BOT_TAKER;BOT_MAKER;VELVETFRUIT_EXTRACT;XIRECS;5241.0;3
67900;BOT_MAKER;BOT_TAKER;VEV_6000;XIRECS;0.0;2
68000;BOT_TAKER;BOT_MAKER;HYDROGEL_PACK;XIRECS;9948.0;6
68000;BOT_TAKER;BOT_MAKER;VELVETFRUIT_EXTRACT;XIRECS;5242.0;14
68000;BOT_MAKER;BOT_TAKER;VEV_6500;XIRECS;0.0;3
68000;SUBMISSION;BOT_TAKER;HYDROGEL_PACK;XIRECS;9933.0;5
68000;BOT_MAKER;BOT_TAKER;HYDROGEL_PACK;XIRECS;9932.0;1
68100;BOT_MAKER;BOT_TAKER;HYDROGEL_PACK;XIRECS;9931.0;4
68100;BOT_MAKER;BOT_TAKER;VEV_4000;XIRECS;1240.0;2
68200;BOT_TAKER;BOT_MAKER;HYDROGEL_PACK;XIRECS;9949.0;3
68300;SUBMISSION;BOT_TAKER;HYDROGEL_PACK;XIRECS;9933.0;4
68400;BOT_MAKER;BOT_TAKER;HYDROGEL_PACK;XIRECS;9934.0;5
68400;BOT_TAKER;BOT_MAKER;VELVETFRUIT_EXTRACT;XIRECS;5239.0;3
68500;BOT_MAKER;BOT_TAKER;VELVETFRUIT_EXTRACT;XIRECS;5233.0;6
68500;BOT_TAKER;BOT_MAKER;VEV_4000;XIRECS;1259.0;2
68500;BOT_TAKER;BOT_MAKER;VEV_5300;XIRECS;40.0;3
68600;BOT_MAKER;BOT_TAKER;VELVETFRUIT_EXTRACT;XIRECS;5233.0;8
68600;BOT_MAKER;BOT_TAKER;VEV_6500;XIRECS;0.0;2
68700;BOT_TAKER;BOT_MAKER;HYDROGEL_PACK;XIRECS;9955.0;2
68700;BOT_TAKER;BOT_MAKER;VELVETFRUIT_EXTRACT;XIRECS;5240.0;7
68800;BOT_TAKER;BOT_MAKER;VELVETFRUIT_EXTRACT;XIRECS;5241.0;6
68900;BOT_MAKER;BOT_TAKER;HYDROGEL_PACK;XIRECS;9942.0;4
68900;BOT_TAKER;BOT_MAKER;VELVETFRUIT_EXTRACT;XIRECS;5241.0;7
69000;BOT_TAKER;BOT_MAKER;HYDROGEL_PACK;XIRECS;9958.0;2
69000;BOT_MAKER;BOT_TAKER;VELVETFRUIT_EXTRACT;XIRECS;5235.0;8
69000;BOT_TAKER;BOT_MAKER;VEV_4000;XIRECS;1258.0;2
69100;BOT_TAKER;BOT_MAKER;VELVETFRUIT_EXTRACT;XIRECS;5240.0;10
69200;BOT_TAKER;BOT_MAKER;VELVETFRUIT_EXTRACT;XIRECS;5237.0;5
69200;BOT_MAKER;BOT_TAKER;VELVETFRUIT_EXTRACT;XIRECS;5232.0;6
69200;SUBMISSION;BOT_TAKER;VELVETFRUIT_EXTRACT;XIRECS;5233.0;5
69200;BOT_MAKER;BOT_TAKER;VELVETFRUIT_EXTRACT;XIRECS;5232.0;3
69500;BOT_TAKER;BOT_MAKER;VELVETFRUIT_EXTRACT;XIRECS;5237.0;5
69600;BOT_MAKER;BOT_TAKER;VELVETFRUIT_EXTRACT;XIRECS;5231.0;8
69600;BOT_TAKER;BOT_MAKER;VEV_6000;XIRECS;1.0;3
69700;BOT_TAKER;BOT_MAKER;HYDROGEL_PACK;XIRECS;9955.0;6
69700;BOT_TAKER;BOT_MAKER;VELVETFRUIT_EXTRACT;XIRECS;5235.0;5
69700;BOT_MAKER;BOT_TAKER;VEV_5400;XIRECS;8.0;5
69800;BOT_MAKER;BOT_TAKER;HYDROGEL_PACK;XIRECS;9939.0;6
69800;BOT_MAKER;BOT_TAKER;VELVETFRUIT_EXTRACT;XIRECS;5230.0;8
69900;BOT_MAKER;BOT_TAKER;HYDROGEL_PACK;XIRECS;9941.0;4
69900;BOT_MAKER;BOT_TAKER;VEV_4000;XIRECS;1232.0;3
69900;BOT_TAKER;SUBMISSION;VELVETFRUIT_EXTRACT;XIRECS;5234.0;3
70100;BOT_MAKER;BOT_TAKER;VEV_4000;XIRECS;1232.0;1
70200;BOT_TAKER;BOT_MAKER;VEV_4000;XIRECS;1253.0;2
70300;BOT_TAKER;BOT_MAKER;VEV_4000;XIRECS;1253.0;3
70400;BOT_MAKER;BOT_TAKER;VEV_5400;XIRECS;8.0;2
70500;BOT_MAKER;BOT_TAKER;VELVETFRUIT_EXTRACT;XIRECS;5233.0;13
70500;BOT_MAKER;BOT_TAKER;VEV_4000;XIRECS;1234.0;1
70800;BOT_TAKER;BOT_MAKER;HYDROGEL_PACK;XIRECS;9954.0;5
70900;BOT_MAKER;BOT_TAKER;VELVETFRUIT_EXTRACT;XIRECS;5231.0;5
70900;BOT_TAKER;BOT_MAKER;VEV_6000;XIRECS;1.0;2
71200;BOT_TAKER;BOT_MAKER;HYDROGEL_PACK;XIRECS;9946.0;6
71200;BOT_MAKER;BOT_TAKER;VEV_4000;XIRECS;1231.0;3
71300;BOT_MAKER;BOT_TAKER;HYDROGEL_PACK;XIRECS;9932.0;6
71300;SUBMISSION;BOT_TAKER;HYDROGEL_PACK;XIRECS;9933.0;5
71300;BOT_MAKER;BOT_TAKER;HYDROGEL_PACK;XIRECS;9932.0;1
71300;BOT_TAKER;SUBMISSION;VELVETFRUIT_EXTRACT;XIRECS;5233.0;3
71400;BOT_TAKER;BOT_MAKER;VEV_6000;XIRECS;1.0;4
71600;BOT_TAKER;BOT_MAKER;VELVETFRUIT_EXTRACT;XIRECS;5236.0;3
71700;BOT_TAKER;BOT_MAKER;HYDROGEL_PACK;XIRECS;9946.0;5
71700;BOT_MAKER;BOT_TAKER;VEV_5500;XIRECS;8.0;4
71800;BOT_MAKER;BOT_TAKER;VEV_6500;XIRECS;0.0;2
71900;BOT_TAKER;BOT_MAKER;VELVETFRUIT_EXTRACT;XIRECS;5239.0;5
72000;BOT_MAKER;BOT_TAKER;VELVETFRUIT_EXTRACT;XIRECS;5233.0;6
72100;BOT_MAKER;BOT_TAKER;HYDROGEL_PACK;XIRECS;9933.0;2
72100;BOT_MAKER;BOT_TAKER;VELVETFRUIT_EXTRACT;XIRECS;5233.0;4
72100;BOT_TAKER;BOT_MAKER;VEV_5400;XIRECS;10.0;2
72100;BOT_MAKER;BOT_TAKER;VEV_5500;XIRECS;8.0;2
72100;BOT_TAKER;BOT_MAKER;VEV_6500;XIRECS;1.0;2
72100;SUBMISSION;BOT_TAKER;VEV_4000;XIRECS;1233.0;2
72200;BOT_TAKER;BOT_MAKER;HYDROGEL_PACK;XIRECS;9946.0;4
72200;BOT_MAKER;BOT_TAKER;VELVETFRUIT_EXTRACT;XIRECS;5232.0;5
72200;BOT_MAKER;BOT_TAKER;VEV_4000;XIRECS;1232.0;2
72200;BOT_MAKER;BOT_TAKER;VEV_6000;XIRECS;0.0;2
72300;BOT_MAKER;BOT_TAKER;VEV_5300;XIRECS;38.0;2
72300;BOT_MAKER;BOT_TAKER;VEV_5400;XIRECS;8.0;5
72300;BOT_MAKER;BOT_TAKER;VEV_6000;XIRECS;0.0;2
72400;BOT_TAKER;BOT_MAKER;HYDROGEL_PACK;XIRECS;9945.0;3
72400;BOT_MAKER;BOT_TAKER;VEV_4000;XIRECS;1231.0;1
72500;BOT_TAKER;BOT_MAKER;VEV_6000;XIRECS;1.0;2
72500;BOT_MAKER;BOT_TAKER;VEV_6500;XIRECS;0.0;3
72600;BOT_MAKER;BOT_TAKER;HYDROGEL_PACK;XIRECS;9928.0;5
72600;BOT_MAKER;BOT_TAKER;VELVETFRUIT_EXTRACT;XIRECS;5232.0;4
72700;SUBMISSION;BOT_TAKER;VELVETFRUIT_EXTRACT;XIRECS;5232.0;5
72800;BOT_MAKER;BOT_TAKER;HYDROGEL_PACK;XIRECS;9929.0;4
72800;BOT_TAKER;SUBMISSION;HYDROGEL_PACK;XIRECS;9944.0;2
72900;SUBMISSION;BOT_TAKER;HYDROGEL_PACK;XIRECS;9932.0;5
72900;BOT_MAKER;BOT_TAKER;HYDROGEL_PACK;XIRECS;9931.0;1
73000;BOT_MAKER;BOT_TAKER;HYDROGEL_PACK;XIRECS;9932.0;3
73000;BOT_MAKER;BOT_TAKER;VELVETFRUIT_EXTRACT;XIRECS;5235.0;5
73100;BOT_TAKER;BOT_MAKER;VEV_6000;XIRECS;1.0;5
73200;BOT_MAKER;BOT_TAKER;HYDROGEL_PACK;XIRECS;9932.0;5
73300;BOT_MAKER;BOT_TAKER;HYDROGEL_PACK;XIRECS;9933.0;3
73500;BOT_MAKER;BOT_TAKER;HYDROGEL_PACK;XIRECS;9935.0;4
73500;BOT_MAKER;BOT_TAKER;VEV_5500;XIRECS;8.0;5
73600;BOT_MAKER;BOT_TAKER;HYDROGEL_PACK;XIRECS;9936.0;2
73600;BOT_TAKER;BOT_MAKER;VELVETFRUIT_EXTRACT;XIRECS;5240.0;3
73600;BOT_TAKER;BOT_MAKER;VEV_6000;XIRECS;1.0;4
73700;BOT_TAKER;BOT_MAKER;HYDROGEL_PACK;XIRECS;9951.0;3
73700;BOT_MAKER;BOT_TAKER;VELVETFRUIT_EXTRACT;XIRECS;5235.0;7
73800;BOT_TAKER;BOT_MAKER;VEV_4000;XIRECS;1246.0;1
73900;BOT_TAKER;BOT_MAKER;VELVETFRUIT_EXTRACT;XIRECS;5239.0;4
73900;BOT_TAKER;BOT_MAKER;VEV_4000;XIRECS;1247.0;2
74000;BOT_TAKER;BOT_MAKER;HYDROGEL_PACK;XIRECS;9953.0;4
74000;BOT_MAKER;BOT_TAKER;VELVETFRUIT_EXTRACT;XIRECS;5232.0;9
74200;BOT_TAKER;BOT_MAKER;HYDROGEL_PACK;XIRECS;9953.0;6
74400;BOT_MAKER;BOT_TAKER;VEV_4000;XIRECS;1222.0;3
74500;BOT_TAKER;BOT_MAKER;VEV_4000;XIRECS;1241.0;1
74500;BOT_TAKER;SUBMISSION;VELVETFRUIT_EXTRACT;XIRECS;5234.0;5
74600;BOT_TAKER;BOT_MAKER;VELVETFRUIT_EXTRACT;XIRECS;5236.0;3
74600;BOT_MAKER;BOT_TAKER;VEV_5500;XIRECS;8.0;3
74700;BOT_MAKER;BOT_TAKER;VELVETFRUIT_EXTRACT;XIRECS;5232.0;8
74700;BOT_TAKER;BOT_MAKER;VEV_5300;XIRECS;39.0;5
74700;BOT_MAKER;BOT_TAKER;VEV_6000;XIRECS;0.0;5
74700;SUBMISSION;BOT_TAKER;HYDROGEL_PACK;XIRECS;9942.0;5
74700;BOT_MAKER;BOT_TAKER;HYDROGEL_PACK;XIRECS;9941.0;1
74800;BOT_TAKER;BOT_MAKER;VELVETFRUIT_EXTRACT;XIRECS;5239.0;6
75000;BOT_TAKER;BOT_MAKER;HYDROGEL_PACK;XIRECS;9956.0;3
75000;BOT_TAKER;BOT_MAKER;VEV_5400;XIRECS;10.0;2
75300;BOT_MAKER;BOT_TAKER;HYDROGEL_PACK;XIRECS;9943.0;2
75400;BOT_TAKER;BOT_MAKER;HYDROGEL_PACK;XIRECS;9958.0;3
75500;BOT_TAKER;BOT_MAKER;VELVETFRUIT_EXTRACT;XIRECS;5241.0;4
75600;BOT_TAKER;BOT_MAKER;VELVETFRUIT_EXTRACT;XIRECS;5241.0;3
75600;BOT_MAKER;BOT_TAKER;VEV_6500;XIRECS;0.0;2
75700;BOT_TAKER;BOT_MAKER;HYDROGEL_PACK;XIRECS;9962.0;6
75700;BOT_TAKER;BOT_MAKER;VEV_6500;XIRECS;1.0;5
76000;BOT_TAKER;BOT_MAKER;VEV_5300;XIRECS;37.0;2
76000;SUBMISSION;BOT_TAKER;VEV_4000;XIRECS;1223.0;3
76100;BOT_TAKER;BOT_MAKER;VELVETFRUIT_EXTRACT;XIRECS;5240.0;7
76100;BOT_TAKER;BOT_MAKER;VEV_5400;XIRECS;10.0;4
76100;BOT_MAKER;BOT_TAKER;VEV_5500;XIRECS;8.0;3
76100;BOT_TAKER;SUBMISSION;HYDROGEL_PACK;XIRECS;9964.0;5
76100;BOT_TAKER;BOT_MAKER;HYDROGEL_PACK;XIRECS;9965.0;1
76200;BOT_TAKER;BOT_MAKER;VEV_5500;XIRECS;9.0;2
76200;BOT_TAKER;SUBMISSION;VELVETFRUIT_EXTRACT;XIRECS;5239.0;5
76200;BOT_TAKER;BOT_MAKER;VELVETFRUIT_EXTRACT;XIRECS;5240.0;2
76300;BOT_TAKER;BOT_MAKER;HYDROGEL_PACK;XIRECS;9966.0;4
76600;BOT_TAKER;BOT_MAKER;VEV_5400;XIRECS;9.0;3
76700;SUBMISSION;BOT_TAKER;HYDROGEL_PACK;XIRECS;9950.0;3
76900;BOT_MAKER;BOT_TAKER;HYDROGEL_PACK;XIRECS;9950.0;5
76900;BOT_MAKER;BOT_TAKER;VELVETFRUIT_EXTRACT;XIRECS;5238.0;4
77000;BOT_MAKER;BOT_TAKER;VEV_6500;XIRECS;0.0;3
77000;SUBMISSION;BOT_TAKER;HYDROGEL_PACK;XIRECS;9954.0;4
77000;SUBMISSION;BOT_TAKER;VEV_4000;XIRECS;1222.0;3
77200;BOT_MAKER;BOT_TAKER;VELVETFRUIT_EXTRACT;XIRECS;5238.0;6
77200;BOT_TAKER;BOT_MAKER;VEV_5500;XIRECS;9.0;4
77300;BOT_TAKER;SUBMISSION;HYDROGEL_PACK;XIRECS;9969.0;5
77300;BOT_TAKER;BOT_MAKER;HYDROGEL_PACK;XIRECS;9970.0;1
77400;BOT_MAKER;BOT_TAKER;HYDROGEL_PACK;XIRECS;9955.0;4
77400;BOT_TAKER;BOT_MAKER;VELVETFRUIT_EXTRACT;XIRECS;5243.0;7
77500;BOT_MAKER;BOT_TAKER;HYDROGEL_PACK;XIRECS;9955.0;6
77600;BOT_TAKER;BOT_MAKER;VEV_4000;XIRECS;1240.0;2
77600;SUBMISSION;BOT_TAKER;VEV_4000;XIRECS;1220.0;2
77800;BOT_MAKER;BOT_TAKER;VEV_5400;XIRECS;8.0;4
77800;BOT_TAKER;BOT_MAKER;VEV_5400;XIRECS;9.0;5
77800;BOT_TAKER;SUBMISSION;VEV_4000;XIRECS;1239.0;2
77900;BOT_MAKER;BOT_TAKER;VEV_5500;XIRECS;8.0;2
78000;BOT_TAKER;BOT_MAKER;VELVETFRUIT_EXTRACT;XIRECS;5243.0;5
78000;BOT_MAKER;BOT_TAKER;VELVETFRUIT_EXTRACT;XIRECS;5237.0;3
78100;BOT_MAKER;BOT_TAKER;VELVETFRUIT_EXTRACT;XIRECS;5237.0;3
78100;BOT_TAKER;BOT_MAKER;VEV_4000;XIRECS;1236.0;2
78200;BOT_TAKER;BOT_MAKER;HYDROGEL_PACK;XIRECS;9965.0;5
78200;BOT_MAKER;BOT_TAKER;VELVETFRUIT_EXTRACT;XIRECS;5238.0;9
78200;BOT_MAKER;BOT_TAKER;VEV_5400;XIRECS;8.0;2
78200;BOT_MAKER;BOT_TAKER;VEV_5500;XIRECS;7.0;4
78500;BOT_MAKER;BOT_TAKER;VEV_4000;XIRECS;1214.0;2
78700;BOT_TAKER;SUBMISSION;VELVETFRUIT_EXTRACT;XIRECS;5243.0;5
78700;BOT_TAKER;BOT_MAKER;VELVETFRUIT_EXTRACT;XIRECS;5244.0;2
78800;BOT_TAKER;BOT_MAKER;VELVETFRUIT_EXTRACT;XIRECS;5244.0;4
78800;BOT_MAKER;BOT_TAKER;VEV_6500;XIRECS;0.0;2
78800;BOT_MAKER;BOT_TAKER;VEV_6500;XIRECS;0.0;4
78900;BOT_TAKER;BOT_MAKER;VELVETFRUIT_EXTRACT;XIRECS;5244.0;5
79000;BOT_MAKER;BOT_TAKER;VELVETFRUIT_EXTRACT;XIRECS;5239.0;3
79000;SUBMISSION;BOT_TAKER;HYDROGEL_PACK;XIRECS;9950.0;5
79100;BOT_TAKER;BOT_MAKER;VELVETFRUIT_EXTRACT;XIRECS;5244.0;5
79100;BOT_MAKER;BOT_TAKER;VELVETFRUIT_EXTRACT;XIRECS;5238.0;8
79100;BOT_MAKER;BOT_TAKER;VEV_5400;XIRECS;8.0;5
79100;BOT_TAKER;SUBMISSION;VEV_4000;XIRECS;1232.0;2
79200;BOT_TAKER;BOT_MAKER;VEV_4000;XIRECS;1234.0;2
79300;BOT_TAKER;BOT_MAKER;VELVETFRUIT_EXTRACT;XIRECS;5244.0;4
79300;BOT_MAKER;BOT_TAKER;VEV_6000;XIRECS;0.0;5
79500;BOT_TAKER;BOT_MAKER;VELVETFRUIT_EXTRACT;XIRECS;5245.0;6
79500;BOT_TAKER;BOT_MAKER;VEV_5500;XIRECS;8.0;2
79500;BOT_MAKER;BOT_TAKER;VEV_6000;XIRECS;0.0;2
79500;BOT_TAKER;SUBMISSION;VELVETFRUIT_EXTRACT;XIRECS;5244.0;5
79500;BOT_TAKER;BOT_MAKER;VELVETFRUIT_EXTRACT;XIRECS;5245.0;1
79600;BOT_MAKER;BOT_TAKER;HYDROGEL_PACK;XIRECS;9946.0;2
79600;BOT_MAKER;BOT_TAKER;VELVETFRUIT_EXTRACT;XIRECS;5238.0;8
79700;BOT_MAKER;BOT_TAKER;HYDROGEL_PACK;XIRECS;9947.0;6
79700;BOT_TAKER;BOT_MAKER;VEV_5500;XIRECS;8.0;2
79900;BOT_TAKER;BOT_MAKER;VEV_4000;XIRECS;1233.0;1
79900;BOT_TAKER;SUBMISSION;VELVETFRUIT_EXTRACT;XIRECS;5244.0;5
80000;BOT_TAKER;BOT_MAKER;HYDROGEL_PACK;XIRECS;9962.0;2
80000;BOT_TAKER;BOT_MAKER;VELVETFRUIT_EXTRACT;XIRECS;5244.0;4
80100;BOT_MAKER;BOT_TAKER;HYDROGEL_PACK;XIRECS;9948.0;5
80100;BOT_MAKER;BOT_TAKER;VEV_6000;XIRECS;0.0;4
80300;BOT_MAKER;BOT_TAKER;HYDROGEL_PACK;XIRECS;9949.0;3
80300;BOT_MAKER;BOT_TAKER;VEV_6500;XIRECS;0.0;5
80400;BOT_TAKER;BOT_MAKER;VEV_5500;XIRECS;8.0;3
80500;BOT_MAKER;BOT_TAKER;HYDROGEL_PACK;XIRECS;9948.0;5
80600;BOT_MAKER;BOT_TAKER;HYDROGEL_PACK;XIRECS;9950.0;2
80600;BOT_TAKER;BOT_MAKER;VELVETFRUIT_EXTRACT;XIRECS;5245.0;8
80700;BOT_MAKER;BOT_TAKER;HYDROGEL_PACK;XIRECS;9949.0;4
80700;BOT_MAKER;BOT_TAKER;VELVETFRUIT_EXTRACT;XIRECS;5242.0;7
80800;BOT_TAKER;BOT_MAKER;VELVETFRUIT_EXTRACT;XIRECS;5246.0;4
80900;BOT_TAKER;BOT_MAKER;HYDROGEL_PACK;XIRECS;9962.0;6
80900;BOT_MAKER;BOT_TAKER;VELVETFRUIT_EXTRACT;XIRECS;5241.0;3
80900;BOT_TAKER;BOT_MAKER;VEV_5400;XIRECS;10.0;5
81000;BOT_TAKER;BOT_MAKER;VELVETFRUIT_EXTRACT;XIRECS;5244.0;5
81000;BOT_TAKER;SUBMISSION;VELVETFRUIT_EXTRACT;XIRECS;5243.0;5
81000;BOT_TAKER;BOT_MAKER;VELVETFRUIT_EXTRACT;XIRECS;5244.0;1
81100;BOT_TAKER;BOT_MAKER;HYDROGEL_PACK;XIRECS;9968.0;3
81100;BOT_TAKER;BOT_MAKER;VELVETFRUIT_EXTRACT;XIRECS;5244.0;8
81200;BOT_TAKER;BOT_MAKER;VEV_5500;XIRECS;8.0;3
81200;BOT_TAKER;SUBMISSION;VELVETFRUIT_EXTRACT;XIRECS;5245.0;4
81300;BOT_MAKER;BOT_TAKER;VELVETFRUIT_EXTRACT;XIRECS;5242.0;6
81500;BOT_MAKER;BOT_TAKER;HYDROGEL_PACK;XIRECS;9952.0;6
81500;BOT_TAKER;SUBMISSION;VEV_4000;XIRECS;1227.0;3
81700;BOT_TAKER;BOT_MAKER;HYDROGEL_PACK;XIRECS;9961.0;4
81700;BOT_TAKER;BOT_MAKER;VEV_5500;XIRECS;8.0;4
81800;BOT_MAKER;BOT_TAKER;VELVETFRUIT_EXTRACT;XIRECS;5243.0;5
82000;SUBMISSION;BOT_TAKER;VEV_4000;XIRECS;1212.0;3
82100;BOT_MAKER;BOT_TAKER;HYDROGEL_PACK;XIRECS;9934.0;5
82100;BOT_TAKER;BOT_MAKER;VELVETFRUIT_EXTRACT;XIRECS;5251.0;6
82200;BOT_MAKER;BOT_TAKER;VELVETFRUIT_EXTRACT;XIRECS;5245.0;8
82200;BOT_TAKER;SUBMISSION;HYDROGEL_PACK;XIRECS;9949.0;4
82300;BOT_MAKER;BOT_TAKER;VEV_4000;XIRECS;1211.0;3
82400;BOT_MAKER;BOT_TAKER;HYDROGEL_PACK;XIRECS;9934.0;6
82400;BOT_MAKER;BOT_TAKER;VELVETFRUIT_EXTRACT;XIRECS;5244.0;7
82400;BOT_TAKER;SUBMISSION;VELVETFRUIT_EXTRACT;XIRECS;5249.0;5
82400;BOT_TAKER;BOT_MAKER;VELVETFRUIT_EXTRACT;XIRECS;5250.0;3
82500;BOT_TAKER;BOT_MAKER;VELVETFRUIT_EXTRACT;XIRECS;5250.0;7
82500;BOT_TAKER;BOT_MAKER;VEV_6500;XIRECS;1.0;2
82500;BOT_TAKER;SUBMISSION;VEV_4000;XIRECS;1229.0;1
82600;BOT_MAKER;BOT_TAKER;VELVETFRUIT_EXTRACT;XIRECS;5243.0;4
82600;SUBMISSION;BOT_TAKER;VELVETFRUIT_EXTRACT;XIRECS;5244.0;5
82900;BOT_MAKER;BOT_TAKER;HYDROGEL_PACK;XIRECS;9935.0;4
82900;BOT_MAKER;BOT_TAKER;VELVETFRUIT_EXTRACT;XIRECS;5244.0;5
83100;BOT_MAKER;BOT_TAKER;HYDROGEL_PACK;XIRECS;9931.0;6
83200;BOT_TAKER;BOT_MAKER;VEV_5500;XIRECS;8.0;4
83400;BOT_MAKER;BOT_TAKER;VEV_5500;XIRECS;7.0;2
83400;SUBMISSION;BOT_TAKER;VELVETFRUIT_EXTRACT;XIRECS;5243.0;4
83500;BOT_TAKER;BOT_MAKER;HYDROGEL_PACK;XIRECS;9948.0;5
83500;BOT_TAKER;BOT_MAKER;VELVETFRUIT_EXTRACT;XIRECS;5246.0;3
83600;BOT_TAKER;SUBMISSION;VELVETFRUIT_EXTRACT;XIRECS;5244.0;3
83700;BOT_MAKER;BOT_TAKER;HYDROGEL_PACK;XIRECS;9930.0;6
83700;BOT_MAKER;BOT_TAKER;VELVETFRUIT_EXTRACT;XIRECS;5237.0;3
83700;SUBMISSION;BOT_TAKER;VELVETFRUIT_EXTRACT;XIRECS;5238.0;5
83700;BOT_MAKER;BOT_TAKER;VELVETFRUIT_EXTRACT;XIRECS;5237.0;3
83800;BOT_MAKER;BOT_TAKER;VEV_4000;XIRECS;1210.0;1
84000;BOT_MAKER;BOT_TAKER;VELVETFRUIT_EXTRACT;XIRECS;5234.0;8
84000;BOT_MAKER;BOT_TAKER;VEV_4000;XIRECS;1212.0;3
84100;BOT_MAKER;BOT_TAKER;HYDROGEL_PACK;XIRECS;9931.0;4
84100;BOT_MAKER;BOT_TAKER;VEV_6000;XIRECS;0.0;4
84200;BOT_MAKER;BOT_TAKER;VEV_6500;XIRECS;0.0;4
84300;BOT_TAKER;BOT_MAKER;VEV_6500;XIRECS;1.0;3
84400;BOT_TAKER;SUBMISSION;VELVETFRUIT_EXTRACT;XIRECS;5240.0;4
84500;BOT_MAKER;BOT_TAKER;HYDROGEL_PACK;XIRECS;9935.0;6
84500;BOT_TAKER;BOT_MAKER;HYDROGEL_PACK;XIRECS;9951.0;6
84500;BOT_TAKER;SUBMISSION;VELVETFRUIT_EXTRACT;XIRECS;5240.0;5
84500;BOT_TAKER;BOT_MAKER;VELVETFRUIT_EXTRACT;XIRECS;5241.0;1
84700;BOT_MAKER;BOT_TAKER;VEV_6500;XIRECS;0.0;4
84800;BOT_MAKER;BOT_TAKER;VELVETFRUIT_EXTRACT;XIRECS;5235.0;5
84900;BOT_TAKER;BOT_MAKER;HYDROGEL_PACK;XIRECS;9949.0;5
84900;BOT_TAKER;BOT_MAKER;VELVETFRUIT_EXTRACT;XIRECS;5240.0;5
85000;BOT_MAKER;BOT_TAKER;VELVETFRUIT_EXTRACT;XIRECS;5235.0;10
85100;BOT_MAKER;BOT_TAKER;VELVETFRUIT_EXTRACT;XIRECS;5235.0;3
85100;BOT_MAKER;BOT_TAKER;VEV_5500;XIRECS;7.0;4
85300;BOT_MAKER;BOT_TAKER;VELVETFRUIT_EXTRACT;XIRECS;5231.0;11
85400;BOT_TAKER;BOT_MAKER;HYDROGEL_PACK;XIRECS;9954.0;6
85400;BOT_TAKER;BOT_MAKER;VEV_6000;XIRECS;1.0;5
85500;BOT_TAKER;SUBMISSION;VEV_4000;XIRECS;1228.0;2
85600;BOT_MAKER;BOT_TAKER;VELVETFRUIT_EXTRACT;XIRECS;5231.0;5
85700;BOT_MAKER;BOT_TAKER;VELVETFRUIT_EXTRACT;XIRECS;5233.0;5
85700;BOT_TAKER;BOT_MAKER;VEV_4000;XIRECS;1227.0;2
85700;BOT_TAKER;SUBMISSION;VEV_4000;XIRECS;1226.0;3
85800;BOT_TAKER;BOT_MAKER;VELVETFRUIT_EXTRACT;XIRECS;5239.0;7
85900;BOT_MAKER;BOT_TAKER;VELVETFRUIT_EXTRACT;XIRECS;5233.0;3
86000;BOT_TAKER;BOT_MAKER;HYDROGEL_PACK;XIRECS;9953.0;4
86000;BOT_TAKER;BOT_MAKER;VEV_4000;XIRECS;1226.0;3
86100;BOT_MAKER;BOT_TAKER;VEV_5500;XIRECS;7.0;2
86200;BOT_MAKER;BOT_TAKER;HYDROGEL_PACK;XIRECS;9933.0;5
86200;BOT_TAKER;BOT_MAKER;VELVETFRUIT_EXTRACT;XIRECS;5236.0;8
86300;BOT_TAKER;BOT_MAKER;VEV_4000;XIRECS;1227.0;1
86400;BOT_MAKER;BOT_TAKER;VELVETFRUIT_EXTRACT;XIRECS;5230.0;3
86400;SUBMISSION;BOT_TAKER;VELVETFRUIT_EXTRACT;XIRECS;5231.0;4
86500;BOT_TAKER;BOT_MAKER;VELVETFRUIT_EXTRACT;XIRECS;5234.0;7
86700;BOT_TAKER;BOT_MAKER;HYDROGEL_PACK;XIRECS;9953.0;2
86800;BOT_MAKER;BOT_TAKER;VELVETFRUIT_EXTRACT;XIRECS;5230.0;7
86800;BOT_TAKER;BOT_MAKER;VEV_5500;XIRECS;8.0;2
86900;SUBMISSION;BOT_TAKER;HYDROGEL_PACK;XIRECS;9938.0;4
87000;BOT_MAKER;BOT_TAKER;VEV_4000;XIRECS;1205.0;2
87200;BOT_MAKER;BOT_TAKER;VELVETFRUIT_EXTRACT;XIRECS;5227.0;8
87300;BOT_TAKER;BOT_MAKER;VEV_4000;XIRECS;1226.0;1
87500;BOT_TAKER;BOT_MAKER;VEV_5400;XIRECS;10.0;5
87500;BOT_MAKER;BOT_TAKER;VEV_6500;XIRECS;0.0;3
87600;BOT_MAKER;BOT_TAKER;VELVETFRUIT_EXTRACT;XIRECS;5226.0;3
87600;BOT_TAKER;BOT_MAKER;VEV_6000;XIRECS;1.0;2
87800;SUBMISSION;BOT_TAKER;VELVETFRUIT_EXTRACT;XIRECS;5227.0;5
88000;BOT_MAKER;BOT_TAKER;VEV_5400;XIRECS;9.0;5
88000;SUBMISSION;BOT_TAKER;HYDROGEL_PACK;XIRECS;9948.0;4
88100;BOT_MAKER;BOT_TAKER;VEV_4000;XIRECS;1209.0;2
88100;BOT_MAKER;BOT_TAKER;VEV_6500;XIRECS;0.0;4
88200;BOT_MAKER;BOT_TAKER;VEV_6500;XIRECS;0.0;5
88300;BOT_MAKER;BOT_TAKER;HYDROGEL_PACK;XIRECS;9947.0;3
88300;BOT_TAKER;BOT_MAKER;VELVETFRUIT_EXTRACT;XIRECS;5228.0;5
88300;BOT_MAKER;BOT_TAKER;VEV_4000;XIRECS;1209.0;1
88400;BOT_MAKER;BOT_TAKER;HYDROGEL_PACK;XIRECS;9946.0;4
88400;BOT_TAKER;BOT_MAKER;VEV_6000;XIRECS;1.0;3
88700;BOT_TAKER;BOT_MAKER;HYDROGEL_PACK;XIRECS;9963.0;6
88700;BOT_MAKER;BOT_TAKER;HYDROGEL_PACK;XIRECS;9947.0;4
88800;BOT_MAKER;BOT_TAKER;HYDROGEL_PACK;XIRECS;9950.0;4
88800;BOT_MAKER;BOT_TAKER;VEV_6500;XIRECS;0.0;4
88900;BOT_TAKER;BOT_MAKER;HYDROGEL_PACK;XIRECS;9966.0;5
89000;BOT_MAKER;BOT_TAKER;VELVETFRUIT_EXTRACT;XIRECS;5223.0;6
89100;BOT_MAKER;BOT_TAKER;VELVETFRUIT_EXTRACT;XIRECS;5223.0;6
89200;BOT_TAKER;BOT_MAKER;VEV_4000;XIRECS;1226.0;3
89300;BOT_TAKER;BOT_MAKER;HYDROGEL_PACK;XIRECS;9967.0;6
89400;BOT_TAKER;BOT_MAKER;VELVETFRUIT_EXTRACT;XIRECS;5230.0;8
89400;BOT_TAKER;BOT_MAKER;VEV_5500;XIRECS;9.0;2
89600;BOT_MAKER;BOT_TAKER;HYDROGEL_PACK;XIRECS;9949.0;5
89700;BOT_TAKER;BOT_MAKER;HYDROGEL_PACK;XIRECS;9962.0;2
89700;BOT_MAKER;BOT_TAKER;VELVETFRUIT_EXTRACT;XIRECS;5222.0;7
89700;BOT_MAKER;BOT_TAKER;VEV_5400;XIRECS;9.0;2
89700;SUBMISSION;BOT_TAKER;VELVETFRUIT_EXTRACT;XIRECS;5223.0;5
89700;BOT_MAKER;BOT_TAKER;VELVETFRUIT_EXTRACT;XIRECS;5222.0;3
89800;BOT_TAKER;BOT_MAKER;VEV_6000;XIRECS;1.0;3
89900;BOT_MAKER;BOT_TAKER;VEV_6500;XIRECS;0.0;5
90000;BOT_MAKER;BOT_TAKER;VELVETFRUIT_EXTRACT;XIRECS;5222.0;4
90200;BOT_TAKER;BOT_MAKER;VELVETFRUIT_EXTRACT;XIRECS;5228.0;4
90300;BOT_TAKER;BOT_MAKER;VELVETFRUIT_EXTRACT;XIRECS;5226.0;13
90300;BOT_TAKER;BOT_MAKER;VEV_5400;XIRECS;12.0;2
90300;BOT_TAKER;BOT_MAKER;VEV_6000;XIRECS;1.0;4
90400;BOT_MAKER;BOT_TAKER;HYDROGEL_PACK;XIRECS;9935.0;6
90400;BOT_TAKER;BOT_MAKER;VELVETFRUIT_EXTRACT;XIRECS;5227.0;7
90400;BOT_MAKER;BOT_TAKER;VEV_4000;XIRECS;1208.0;1
90400;BOT_TAKER;BOT_MAKER;VEV_5500;XIRECS;9.0;5
90400;BOT_MAKER;BOT_TAKER;VEV_6000;XIRECS;0.0;5
90500;BOT_MAKER;BOT_TAKER;HYDROGEL_PACK;XIRECS;9934.0;2
90500;BOT_MAKER;BOT_TAKER;VEV_4000;XIRECS;1208.0;3
90500;BOT_TAKER;BOT_MAKER;VEV_5400;XIRECS;11.0;4
90600;SUBMISSION;BOT_TAKER;HYDROGEL_PACK;XIRECS;9935.0;4
90700;BOT_MAKER;BOT_TAKER;HYDROGEL_PACK;XIRECS;9938.0;3
90900;BOT_MAKER;BOT_TAKER;HYDROGEL_PACK;XIRECS;9940.0;5
91000;BOT_TAKER;BOT_MAKER;VELVETFRUIT_EXTRACT;XIRECS;5228.0;3
91100;SUBMISSION;BOT_TAKER;HYDROGEL_PACK;XIRECS;9940.0;3
91200;BOT_TAKER;BOT_MAKER;HYDROGEL_PACK;XIRECS;9955.0;4
91200;BOT_TAKER;BOT_MAKER;VELVETFRUIT_EXTRACT;XIRECS;5228.0;5
91200;BOT_TAKER;BOT_MAKER;VEV_4000;XIRECS;1229.0;2
91200;BOT_MAKER;BOT_TAKER;VEV_6500;XIRECS;0.0;2
91400;BOT_MAKER;BOT_TAKER;HYDROGEL_PACK;XIRECS;9938.0;3
91400;BOT_MAKER;BOT_TAKER;VELVETFRUIT_EXTRACT;XIRECS;5223.0;12
91400;BOT_TAKER;BOT_MAKER;VEV_5500;XIRECS;9.0;2
91500;BOT_TAKER;BOT_MAKER;HYDROGEL_PACK;XIRECS;9954.0;2
91500;BOT_TAKER;BOT_MAKER;VELVETFRUIT_EXTRACT;XIRECS;5230.0;3
91500;BOT_TAKER;BOT_MAKER;VEV_6000;XIRECS;1.0;4
91600;BOT_TAKER;BOT_MAKER;VEV_5400;XIRECS;12.0;5
91600;BOT_TAKER;BOT_MAKER;VEV_6000;XIRECS;1.0;3
91700;BOT_TAKER;SUBMISSION;VEV_4000;XIRECS;1228.0;2
91800;BOT_TAKER;BOT_MAKER;HYDROGEL_PACK;XIRECS;9953.0;6
91800;BOT_TAKER;BOT_MAKER;VELVETFRUIT_EXTRACT;XIRECS;5228.0;8
92000;BOT_MAKER;BOT_TAKER;VEV_6000;XIRECS;0.0;3
92300;BOT_TAKER;BOT_MAKER;HYDROGEL_PACK;XIRECS;9950.0;2
92500;BOT_MAKER;BOT_TAKER;HYDROGEL_PACK;XIRECS;9939.0;3
92600;BOT_MAKER;BOT_TAKER;VEV_4000;XIRECS;1204.0;3
92700;BOT_MAKER;BOT_TAKER;VEV_5200;XIRECS;81.0;4
92700;BOT_MAKER;BOT_TAKER;VEV_5400;XIRECS;11.0;3
92700;BOT_TAKER;BOT_MAKER;VEV_6500;XIRECS;1.0;3
92800;SUBMISSION;BOT_TAKER;HYDROGEL_PACK;XIRECS;9937.0;2
92900;BOT_TAKER;BOT_MAKER;HYDROGEL_PACK;XIRECS;9952.0;2
93000;BOT_MAKER;BOT_TAKER;VEV_6000;XIRECS;0.0;5
93100;BOT_TAKER;SUBMISSION;VELVETFRUIT_EXTRACT;XIRECS;5230.0;5
93100;BOT_TAKER;BOT_MAKER;VELVETFRUIT_EXTRACT;XIRECS;5231.0;3
93200;BOT_TAKER;BOT_MAKER;VELVETFRUIT_EXTRACT;XIRECS;5230.0;6
93200;BOT_TAKER;BOT_MAKER;VEV_5400;XIRECS;12.0;2
93300;BOT_MAKER;BOT_TAKER;HYDROGEL_PACK;XIRECS;9931.0;3
93400;BOT_TAKER;BOT_MAKER;VEV_5500;XIRECS;9.0;4
93500;BOT_MAKER;BOT_TAKER;HYDROGEL_PACK;XIRECS;9936.0;3
93500;BOT_MAKER;BOT_TAKER;VELVETFRUIT_EXTRACT;XIRECS;5226.0;6
93500;BOT_TAKER;BOT_MAKER;VEV_4000;XIRECS;1232.0;3
93500;BOT_TAKER;BOT_MAKER;VEV_5500;XIRECS;9.0;4
93500;SUBMISSION;BOT_TAKER;VELVETFRUIT_EXTRACT;XIRECS;5227.0;5
93500;BOT_MAKER;BOT_TAKER;VELVETFRUIT_EXTRACT;XIRECS;5226.0;1
93600;BOT_MAKER;BOT_TAKER;VEV_5500;XIRECS;7.0;5
93800;BOT_MAKER;BOT_TAKER;VEV_5500;XIRECS;7.0;4
93900;BOT_MAKER;BOT_TAKER;VELVETFRUIT_EXTRACT;XIRECS;5222.0;4
93900;BOT_TAKER;SUBMISSION;VELVETFRUIT_EXTRACT;XIRECS;5226.0;3
94000;SUBMISSION;BOT_TAKER;VELVETFRUIT_EXTRACT;XIRECS;5223.0;5
94000;BOT_MAKER;BOT_TAKER;VELVETFRUIT_EXTRACT;XIRECS;5222.0;2
94100;BOT_TAKER;BOT_MAKER;HYDROGEL_PACK;XIRECS;9954.0;5
94200;BOT_MAKER;BOT_TAKER;VELVETFRUIT_EXTRACT;XIRECS;5221.0;7
94200;BOT_TAKER;BOT_MAKER;VEV_5400;XIRECS;14.0;4
94200;BOT_MAKER;BOT_TAKER;VEV_6000;XIRECS;0.0;5
94200;BOT_MAKER;BOT_TAKER;VEV_6500;XIRECS;0.0;4
94300;BOT_TAKER;BOT_MAKER;HYDROGEL_PACK;XIRECS;9952.0;4
94300;BOT_MAKER;BOT_TAKER;VEV_4000;XIRECS;1207.0;1
94400;BOT_TAKER;BOT_MAKER;HYDROGEL_PACK;XIRECS;9956.0;2
94600;BOT_TAKER;BOT_MAKER;VEV_6500;XIRECS;1.0;3
94600;SUBMISSION;BOT_TAKER;VEV_4000;XIRECS;1209.0;2
94800;BOT_MAKER;BOT_TAKER;HYDROGEL_PACK;XIRECS;9944.0;4
94800;BOT_TAKER;BOT_MAKER;VEV_6000;XIRECS;1.0;2
95000;BOT_TAKER;BOT_MAKER;HYDROGEL_PACK;XIRECS;9959.0;4
95000;SUBMISSION;BOT_TAKER;HYDROGEL_PACK;XIRECS;9944.0;5
95100;BOT_MAKER;BOT_TAKER;HYDROGEL_PACK;XIRECS;9942.0;4
95200;BOT_TAKER;BOT_MAKER;VELVETFRUIT_EXTRACT;XIRECS;5226.0;5
95300;BOT_TAKER;BOT_MAKER;VEV_4000;XIRECS;1226.0;2
95400;BOT_MAKER;BOT_TAKER;HYDROGEL_PACK;XIRECS;9937.0;4
95400;BOT_MAKER;BOT_TAKER;VELVETFRUIT_EXTRACT;XIRECS;5220.0;3
95400;BOT_MAKER;BOT_TAKER;VEV_6000;XIRECS;0.0;5
95400;BOT_MAKER;BOT_TAKER;VEV_6500;XIRECS;0.0;5
95600;BOT_TAKER;SUBMISSION;VELVETFRUIT_EXTRACT;XIRECS;5225.0;4
95700;BOT_TAKER;BOT_MAKER;VELVETFRUIT_EXTRACT;XIRECS;5226.0;4
95700;BOT_TAKER;BOT_MAKER;VEV_6500;XIRECS;1.0;5
95700;BOT_TAKER;SUBMISSION;HYDROGEL_PACK;XIRECS;9958.0;5
95900;BOT_TAKER;BOT_MAKER;VEV_5400;XIRECS;15.0;3
96000;BOT_MAKER;BOT_TAKER;HYDROGEL_PACK;XIRECS;9948.0;3
96100;BOT_MAKER;BOT_TAKER;HYDROGEL_PACK;XIRECS;9947.0;2
96200;BOT_MAKER;BOT_TAKER;VEV_4000;XIRECS;1205.0;1
96200;BOT_MAKER;BOT_TAKER;VEV_5500;XIRECS;7.0;2
96300;BOT_MAKER;BOT_TAKER;HYDROGEL_PACK;XIRECS;9945.0;4
96300;BOT_MAKER;BOT_TAKER;VELVETFRUIT_EXTRACT;XIRECS;5223.0;5
96400;BOT_MAKER;BOT_TAKER;HYDROGEL_PACK;XIRECS;9945.0;6
96400;BOT_TAKER;BOT_MAKER;VEV_5400;XIRECS;15.0;5
96500;BOT_TAKER;BOT_MAKER;VELVETFRUIT_EXTRACT;XIRECS;5227.0;8
96600;BOT_MAKER;BOT_TAKER;HYDROGEL_PACK;XIRECS;9947.0;2
96600;BOT_MAKER;BOT_TAKER;VELVETFRUIT_EXTRACT;XIRECS;5223.0;10
96800;BOT_MAKER;BOT_TAKER;HYDROGEL_PACK;XIRECS;9947.0;3
96900;BOT_TAKER;BOT_MAKER;VEV_5500;XIRECS;8.0;4
96900;BOT_TAKER;SUBMISSION;HYDROGEL_PACK;XIRECS;9962.0;5
96900;BOT_TAKER;BOT_MAKER;HYDROGEL_PACK;XIRECS;9963.0;1
97000;BOT_MAKER;BOT_TAKER;VELVETFRUIT_EXTRACT;XIRECS;5222.0;4
97000;BOT_MAKER;BOT_TAKER;VEV_6000;XIRECS;0.0;5
97200;BOT_TAKER;BOT_MAKER;HYDROGEL_PACK;XIRECS;9963.0;3
97300;BOT_TAKER;BOT_MAKER;VELVETFRUIT_EXTRACT;XIRECS;5230.0;7
97500;BOT_MAKER;BOT_TAKER;VEV_4000;XIRECS;1200.0;1
97500;BOT_MAKER;BOT_TAKER;VEV_4000;XIRECS;1200.0;3
97700;BOT_TAKER;BOT_MAKER;VELVETFRUIT_EXTRACT;XIRECS;5229.0;8
97900;BOT_MAKER;BOT_TAKER;HYDROGEL_PACK;XIRECS;9949.0;4
97900;BOT_MAKER;BOT_TAKER;VELVETFRUIT_EXTRACT;XIRECS;5223.0;10
98000;BOT_MAKER;BOT_TAKER;VELVETFRUIT_EXTRACT;XIRECS;5225.0;5
98100;BOT_TAKER;BOT_MAKER;VEV_6000;XIRECS;1.0;3
98100;BOT_TAKER;BOT_MAKER;VEV_6500;XIRECS;1.0;4
98100;BOT_TAKER;SUBMISSION;HYDROGEL_PACK;XIRECS;9968.0;5
98100;BOT_TAKER;BOT_MAKER;HYDROGEL_PACK;XIRECS;9969.0;1
98200;BOT_TAKER;BOT_MAKER;VEV_4000;XIRECS;1221.0;2
98200;BOT_TAKER;BOT_MAKER;VEV_6500;XIRECS;1.0;2
98300;BOT_MAKER;BOT_TAKER;VELVETFRUIT_EXTRACT;XIRECS;5225.0;5
98500;BOT_TAKER;BOT_MAKER;VELVETFRUIT_EXTRACT;XIRECS;5229.0;5
98500;BOT_MAKER;BOT_TAKER;VEV_4000;XIRECS;1202.0;2
98600;BOT_TAKER;BOT_MAKER;HYDROGEL_PACK;XIRECS;9976.0;3
98600;BOT_MAKER;BOT_TAKER;VELVETFRUIT_EXTRACT;XIRECS;5223.0;5
98700;BOT_MAKER;BOT_TAKER;VEV_4000;XIRECS;1202.0;1
98900;BOT_TAKER;BOT_MAKER;VELVETFRUIT_EXTRACT;XIRECS;5226.0;6
98900;BOT_MAKER;BOT_TAKER;VEV_6500;XIRECS;0.0;5
99000;BOT_TAKER;BOT_MAKER;VELVETFRUIT_EXTRACT;XIRECS;5224.0;7
99100;BOT_TAKER;BOT_MAKER;VELVETFRUIT_EXTRACT;XIRECS;5224.0;7
99200;BOT_MAKER;BOT_TAKER;HYDROGEL_PACK;XIRECS;9965.0;2
99200;BOT_MAKER;BOT_TAKER;VEV_4000;XIRECS;1200.0;1
99200;BOT_MAKER;BOT_TAKER;VEV_5300;XIRECS;35.0;4
99300;BOT_MAKER;BOT_TAKER;HYDROGEL_PACK;XIRECS;9962.0;5
99300;BOT_MAKER;BOT_TAKER;VEV_6000;XIRECS;0.0;4
99400;BOT_TAKER;BOT_MAKER;VEV_5300;XIRECS;38.0;4
99500;BOT_TAKER;BOT_MAKER;VELVETFRUIT_EXTRACT;XIRECS;5223.0;7
99500;BOT_TAKER;BOT_MAKER;VEV_6000;XIRECS;1.0;4
99600;BOT_TAKER;BOT_MAKER;VELVETFRUIT_EXTRACT;XIRECS;5224.0;8
99700;BOT_TAKER;BOT_MAKER;VELVETFRUIT_EXTRACT;XIRECS;5220.0;8
99800;BOT_TAKER;BOT_MAKER;VELVETFRUIT_EXTRACT;XIRECS;5223.0;7
99900;BOT_TAKER;BOT_MAKER;VELVETFRUIT_EXTRACT;XIRECS;5222.0;5
