day;timestamp;product;bid_price_1;bid_volume_1;bid_price_2;bid_volume_2;bid_price_3;bid_volume_3;ask_price_1;ask_volume_1;ask_price_2;ask_volume_2;ask_price_3;ask_volume_3;mid_price;profit_and_loss
-1;0;ASH_COATED_OSMIUM;9990;25;;;;;10010;25;;;;;10000.0;0.0
-1;0;HYDROGEL_PACK;9971;12;9969;23;;;9987;12;9990;23;;;9979.0;0.0
-1;0;INTARIAN_PEPPER_ROOT;13093;8;13090;16;;;13107;8;13110;16;;;13100.0;0.0
-1;0;VELVETFRUIT_EXTRACT;5259;30;;;;;5265;43;;;;;5262.0;0.0
-1;0;VEV_4000;1252;8;1249;18;;;1273;8;1276;18;;;1262.5;0.0
-1;0;VEV_4500;753;20;752;17;;;772;17;;;;;762.5;0.0
-1;0;VEV_5000;263;8;262;13;;;269;12;270;23;;;266.0;0.0
-1;0;VEV_5100;;;;;;;177;29;;;;;177.0;0.0
-1;0;VEV_5200;100;22;99;36;;;102;9;103;27;;;101.0;0.0
-1;0;VEV_5300;49;26;;;;;;;;;;;49.0;0.0
-1;0;VEV_5400;15;21;;;;;17;24;;;;;16.0;0.0
-1;0;VEV_5500;6;15;;;;;7;18;;;;;6.5;0.0
-1;0;VEV_6000;0;29;;;;;1;29;;;;;0.5;0.0
-1;0;VEV_6500;0;10;;;;;1;10;;;;;0.5;0.0
-1;100;ASH_COATED_OSMIUM;9991;13;9989;25;;;10007;13;10010;25;;;9999.0;0.0
-1;100;HYDROGEL_PACK;9972;15;9970;26;;;9988;15;9991;26;;;9980.0;0.0
-1;100;INTARIAN_PEPPER_ROOT;13093;10;13090;20;;;13110;20;;;;;13101.5;0.0
-1;100;VELVETFRUIT_EXTRACT;5259;41;5259;15;;;5264;15;5265;68;;;5261.5;0.0
-1;100;VEV_4000;1250;9;1248;26;;;1271;9;1274;26;;;1260.5;0.0
-1;100;VEV_4500;756;11;755;10;754;16;772;11;774;16;;;764.0;0.0
-1;100;VEV_5000;262;6;;;;;268;12;269;15;;;265.0;0.0
-1;100;VEV_5100;172;21;;;;;177;10;;;;;174.5;0.0
-1;100;VEV_5200;99;23;;;;;;;;;;;99.0;0.0
-1;100;VEV_5300;49;23;;;;;51;25;;;;;50.0;0.0
-1;100;VEV_5400;;;;;;;16;5;;;;;16.0;0.0
-1;100;VEV_5500;6;25;;;;;7;19;;;;;6.5;0.0
-1;100;VEV_6000;0;20;;;;;1;20;;;;;0.5;0.0
-1;100;VEV_6500;0;13;;;;;1;13;;;;;0.5;0.0
-1;200;ASH_COATED_OSMIUM;9991;13;9989;27;;;10010;27;;;;;10000.5;0.0
-1;200;HYDROGEL_PACK;9972;15;9970;24;;;9988;15;9991;24;;;9980.0;0.0
-1;200;INTARIAN_PEPPER_ROOT;13093;11;13090;22;;;13107;11;;;;;13100.0;0.0
-1;200;VELVETFRUIT_EXTRACT;5256;24;;;;;5262;61;;;;;5259.0;0.0
-1;200;VEV_4000;1251;14;1249;20;;;1273;14;1275;20;;;1262.0;0.0
-1;200;VEV_4500;756;8;754;24;;;774;24;;;;;765.0;0.0
-1;200;VEV_5000;261;11;260;15;;;267;10;;;;;264.0;0.0
-1;200;VEV_5100;172;10;171;24;;;177;27;;;;;174.5;0.0
-1;200;VEV_5200;;;;;;;104;29;;;;;104.0;0.0
-1;200;VEV_5300;49;19;;;;;51;7;;;;;50.0;0.0
-1;200;VEV_5400;15;22;;;;;17;15;;;;;16.0;0.0
-1;200;VEV_5500;6;29;;;;;7;17;;;;;6.5;0.0
-1;200;VEV_6000;0;20;;;;;1;20;;;;;0.5;0.0
-1;200;VEV_6500;0;18;;;;;1;18;;;;;0.5;0.0
-1;300;ASH_COATED_OSMIUM;;;;;;;10007;11;10010;30;;;10007.0;0.0
-1;300;HYDROGEL_PACK;9972;13;9970;29;;;9988;13;9991;29;;;9980.0;0.0
-1;300;INTARIAN_PEPPER_ROOT;13093;11;13090;24;;;13107;11;;;;;13100.0;0.0
-1;300;VELVETFRUIT_EXTRACT;5257;35;;;;;5263;55;;;;;5260.0;0.0
-1;300;VEV_4000;1250;15;1248;23;;;1272;15;1274;23;;;1261.0;0.0
-1;300;VEV_4500;756;6;754;16;;;772;6;773;9;774;16;764.0;0.0
-1;300;VEV_5000;261;21;;;;;268;7;269;24;;;264.5;0.0
-1;300;VEV_5100;173;6;172;16;;;;;;;;;173.0;0.0
-1;300;VEV_5200;102;12;101;23;;;;;;;;;102.0;0.0
-1;300;VEV_5300;49;16;48;12;;;51;16;;;;;50.0;0.0
-1;300;VEV_5400;;;;;;;17;23;;;;;17.0;0.0
-1;300;VEV_5500;6;17;;;;;7;19;;;;;6.5;0.0
-1;300;VEV_6000;0;18;;;;;1;18;;;;;0.5;0.0
-1;300;VEV_6500;0;17;;;;;1;17;;;;;0.5;0.0
-1;400;ASH_COATED_OSMIUM;9991;14;9989;30;;;10007;14;10010;30;;;9999.0;0.0
-1;400;HYDROGEL_PACK;9974;14;9972;26;;;9990;14;9993;26;;;9982.0;0.0
-1;400;INTARIAN_PEPPER_ROOT;13093;11;13090;22;;;13107;11;;;;;13100.0;0.0
-1;400;VELVETFRUIT_EXTRACT;5258;23;;;;;5264;47;;;;;5261.0;0.0
-1;400;VEV_4000;1251;15;1248;24;;;1272;15;1275;24;;;1261.5;0.0
-1;400;VEV_4500;756;12;754;14;;;772;12;774;14;;;764.0;0.0
-1;400;VEV_5000;261;8;260;17;;;267;8;268;25;;;264.0;0.0
-1;400;VEV_5100;173;7;172;29;;;177;12;178;19;;;175.0;0.0
-1;400;VEV_5200;;;;;;;104;32;105;22;;;104.0;0.0
-1;400;VEV_5300;49;24;;;;;51;26;52;16;;;50.0;0.0
-1;400;VEV_5400;16;23;;;;;;;;;;;16.0;0.0
-1;400;VEV_5500;6;24;;;;;7;12;;;;;6.5;0.0
-1;400;VEV_6000;0;27;;;;;1;27;;;;;0.5;0.0
-1;400;VEV_6500;0;16;;;;;1;16;;;;;0.5;0.0
-1;500;ASH_COATED_OSMIUM;;;;;;;10007;12;10010;24;;;10007.0;0.0
-1;500;HYDROGEL_PACK;9975;12;9972;22;;;9991;12;9993;22;;;9983.0;0.0
-1;500;INTARIAN_PEPPER_ROOT;13093;8;13090;23;;;13108;8;13111;23;;;13100.5;0.0
-1;500;VELVETFRUIT_EXTRACT;5256;21;5255;22;;;5261;75;;;;;5258.5;0.0
-1;500;VEV_4000;1251;15;1248;23;;;1272;15;1275;23;;;1261.5;0.0
-1;500;VEV_4500;756;7;754;24;;;772;7;774;24;;;764.0;0.0
-1;500;VEV_5000;260;27;259;19;;;266;7;267;21;;;263.0;0.0
-1;500;VEV_5100;173;19;;;;;178;9;;;;;175.5;0.0
-1;500;VEV_5200;102;19;;;;;105;12;;;;;103.5;0.0
-1;500;VEV_5300;49;5;;;;;51;25;;;;;50.0;0.0
-1;500;VEV_5400;;;;;;;17;28;;;;;17.0;0.0
-1;500;VEV_5500;6;25;;;;;7;18;;;;;6.5;0.0
-1;500;VEV_6000;0;23;;;;;1;23;;;;;0.5;0.0
-1;500;VEV_6500;0;17;;;;;1;17;;;;;0.5;0.0
-1;600;ASH_COATED_OSMIUM;9990;14;9988;23;;;10006;14;;;;;9998.0;0.0
-1;600;HYDROGEL_PACK;9973;15;9971;28;;;9989;15;9992;28;;;9981.0;0.0
-1;600;INTARIAN_PEPPER_ROOT;13090;23;;;;;13108;10;;;;;13099.0;0.0
-1;600;VELVETFRUIT_EXTRACT;5256;37;;;;;5262;34;;;;;5259.0;0.0
-1;600;VEV_4000;1251;15;1249;20;;;1272;15;1275;20;;;1261.5;0.0
-1;600;VEV_4500;757;6;755;15;;;773;6;775;15;;;765.0;0.0
-1;600;VEV_5000;261;27;260;20;;;267;28;268;12;;;264.0;0.0
-1;600;VEV_5100;173;18;;;;;179;24;;;;;176.0;0.0
-1;600;VEV_5200;101;21;;;;;105;20;;;;;103.0;0.0
-1;600;VEV_5300;48;20;47;15;;;50;20;;;;;49.0;0.0
-1;600;VEV_5400;15;27;;;;;;;;;;;15.0;0.0
-1;600;VEV_5500;6;18;;;;;7;25;;;;;6.5;0.0
-1;600;VEV_6000;0;26;;;;;1;26;;;;;0.5;0.0
-1;600;VEV_6500;0;17;;;;;1;17;;;;;0.5;0.0
-1;700;ASH_COATED_OSMIUM;9990;11;9988;30;;;10006;11;10009;30;;;9998.0;0.0
-1;700;HYDROGEL_PACK;9973;15;9971;25;;;9989;15;9992;25;;;9981.0;0.0
-1;700;INTARIAN_PEPPER_ROOT;13090;20;;;;;13111;20;;;;;13100.5;0.0
-1;700;VELVETFRUIT_EXTRACT;5255;59;;;;;5260;16;5261;61;;;5257.5;0.0
-1;700;VEV_4000;1252;9;1249;26;;;1273;9;1276;26;;;1262.5;0.0
-1;700;VEV_4500;757;9;755;12;;;773;9;775;12;;;765.0;0.0
-1;700;VEV_5000;261;10;260;20;;;267;12;268;24;;;264.0;0.0
-1;700;VEV_5100;174;6;173;19;;;178;23;179;24;;;176.0;0.0
-1;700;VEV_5200;102;32;101;24;;;104;25;105;23;;;103.0;0.0
-1;700;VEV_5300;;;;;;;50;19;51;23;;;50.0;0.0
-1;700;VEV_5400;15;17;;;;;17;27;;;;;16.0;0.0
-1;700;VEV_5500;6;21;;;;;7;25;;;;;6.5;0.0
-1;700;VEV_6000;0;20;;;;;1;20;;;;;0.5;0.0
-1;700;VEV_6500;0;13;;;;;1;13;;;;;0.5;0.0
-1;800;ASH_COATED_OSMIUM;9990;15;9988;23;;;10009;23;;;;;9999.5;0.0
-1;800;HYDROGEL_PACK;9977;13;9975;25;;;9993;13;9995;25;;;9985.0;0.0
-1;800;INTARIAN_PEPPER_ROOT;13094;12;13090;24;;;13111;24;;;;;13102.5;0.0
-1;800;VELVETFRUIT_EXTRACT;5254;41;;;;;5259;16;5260;34;;;5256.5;0.0
-1;800;VEV_4000;1251;8;1249;25;;;1272;8;1275;25;;;1261.5;0.0
-1;800;VEV_4500;757;9;755;15;;;773;9;775;15;;;765.0;0.0
-1;800;VEV_5000;259;9;258;15;;;266;23;;;;;262.5;0.0
-1;800;VEV_5100;173;17;;;;;178;11;179;20;;;175.5;0.0
-1;800;VEV_5200;101;22;;;;;105;16;;;;;103.0;0.0
-1;800;VEV_5300;48;26;;;;;50;29;51;11;;;49.0;0.0
-1;800;VEV_5400;16;6;;;;;17;20;;;;;16.5;0.0
-1;800;VEV_5500;6;25;;;;;7;20;;;;;6.5;0.0
-1;800;VEV_6000;0;19;;;;;1;19;;;;;0.5;0.0
-1;800;VEV_6500;0;16;;;;;1;16;;;;;0.5;0.0
-1;900;ASH_COATED_OSMIUM;9990;13;;;;;10009;22;;;;;9999.5;0.0
-1;900;HYDROGEL_PACK;9980;12;9977;21;;;9996;12;9998;21;;;9988.0;0.0
-1;900;INTARIAN_PEPPER_ROOT;13094;11;13091;21;;;13108;11;13111;21;;;13101.0;0.0
-1;900;VELVETFRUIT_EXTRACT;5254;25;5253;67;;;5258;25;5259;42;;;5256.0;0.0
-1;900;VEV_4000;1253;7;1250;28;;;1274;7;1276;28;;;1263.5;0.0
-1;900;VEV_4500;756;7;754;22;;;774;22;;;;;765.0;0.0
-1;900;VEV_5000;259;9;;;;;265;8;266;21;;;262.0;0.0
-1;900;VEV_5100;174;9;;;;;178;6;179;16;;;176.0;0.0
-1;900;VEV_5200;102;8;101;28;;;104;12;105;21;;;103.0;0.0
-1;900;VEV_5300;48;23;;;;;50;30;51;23;;;49.0;0.0
-1;900;VEV_5400;15;26;15;19;;;17;20;;;;;16.0;0.0
-1;900;VEV_5500;6;18;;;;;7;22;;;;;6.5;0.0
-1;900;VEV_6000;0;24;;;;;1;24;;;;;0.5;0.0
-1;900;VEV_6500;0;13;;;;;1;13;;;;;0.5;0.0
-1;1000;ASH_COATED_OSMIUM;10000;7;;;;;10007;10;10009;24;;;10003.5;0.0
-1;1000;HYDROGEL_PACK;9983;10;9980;26;;;9999;10;10001;26;;;9991.0;0.0
-1;1000;INTARIAN_PEPPER_ROOT;13091;25;;;;;13108;10;13111;25;;;13099.5;0.0
-1;1000;VELVETFRUIT_EXTRACT;5252;16;;;;;5258;74;;;;;5255.0;0.0
-1;1000;VEV_4000;1252;13;1249;20;;;1273;13;1275;20;;;1262.5;0.0
-1;1000;VEV_4500;757;8;755;15;;;773;8;774;10;775;15;765.0;0.0
-1;1000;VEV_5000;258;6;257;27;;;264;11;265;13;;;261.0;0.0
-1;1000;VEV_5100;;;;;;;178;9;179;19;;;178.0;0.0
-1;1000;VEV_5200;102;11;101;15;;;105;21;;;;;103.5;0.0
-1;1000;VEV_5300;48;9;47;11;;;;;;;;;48.0;0.0
-1;1000;VEV_5400;15;24;;;;;17;15;;;;;16.0;0.0
-1;1000;VEV_5500;6;28;;;;;7;28;;;;;6.5;0.0
-1;1000;VEV_6000;0;21;;;;;1;21;;;;;0.5;0.0
-1;1000;VEV_6500;0;12;;;;;1;12;;;;;0.5;0.0
-1;1100;ASH_COATED_OSMIUM;9991;13;9989;20;;;;;;;;;9991.0;0.0
-1;1100;HYDROGEL_PACK;9981;11;9979;24;;;9997;11;10000;24;;;9989.0;0.0
-1;1100;INTARIAN_PEPPER_ROOT;13094;8;;;;;13108;8;13111;23;;;13101.0;0.0
-1;1100;VELVETFRUIT_EXTRACT;5253;48;;;;;5259;66;;;;;5256.0;0.0
-1;1100;VEV_4000;1251;10;1249;20;;;1272;10;1275;20;;;1261.5;0.0
-1;1100;VEV_4500;759;6;757;19;;;776;13;777;19;;;767.5;0.0
-1;1100;VEV_5000;258;12;257;19;;;264;8;265;18;;;261.0;0.0
-1;1100;VEV_5100;173;7;;;;;;;;;;;173.0;0.0
-1;1100;VEV_5200;103;10;102;25;;;;;;;;;103.0;0.0
-1;1100;VEV_5300;49;7;;;;;51;25;;;;;50.0;0.0
-1;1100;VEV_5400;15;16;;;;;17;28;;;;;16.0;0.0
-1;1100;VEV_5500;6;25;;;;;7;23;;;;;6.5;0.0
-1;1100;VEV_6000;0;21;;;;;1;21;;;;;0.5;0.0
-1;1100;VEV_6500;0;21;;;;;1;21;;;;;0.5;0.0
-1;1200;ASH_COATED_OSMIUM;9989;26;;;;;10007;15;10010;26;;;9998.0;0.0
-1;1200;HYDROGEL_PACK;9980;15;9977;30;;;9996;15;9998;30;;;9988.0;0.0
-1;1200;INTARIAN_PEPPER_ROOT;13094;10;13091;16;;;13112;16;;;;;13103.0;0.0
-1;1200;VELVETFRUIT_EXTRACT;5254;58;;;;;5260;57;5261;43;;;5257.0;0.0
-1;1200;VEV_4000;1250;14;1248;15;;;1272;14;1274;15;;;1261.0;0.0
-1;1200;VEV_4500;758;9;756;18;;;774;9;776;18;;;766.0;0.0
-1;1200;VEV_5000;258;28;;;;;264;6;265;22;;;261.0;0.0
-1;1200;VEV_5100;171;23;170;12;;;175;29;;;;;173.0;0.0
-1;1200;VEV_5200;101;18;100;19;;;103;28;104;33;;;102.0;0.0
-1;1200;VEV_5300;49;15;;;;;51;22;52;18;;;50.0;0.0
-1;1200;VEV_5400;15;18;;;;;17;22;;;;;16.0;0.0
-1;1200;VEV_5500;6;20;;;;;7;19;;;;;6.5;0.0
-1;1200;VEV_6000;0;25;;;;;1;25;;;;;0.5;0.0
-1;1200;VEV_6500;0;13;;;;;1;13;;;;;0.5;0.0
-1;1300;ASH_COATED_OSMIUM;9991;13;;;;;10010;20;;;;;10000.5;0.0
-1;1300;HYDROGEL_PACK;9982;14;9980;27;;;9998;14;10001;27;;;9990.0;0.0
-1;1300;INTARIAN_PEPPER_ROOT;;;;;;;13108;10;13112;25;;;13108.0;0.0
-1;1300;VELVETFRUIT_EXTRACT;5253;53;;;;;5258;21;5259;49;5259;38;5255.5;0.0
-1;1300;VEV_4000;1253;7;1250;19;;;1274;7;1276;19;;;1263.5;0.0
-1;1300;VEV_4500;755;15;;;;;774;11;775;15;;;764.5;0.0
-1;1300;VEV_5000;259;12;;;;;265;6;266;23;;;262.0;0.0
-1;1300;VEV_5100;172;30;171;12;;;176;35;;;;;174.0;0.0
-1;1300;VEV_5200;101;31;100;32;;;;;;;;;101.0;0.0
-1;1300;VEV_5300;;;;;;;50;6;;;;;50.0;0.0
-1;1300;VEV_5400;15;19;15;21;;;17;19;;;;;16.0;0.0
-1;1300;VEV_5500;6;23;;;;;7;17;;;;;6.5;0.0
-1;1300;VEV_6000;0;18;;;;;1;18;;;;;0.5;0.0
-1;1300;VEV_6500;0;15;;;;;1;15;;;;;0.5;0.0
-1;1400;ASH_COATED_OSMIUM;9991;15;;;;;10007;15;10010;27;;;9999.0;0.0
-1;1400;HYDROGEL_PACK;9979;10;9977;23;;;9995;10;9998;23;;;9987.0;0.0
-1;1400;INTARIAN_PEPPER_ROOT;13094;10;13091;17;;;13112;17;;;;;13103.0;0.0
-1;1400;VELVETFRUIT_EXTRACT;5253;32;;;;;5259;54;;;;;5256.0;0.0
-1;1400;VEV_4000;1252;9;1249;26;;;1273;9;1275;26;;;1262.5;0.0
-1;1400;VEV_4500;758;6;756;19;;;774;6;776;19;;;766.0;0.0
-1;1400;VEV_5000;260;7;259;30;;;266;7;267;13;;;263.0;0.0
-1;1400;VEV_5100;173;35;;;;;177;33;;;;;175.0;0.0
-1;1400;VEV_5200;101;28;100;21;;;104;13;;;;;102.5;0.0
-1;1400;VEV_5300;49;19;;;;;;;;;;;49.0;0.0
-1;1400;VEV_5400;15;23;;;;;17;27;;;;;16.0;0.0
-1;1400;VEV_5500;6;29;;;;;7;25;;;;;6.5;0.0
-1;1400;VEV_6000;0;22;;;;;1;22;;;;;0.5;0.0
-1;1400;VEV_6500;0;19;;;;;1;19;;;;;0.5;0.0
-1;1500;ASH_COATED_OSMIUM;9991;10;9989;24;;;10007;10;10010;24;;;9999.0;0.0
-1;1500;HYDROGEL_PACK;9981;10;9979;23;;;9997;10;10000;23;;;9989.0;0.0
-1;1500;INTARIAN_PEPPER_ROOT;13094;10;13091;15;;;13112;15;;;;;13103.0;0.0
-1;1500;VELVETFRUIT_EXTRACT;5252;56;;;;;5257;20;5258;35;;;5254.5;0.0
-1;1500;VEV_4000;1251;11;1248;23;;;1272;11;1274;23;;;1261.5;0.0
-1;1500;VEV_4500;760;8;758;19;;;776;8;778;19;;;768.0;0.0
-1;1500;VEV_5000;259;11;258;30;;;265;9;266;24;;;262.0;0.0
-1;1500;VEV_5100;171;12;;;;;176;14;;;;;173.5;0.0
-1;1500;VEV_5200;99;15;;;;;102;8;103;16;;;100.5;0.0
-1;1500;VEV_5300;48;28;47;15;;;50;22;;;;;49.0;0.0
-1;1500;VEV_5400;15;23;;;;;;;;;;;15.0;0.0
-1;1500;VEV_5500;6;18;;;;;7;19;;;;;6.5;0.0
-1;1500;VEV_6000;0;27;;;;;1;27;;;;;0.5;0.0
-1;1500;VEV_6500;0;14;;;;;;;;;;;0.0;0.0
-1;1600;ASH_COATED_OSMIUM;9992;13;9989;27;;;10010;27;;;;;10001.0;0.0
-1;1600;HYDROGEL_PACK;9975;29;;;;;9993;12;9996;29;;;9984.0;0.0
-1;1600;INTARIAN_PEPPER_ROOT;13095;11;13091;24;;;13109;11;13112;24;;;13102.0;0.0
-1;1600;VELVETFRUIT_EXTRACT;5252;52;;;;;5257;16;5258;44;;;5254.5;0.0
-1;1600;VEV_4000;1250;9;1247;20;;;1271;9;1273;20;;;1260.5;0.0
-1;1600;VEV_4500;759;8;758;20;;;776;9;778;20;;;767.5;0.0
-1;1600;VEV_5000;258;11;257;23;;;265;22;;;;;261.5;0.0
-1;1600;VEV_5100;171;9;170;18;;;175;31;176;17;;;173.0;0.0
-1;1600;VEV_5200;99;22;;;;;101;8;102;25;;;100.0;0.0
-1;1600;VEV_5300;48;23;;;;;50;5;;;;;49.0;0.0
-1;1600;VEV_5400;15;21;;;;;17;16;;;;;16.0;0.0
-1;1600;VEV_5500;6;26;;;;;7;20;;;;;6.5;0.0
-1;1600;VEV_6000;0;22;;;;;1;22;;;;;0.5;0.0
-1;1600;VEV_6500;0;19;;;;;1;19;;;;;0.5;0.0
-1;1700;ASH_COATED_OSMIUM;9991;10;;;;;10007;10;10010;25;;;9999.0;0.0
-1;1700;HYDROGEL_PACK;9977;15;9974;30;;;9993;15;9995;30;;;9985.0;0.0
-1;1700;INTARIAN_PEPPER_ROOT;13095;8;13091;22;;;13109;8;;;;;13102.0;0.0
-1;1700;VELVETFRUIT_EXTRACT;5251;47;;;;;5257;15;5258;38;;;5254.0;0.0
-1;1700;VEV_4000;1248;10;1246;27;;;1270;10;1272;27;;;1259.0;0.0
-1;1700;VEV_4500;761;9;759;21;;;777;9;778;12;779;21;769.0;0.0
-1;1700;VEV_5000;258;9;;;;;264;11;265;16;;;261.0;0.0
-1;1700;VEV_5100;171;9;170;16;;;175;12;176;24;;;173.0;0.0
-1;1700;VEV_5200;100;12;99;13;;;102;24;103;19;;;101.0;0.0
-1;1700;VEV_5300;48;8;;;;;;;;;;;48.0;0.0
-1;1700;VEV_5400;;;;;;;17;24;;;;;17.0;0.0
-1;1700;VEV_5500;6;20;;;;;7;26;;;;;6.5;0.0
-1;1700;VEV_6000;0;24;;;;;1;24;;;;;0.5;0.0
-1;1700;VEV_6500;0;10;;;;;1;10;;;;;0.5;0.0
-1;1800;ASH_COATED_OSMIUM;9991;10;9989;27;;;10007;10;10010;27;;;9999.0;0.0
-1;1800;HYDROGEL_PACK;9977;11;9974;21;;;9993;11;9995;21;;;9985.0;0.0
-1;1800;INTARIAN_PEPPER_ROOT;13091;20;;;;;13109;12;;;;;13100.0;0.0
-1;1800;VELVETFRUIT_EXTRACT;5252;48;;;;;5258;36;;;;;5255.0;0.0
-1;1800;VEV_4000;1249;9;1246;25;;;1270;9;1272;25;;;1259.5;0.0
-1;1800;VEV_4500;760;8;758;19;;;776;8;778;19;;;768.0;0.0
-1;1800;VEV_5000;259;7;258;20;;;265;12;266;22;;;262.0;0.0
-1;1800;VEV_5100;;;;;;;174;11;175;22;;;174.0;0.0
-1;1800;VEV_5200;99;25;;;;;103;31;;;;;101.0;0.0
-1;1800;VEV_5300;;;;;;;50;25;;;;;50.0;0.0
-1;1800;VEV_5400;16;22;15;24;;;;;;;;;16.0;0.0
-1;1800;VEV_5500;6;26;;;;;7;23;;;;;6.5;0.0
-1;1800;VEV_6000;0;22;;;;;1;22;;;;;0.5;0.0
-1;1800;VEV_6500;0;11;;;;;1;11;;;;;0.5;0.0
-1;1900;ASH_COATED_OSMIUM;9989;29;;;;;10007;12;10010;29;;;9998.0;0.0
-1;1900;HYDROGEL_PACK;9976;15;9973;29;;;9992;15;9994;29;;;9984.0;0.0
-1;1900;INTARIAN_PEPPER_ROOT;13095;12;13092;17;;;13112;17;;;;;13103.5;0.0
-1;1900;VELVETFRUIT_EXTRACT;5252;25;;;;;5257;19;5258;63;;;5254.5;0.0
-1;1900;VEV_4000;1249;10;1246;29;;;1270;10;1273;29;;;1259.5;0.0
-1;1900;VEV_4500;759;7;757;12;;;775;7;777;12;;;767.0;0.0
-1;1900;VEV_5000;260;12;;;;;266;8;267;24;;;263.0;0.0
-1;1900;VEV_5100;170;12;;;;;174;9;175;29;;;172.0;0.0
-1;1900;VEV_5200;100;34;;;;;103;33;104;32;;;101.5;0.0
-1;1900;VEV_5300;47;20;;;;;49;21;;;;;48.0;0.0
-1;1900;VEV_5400;16;24;16;5;;;18;25;;;;;17.0;0.0
-1;1900;VEV_5500;6;19;;;;;7;27;;;;;6.5;0.0
-1;1900;VEV_6000;0;23;;;;;1;23;;;;;0.5;0.0
-1;1900;VEV_6500;0;12;;;;;1;12;;;;;0.5;0.0
-1;2000;ASH_COATED_OSMIUM;9992;11;;;;;10010;21;;;;;10001.0;0.0
-1;2000;HYDROGEL_PACK;9976;10;9973;20;;;9992;10;9994;20;;;9984.0;0.0
-1;2000;INTARIAN_PEPPER_ROOT;13095;8;13092;23;;;13109;8;13112;23;;;13102.0;0.0
-1;2000;VELVETFRUIT_EXTRACT;5252;39;;;;;5258;37;;;;;5255.0;0.0
-1;2000;VEV_4000;1250;14;1248;27;;;1272;14;1274;27;;;1261.0;0.0
-1;2000;VEV_4500;760;12;758;13;;;776;12;778;13;;;768.0;0.0
-1;2000;VEV_5000;262;12;261;12;;;269;23;;;;;265.5;0.0
-1;2000;VEV_5100;169;31;168;23;;;173;8;;;;;171.0;0.0
-1;2000;VEV_5200;101;14;;;;;;;;;;;101.0;0.0
-1;2000;VEV_5300;48;23;;;;;50;21;51;25;;;49.0;0.0
-1;2000;VEV_5400;16;5;;;;;17;21;;;;;16.5;0.0
-1;2000;VEV_5500;6;27;;;;;7;22;;;;;6.5;0.0
-1;2000;VEV_6000;0;24;;;;;1;24;;;;;0.5;0.0
-1;2000;VEV_6500;0;18;;;;;1;18;;;;;0.5;0.0
-1;2100;ASH_COATED_OSMIUM;9992;15;9989;26;;;10008;15;10010;26;;;10000.0;0.0
-1;2100;HYDROGEL_PACK;9972;14;9969;21;;;9988;14;9990;21;;;9980.0;0.0
-1;2100;INTARIAN_PEPPER_ROOT;13095;12;13092;19;;;13109;12;13112;19;;;13102.0;0.0
-1;2100;VELVETFRUIT_EXTRACT;5253;41;;;;;5259;64;;;;;5256.0;0.0
-1;2100;VEV_4000;1250;8;1247;22;;;1271;8;1274;22;;;1260.5;0.0
-1;2100;VEV_4500;758;8;756;13;;;774;8;775;20;776;13;766.0;0.0
-1;2100;VEV_5000;261;11;260;19;;;267;11;268;14;;;264.0;0.0
-1;2100;VEV_5100;169;10;168;24;;;174;24;;;;;171.5;0.0
-1;2100;VEV_5200;101;18;;;;;104;12;105;21;;;102.5;0.0
-1;2100;VEV_5300;48;10;;;;;50;27;;;;;49.0;0.0
-1;2100;VEV_5400;15;16;;;;;;;;;;;15.0;0.0
-1;2100;VEV_5500;6;27;;;;;7;18;;;;;6.5;0.0
-1;2100;VEV_6000;0;24;;;;;1;24;;;;;0.5;0.0
-1;2100;VEV_6500;0;19;;;;;1;19;;;;;0.5;0.0
-1;2200;ASH_COATED_OSMIUM;9992;13;;;;;10008;13;;;;;10000.0;0.0
-1;2200;HYDROGEL_PACK;9973;13;9970;26;;;9989;13;9991;26;;;9981.0;0.0
-1;2200;INTARIAN_PEPPER_ROOT;13095;12;;;;;13113;23;;;;;13104.0;0.0
-1;2200;VELVETFRUIT_EXTRACT;5255;19;5254;59;;;5260;43;;;;;5257.5;0.0
-1;2200;VEV_4000;1250;8;1248;20;;;1271;8;1274;20;;;1260.5;0.0
-1;2200;VEV_4500;759;9;;;;;775;9;776;22;777;18;767.0;0.0
-1;2200;VEV_5000;260;22;259;18;;;266;7;267;24;;;263.0;0.0
-1;2200;VEV_5100;169;31;168;12;;;173;21;174;29;;;171.0;0.0
-1;2200;VEV_5200;100;15;;;;;103;26;104;13;;;101.5;0.0
-1;2200;VEV_5300;47;24;;;;;49;25;;;;;48.0;0.0
-1;2200;VEV_5400;16;19;16;25;;;17;29;;;;;16.5;0.0
-1;2200;VEV_5500;6;20;;;;;7;27;;;;;6.5;0.0
-1;2200;VEV_6000;0;30;;;;;1;30;;;;;0.5;0.0
-1;2200;VEV_6500;0;15;;;;;1;15;;;;;0.5;0.0
-1;2300;ASH_COATED_OSMIUM;9989;27;;;;;10008;15;10010;27;;;9998.5;0.0
-1;2300;HYDROGEL_PACK;9974;14;9971;24;;;9990;14;9992;24;;;9982.0;0.0
-1;2300;INTARIAN_PEPPER_ROOT;13095;12;;;;;13109;12;13113;23;;;13102.0;0.0
-1;2300;VELVETFRUIT_EXTRACT;5254;15;5253;56;;;5258;15;5259;30;;;5256.0;0.0
-1;2300;VEV_4000;1248;15;1246;15;;;1270;15;1272;15;;;1259.0;0.0
-1;2300;VEV_4500;760;7;758;12;;;776;7;778;12;;;768.0;0.0
-1;2300;VEV_5000;258;19;;;;;265;7;266;17;;;261.5;0.0
-1;2300;VEV_5100;169;31;168;20;;;174;18;;;;;171.5;0.0
-1;2300;VEV_5200;100;29;;;;;103;7;;;;;101.5;0.0
-1;2300;VEV_5300;47;15;;;;;49;26;;;;;48.0;0.0
-1;2300;VEV_5400;16;27;;;;;18;19;;;;;17.0;0.0
-1;2300;VEV_5500;6;22;;;;;7;29;;;;;6.5;0.0
-1;2300;VEV_6000;0;25;;;;;1;25;;;;;0.5;0.0
-1;2300;VEV_6500;0;11;;;;;1;11;;;;;0.5;0.0
-1;2400;ASH_COATED_OSMIUM;9989;21;;;;;10010;21;;;;;9999.5;0.0
-1;2400;HYDROGEL_PACK;9977;12;9974;24;;;9993;12;9995;24;;;9985.0;0.0
-1;2400;INTARIAN_PEPPER_ROOT;13095;8;13092;17;;;13109;8;13113;17;;;13102.0;0.0
-1;2400;VELVETFRUIT_EXTRACT;5254;23;5253;44;;;5258;23;5259;30;;;5256.0;0.0
-1;2400;VEV_4000;1248;14;1246;19;;;1270;14;1272;19;;;1259.0;0.0
-1;2400;VEV_4500;761;7;760;6;759;23;777;7;779;23;;;769.0;0.0
-1;2400;VEV_5000;258;6;;;;;264;6;265;17;;;261.0;0.0
-1;2400;VEV_5100;168;23;;;;;173;27;174;14;;;170.5;0.0
-1;2400;VEV_5200;;;;;;;;;;;;;0.0;0.0
-1;2400;VEV_5300;47;23;;;;;;;;;;;47.0;0.0
-1;2400;VEV_5400;16;22;;;;;;;;;;;16.0;0.0
-1;2400;VEV_5500;6;16;;;;;7;17;;;;;6.5;0.0
-1;2400;VEV_6000;0;15;;;;;1;15;;;;;0.5;0.0
-1;2400;VEV_6500;0;12;;;;;1;12;;;;;0.5;0.0
-1;2500;ASH_COATED_OSMIUM;9992;12;;;;;10008;12;10010;30;;;10000.0;0.0
-1;2500;HYDROGEL_PACK;9973;12;9970;29;;;9989;12;9991;29;;;9981.0;0.0
-1;2500;INTARIAN_PEPPER_ROOT;13095;9;13092;23;;;13110;9;13113;23;;;13102.5;0.0
-1;2500;VELVETFRUIT_EXTRACT;5252;65;;;;;5258;31;;;;;5255.0;0.0
-1;2500;VEV_4000;1249;7;1246;21;;;1270;7;1273;21;;;1259.5;0.0
-1;2500;VEV_4500;761;7;759;13;;;779;13;;;;;770.0;0.0
-1;2500;VEV_5000;259;7;258;28;;;265;10;266;14;;;262.0;0.0
-1;2500;VEV_5100;170;6;169;19;;;174;22;;;;;172.0;0.0
-1;2500;VEV_5200;98;26;;;;;;;;;;;98.0;0.0
-1;2500;VEV_5300;47;23;46;18;;;49;27;;;;;48.0;0.0
-1;2500;VEV_5400;16;23;;;;;18;20;;;;;17.0;0.0
-1;2500;VEV_5500;6;22;;;;;7;26;;;;;6.5;0.0
-1;2500;VEV_6000;0;18;;;;;1;18;;;;;0.5;0.0
-1;2500;VEV_6500;0;16;;;;;1;16;;;;;0.5;0.0
-1;2600;ASH_COATED_OSMIUM;9997;5;9991;14;9989;24;10007;14;10010;24;;;10002.0;0.0
-1;2600;HYDROGEL_PACK;9974;11;9972;24;;;9990;11;9993;24;;;9982.0;0.0
-1;2600;INTARIAN_PEPPER_ROOT;13092;17;;;;;13110;9;;;;;13101.0;0.0
-1;2600;VELVETFRUIT_EXTRACT;5252;63;;;;;5257;25;5258;56;;;5254.5;0.0
-1;2600;VEV_4000;1249;14;1246;24;;;1270;14;1272;24;;;1259.5;0.0
-1;2600;VEV_4500;760;10;758;13;;;776;10;778;13;;;768.0;0.0
-1;2600;VEV_5000;256;24;;;;;263;31;264;21;;;259.5;0.0
-1;2600;VEV_5100;170;31;169;17;;;174;8;;;;;172.0;0.0
-1;2600;VEV_5200;;;;;;;103;25;;;;;103.0;0.0
-1;2600;VEV_5300;47;21;;;;;49;24;;;;;48.0;0.0
-1;2600;VEV_5400;16;22;;;;;18;18;;;;;17.0;0.0
-1;2600;VEV_5500;6;20;;;;;7;27;;;;;6.5;0.0
-1;2600;VEV_6000;0;22;;;;;1;22;;;;;0.5;0.0
-1;2600;VEV_6500;0;21;;;;;1;21;;;;;0.5;0.0
-1;2700;ASH_COATED_OSMIUM;;;;;;;10007;14;10010;28;;;10007.0;0.0
-1;2700;HYDROGEL_PACK;9972;12;9970;28;;;9988;12;9991;28;;;9980.0;0.0
-1;2700;INTARIAN_PEPPER_ROOT;13096;11;13092;20;;;13110;11;13113;20;;;13103.0;0.0
-1;2700;VELVETFRUIT_EXTRACT;5252;35;;;;;5258;39;;;;;5255.0;0.0
-1;2700;VEV_4000;1249;7;1246;25;;;1270;7;1273;25;;;1259.5;0.0
-1;2700;VEV_4500;759;7;757;21;;;775;7;776;9;;;767.0;0.0
-1;2700;VEV_5000;259;11;258;15;;;265;12;266;15;;;262.0;0.0
-1;2700;VEV_5100;;;;;;;174;7;175;32;;;174.0;0.0
-1;2700;VEV_5200;99;17;;;;;;;;;;;99.0;0.0
-1;2700;VEV_5300;47;23;;;;;49;21;;;;;48.0;0.0
-1;2700;VEV_5400;17;20;16;17;;;18;24;;;;;17.5;0.0
-1;2700;VEV_5500;6;17;;;;;7;23;;;;;6.5;0.0
-1;2700;VEV_6000;0;27;;;;;1;27;;;;;0.5;0.0
-1;2700;VEV_6500;0;16;;;;;1;16;;;;;0.5;0.0
-1;2800;ASH_COATED_OSMIUM;9989;21;;;;;10007;14;10010;21;;;9998.0;0.0
-1;2800;HYDROGEL_PACK;9974;11;9972;28;;;9990;11;9993;28;;;9982.0;0.0
-1;2800;INTARIAN_PEPPER_ROOT;13096;11;13092;18;;;13110;11;13113;18;;;13103.0;0.0
-1;2800;VELVETFRUIT_EXTRACT;5253;16;5252;30;;;5258;53;5259;31;;;5255.5;0.0
-1;2800;VEV_4000;1250;11;1247;19;;;1271;11;1273;19;;;1260.5;0.0
-1;2800;VEV_4500;760;6;758;19;;;776;6;778;19;;;768.0;0.0
-1;2800;VEV_5000;259;20;258;16;;;265;11;266;17;;;262.0;0.0
-1;2800;VEV_5100;170;21;169;20;;;174;31;;;;;172.0;0.0
-1;2800;VEV_5200;100;32;;;;;103;28;104;13;;;101.5;0.0
-1;2800;VEV_5300;47;20;;;;;49;24;;;;;48.0;0.0
-1;2800;VEV_5400;17;25;16;24;;;18;22;;;;;17.5;0.0
-1;2800;VEV_5500;6;28;;;;;7;16;;;;;6.5;0.0
-1;2800;VEV_6000;0;22;;;;;1;22;;;;;0.5;0.0
-1;2800;VEV_6500;0;17;;;;;1;17;;;;;0.5;0.0
-1;2900;ASH_COATED_OSMIUM;9989;30;;;;;10007;11;10010;30;;;9998.0;0.0
-1;2900;HYDROGEL_PACK;9974;13;9972;26;;;9990;13;9993;26;;;9982.0;0.0
-1;2900;INTARIAN_PEPPER_ROOT;13093;24;;;;;13110;8;13113;24;;;13101.5;0.0
-1;2900;VELVETFRUIT_EXTRACT;5251;50;;;;;5256;23;5257;41;;;5253.5;0.0
-1;2900;VEV_4000;1251;10;1249;27;;;1272;10;1275;27;;;1261.5;0.0
-1;2900;VEV_4500;760;7;758;15;;;776;7;777;15;778;15;768.0;0.0
-1;2900;VEV_5000;258;7;257;20;;;264;12;265;15;;;261.0;0.0
-1;2900;VEV_5100;169;12;;;;;173;29;;;;;171.0;0.0
-1;2900;VEV_5200;99;35;;;;;103;30;;;;;101.0;0.0
-1;2900;VEV_5300;46;26;;;;;48;29;;;;;47.0;0.0
-1;2900;VEV_5400;17;26;16;24;;;18;19;;;;;17.5;0.0
-1;2900;VEV_5500;6;28;;;;;7;17;;;;;6.5;0.0
-1;2900;VEV_6000;0;25;;;;;1;25;;;;;0.5;0.0
-1;2900;VEV_6500;0;14;;;;;1;14;;;;;0.5;0.0
-1;3000;ASH_COATED_OSMIUM;;;;;;;10008;10;10010;28;;;10008.0;0.0
-1;3000;HYDROGEL_PACK;9973;13;9970;24;;;9989;13;9991;24;;;9981.0;0.0
-1;3000;INTARIAN_PEPPER_ROOT;13096;12;13093;22;;;13110;12;13113;22;;;13103.0;0.0
-1;3000;VELVETFRUIT_EXTRACT;5251;18;5250;20;;;5255;18;5256;34;5257;45;5253.0;0.0
-1;3000;VEV_4000;1251;14;1249;16;;;1272;14;1275;16;;;1261.5;0.0
-1;3000;VEV_4500;760;7;758;18;;;778;18;;;;;769.0;0.0
-1;3000;VEV_5000;259;10;258;23;;;265;8;266;16;;;262.0;0.0
-1;3000;VEV_5100;168;9;;;;;172;8;173;26;;;170.0;0.0
-1;3000;VEV_5200;101;8;100;30;;;103;22;104;21;;;102.0;0.0
-1;3000;VEV_5300;46;7;;;;;48;21;;;;;47.0;0.0
-1;3000;VEV_5400;16;18;;;;;18;27;;;;;17.0;0.0
-1;3000;VEV_5500;6;25;;;;;7;21;;;;;6.5;0.0
-1;3000;VEV_6000;0;29;;;;;1;29;;;;;0.5;0.0
-1;3000;VEV_6500;0;13;;;;;1;13;;;;;0.5;0.0
-1;3100;ASH_COATED_OSMIUM;10001;5;9992;12;;;10008;12;10010;29;;;10004.5;0.0
-1;3100;HYDROGEL_PACK;9975;11;9972;28;;;9991;11;9993;28;;;9983.0;0.0
-1;3100;INTARIAN_PEPPER_ROOT;13096;12;;;;;13113;22;;;;;13104.5;0.0
-1;3100;VELVETFRUIT_EXTRACT;5250;17;5249;47;;;5255;56;;;;;5252.5;0.0
-1;3100;VEV_4000;1251;14;1249;15;;;1273;14;1275;15;;;1262.0;0.0
-1;3100;VEV_4500;761;8;760;9;759;16;777;8;779;16;;;769.0;0.0
-1;3100;VEV_5000;256;10;255;13;;;262;10;263;12;;;259.0;0.0
-1;3100;VEV_5100;168;32;167;24;;;173;17;;;;;170.5;0.0
-1;3100;VEV_5200;;;;;;;105;17;;;;;105.0;0.0
-1;3100;VEV_5300;46;26;;;;;48;30;;;;;47.0;0.0
-1;3100;VEV_5400;16;16;;;;;18;21;;;;;17.0;0.0
-1;3100;VEV_5500;6;20;;;;;7;20;;;;;6.5;0.0
-1;3100;VEV_6000;0;20;;;;;1;20;;;;;0.5;0.0
-1;3100;VEV_6500;0;14;;;;;1;14;;;;;0.5;0.0
-1;3200;ASH_COATED_OSMIUM;9992;10;;;;;10011;26;;;;;10001.5;0.0
-1;3200;HYDROGEL_PACK;9973;11;9971;20;;;9989;11;9992;20;;;9981.0;0.0
-1;3200;INTARIAN_PEPPER_ROOT;13096;9;13093;18;;;13110;9;13114;18;;;13103.0;0.0
-1;3200;VELVETFRUIT_EXTRACT;5250;44;;;;;5256;53;;;;;5253.0;0.0
-1;3200;VEV_4000;1252;12;1249;30;;;1273;12;1275;30;;;1262.5;0.0
-1;3200;VEV_4500;762;10;760;16;;;778;10;780;16;;;770.0;0.0
-1;3200;VEV_5000;257;11;256;22;;;263;28;264;23;;;260.0;0.0
-1;3200;VEV_5100;169;6;;;;;173;7;;;;;171.0;0.0
-1;3200;VEV_5200;101;22;;;;;105;23;;;;;103.0;0.0
-1;3200;VEV_5300;47;19;;;;;49;20;;;;;48.0;0.0
-1;3200;VEV_5400;17;19;;;;;17;20;18;25;;;17.0;0.0
-1;3200;VEV_5500;6;20;;;;;7;30;;;;;6.5;0.0
-1;3200;VEV_6000;0;22;;;;;1;22;;;;;0.5;0.0
-1;3200;VEV_6500;0;16;;;;;1;16;;;;;0.5;0.0
-1;3300;ASH_COATED_OSMIUM;9989;30;;;;;9998;9;10008;13;10010;30;9993.5;0.0
-1;3300;HYDROGEL_PACK;9979;14;9977;24;;;9995;14;9998;24;;;9987.0;0.0
-1;3300;INTARIAN_PEPPER_ROOT;13096;12;;;;;13110;12;13114;25;;;13103.0;0.0
-1;3300;VELVETFRUIT_EXTRACT;5249;68;;;;;5255;58;;;;;5252.0;0.0
-1;3300;VEV_4000;1253;11;1251;16;;;1275;11;1277;16;;;1264.0;0.0
-1;3300;VEV_4500;764;11;762;15;;;782;15;;;;;773.0;0.0
-1;3300;VEV_5000;257;24;256;21;;;263;9;264;12;;;260.0;0.0
-1;3300;VEV_5100;169;8;168;13;;;173;8;174;21;;;171.0;0.0
-1;3300;VEV_5200;102;20;;;;;105;22;106;19;;;103.5;0.0
-1;3300;VEV_5300;47;21;;;;;49;24;;;;;48.0;0.0
-1;3300;VEV_5400;17;18;;;;;;;;;;;17.0;0.0
-1;3300;VEV_5500;6;16;;;;;7;24;;;;;6.5;0.0
-1;3300;VEV_6000;0;28;;;;;1;28;;;;;0.5;0.0
-1;3300;VEV_6500;0;15;;;;;1;15;;;;;0.5;0.0
-1;3400;ASH_COATED_OSMIUM;9992;15;;;;;10008;15;10010;23;;;10000.0;0.0
-1;3400;HYDROGEL_PACK;9977;13;9975;26;;;9993;13;9996;26;;;9985.0;0.0
-1;3400;INTARIAN_PEPPER_ROOT;13093;17;;;;;13110;12;;;;;13101.5;0.0
-1;3400;VELVETFRUIT_EXTRACT;5248;41;;;;;5253;24;5254;54;5255;46;5250.5;0.0
-1;3400;VEV_4000;1255;15;1253;20;;;1276;15;1279;20;;;1265.5;0.0
-1;3400;VEV_4500;764;11;762;15;;;780;11;782;15;;;772.0;0.0
-1;3400;VEV_5000;256;27;255;23;;;262;8;263;22;;;259.0;0.0
-1;3400;VEV_5100;167;12;166;12;;;171;9;172;14;;;169.0;0.0
-1;3400;VEV_5200;103;12;102;32;;;106;30;;;;;104.5;0.0
-1;3400;VEV_5300;47;17;;;;;49;20;50;19;;;48.0;0.0
-1;3400;VEV_5400;17;19;16;17;;;17;24;18;20;;;17.0;0.0
-1;3400;VEV_5500;6;22;;;;;7;20;;;;;6.5;0.0
-1;3400;VEV_6000;0;27;;;;;1;27;;;;;0.5;0.0
-1;3400;VEV_6500;0;20;;;;;1;20;;;;;0.5;0.0
-1;3500;ASH_COATED_OSMIUM;9992;14;9990;22;;;10008;14;10011;22;;;10000.0;0.0
-1;3500;HYDROGEL_PACK;9979;15;9977;25;;;9995;15;9998;25;;;9987.0;0.0
-1;3500;INTARIAN_PEPPER_ROOT;13096;12;13093;25;;;13111;12;13114;25;;;13103.5;0.0
-1;3500;VELVETFRUIT_EXTRACT;5248;33;;;;;5254;44;;;;;5251.0;0.0
-1;3500;VEV_4000;1255;13;1253;30;;;1276;13;;;;;1265.5;0.0
-1;3500;VEV_4500;764;8;763;8;762;21;780;8;782;21;;;772.0;0.0
-1;3500;VEV_5000;256;6;255;15;;;262;12;;;;;259.0;0.0
-1;3500;VEV_5100;168;27;167;12;;;172;9;173;22;;;170.0;0.0
-1;3500;VEV_5200;102;11;101;20;;;105;31;;;;;103.5;0.0
-1;3500;VEV_5300;47;25;46;28;;;49;17;;;;;48.0;0.0
-1;3500;VEV_5400;16;28;;;;;18;26;;;;;17.0;0.0
-1;3500;VEV_5500;6;18;;;;;7;26;;;;;6.5;0.0
-1;3500;VEV_6000;0;23;;;;;1;23;;;;;0.5;0.0
-1;3500;VEV_6500;0;16;;;;;1;16;;;;;0.5;0.0
-1;3600;ASH_COATED_OSMIUM;9992;12;9989;20;;;10008;12;10010;20;;;10000.0;0.0
-1;3600;HYDROGEL_PACK;9980;15;9977;26;;;9996;15;9998;26;;;9988.0;0.0
-1;3600;INTARIAN_PEPPER_ROOT;13097;9;13093;25;;;13111;9;13114;25;;;13104.0;0.0
-1;3600;VELVETFRUIT_EXTRACT;5249;17;5248;34;5248;53;5254;44;5255;34;;;5251.5;0.0
-1;3600;VEV_4000;1256;11;1254;15;;;1277;11;1280;15;;;1266.5;0.0
-1;3600;VEV_4500;764;6;762;15;;;780;6;783;15;;;772.0;0.0
-1;3600;VEV_5000;257;7;256;23;;;263;24;264;20;;;260.0;0.0
-1;3600;VEV_5100;168;28;167;21;;;;;;;;;168.0;0.0
-1;3600;VEV_5200;101;35;;;;;105;29;;;;;103.0;0.0
-1;3600;VEV_5300;47;8;;;;;49;26;;;;;48.0;0.0
-1;3600;VEV_5400;16;21;;;;;17;8;18;26;;;16.5;0.0
-1;3600;VEV_5500;6;24;;;;;7;28;;;;;6.5;0.0
-1;3600;VEV_6000;0;23;;;;;1;23;;;;;0.5;0.0
-1;3600;VEV_6500;0;24;;;;;1;24;;;;;0.5;0.0
-1;3700;ASH_COATED_OSMIUM;9992;10;9990;25;;;;;;;;;9992.0;0.0
-1;3700;HYDROGEL_PACK;9981;13;9978;22;;;9997;13;9999;22;;;9989.0;0.0
-1;3700;INTARIAN_PEPPER_ROOT;13097;8;13093;19;;;13111;8;13114;19;;;13104.0;0.0
-1;3700;VELVETFRUIT_EXTRACT;5247;24;;;;;5252;19;5253;21;;;5249.5;0.0
-1;3700;VEV_4000;1256;12;1253;20;;;1277;12;1279;20;;;1266.5;0.0
-1;3700;VEV_4500;764;11;762;12;;;;;;;;;764.0;0.0
-1;3700;VEV_5000;255;9;254;27;;;261;9;262;17;;;258.0;0.0
-1;3700;VEV_5100;;;;;;;171;6;172;12;;;171.0;0.0
-1;3700;VEV_5200;102;27;101;14;;;105;26;;;;;103.5;0.0
-1;3700;VEV_5300;47;10;;;;;;;;;;;47.0;0.0
-1;3700;VEV_5400;16;27;;;;;18;26;;;;;17.0;0.0
-1;3700;VEV_5500;5;20;;;;;7;21;;;;;6.0;0.0
-1;3700;VEV_6000;0;26;;;;;1;26;;;;;0.5;0.0
-1;3700;VEV_6500;0;12;;;;;1;12;;;;;0.5;0.0
-1;3800;ASH_COATED_OSMIUM;9992;14;9990;22;;;10001;3;10008;14;10011;22;9996.5;0.0
-1;3800;HYDROGEL_PACK;9975;30;;;;;9994;14;9996;30;;;9984.5;0.0
-1;3800;INTARIAN_PEPPER_ROOT;13093;22;;;;;13111;10;;;;;13102.0;0.0
-1;3800;VELVETFRUIT_EXTRACT;5248;36;;;;;5253;21;5254;64;;;5250.5;0.0
-1;3800;VEV_4000;1256;14;1254;16;;;1278;14;1280;16;;;1267.0;0.0
-1;3800;VEV_4500;766;11;764;14;;;782;11;783;12;784;14;774.0;0.0
-1;3800;VEV_5000;253;7;252;19;;;259;22;260;16;;;256.0;0.0
-1;3800;VEV_5100;165;10;164;19;;;169;31;170;17;;;167.0;0.0
-1;3800;VEV_5200;102;18;101;31;;;;;;;;;102.0;0.0
-1;3800;VEV_5300;47;22;;;;;49;22;50;18;;;48.0;0.0
-1;3800;VEV_5400;16;28;16;18;;;17;21;;;;;16.5;0.0
-1;3800;VEV_5500;6;22;;;;;7;20;;;;;6.5;0.0
-1;3800;VEV_6000;0;22;;;;;1;22;;;;;0.5;0.0
-1;3800;VEV_6500;0;16;;;;;1;16;;;;;0.5;0.0
-1;3900;ASH_COATED_OSMIUM;9992;10;;;;;10008;10;10011;22;;;10000.0;0.0
-1;3900;HYDROGEL_PACK;9979;12;9977;22;;;9995;12;9998;22;;;9987.0;0.0
-1;3900;INTARIAN_PEPPER_ROOT;13097;10;13094;18;;;13111;10;13114;18;;;13104.0;0.0
-1;3900;VELVETFRUIT_EXTRACT;5249;33;;;;;5255;66;;;;;5252.0;0.0
-1;3900;VEV_4000;1256;13;1253;19;;;1277;13;1280;19;;;1266.5;0.0
-1;3900;VEV_4500;765;9;764;22;763;14;781;9;783;14;;;773.0;0.0
-1;3900;VEV_5000;252;10;251;12;;;258;12;;;;;255.0;0.0
-1;3900;VEV_5100;167;25;166;19;;;171;22;172;15;;;169.0;0.0
-1;3900;VEV_5200;101;20;;;;;105;31;;;;;103.0;0.0
-1;3900;VEV_5300;46;15;;;;;;;;;;;46.0;0.0
-1;3900;VEV_5400;;;;;;;;;;;;;0.0;0.0
-1;3900;VEV_5500;6;17;;;;;7;24;;;;;6.5;0.0
-1;3900;VEV_6000;0;26;;;;;1;26;;;;;0.5;0.0
-1;3900;VEV_6500;0;17;;;;;1;17;;;;;0.5;0.0
-1;4000;ASH_COATED_OSMIUM;9992;10;9990;30;;;10011;30;;;;;10001.5;0.0
-1;4000;HYDROGEL_PACK;9977;12;9975;25;;;9993;12;9996;25;;;9985.0;0.0
-1;4000;INTARIAN_PEPPER_ROOT;13097;8;13094;23;;;13111;8;13114;23;;;13104.0;0.0
-1;4000;VELVETFRUIT_EXTRACT;5249;40;5249;16;;;5255;44;;;;;5252.0;0.0
-1;4000;VEV_4000;1257;12;1254;15;;;1278;12;1280;15;;;1267.5;0.0
-1;4000;VEV_4500;765;7;763;13;;;781;7;783;13;;;773.0;0.0
-1;4000;VEV_5000;251;23;;;;;258;11;259;13;;;254.5;0.0
-1;4000;VEV_5100;165;17;;;;;170;10;171;22;;;167.5;0.0
-1;4000;VEV_5200;102;24;;;;;106;19;;;;;104.0;0.0
-1;4000;VEV_5300;;;;;;;48;20;;;;;48.0;0.0
-1;4000;VEV_5400;16;21;;;;;18;25;;;;;17.0;0.0
-1;4000;VEV_5500;6;26;;;;;7;22;;;;;6.5;0.0
-1;4000;VEV_6000;0;17;;;;;1;17;;;;;0.5;0.0
-1;4000;VEV_6500;0;19;;;;;1;19;;;;;0.5;0.0
-1;4100;ASH_COATED_OSMIUM;9993;11;9990;22;;;10011;22;;;;;10002.0;0.0
-1;4100;HYDROGEL_PACK;9977;12;9975;25;;;9993;12;9996;25;;;9985.0;0.0
-1;4100;INTARIAN_PEPPER_ROOT;13097;8;13094;25;;;13111;8;13114;25;;;13104.0;0.0
-1;4100;VELVETFRUIT_EXTRACT;5250;68;;;;;5256;22;;;;;5253.0;0.0
-1;4100;VEV_4000;1256;8;1253;27;;;1277;8;1280;27;;;1266.5;0.0
-1;4100;VEV_4500;764;10;762;17;;;780;10;783;17;;;772.0;0.0
-1;4100;VEV_5000;251;27;250;13;;;257;12;258;30;;;254.0;0.0
-1;4100;VEV_5100;166;19;165;24;;;170;11;171;17;;;168.0;0.0
-1;4100;VEV_5200;102;31;;;;;105;6;;;;;103.5;0.0
-1;4100;VEV_5300;46;17;45;30;;;49;18;;;;;47.5;0.0
-1;4100;VEV_5400;17;19;;;;;17;22;18;19;;;17.0;0.0
-1;4100;VEV_5500;6;22;;;;;7;24;;;;;6.5;0.0
-1;4100;VEV_6000;0;19;;;;;1;19;;;;;0.5;0.0
-1;4100;VEV_6500;0;12;;;;;1;12;;;;;0.5;0.0
-1;4200;ASH_COATED_OSMIUM;9992;11;9990;29;;;10011;29;;;;;10001.5;0.0
-1;4200;HYDROGEL_PACK;9976;14;9973;24;;;9992;14;9994;24;;;9984.0;0.0
-1;4200;INTARIAN_PEPPER_ROOT;13094;23;;;;;13111;12;13115;23;;;13102.5;0.0
-1;4200;VELVETFRUIT_EXTRACT;5250;58;;;;;5256;74;;;;;5253.0;0.0
-1;4200;VEV_4000;1256;7;1253;25;;;1277;7;1280;25;;;1266.5;0.0
-1;4200;VEV_4500;764;8;762;17;;;780;8;781;18;783;17;772.0;0.0
-1;4200;VEV_5000;254;20;253;12;;;260;24;;;;;257.0;0.0
-1;4200;VEV_5100;165;8;164;25;;;169;27;170;22;;;167.0;0.0
-1;4200;VEV_5200;103;12;102;20;;;105;9;;;;;104.0;0.0
-1;4200;VEV_5300;46;21;45;10;;;48;21;;;;;47.0;0.0
-1;4200;VEV_5400;16;24;;;;;18;17;;;;;17.0;0.0
-1;4200;VEV_5500;6;16;;;;;7;24;;;;;6.5;0.0
-1;4200;VEV_6000;0;28;;;;;1;28;;;;;0.5;0.0
-1;4200;VEV_6500;0;25;;;;;1;25;;;;;0.5;0.0
-1;4300;ASH_COATED_OSMIUM;9992;11;;;;;10011;25;;;;;10001.5;0.0
-1;4300;HYDROGEL_PACK;9976;10;9974;23;;;9992;10;9995;23;;;9984.0;0.0
-1;4300;INTARIAN_PEPPER_ROOT;13097;8;13094;23;;;13111;8;13115;23;;;13104.0;0.0
-1;4300;VELVETFRUIT_EXTRACT;5250;60;;;;;5255;18;5256;30;;;5252.5;0.0
-1;4300;VEV_4000;1257;11;1254;21;;;1278;11;1281;21;;;1267.5;0.0
-1;4300;VEV_4500;764;8;762;19;;;780;8;782;19;;;772.0;0.0
-1;4300;VEV_5000;253;9;252;15;;;259;6;;;;;256.0;0.0
-1;4300;VEV_5100;164;13;;;;;;;;;;;164.0;0.0
-1;4300;VEV_5200;103;31;;;;;106;23;107;27;;;104.5;0.0
-1;4300;VEV_5300;;;;;;;49;25;50;19;;;49.0;0.0
-1;4300;VEV_5400;;;;;;;18;24;;;;;18.0;0.0
-1;4300;VEV_5500;6;5;;;;;7;21;;;;;6.5;0.0
-1;4300;VEV_6000;0;17;;;;;1;17;;;;;0.5;0.0
-1;4300;VEV_6500;0;16;;;;;1;16;;;;;0.5;0.0
-1;4400;ASH_COATED_OSMIUM;9993;15;;;;;10009;15;10011;24;;;10001.0;0.0
-1;4400;HYDROGEL_PACK;9977;14;9975;21;;;9993;14;9996;21;;;9985.0;0.0
-1;4400;INTARIAN_PEPPER_ROOT;13097;12;13094;21;;;13111;12;13115;21;;;13104.0;0.0
-1;4400;VELVETFRUIT_EXTRACT;5252;23;5251;39;5251;40;5257;50;;;;;5254.5;0.0
-1;4400;VEV_4000;1257;8;1255;19;;;1278;8;1281;19;;;1267.5;0.0
-1;4400;VEV_4500;764;6;762;17;;;780;6;783;17;;;772.0;0.0
-1;4400;VEV_5000;254;7;;;;;260;6;;;;;257.0;0.0
-1;4400;VEV_5100;;;;;;;;;;;;;0.0;0.0
-1;4400;VEV_5200;101;20;;;;;104;28;105;35;;;102.5;0.0
-1;4400;VEV_5300;47;20;;;;;49;20;;;;;48.0;0.0
-1;4400;VEV_5400;17;25;;;;;18;27;;;;;17.5;0.0
-1;4400;VEV_5500;6;25;;;;;7;25;;;;;6.5;0.0
-1;4400;VEV_6000;0;25;;;;;1;25;;;;;0.5;0.0
-1;4400;VEV_6500;0;18;;;;;1;18;;;;;0.5;0.0
-1;4500;ASH_COATED_OSMIUM;9990;22;;;;;10009;15;10011;22;;;9999.5;0.0
-1;4500;HYDROGEL_PACK;9979;12;9976;28;;;9995;12;9997;28;;;9987.0;0.0
-1;4500;INTARIAN_PEPPER_ROOT;13097;10;13094;19;;;13112;10;13115;19;;;13104.5;0.0
-1;4500;VELVETFRUIT_EXTRACT;5249;60;;;;;5255;70;5256;31;;;5252.0;0.0
-1;4500;VEV_4000;1257;15;1255;16;;;1278;15;1281;16;;;1267.5;0.0
-1;4500;VEV_4500;764;8;762;16;;;780;8;781;20;782;16;772.0;0.0
-1;4500;VEV_5000;252;10;251;15;;;258;6;259;12;;;255.0;0.0
-1;4500;VEV_5100;166;31;;;;;171;22;;;;;168.5;0.0
-1;4500;VEV_5200;103;28;;;;;;;;;;;103.0;0.0
-1;4500;VEV_5300;47;20;46;15;;;49;19;;;;;48.0;0.0
-1;4500;VEV_5400;17;19;17;24;;;;;;;;;17.0;0.0
-1;4500;VEV_5500;6;20;;;;;7;25;;;;;6.5;0.0
-1;4500;VEV_6000;0;25;;;;;1;25;;;;;0.5;0.0
-1;4500;VEV_6500;0;10;;;;;1;10;;;;;0.5;0.0
-1;4600;ASH_COATED_OSMIUM;9993;15;9990;27;;;10009;15;10011;27;;;10001.0;0.0
-1;4600;HYDROGEL_PACK;9984;12;9982;23;;;10000;12;10003;23;;;9992.0;0.0
-1;4600;INTARIAN_PEPPER_ROOT;13094;21;;;;;13112;8;13115;21;;;13103.0;0.0
-1;4600;VELVETFRUIT_EXTRACT;5249;48;;;;;5254;20;5255;42;;;5251.5;0.0
-1;4600;VEV_4000;1257;15;1254;15;;;1278;15;1281;15;;;1267.5;0.0
-1;4600;VEV_4500;763;8;761;20;;;779;8;781;20;;;771.0;0.0
-1;4600;VEV_5000;253;7;252;14;;;259;8;260;20;;;256.0;0.0
-1;4600;VEV_5100;168;12;167;20;;;173;18;;;;;170.5;0.0
-1;4600;VEV_5200;;;;;;;104;31;;;;;104.0;0.0
-1;4600;VEV_5300;47;25;;;;;;;;;;;47.0;0.0
-1;4600;VEV_5400;;;;;;;18;29;;;;;18.0;0.0
-1;4600;VEV_5500;6;23;;;;;7;22;;;;;6.5;0.0
-1;4600;VEV_6000;0;22;;;;;1;22;;;;;0.5;0.0
-1;4600;VEV_6500;0;18;;;;;1;18;;;;;0.5;0.0
-1;4700;ASH_COATED_OSMIUM;9993;11;9990;26;;;10011;26;;;;;10002.0;0.0
-1;4700;HYDROGEL_PACK;9983;12;9980;27;;;9999;12;10001;27;;;9991.0;0.0
-1;4700;INTARIAN_PEPPER_ROOT;13094;19;;;;;13112;10;;;;;13103.0;0.0
-1;4700;VELVETFRUIT_EXTRACT;5249;56;;;;;5254;21;5255;44;;;5251.5;0.0
-1;4700;VEV_4000;1256;7;1254;30;;;1277;7;1280;30;;;1266.5;0.0
-1;4700;VEV_4500;760;20;;;;;778;8;780;20;;;769.0;0.0
-1;4700;VEV_5000;252;22;;;;;259;9;260;16;;;255.5;0.0
-1;4700;VEV_5100;167;22;;;;;172;12;173;32;;;169.5;0.0
-1;4700;VEV_5200;102;32;;;;;106;25;;;;;104.0;0.0
-1;4700;VEV_5300;48;17;;;;;50;22;;;;;49.0;0.0
-1;4700;VEV_5400;;;;;;;19;21;;;;;19.0;0.0
-1;4700;VEV_5500;6;18;;;;;7;20;;;;;6.5;0.0
-1;4700;VEV_6000;0;20;;;;;1;20;;;;;0.5;0.0
-1;4700;VEV_6500;0;14;;;;;1;14;;;;;0.5;0.0
-1;4800;ASH_COATED_OSMIUM;9993;13;9990;20;;;10009;13;10011;20;;;10001.0;0.0
-1;4800;HYDROGEL_PACK;9982;15;9980;29;;;9998;15;10001;29;;;9990.0;0.0
-1;4800;INTARIAN_PEPPER_ROOT;13098;8;;;;;13112;8;13115;19;;;13105.0;0.0
-1;4800;VELVETFRUIT_EXTRACT;5249;39;;;;;5255;45;;;;;5252.0;0.0
-1;4800;VEV_4000;1257;12;1255;21;;;1279;12;1281;21;;;1268.0;0.0
-1;4800;VEV_4500;761;12;759;21;;;779;21;;;;;770.0;0.0
-1;4800;VEV_5000;253;11;252;13;;;259;7;260;12;;;256.0;0.0
-1;4800;VEV_5100;167;23;;;;;;;;;;;167.0;0.0
-1;4800;VEV_5200;103;6;;;;;;;;;;;103.0;0.0
-1;4800;VEV_5300;48;20;;;;;50;18;;;;;49.0;0.0
-1;4800;VEV_5400;17;21;17;23;;;19;26;;;;;18.0;0.0
-1;4800;VEV_5500;6;16;;;;;7;26;;;;;6.5;0.0
-1;4800;VEV_6000;0;17;;;;;1;17;;;;;0.5;0.0
-1;4800;VEV_6500;0;16;;;;;1;16;;;;;0.5;0.0
-1;4900;ASH_COATED_OSMIUM;9993;11;9990;28;;;10011;28;;;;;10002.0;0.0
-1;4900;HYDROGEL_PACK;9981;10;9979;23;;;9997;10;10000;23;;;9989.0;0.0
-1;4900;INTARIAN_PEPPER_ROOT;13098;10;13095;23;;;;;;;;;13098.0;0.0
-1;4900;VELVETFRUIT_EXTRACT;5248;45;;;;;5254;70;;;;;5251.0;0.0
-1;4900;VEV_4000;1259;13;1256;27;;;1280;13;1283;27;;;1269.5;0.0
-1;4900;VEV_4500;762;7;761;18;760;16;778;7;780;16;;;770.0;0.0
-1;4900;VEV_5000;252;8;251;18;;;258;12;;;;;255.0;0.0
-1;4900;VEV_5100;168;25;167;32;;;172;10;;;;;170.0;0.0
-1;4900;VEV_5200;102;35;101;23;;;104;7;105;32;;;103.0;0.0
-1;4900;VEV_5300;47;26;;;;;49;25;;;;;48.0;0.0
-1;4900;VEV_5400;17;20;;;;;19;12;;;;;18.0;0.0
-1;4900;VEV_5500;6;27;;;;;7;25;;;;;6.5;0.0
-1;4900;VEV_6000;0;23;;;;;1;23;;;;;0.5;0.0
-1;4900;VEV_6500;0;18;;;;;1;18;;;;;0.5;0.0
-1;5000;ASH_COATED_OSMIUM;9993;15;9991;28;;;10009;15;10012;28;;;10001.0;0.0
-1;5000;HYDROGEL_PACK;9983;10;9980;22;;;9999;10;10001;22;;;9991.0;0.0
-1;5000;INTARIAN_PEPPER_ROOT;13095;20;;;;;13112;10;;;;;13103.5;0.0
-1;5000;VELVETFRUIT_EXTRACT;5250;74;;;;;5256;50;5257;33;;;5253.0;0.0
-1;5000;VEV_4000;1260;8;1257;30;;;1281;8;1283;30;;;1270.5;0.0
-1;5000;VEV_4500;762;8;761;8;760;23;778;8;781;23;;;770.0;0.0
-1;5000;VEV_5000;252;18;;;;;259;11;260;16;;;255.5;0.0
-1;5000;VEV_5100;167;24;;;;;172;23;173;25;;;169.5;0.0
-1;5000;VEV_5200;101;33;100;20;;;103;6;104;22;;;102.0;0.0
-1;5000;VEV_5300;47;20;;;;;49;20;;;;;48.0;0.0
-1;5000;VEV_5400;;;;;;;19;15;;;;;19.0;0.0
-1;5000;VEV_5500;6;25;;;;;7;21;;;;;6.5;0.0
-1;5000;VEV_6000;0;18;;;;;1;18;;;;;0.5;0.0
-1;5000;VEV_6500;0;17;;;;;1;17;;;;;0.5;0.0
-1;5100;ASH_COATED_OSMIUM;9990;26;;;;;10009;13;;;;;9999.5;0.0
-1;5100;HYDROGEL_PACK;9980;11;9977;28;;;9996;11;9998;28;;;9988.0;0.0
-1;5100;INTARIAN_PEPPER_ROOT;13095;25;;;;;13112;10;;;;;13103.5;0.0
-1;5100;VELVETFRUIT_EXTRACT;5250;21;;;;;5256;70;;;;;5253.0;0.0
-1;5100;VEV_4000;1258;12;1256;24;;;1280;12;1282;24;;;1269.0;0.0
-1;5100;VEV_4500;761;9;759;16;;;779;16;;;;;770.0;0.0
-1;5100;VEV_5000;253;7;252;21;;;259;12;260;15;;;256.0;0.0
-1;5100;VEV_5100;167;25;;;;;171;12;172;13;;;169.0;0.0
-1;5100;VEV_5200;101;26;100;30;;;103;7;104;28;;;102.0;0.0
-1;5100;VEV_5300;47;10;;;;;49;21;;;;;48.0;0.0
-1;5100;VEV_5400;;;;;;;19;25;;;;;19.0;0.0
-1;5100;VEV_5500;6;28;;;;;7;18;;;;;6.5;0.0
-1;5100;VEV_6000;0;23;;;;;1;23;;;;;0.5;0.0
-1;5100;VEV_6500;0;21;;;;;1;21;;;;;0.5;0.0
-1;5200;ASH_COATED_OSMIUM;9992;14;9990;28;;;10008;14;10011;28;;;10000.0;0.0
-1;5200;HYDROGEL_PACK;9978;14;9976;25;;;9994;14;9997;25;;;9986.0;0.0
-1;5200;INTARIAN_PEPPER_ROOT;13098;12;13095;21;;;13116;21;;;;;13107.0;0.0
-1;5200;VELVETFRUIT_EXTRACT;5248;21;5247;54;;;5253;16;;;;;5250.5;0.0
-1;5200;VEV_4000;1259;9;1256;16;;;1280;9;1283;16;;;1269.5;0.0
-1;5200;VEV_4500;761;8;759;12;;;777;8;779;12;;;769.0;0.0
-1;5200;VEV_5000;253;17;;;;;260;26;;;;;256.5;0.0
-1;5200;VEV_5100;166;9;165;16;;;170;11;;;;;168.0;0.0
-1;5200;VEV_5200;101;22;100;31;;;104;17;;;;;102.5;0.0
-1;5200;VEV_5300;48;19;;;;;50;15;50;28;;;49.0;0.0
-1;5200;VEV_5400;17;29;;;;;18;23;19;15;;;17.5;0.0
-1;5200;VEV_5500;6;19;;;;;7;17;;;;;6.5;0.0
-1;5200;VEV_6000;0;21;;;;;1;21;;;;;0.5;0.0
-1;5200;VEV_6500;0;11;;;;;1;11;;;;;0.5;0.0
-1;5300;ASH_COATED_OSMIUM;9991;27;;;;;10009;15;10012;27;;;10000.0;0.0
-1;5300;HYDROGEL_PACK;9979;11;9977;22;;;9995;11;9998;22;;;9987.0;0.0
-1;5300;INTARIAN_PEPPER_ROOT;13095;25;;;;;13112;11;13116;25;;;13103.5;0.0
-1;5300;VELVETFRUIT_EXTRACT;5247;48;;;;;5253;53;;;;;5250.0;0.0
-1;5300;VEV_4000;1259;10;1256;15;;;1280;10;1283;15;;;1269.5;0.0
-1;5300;VEV_4500;760;12;758;23;;;776;12;777;6;778;23;768.0;0.0
-1;5300;VEV_5000;254;7;;;;;260;8;261;24;;;257.0;0.0
-1;5300;VEV_5100;166;8;165;18;;;170;9;171;30;;;168.0;0.0
-1;5300;VEV_5200;99;27;;;;;;;;;;;99.0;0.0
-1;5300;VEV_5300;48;19;;;;;50;19;;;;;49.0;0.0
-1;5300;VEV_5400;16;22;;;;;18;20;;;;;17.0;0.0
-1;5300;VEV_5500;6;23;;;;;7;17;;;;;6.5;0.0
-1;5300;VEV_6000;0;27;;;;;1;27;;;;;0.5;0.0
-1;5300;VEV_6500;0;16;;;;;1;16;;;;;0.5;0.0
-1;5400;ASH_COATED_OSMIUM;9993;13;9991;22;;;10009;13;;;;;10001.0;0.0
-1;5400;HYDROGEL_PACK;9981;10;9979;24;;;9997;10;10000;24;;;9989.0;0.0
-1;5400;INTARIAN_PEPPER_ROOT;13098;12;13095;23;;;;;;;;;13098.0;0.0
-1;5400;VELVETFRUIT_EXTRACT;5247;20;5246;35;;;5252;25;5253;36;;;5249.5;0.0
-1;5400;VEV_4000;1259;10;1256;16;;;1280;10;1282;16;;;1269.5;0.0
-1;5400;VEV_4500;760;9;759;6;;;776;9;778;15;;;768.0;0.0
-1;5400;VEV_5000;253;29;252;18;;;260;17;;;;;256.5;0.0
-1;5400;VEV_5100;166;25;165;12;;;170;30;171;16;;;168.0;0.0
-1;5400;VEV_5200;101;25;100;18;;;104;14;;;;;102.5;0.0
-1;5400;VEV_5300;48;24;;;;;50;20;;;;;49.0;0.0
-1;5400;VEV_5400;;;;;;;18;22;;;;;18.0;0.0
-1;5400;VEV_5500;6;21;;;;;7;29;;;;;6.5;0.0
-1;5400;VEV_6000;0;24;;;;;1;24;;;;;0.5;0.0
-1;5400;VEV_6500;0;20;;;;;1;20;;;;;0.5;0.0
-1;5500;ASH_COATED_OSMIUM;;;;;;;10009;14;10012;29;;;10009.0;0.0
-1;5500;HYDROGEL_PACK;9979;14;9976;25;;;9995;14;9997;25;;;9987.0;0.0
-1;5500;INTARIAN_PEPPER_ROOT;13098;8;;;;;13113;8;13116;24;;;13105.5;0.0
-1;5500;VELVETFRUIT_EXTRACT;5246;52;;;;;5252;49;;;;;5249.0;0.0
-1;5500;VEV_4000;1258;7;1256;30;;;1280;7;1282;30;;;1269.0;0.0
-1;5500;VEV_4500;759;12;757;19;;;775;12;776;6;777;19;767.0;0.0
-1;5500;VEV_5000;254;9;;;;;260;8;261;15;;;257.0;0.0
-1;5500;VEV_5100;165;10;164;18;;;169;10;170;12;;;167.0;0.0
-1;5500;VEV_5200;101;12;100;35;;;103;8;104;32;;;102.0;0.0
-1;5500;VEV_5300;48;8;47;29;;;;;;;;;48.0;0.0
-1;5500;VEV_5400;17;21;16;23;;;18;19;;;;;17.5;0.0
-1;5500;VEV_5500;6;24;;;;;7;28;;;;;6.5;0.0
-1;5500;VEV_6000;0;22;;;;;1;22;;;;;0.5;0.0
-1;5500;VEV_6500;0;18;;;;;1;18;;;;;0.5;0.0
-1;5600;ASH_COATED_OSMIUM;9994;11;9991;21;;;10010;11;10012;21;;;10002.0;0.0
-1;5600;HYDROGEL_PACK;9979;10;9977;25;;;9995;10;9998;25;;;9987.0;0.0
-1;5600;INTARIAN_PEPPER_ROOT;13099;10;13095;20;;;13116;20;;;;;13107.5;0.0
-1;5600;VELVETFRUIT_EXTRACT;5246;49;5246;25;;;5251;25;5252;25;;;5248.5;0.0
-1;5600;VEV_4000;1259;15;1256;28;;;1280;15;1282;28;;;1269.5;0.0
-1;5600;VEV_4500;758;6;756;24;;;774;6;776;24;;;766.0;0.0
-1;5600;VEV_5000;253;31;252;12;;;260;14;;;;;256.5;0.0
-1;5600;VEV_5100;166;10;;;;;171;14;;;;;168.5;0.0
-1;5600;VEV_5200;101;25;100;30;;;103;21;104;16;;;102.0;0.0
-1;5600;VEV_5300;48;26;47;13;;;50;21;;;;;49.0;0.0
-1;5600;VEV_5400;16;18;16;19;;;17;7;18;22;;;16.5;0.0
-1;5600;VEV_5500;6;24;;;;;7;19;;;;;6.5;0.0
-1;5600;VEV_6000;0;23;;;;;1;23;;;;;0.5;0.0
-1;5600;VEV_6500;0;16;;;;;1;16;;;;;0.5;0.0
-1;5700;ASH_COATED_OSMIUM;9994;13;;;;;10010;13;10013;27;;;10002.0;0.0
-1;5700;HYDROGEL_PACK;9980;13;9977;21;;;9996;13;9998;21;;;9988.0;0.0
-1;5700;INTARIAN_PEPPER_ROOT;13099;12;13095;22;;;13113;12;13116;22;;;13106.0;0.0
-1;5700;VELVETFRUIT_EXTRACT;5247;45;;;;;5253;20;;;;;5250.0;0.0
-1;5700;VEV_4000;1256;13;1254;19;;;1278;13;1280;19;;;1267.0;0.0
-1;5700;VEV_4500;758;12;756;15;;;774;12;775;8;776;15;766.0;0.0
-1;5700;VEV_5000;253;12;252;20;;;259;12;260;17;;;256.0;0.0
-1;5700;VEV_5100;167;21;;;;;171;11;172;21;;;169.0;0.0
-1;5700;VEV_5200;100;14;;;;;104;20;;;;;102.0;0.0
-1;5700;VEV_5300;49;17;;;;;51;20;;;;;50.0;0.0
-1;5700;VEV_5400;16;21;;;;;18;27;;;;;17.0;0.0
-1;5700;VEV_5500;6;19;;;;;7;30;;;;;6.5;0.0
-1;5700;VEV_6000;0;21;;;;;1;21;;;;;0.5;0.0
-1;5700;VEV_6500;0;11;;;;;1;11;;;;;0.5;0.0
-1;5800;ASH_COATED_OSMIUM;9992;24;;;;;10010;15;10013;24;;;10001.0;0.0
-1;5800;HYDROGEL_PACK;9978;12;9975;25;;;9994;12;9996;25;;;9986.0;0.0
-1;5800;INTARIAN_PEPPER_ROOT;13103;11;13099;10;13095;22;13113;10;13116;22;;;13108.0;0.0
-1;5800;VELVETFRUIT_EXTRACT;5248;44;5248;47;;;5254;20;5255;44;;;5251.0;0.0
-1;5800;VEV_4000;1256;11;1253;21;;;1277;11;1279;21;;;1266.5;0.0
-1;5800;VEV_4500;755;17;;;;;773;11;775;17;;;764.0;0.0
-1;5800;VEV_5000;253;15;;;;;260;6;261;19;;;256.5;0.0
-1;5800;VEV_5100;167;20;166;18;;;172;32;;;;;169.5;0.0
-1;5800;VEV_5200;100;33;;;;;102;28;103;30;;;101.0;0.0
-1;5800;VEV_5300;48;29;;;;;50;17;51;25;;;49.0;0.0
-1;5800;VEV_5400;15;16;;;;;17;16;;;;;16.0;0.0
-1;5800;VEV_5500;6;24;;;;;7;20;;;;;6.5;0.0
-1;5800;VEV_6000;0;23;;;;;1;23;;;;;0.5;0.0
-1;5800;VEV_6500;0;14;;;;;1;14;;;;;0.5;0.0
-1;5900;ASH_COATED_OSMIUM;9994;10;9991;28;;;10010;10;10012;28;;;10002.0;0.0
-1;5900;HYDROGEL_PACK;9977;14;9975;30;;;9993;14;9996;30;;;9985.0;0.0
-1;5900;INTARIAN_PEPPER_ROOT;13099;10;13096;25;;;13113;10;;;;;13106.0;0.0
-1;5900;VELVETFRUIT_EXTRACT;5248;21;5247;53;;;5253;59;;;;;5250.5;0.0
-1;5900;VEV_4000;1256;14;1253;22;;;1277;14;1279;22;;;1266.5;0.0
-1;5900;VEV_4500;755;10;753;17;;;771;10;773;17;;;763.0;0.0
-1;5900;VEV_5000;253;20;;;;;260;10;;;;;256.5;0.0
-1;5900;VEV_5100;165;17;;;;;170;7;;;;;167.5;0.0
-1;5900;VEV_5200;100;10;99;21;;;102;20;103;22;;;101.0;0.0
-1;5900;VEV_5300;48;16;;;;;50;24;;;;;49.0;0.0
-1;5900;VEV_5400;16;20;;;;;18;26;;;;;17.0;0.0
-1;5900;VEV_5500;6;24;;;;;7;13;;;;;6.5;0.0
-1;5900;VEV_6000;0;24;;;;;1;24;;;;;0.5;0.0
-1;5900;VEV_6500;0;12;;;;;1;12;;;;;0.5;0.0
-1;6000;ASH_COATED_OSMIUM;9994;10;9992;25;;;10010;10;10013;25;;;10002.0;0.0
-1;6000;HYDROGEL_PACK;9976;11;9974;23;;;9992;11;9995;23;;;9984.0;0.0
-1;6000;INTARIAN_PEPPER_ROOT;13099;8;;;;;13113;8;13116;16;;;13106.0;0.0
-1;6000;VELVETFRUIT_EXTRACT;5248;62;;;;;5254;25;;;;;5251.0;0.0
-1;6000;VEV_4000;1255;7;1253;21;;;1276;7;1279;21;;;1265.5;0.0
-1;6000;VEV_4500;752;13;;;;;770;9;772;13;;;761.0;0.0
-1;6000;VEV_5000;254;25;;;;;260;6;;;;;257.0;0.0
-1;6000;VEV_5100;166;12;165;23;;;170;22;171;30;;;168.0;0.0
-1;6000;VEV_5200;98;24;;;;;101;25;102;25;;;99.5;0.0
-1;6000;VEV_5300;;;;;;;51;10;51;29;;;51.0;0.0
-1;6000;VEV_5400;;;;;;;18;19;;;;;18.0;0.0
-1;6000;VEV_5500;6;20;;;;;7;26;;;;;6.5;0.0
-1;6000;VEV_6000;0;25;;;;;1;25;;;;;0.5;0.0
-1;6000;VEV_6500;0;19;;;;;1;19;;;;;0.5;0.0
-1;6100;ASH_COATED_OSMIUM;9994;13;9991;24;;;10003;1;10010;13;10012;24;9998.5;0.0
-1;6100;HYDROGEL_PACK;9979;11;9976;29;;;9995;11;9997;29;;;9987.0;0.0
-1;6100;INTARIAN_PEPPER_ROOT;13099;11;13096;19;;;13113;11;13116;19;;;13106.0;0.0
-1;6100;VELVETFRUIT_EXTRACT;5248;65;;;;;5254;31;;;;;5251.0;0.0
-1;6100;VEV_4000;1256;8;1254;18;;;1278;8;1280;18;;;1267.0;0.0
-1;6100;VEV_4500;754;9;753;11;752;12;772;12;;;;;763.0;0.0
-1;6100;VEV_5000;253;29;252;13;;;259;7;260;25;;;256.0;0.0
-1;6100;VEV_5100;166;7;;;;;170;30;;;;;168.0;0.0
-1;6100;VEV_5200;100;11;99;24;;;103;15;;;;;101.5;0.0
-1;6100;VEV_5300;49;21;;;;;51;25;;;;;50.0;0.0
-1;6100;VEV_5400;17;27;;;;;19;27;;;;;18.0;0.0
-1;6100;VEV_5500;6;20;;;;;7;20;;;;;6.5;0.0
-1;6100;VEV_6000;0;26;;;;;1;26;;;;;0.5;0.0
-1;6100;VEV_6500;0;18;;;;;1;18;;;;;0.5;0.0
-1;6200;ASH_COATED_OSMIUM;9991;30;;;;;10010;15;10012;30;;;10000.5;0.0
-1;6200;HYDROGEL_PACK;9979;11;9976;28;;;9995;11;9997;28;;;9987.0;0.0
-1;6200;INTARIAN_PEPPER_ROOT;13099;9;;;;;13113;9;13117;15;;;13106.0;0.0
-1;6200;VELVETFRUIT_EXTRACT;5247;48;;;;;5253;45;;;;;5250.0;0.0
-1;6200;VEV_4000;1255;15;1253;21;;;1276;15;1279;21;;;1265.5;0.0
-1;6200;VEV_4500;755;7;753;22;;;773;22;;;;;764.0;0.0
-1;6200;VEV_5000;255;8;;;;;262;21;;;;;258.5;0.0
-1;6200;VEV_5100;167;10;;;;;171;11;172;18;;;169.0;0.0
-1;6200;VEV_5200;100;8;;;;;;;;;;;100.0;0.0
-1;6200;VEV_5300;49;18;;;;;52;11;52;26;;;50.5;0.0
-1;6200;VEV_5400;16;24;;;;;;;;;;;16.0;0.0
-1;6200;VEV_5500;6;16;;;;;7;21;;;;;6.5;0.0
-1;6200;VEV_6000;0;24;;;;;1;24;;;;;0.5;0.0
-1;6200;VEV_6500;0;18;;;;;1;18;;;;;0.5;0.0
-1;6300;ASH_COATED_OSMIUM;9994;12;9992;28;;;10013;28;;;;;10003.5;0.0
-1;6300;HYDROGEL_PACK;9978;10;9976;20;;;9994;10;9997;20;;;9986.0;0.0
-1;6300;INTARIAN_PEPPER_ROOT;13099;9;13096;20;;;13113;9;13117;20;;;13106.0;0.0
-1;6300;VELVETFRUIT_EXTRACT;5246;24;;;;;5252;34;;;;;5249.0;0.0
-1;6300;VEV_4000;1254;8;1252;26;;;1276;8;1278;26;;;1265.0;0.0
-1;6300;VEV_4500;755;11;753;17;;;771;11;773;17;;;763.0;0.0
-1;6300;VEV_5000;255;9;254;13;;;;;;;;;255.0;0.0
-1;6300;VEV_5100;166;23;;;;;171;12;;;;;168.5;0.0
-1;6300;VEV_5200;100;8;99;12;;;103;26;;;;;101.5;0.0
-1;6300;VEV_5300;50;26;49;20;;;52;28;;;;;51.0;0.0
-1;6300;VEV_5400;16;24;;;;;18;18;;;;;17.0;0.0
-1;6300;VEV_5500;6;20;;;;;7;24;;;;;6.5;0.0
-1;6300;VEV_6000;0;23;;;;;1;23;;;;;0.5;0.0
-1;6300;VEV_6500;0;15;;;;;1;15;;;;;0.5;0.0
-1;6400;ASH_COATED_OSMIUM;9993;14;;;;;10012;21;;;;;10002.5;0.0
-1;6400;HYDROGEL_PACK;9975;14;9973;28;;;9991;14;9994;28;;;9983.0;0.0
-1;6400;INTARIAN_PEPPER_ROOT;13099;12;13096;23;;;13113;12;13117;23;;;13106.0;0.0
-1;6400;VELVETFRUIT_EXTRACT;5246;15;5245;30;;;5250;15;5251;47;;;5248.0;0.0
-1;6400;VEV_4000;1253;15;1251;30;;;1274;15;1277;30;;;1263.5;0.0
-1;6400;VEV_4500;755;6;;;;;771;6;;;;;763.0;0.0
-1;6400;VEV_5000;255;31;254;22;;;262;24;;;;;258.5;0.0
-1;6400;VEV_5100;166;11;165;23;;;171;24;;;;;168.5;0.0
-1;6400;VEV_5200;99;19;;;;;;;;;;;99.0;0.0
-1;6400;VEV_5300;50;9;;;;;52;26;52;19;;;51.0;0.0
-1;6400;VEV_5400;;;;;;;18;27;;;;;18.0;0.0
-1;6400;VEV_5500;6;23;;;;;7;24;;;;;6.5;0.0
-1;6400;VEV_6000;0;20;;;;;1;20;;;;;0.5;0.0
-1;6400;VEV_6500;0;15;;;;;1;15;;;;;0.5;0.0
-1;6500;ASH_COATED_OSMIUM;9994;13;9992;21;;;10013;21;;;;;10003.5;0.0
-1;6500;HYDROGEL_PACK;9976;10;9974;22;;;9992;10;9995;22;;;9984.0;0.0
-1;6500;INTARIAN_PEPPER_ROOT;13099;12;13096;23;;;13114;12;13117;23;;;13106.5;0.0
-1;6500;VELVETFRUIT_EXTRACT;5245;16;5244;48;;;5250;69;;;;;5247.5;0.0
-1;6500;VEV_4000;1254;9;1251;22;;;1275;9;1277;22;;;1264.5;0.0
-1;6500;VEV_4500;754;12;752;14;;;770;12;772;14;;;762.0;0.0
-1;6500;VEV_5000;256;12;;;;;262;8;;;;;259.0;0.0
-1;6500;VEV_5100;165;6;;;;;169;27;170;17;;;167.0;0.0
-1;6500;VEV_5200;100;14;;;;;;;;;;;100.0;0.0
-1;6500;VEV_5300;49;16;48;20;;;51;23;;;;;50.0;0.0
-1;6500;VEV_5400;;;;;;;;;;;;;0.0;0.0
-1;6500;VEV_5500;6;22;;;;;7;21;;;;;6.5;0.0
-1;6500;VEV_6000;0;26;;;;;1;26;;;;;0.5;0.0
-1;6500;VEV_6500;0;20;;;;;1;20;;;;;0.5;0.0
-1;6600;ASH_COATED_OSMIUM;9992;24;;;;;10010;14;;;;;10001.0;0.0
-1;6600;HYDROGEL_PACK;9980;12;9977;30;;;9996;12;9998;30;;;9988.0;0.0
-1;6600;INTARIAN_PEPPER_ROOT;13100;10;;;;;13114;10;13117;15;;;13107.0;0.0
-1;6600;VELVETFRUIT_EXTRACT;5245;16;5244;45;;;5250;60;;;;;5247.5;0.0
-1;6600;VEV_4000;1253;12;1251;18;;;1275;12;1277;18;;;1264.0;0.0
-1;6600;VEV_4500;754;11;753;6;;;770;11;772;19;;;762.0;0.0
-1;6600;VEV_5000;257;8;;;;;263;10;264;15;;;260.0;0.0
-1;6600;VEV_5100;163;24;162;13;;;167;8;168;24;;;165.0;0.0
-1;6600;VEV_5200;100;27;;;;;103;6;;;;;101.5;0.0
-1;6600;VEV_5300;49;23;;;;;51;21;;;;;50.0;0.0
-1;6600;VEV_5400;17;19;16;27;;;18;28;;;;;17.5;0.0
-1;6600;VEV_5500;6;28;;;;;7;24;;;;;6.5;0.0
-1;6600;VEV_6000;0;26;;;;;1;26;;;;;0.5;0.0
-1;6600;VEV_6500;0;17;;;;;1;17;;;;;0.5;0.0
-1;6700;ASH_COATED_OSMIUM;9994;11;;;;;10013;23;;;;;10003.5;0.0
-1;6700;HYDROGEL_PACK;9981;13;9979;28;;;9997;13;10000;28;;;9989.0;0.0
-1;6700;INTARIAN_PEPPER_ROOT;13100;9;13096;19;;;13114;9;;;;;13107.0;0.0
-1;6700;VELVETFRUIT_EXTRACT;5245;64;5245;18;;;5250;18;5251;49;;;5247.5;0.0
-1;6700;VEV_4000;1254;13;1251;29;;;1275;13;1278;29;;;1264.5;0.0
-1;6700;VEV_4500;755;10;753;21;;;771;10;773;21;;;763.0;0.0
-1;6700;VEV_5000;255;36;254;15;;;261;12;262;18;;;258.0;0.0
-1;6700;VEV_5100;163;9;162;20;;;167;9;;;;;165.0;0.0
-1;6700;VEV_5200;100;22;99;33;;;102;22;103;14;;;101.0;0.0
-1;6700;VEV_5300;49;24;48;17;;;51;19;;;;;50.0;0.0
-1;6700;VEV_5400;17;24;17;29;;;19;24;;;;;18.0;0.0
-1;6700;VEV_5500;6;23;;;;;7;22;;;;;6.5;0.0
-1;6700;VEV_6000;0;24;;;;;1;24;;;;;0.5;0.0
-1;6700;VEV_6500;0;11;;;;;1;11;;;;;0.5;0.0
-1;6800;ASH_COATED_OSMIUM;9995;10;;;;;10011;10;10013;21;;;10003.0;0.0
-1;6800;HYDROGEL_PACK;9981;13;9979;28;;;9997;13;10000;28;;;9989.0;0.0
-1;6800;INTARIAN_PEPPER_ROOT;13100;12;13096;17;;;13114;12;13117;17;;;13107.0;0.0
-1;6800;VELVETFRUIT_EXTRACT;5244;15;5243;42;5243;67;5248;15;5249;50;;;5246.0;0.0
-1;6800;VEV_4000;1253;14;1251;23;;;1274;14;1277;23;;;1263.5;0.0
-1;6800;VEV_4500;753;12;;;;;771;11;772;24;773;12;762.0;0.0
-1;6800;VEV_5000;258;12;257;28;;;264;8;;;;;261.0;0.0
-1;6800;VEV_5100;164;27;163;22;;;168;25;169;24;;;166.0;0.0
-1;6800;VEV_5200;100;26;;;;;102;8;;;;;101.0;0.0
-1;6800;VEV_5300;49;24;;;;;51;21;;;;;50.0;0.0
-1;6800;VEV_5400;17;24;;;;;19;16;;;;;18.0;0.0
-1;6800;VEV_5500;6;20;;;;;7;19;;;;;6.5;0.0
-1;6800;VEV_6000;0;25;;;;;1;25;;;;;0.5;0.0
-1;6800;VEV_6500;0;18;;;;;1;18;;;;;0.5;0.0
-1;6900;ASH_COATED_OSMIUM;9992;25;;;;;10011;10;10013;25;;;10001.5;0.0
-1;6900;HYDROGEL_PACK;9982;13;9979;23;;;9998;13;10000;23;;;9990.0;0.0
-1;6900;INTARIAN_PEPPER_ROOT;13100;8;;;;;13114;8;;;;;13107.0;0.0
-1;6900;VELVETFRUIT_EXTRACT;5244;59;5244;19;;;5250;75;;;;;5247.0;0.0
-1;6900;VEV_4000;1253;10;1250;26;;;1274;10;1277;26;;;1263.5;0.0
-1;6900;VEV_4500;755;6;753;19;;;771;6;773;19;;;763.0;0.0
-1;6900;VEV_5000;257;7;256;23;;;263;7;264;19;;;260.0;0.0
-1;6900;VEV_5100;164;10;163;33;;;168;8;169;12;;;166.0;0.0
-1;6900;VEV_5200;100;28;99;12;;;102;32;103;23;;;101.0;0.0
-1;6900;VEV_5300;50;22;;;;;52;19;;;;;51.0;0.0
-1;6900;VEV_5400;;;;;;;18;20;19;16;;;18.0;0.0
-1;6900;VEV_5500;6;25;;;;;7;26;;;;;6.5;0.0
-1;6900;VEV_6000;0;25;;;;;1;25;;;;;0.5;0.0
-1;6900;VEV_6500;0;17;;;;;1;17;;;;;0.5;0.0
-1;7000;ASH_COATED_OSMIUM;9994;13;9992;29;;;;;;;;;9994.0;0.0
-1;7000;HYDROGEL_PACK;9983;14;9980;26;;;9999;14;10001;26;;;9991.0;0.0
-1;7000;INTARIAN_PEPPER_ROOT;13097;20;;;;;13114;12;;;;;13105.5;0.0
-1;7000;VELVETFRUIT_EXTRACT;5245;19;5244;59;;;5250;33;;;;;5247.5;0.0
-1;7000;VEV_4000;1254;12;1251;28;;;1275;12;1278;28;;;1264.5;0.0
-1;7000;VEV_4500;755;6;753;15;;;773;15;;;;;764.0;0.0
-1;7000;VEV_5000;256;7;255;30;;;262;32;;;;;259.0;0.0
-1;7000;VEV_5100;166;30;;;;;170;22;171;20;;;168.0;0.0
-1;7000;VEV_5200;102;29;101;27;;;105;22;;;;;103.5;0.0
-1;7000;VEV_5300;49;18;48;25;;;51;29;;;;;50.0;0.0
-1;7000;VEV_5400;17;23;;;;;;;;;;;17.0;0.0
-1;7000;VEV_5500;6;28;;;;;7;19;;;;;6.5;0.0
-1;7000;VEV_6000;0;13;;;;;1;13;;;;;0.5;0.0
-1;7000;VEV_6500;0;16;;;;;1;16;;;;;0.5;0.0
-1;7100;ASH_COATED_OSMIUM;9994;10;9992;21;;;10013;21;;;;;10003.5;0.0
-1;7100;HYDROGEL_PACK;9982;15;9980;24;;;9998;15;10001;24;;;9990.0;0.0
-1;7100;INTARIAN_PEPPER_ROOT;13100;9;13097;19;;;13117;19;;;;;13108.5;0.0
-1;7100;VELVETFRUIT_EXTRACT;5245;25;5244;32;5244;15;5250;64;;;;;5247.5;0.0
-1;7100;VEV_4000;1254;14;1251;17;;;1275;14;1278;17;;;1264.5;0.0
-1;7100;VEV_4500;753;16;;;;;771;8;773;16;;;762.0;0.0
-1;7100;VEV_5000;254;20;;;;;261;7;262;19;;;257.5;0.0
-1;7100;VEV_5100;164;12;;;;;169;7;;;;;166.5;0.0
-1;7100;VEV_5200;99;22;;;;;102;6;;;;;100.5;0.0
-1;7100;VEV_5300;49;22;;;;;51;27;;;;;50.0;0.0
-1;7100;VEV_5400;17;17;;;;;19;24;;;;;18.0;0.0
-1;7100;VEV_5500;6;21;;;;;7;18;;;;;6.5;0.0
-1;7100;VEV_6000;0;26;;;;;1;26;;;;;0.5;0.0
-1;7100;VEV_6500;0;15;;;;;1;15;;;;;0.5;0.0
-1;7200;ASH_COATED_OSMIUM;10000;5;9994;15;;;10010;15;10013;24;;;10005.0;0.0
-1;7200;HYDROGEL_PACK;9982;11;9980;29;;;9998;11;10001;29;;;9990.0;0.0
-1;7200;INTARIAN_PEPPER_ROOT;13097;24;;;;;13114;8;13118;24;;;13105.5;0.0
-1;7200;VELVETFRUIT_EXTRACT;5244;50;;;;;5250;58;;;;;5247.0;0.0
-1;7200;VEV_4000;1252;15;1250;17;;;1273;15;1276;17;;;1262.5;0.0
-1;7200;VEV_4500;753;7;751;16;;;769;7;771;16;;;761.0;0.0
-1;7200;VEV_5000;252;7;;;;;258;9;259;18;;;255.0;0.0
-1;7200;VEV_5100;165;10;;;;;169;6;170;16;;;167.0;0.0
-1;7200;VEV_5200;101;8;100;17;;;103;22;104;24;;;102.0;0.0
-1;7200;VEV_5300;50;22;;;;;52;19;;;;;51.0;0.0
-1;7200;VEV_5400;17;22;17;29;;;19;23;;;;;18.0;0.0
-1;7200;VEV_5500;6;22;;;;;7;21;;;;;6.5;0.0
-1;7200;VEV_6000;0;27;;;;;1;27;;;;;0.5;0.0
-1;7200;VEV_6500;0;16;;;;;1;16;;;;;0.5;0.0
-1;7300;ASH_COATED_OSMIUM;9994;14;9992;22;;;10010;14;10013;22;;;10002.0;0.0
-1;7300;HYDROGEL_PACK;9985;14;9982;28;;;10001;14;10003;28;;;9993.0;0.0
-1;7300;INTARIAN_PEPPER_ROOT;13100;9;13097;19;;;13114;9;13118;19;;;13107.0;0.0
-1;7300;VELVETFRUIT_EXTRACT;5244;31;5244;61;;;5249;21;5250;60;;;5246.5;0.0
-1;7300;VEV_4000;1252;7;1249;23;;;1273;7;1275;23;;;1262.5;0.0
-1;7300;VEV_4500;753;6;752;7;751;20;769;6;771;20;;;761.0;0.0
-1;7300;VEV_5000;252;7;251;30;;;259;27;;;;;255.5;0.0
-1;7300;VEV_5100;165;26;164;13;;;169;8;170;20;;;167.0;0.0
-1;7300;VEV_5200;100;16;;;;;103;30;104;16;;;101.5;0.0
-1;7300;VEV_5300;49;19;;;;;52;14;;;;;50.5;0.0
-1;7300;VEV_5400;17;16;;;;;18;17;19;17;;;17.5;0.0
-1;7300;VEV_5500;6;18;;;;;7;25;;;;;6.5;0.0
-1;7300;VEV_6000;0;20;;;;;1;20;;;;;0.5;0.0
-1;7300;VEV_6500;0;13;;;;;1;13;;;;;0.5;0.0
-1;7400;ASH_COATED_OSMIUM;9995;10;9992;28;;;10011;10;10013;28;;;10003.0;0.0
-1;7400;HYDROGEL_PACK;9987;10;9985;22;;;10003;10;10006;22;;;9995.0;0.0
-1;7400;INTARIAN_PEPPER_ROOT;13100;9;13097;17;;;;;;;;;13100.0;0.0
-1;7400;VELVETFRUIT_EXTRACT;5243;36;5243;58;;;5249;70;;;;;5246.0;0.0
-1;7400;VEV_4000;1252;8;1249;15;;;1273;8;1276;15;;;1262.5;0.0
-1;7400;VEV_4500;753;9;751;24;;;769;9;771;24;;;761.0;0.0
-1;7400;VEV_5000;252;12;251;28;;;258;8;259;23;;;255.0;0.0
-1;7400;VEV_5100;166;30;165;21;;;170;23;171;13;;;168.0;0.0
-1;7400;VEV_5200;99;29;;;;;;;;;;;99.0;0.0
-1;7400;VEV_5300;49;16;48;25;;;51;21;;;;;50.0;0.0
-1;7400;VEV_5400;17;27;;;;;19;24;;;;;18.0;0.0
-1;7400;VEV_5500;6;20;;;;;7;25;;;;;6.5;0.0
-1;7400;VEV_6000;0;16;;;;;1;16;;;;;0.5;0.0
-1;7400;VEV_6500;0;14;;;;;1;14;;;;;0.5;0.0
-1;7500;ASH_COATED_OSMIUM;9994;14;9991;29;;;10012;29;;;;;10003.0;0.0
-1;7500;HYDROGEL_PACK;9990;15;9987;21;;;10006;15;10008;21;;;9998.0;0.0
-1;7500;INTARIAN_PEPPER_ROOT;13100;8;13097;24;;;13115;8;13118;24;;;13107.5;0.0
-1;7500;VELVETFRUIT_EXTRACT;5244;31;5244;33;;;5250;31;;;;;5247.0;0.0
-1;7500;VEV_4000;1252;9;1249;30;;;1273;9;1275;30;;;1262.5;0.0
-1;7500;VEV_4500;750;12;;;;;;;;;;;750.0;0.0
-1;7500;VEV_5000;251;12;250;14;;;257;8;258;19;;;254.0;0.0
-1;7500;VEV_5100;167;6;;;;;171;6;172;24;;;169.0;0.0
-1;7500;VEV_5200;100;2;99;22;;;102;22;;;;;101.0;0.0
-1;7500;VEV_5300;49;26;;;;;51;22;;;;;50.0;0.0
-1;7500;VEV_5400;16;25;;;;;18;20;;;;;17.0;0.0
-1;7500;VEV_5500;6;19;;;;;7;24;;;;;6.5;0.0
-1;7500;VEV_6000;0;30;;;;;1;30;;;;;0.5;0.0
-1;7500;VEV_6500;0;12;;;;;1;12;;;;;0.5;0.0
-1;7600;ASH_COATED_OSMIUM;9994;14;9991;29;;;10010;14;;;;;10002.0;0.0
-1;7600;HYDROGEL_PACK;9994;13;9991;30;;;10010;13;10012;30;;;10002.0;0.0
-1;7600;INTARIAN_PEPPER_ROOT;13097;16;;;;;13115;11;13118;16;;;13106.0;0.0
-1;7600;VELVETFRUIT_EXTRACT;5244;19;5243;64;;;5249;38;;;;;5246.5;0.0
-1;7600;VEV_4000;1252;11;1249;28;;;1273;11;1276;28;;;1262.5;0.0
-1;7600;VEV_4500;753;10;751;17;;;771;17;;;;;762.0;0.0
-1;7600;VEV_5000;252;8;251;18;;;258;8;259;27;;;255.0;0.0
-1;7600;VEV_5100;167;7;166;27;;;171;6;172;15;;;169.0;0.0
-1;7600;VEV_5200;;;;;;;101;32;;;;;101.0;0.0
-1;7600;VEV_5300;48;22;;;;;51;7;52;24;;;49.5;0.0
-1;7600;VEV_5400;17;27;;;;;19;18;;;;;18.0;0.0
-1;7600;VEV_5500;6;19;;;;;7;23;;;;;6.5;0.0
-1;7600;VEV_6000;0;23;;;;;1;23;;;;;0.5;0.0
-1;7600;VEV_6500;0;19;;;;;1;19;;;;;0.5;0.0
-1;7700;ASH_COATED_OSMIUM;9994;13;;;;;10010;13;;;;;10002.0;0.0
-1;7700;HYDROGEL_PACK;9992;14;9990;28;;;10008;14;10011;28;;;10000.0;0.0
-1;7700;INTARIAN_PEPPER_ROOT;13101;9;13097;19;;;13115;9;13118;19;;;13108.0;0.0
-1;7700;VELVETFRUIT_EXTRACT;5243;16;5242;19;;;5248;58;;;;;5245.5;0.0
-1;7700;VEV_4000;1252;9;1249;24;;;1273;9;1275;24;;;1262.5;0.0
-1;7700;VEV_4500;752;6;750;21;;;768;6;770;21;;;760.0;0.0
-1;7700;VEV_5000;252;12;251;24;;;258;8;259;20;;;255.0;0.0
-1;7700;VEV_5100;168;9;167;17;;;172;9;;;;;170.0;0.0
-1;7700;VEV_5200;98;20;97;24;;;101;32;;;;;99.5;0.0
-1;7700;VEV_5300;49;19;;;;;51;25;52;30;;;50.0;0.0
-1;7700;VEV_5400;17;19;17;19;;;18;29;19;15;;;17.5;0.0
-1;7700;VEV_5500;6;21;;;;;7;22;;;;;6.5;0.0
-1;7700;VEV_6000;0;20;;;;;1;20;;;;;0.5;0.0
-1;7700;VEV_6500;0;11;;;;;1;11;;;;;0.5;0.0
-1;7800;ASH_COATED_OSMIUM;9994;10;9991;20;;;10010;10;10012;20;;;10002.0;0.0
-1;7800;HYDROGEL_PACK;9992;14;9990;21;;;10008;14;10011;21;;;10000.0;0.0
-1;7800;INTARIAN_PEPPER_ROOT;13101;10;13097;21;;;13115;10;13118;21;;;13108.0;0.0
-1;7800;VELVETFRUIT_EXTRACT;5243;17;5242;70;;;5248;19;;;;;5245.5;0.0
-1;7800;VEV_4000;1254;9;1251;24;;;1275;9;1277;24;;;1264.5;0.0
-1;7800;VEV_4500;754;12;752;12;;;770;12;771;10;772;12;762.0;0.0
-1;7800;VEV_5000;251;21;;;;;259;18;;;;;255.0;0.0
-1;7800;VEV_5100;167;29;;;;;171;26;172;24;;;169.0;0.0
-1;7800;VEV_5200;99;27;98;28;;;102;23;;;;;100.5;0.0
-1;7800;VEV_5300;;;;;;;51;16;;;;;51.0;0.0
-1;7800;VEV_5400;17;23;17;29;;;19;22;;;;;18.0;0.0
-1;7800;VEV_5500;6;28;;;;;7;26;;;;;6.5;0.0
-1;7800;VEV_6000;0;24;;;;;1;24;;;;;0.5;0.0
-1;7800;VEV_6500;0;12;;;;;1;12;;;;;0.5;0.0
-1;7900;ASH_COATED_OSMIUM;9994;11;9991;30;;;10010;11;10012;30;;;10002.0;0.0
-1;7900;HYDROGEL_PACK;9996;14;9993;22;;;10012;14;10014;22;;;10004.0;0.0
-1;7900;INTARIAN_PEPPER_ROOT;13101;12;13098;17;;;13104;7;13115;12;13118;17;13102.5;0.0
-1;7900;VELVETFRUIT_EXTRACT;5244;31;;;;;5250;40;5250;64;;;5247.0;0.0
-1;7900;VEV_4000;1255;8;1252;18;;;1276;8;1278;18;;;1265.5;0.0
-1;7900;VEV_4500;755;12;753;20;;;771;12;773;20;;;763.0;0.0
-1;7900;VEV_5000;251;12;;;;;258;27;259;13;;;254.5;0.0
-1;7900;VEV_5100;167;28;166;19;;;171;11;172;18;;;169.0;0.0
-1;7900;VEV_5200;99;17;;;;;103;21;;;;;101.0;0.0
-1;7900;VEV_5300;49;25;;;;;51;23;;;;;50.0;0.0
-1;7900;VEV_5400;17;17;;;;;18;23;;;;;17.5;0.0
-1;7900;VEV_5500;6;29;;;;;7;24;;;;;6.5;0.0
-1;7900;VEV_6000;0;19;;;;;1;19;;;;;0.5;0.0
-1;7900;VEV_6500;0;11;;;;;1;11;;;;;0.5;0.0
-1;8000;ASH_COATED_OSMIUM;9994;11;9991;22;;;10010;11;10012;22;;;10002.0;0.0
-1;8000;HYDROGEL_PACK;9999;15;9996;22;;;10015;15;10017;22;;;10007.0;0.0
-1;8000;INTARIAN_PEPPER_ROOT;13098;20;;;;;13115;11;13118;20;;;13106.5;0.0
-1;8000;VELVETFRUIT_EXTRACT;5243;33;;;;;5249;52;;;;;5246.0;0.0
-1;8000;VEV_4000;1255;10;1253;17;;;1276;10;1279;17;;;1265.5;0.0
-1;8000;VEV_4500;755;10;753;13;;;771;10;773;13;;;763.0;0.0
-1;8000;VEV_5000;250;10;249;30;;;256;10;;;;;253.0;0.0
-1;8000;VEV_5100;168;23;;;;;172;33;173;23;;;170.0;0.0
-1;8000;VEV_5200;98;23;;;;;101;27;102;23;;;99.5;0.0
-1;8000;VEV_5300;49;29;;;;;51;25;;;;;50.0;0.0
-1;8000;VEV_5400;17;17;;;;;19;16;;;;;18.0;0.0
-1;8000;VEV_5500;6;24;;;;;7;24;;;;;6.5;0.0
-1;8000;VEV_6000;0;24;;;;;1;24;;;;;0.5;0.0
-1;8000;VEV_6500;0;17;;;;;1;17;;;;;0.5;0.0
-1;8100;ASH_COATED_OSMIUM;9994;13;9991;22;;;10010;13;10012;22;;;10002.0;0.0
-1;8100;HYDROGEL_PACK;9999;13;9996;23;;;10015;13;10017;23;;;10007.0;0.0
-1;8100;INTARIAN_PEPPER_ROOT;13101;11;13098;22;;;13118;22;;;;;13109.5;0.0
-1;8100;VELVETFRUIT_EXTRACT;5243;55;;;;;5248;18;5249;60;;;5245.5;0.0
-1;8100;VEV_4000;1255;8;1252;22;;;1276;8;1279;22;;;1265.5;0.0
-1;8100;VEV_4500;754;12;752;15;;;770;12;772;15;;;762.0;0.0
-1;8100;VEV_5000;249;20;;;;;256;25;257;20;;;252.5;0.0
-1;8100;VEV_5100;167;11;166;32;;;171;26;;;;;169.0;0.0
-1;8100;VEV_5200;100;9;99;14;;;103;23;;;;;101.5;0.0
-1;8100;VEV_5300;49;6;;;;;51;5;;;;;50.0;0.0
-1;8100;VEV_5400;16;25;;;;;18;19;;;;;17.0;0.0
-1;8100;VEV_5500;5;26;;;;;7;21;;;;;6.0;0.0
-1;8100;VEV_6000;0;22;;;;;1;22;;;;;0.5;0.0
-1;8100;VEV_6500;0;14;;;;;1;14;;;;;0.5;0.0
-1;8200;ASH_COATED_OSMIUM;9994;14;;;;;10010;14;10013;26;;;10002.0;0.0
-1;8200;HYDROGEL_PACK;9998;22;;;;;10016;12;10019;22;;;10007.0;0.0
-1;8200;INTARIAN_PEPPER_ROOT;13101;12;13098;20;;;13115;12;;;;;13108.0;0.0
-1;8200;VELVETFRUIT_EXTRACT;5245;22;5244;47;;;5250;44;;;;;5247.5;0.0
-1;8200;VEV_4000;1255;13;1253;19;;;1277;13;1279;19;;;1266.0;0.0
-1;8200;VEV_4500;754;6;752;18;;;770;6;772;18;;;762.0;0.0
-1;8200;VEV_5000;250;6;249;23;;;256;27;257;12;;;253.0;0.0
-1;8200;VEV_5100;166;22;165;23;;;170;33;171;12;;;168.0;0.0
-1;8200;VEV_5200;99;28;;;;;103;31;;;;;101.0;0.0
-1;8200;VEV_5300;49;22;;;;;51;20;;;;;50.0;0.0
-1;8200;VEV_5400;16;22;;;;;18;25;;;;;17.0;0.0
-1;8200;VEV_5500;6;27;;;;;7;26;;;;;6.5;0.0
-1;8200;VEV_6000;0;22;;;;;1;22;;;;;0.5;0.0
-1;8200;VEV_6500;0;17;;;;;1;17;;;;;0.5;0.0
-1;8300;ASH_COATED_OSMIUM;9994;11;9992;28;;;10010;11;10013;28;;;10002.0;0.0
-1;8300;HYDROGEL_PACK;10000;12;9998;24;;;10016;12;10019;24;;;10008.0;0.0
-1;8300;INTARIAN_PEPPER_ROOT;13101;12;13098;17;;;13115;12;13119;17;;;13108.0;0.0
-1;8300;VELVETFRUIT_EXTRACT;5245;15;5244;23;;;5249;15;5250;33;;;5247.0;0.0
-1;8300;VEV_4000;1256;13;1253;23;;;1277;13;1280;23;;;1266.5;0.0
-1;8300;VEV_4500;753;8;751;20;;;769;8;771;20;;;761.0;0.0
-1;8300;VEV_5000;251;10;250;24;;;257;12;258;21;;;254.0;0.0
-1;8300;VEV_5100;166;29;165;14;;;170;7;;;;;168.0;0.0
-1;8300;VEV_5200;100;30;99;31;;;102;29;103;29;;;101.0;0.0
-1;8300;VEV_5300;49;22;48;18;;;51;23;;;;;50.0;0.0
-1;8300;VEV_5400;16;23;;;;;18;18;;;;;17.0;0.0
-1;8300;VEV_5500;6;22;;;;;7;27;;;;;6.5;0.0
-1;8300;VEV_6000;0;18;;;;;1;18;;;;;0.5;0.0
-1;8300;VEV_6500;0;12;;;;;1;12;;;;;0.5;0.0
-1;8400;ASH_COATED_OSMIUM;9994;14;9992;28;;;10000;5;10010;14;10013;28;9997.0;0.0
-1;8400;HYDROGEL_PACK;10003;15;10000;26;;;10019;15;10021;26;;;10011.0;0.0
-1;8400;INTARIAN_PEPPER_ROOT;13101;10;13098;19;;;13115;10;13119;19;;;13108.0;0.0
-1;8400;VELVETFRUIT_EXTRACT;5246;34;;;;;5251;19;5252;36;5252;47;5248.5;0.0
-1;8400;VEV_4000;1256;10;1254;28;;;1278;10;1280;28;;;1267.0;0.0
-1;8400;VEV_4500;753;10;751;15;;;769;10;770;6;771;15;761.0;0.0
-1;8400;VEV_5000;251;6;250;19;;;257;33;258;21;;;254.0;0.0
-1;8400;VEV_5100;165;31;164;15;;;169;25;170;29;;;167.0;0.0
-1;8400;VEV_5200;99;16;;;;;103;22;;;;;101.0;0.0
-1;8400;VEV_5300;48;22;47;20;;;50;9;;;;;49.0;0.0
-1;8400;VEV_5400;17;29;;;;;18;18;;;;;17.5;0.0
-1;8400;VEV_5500;5;26;;;;;7;21;;;;;6.0;0.0
-1;8400;VEV_6000;0;25;;;;;1;25;;;;;0.5;0.0
-1;8400;VEV_6500;0;14;;;;;1;14;;;;;0.5;0.0
-1;8500;ASH_COATED_OSMIUM;9994;10;;;;;10012;23;;;;;10003.0;0.0
-1;8500;HYDROGEL_PACK;10006;14;10004;30;;;10022;14;10025;30;;;10014.0;0.0
-1;8500;INTARIAN_PEPPER_ROOT;13101;9;;;;;13116;9;13119;23;;;13108.5;0.0
-1;8500;VELVETFRUIT_EXTRACT;5245;39;;;;;5250;21;5251;25;5252;50;5247.5;0.0
-1;8500;VEV_4000;1255;14;1253;20;;;1277;14;1279;20;;;1266.0;0.0
-1;8500;VEV_4500;753;6;;;;;769;6;771;17;;;761.0;0.0
-1;8500;VEV_5000;251;8;250;12;;;257;34;258;19;;;254.0;0.0
-1;8500;VEV_5100;166;11;165;19;;;170;8;;;;;168.0;0.0
-1;8500;VEV_5200;;;;;;;102;9;;;;;102.0;0.0
-1;8500;VEV_5300;48;24;;;;;50;23;;;;;49.0;0.0
-1;8500;VEV_5400;17;15;17;10;;;;;;;;;17.0;0.0
-1;8500;VEV_5500;5;26;;;;;7;18;;;;;6.0;0.0
-1;8500;VEV_6000;0;21;;;;;1;21;;;;;0.5;0.0
-1;8500;VEV_6500;0;18;;;;;1;18;;;;;0.5;0.0
-1;8600;ASH_COATED_OSMIUM;9994;14;9991;23;;;10010;14;;;;;10002.0;0.0
-1;8600;HYDROGEL_PACK;10008;10;10005;25;;;10024;10;10026;25;;;10016.0;0.0
-1;8600;INTARIAN_PEPPER_ROOT;13098;23;;;;;13116;9;13119;23;;;13107.0;0.0
-1;8600;VELVETFRUIT_EXTRACT;5245;21;5244;61;;;5249;21;5250;19;;;5247.0;0.0
-1;8600;VEV_4000;1256;10;1254;29;;;1277;10;1280;29;;;1266.5;0.0
-1;8600;VEV_4500;755;10;753;18;;;771;10;773;18;;;763.0;0.0
-1;8600;VEV_5000;250;11;;;;;256;10;257;24;;;253.0;0.0
-1;8600;VEV_5100;166;9;165;29;;;170;10;;;;;168.0;0.0
-1;8600;VEV_5200;100;29;99;23;;;102;12;;;;;101.0;0.0
-1;8600;VEV_5300;49;21;;;;;51;18;;;;;50.0;0.0
-1;8600;VEV_5400;17;15;;;;;19;21;;;;;18.0;0.0
-1;8600;VEV_5500;5;28;;;;;7;18;;;;;6.0;0.0
-1;8600;VEV_6000;0;26;;;;;1;26;;;;;0.5;0.0
-1;8600;VEV_6500;0;13;;;;;1;13;;;;;0.5;0.0
-1;8700;ASH_COATED_OSMIUM;9994;13;9991;29;;;10012;29;;;;;10003.0;0.0
-1;8700;HYDROGEL_PACK;10006;25;;;;;10025;15;10028;25;;;10015.5;0.0
-1;8700;INTARIAN_PEPPER_ROOT;13102;9;13098;21;;;13116;9;13119;21;;;13109.0;0.0
-1;8700;VELVETFRUIT_EXTRACT;5244;52;;;;;5249;21;5250;63;5251;41;5246.5;0.0
-1;8700;VEV_4000;1254;14;1252;23;;;1276;14;1278;23;;;1265.0;0.0
-1;8700;VEV_4500;755;7;753;12;;;771;7;773;12;;;763.0;0.0
-1;8700;VEV_5000;249;7;248;17;;;255;8;256;20;;;252.0;0.0
-1;8700;VEV_5100;166;8;165;13;;;170;21;171;21;;;168.0;0.0
-1;8700;VEV_5200;99;9;98;35;;;102;27;;;;;100.5;0.0
-1;8700;VEV_5300;;;;;;;51;23;;;;;51.0;0.0
-1;8700;VEV_5400;;;;;;;;;;;;;0.0;0.0
-1;8700;VEV_5500;5;9;;;;;6;19;;;;;5.5;0.0
-1;8700;VEV_6000;0;20;;;;;1;20;;;;;0.5;0.0
-1;8700;VEV_6500;0;16;;;;;1;16;;;;;0.5;0.0
-1;8800;ASH_COATED_OSMIUM;9991;27;;;;;10010;10;10012;27;;;10000.5;0.0
-1;8800;HYDROGEL_PACK;10011;15;10009;29;;;10027;15;10030;29;;;10019.0;0.0
-1;8800;INTARIAN_PEPPER_ROOT;13102;9;13098;21;;;;;;;;;13102.0;0.0
-1;8800;VELVETFRUIT_EXTRACT;5244;49;5244;22;;;5249;22;5250;55;;;5246.5;0.0
-1;8800;VEV_4000;1255;12;1252;15;;;1276;12;1279;15;;;1265.5;0.0
-1;8800;VEV_4500;754;6;753;10;752;24;770;6;772;24;;;762.0;0.0
-1;8800;VEV_5000;249;12;;;;;256;6;257;24;;;252.5;0.0
-1;8800;VEV_5100;165;20;;;;;170;7;171;14;;;167.5;0.0
-1;8800;VEV_5200;98;26;;;;;101;9;102;28;;;99.5;0.0
-1;8800;VEV_5300;;;;;;;51;24;;;;;51.0;0.0
-1;8800;VEV_5400;17;8;;;;;18;17;19;12;;;17.5;0.0
-1;8800;VEV_5500;5;20;;;;;7;28;;;;;6.0;0.0
-1;8800;VEV_6000;0;20;;;;;1;20;;;;;0.5;0.0
-1;8800;VEV_6500;0;13;;;;;1;13;;;;;0.5;0.0
-1;8900;ASH_COATED_OSMIUM;9994;12;9991;29;;;10010;12;10012;29;;;10002.0;0.0
-1;8900;HYDROGEL_PACK;10011;12;10008;25;;;10027;12;10029;25;;;10019.0;0.0
-1;8900;INTARIAN_PEPPER_ROOT;13102;9;13099;25;;;13116;9;13119;25;;;13109.0;0.0
-1;8900;VELVETFRUIT_EXTRACT;5243;53;;;;;5249;57;;;;;5246.0;0.0
-1;8900;VEV_4000;1256;12;1253;17;;;1277;12;1280;17;;;1266.5;0.0
-1;8900;VEV_4500;756;12;754;19;;;772;12;774;19;;;764.0;0.0
-1;8900;VEV_5000;251;7;250;19;;;257;28;;;;;254.0;0.0
-1;8900;VEV_5100;165;8;164;23;;;169;9;170;12;;;167.0;0.0
-1;8900;VEV_5200;98;30;97;25;;;101;29;;;;;99.5;0.0
-1;8900;VEV_5300;49;10;48;18;;;51;9;52;27;;;50.0;0.0
-1;8900;VEV_5400;17;20;16;25;;;18;27;;;;;17.5;0.0
-1;8900;VEV_5500;6;21;;;;;7;25;;;;;6.5;0.0
-1;8900;VEV_6000;0;23;;;;;1;23;;;;;0.5;0.0
-1;8900;VEV_6500;0;11;;;;;1;11;;;;;0.5;0.0
-1;9000;ASH_COATED_OSMIUM;9994;14;9992;23;;;10013;23;;;;;10003.5;0.0
-1;9000;HYDROGEL_PACK;10010;11;10007;30;;;10026;11;10028;30;;;10018.0;0.0
-1;9000;INTARIAN_PEPPER_ROOT;13102;9;13099;19;;;13116;9;13119;19;;;13109.0;0.0
-1;9000;VELVETFRUIT_EXTRACT;5244;15;5243;21;;;5248;15;5249;49;;;5246.0;0.0
-1;9000;VEV_4000;1255;14;1252;17;;;1276;14;1279;17;;;1265.5;0.0
-1;9000;VEV_4500;756;11;754;12;;;772;11;774;12;;;764.0;0.0
-1;9000;VEV_5000;251;20;;;;;259;15;;;;;255.0;0.0
-1;9000;VEV_5100;167;12;166;17;;;171;8;172;14;;;169.0;0.0
-1;9000;VEV_5200;99;11;98;30;;;101;7;102;23;;;100.0;0.0
-1;9000;VEV_5300;49;7;48;22;;;51;19;;;;;50.0;0.0
-1;9000;VEV_5400;17;21;16;13;;;18;23;;;;;17.5;0.0
-1;9000;VEV_5500;6;17;;;;;7;19;;;;;6.5;0.0
-1;9000;VEV_6000;0;19;;;;;1;19;;;;;0.5;0.0
-1;9000;VEV_6500;0;18;;;;;1;18;;;;;0.5;0.0
-1;9100;ASH_COATED_OSMIUM;9994;15;9991;20;;;10010;15;10012;20;;;10002.0;0.0
-1;9100;HYDROGEL_PACK;10010;14;10007;28;;;10028;28;;;;;10019.0;0.0
-1;9100;INTARIAN_PEPPER_ROOT;13102;9;;;;;13116;9;13119;17;;;13109.0;0.0
-1;9100;VELVETFRUIT_EXTRACT;5243;19;5242;47;;;5248;45;;;;;5245.5;0.0
-1;9100;VEV_4000;1256;9;1254;30;;;1278;9;1280;30;;;1267.0;0.0
-1;9100;VEV_4500;756;9;754;17;;;772;9;773;11;774;17;764.0;0.0
-1;9100;VEV_5000;251;12;250;17;;;257;11;258;13;;;254.0;0.0
-1;9100;VEV_5100;167;31;;;;;;;;;;;167.0;0.0
-1;9100;VEV_5200;99;2;98;33;;;;;;;;;99.0;0.0
-1;9100;VEV_5300;49;20;48;25;;;;;;;;;49.0;0.0
-1;9100;VEV_5400;;;;;;;18;20;;;;;18.0;0.0
-1;9100;VEV_5500;6;22;;;;;7;23;;;;;6.5;0.0
-1;9100;VEV_6000;0;25;;;;;1;25;;;;;0.5;0.0
-1;9100;VEV_6500;0;18;;;;;1;18;;;;;0.5;0.0
-1;9200;ASH_COATED_OSMIUM;9994;12;;;;;10010;12;10013;26;;;10002.0;0.0
-1;9200;HYDROGEL_PACK;10009;13;10007;23;;;10025;13;10028;23;;;10017.0;0.0
-1;9200;INTARIAN_PEPPER_ROOT;13102;12;13099;24;;;13111;11;13116;12;13120;24;13106.5;0.0
-1;9200;VELVETFRUIT_EXTRACT;5242;58;;;;;5248;53;;;;;5245.0;0.0
-1;9200;VEV_4000;1255;14;1252;29;;;1276;14;1278;29;;;1265.5;0.0
-1;9200;VEV_4500;753;21;;;;;771;6;773;21;;;762.0;0.0
-1;9200;VEV_5000;252;8;251;24;;;;;;;;;252.0;0.0
-1;9200;VEV_5100;167;6;;;;;171;12;172;23;;;169.0;0.0
-1;9200;VEV_5200;98;10;97;20;;;101;22;;;;;99.5;0.0
-1;9200;VEV_5300;49;19;;;;;51;24;;;;;50.0;0.0
-1;9200;VEV_5400;17;23;16;23;;;17;22;18;22;;;17.0;0.0
-1;9200;VEV_5500;6;16;;;;;7;19;;;;;6.5;0.0
-1;9200;VEV_6000;0;20;;;;;1;20;;;;;0.5;0.0
-1;9200;VEV_6500;0;15;;;;;1;15;;;;;0.5;0.0
-1;9300;ASH_COATED_OSMIUM;9994;13;9991;29;;;10010;13;;;;;10002.0;0.0
-1;9300;HYDROGEL_PACK;10008;13;10005;20;;;10024;13;10026;20;;;10016.0;0.0
-1;9300;INTARIAN_PEPPER_ROOT;13102;11;13099;16;;;13116;11;13120;16;;;13109.0;0.0
-1;9300;VELVETFRUIT_EXTRACT;5245;65;;;;;5250;20;5251;70;;;5247.5;0.0
-1;9300;VEV_4000;1255;9;1253;18;;;1277;9;1279;18;;;1266.0;0.0
-1;9300;VEV_4500;753;24;;;;;771;11;773;24;;;762.0;0.0
-1;9300;VEV_5000;252;9;251;23;;;258;7;259;17;;;255.0;0.0
-1;9300;VEV_5100;168;26;167;22;;;172;7;;;;;170.0;0.0
-1;9300;VEV_5200;96;10;;;;;99;13;;;;;97.5;0.0
-1;9300;VEV_5300;49;18;48;18;;;51;21;;;;;50.0;0.0
-1;9300;VEV_5400;16;25;;;;;18;18;;;;;17.0;0.0
-1;9300;VEV_5500;6;24;;;;;7;20;;;;;6.5;0.0
-1;9300;VEV_6000;0;18;;;;;1;18;;;;;0.5;0.0
-1;9300;VEV_6500;0;17;;;;;1;17;;;;;0.5;0.0
-1;9400;ASH_COATED_OSMIUM;9994;11;9991;29;;;10010;11;10012;29;;;10002.0;0.0
-1;9400;HYDROGEL_PACK;10009;13;10007;29;;;10025;13;10028;29;;;10017.0;0.0
-1;9400;INTARIAN_PEPPER_ROOT;13102;10;13099;18;;;13120;18;;;;;13111.0;0.0
-1;9400;VELVETFRUIT_EXTRACT;5243;19;;;;;5249;23;;;;;5246.0;0.0
-1;9400;VEV_4000;1256;10;1253;30;;;1277;10;1280;30;;;1266.5;0.0
-1;9400;VEV_4500;756;7;754;19;;;774;19;;;;;765.0;0.0
-1;9400;VEV_5000;252;9;251;34;;;258;6;259;15;;;255.0;0.0
-1;9400;VEV_5100;168;12;167;25;;;172;8;;;;;170.0;0.0
-1;9400;VEV_5200;96;22;95;27;;;98;9;;;;;97.0;0.0
-1;9400;VEV_5300;49;6;;;;;51;23;;;;;50.0;0.0
-1;9400;VEV_5400;;;;;;;17;29;;;;;17.0;0.0
-1;9400;VEV_5500;6;26;;;;;7;25;;;;;6.5;0.0
-1;9400;VEV_6000;0;18;;;;;1;18;;;;;0.5;0.0
-1;9400;VEV_6500;0;15;;;;;1;15;;;;;0.5;0.0
-1;9500;ASH_COATED_OSMIUM;9994;15;;;;;10010;15;10013;21;;;10002.0;0.0
-1;9500;HYDROGEL_PACK;10010;15;10008;28;;;10026;15;10029;28;;;10018.0;0.0
-1;9500;INTARIAN_PEPPER_ROOT;13102;11;13099;16;;;13117;11;13120;16;;;13109.5;0.0
-1;9500;VELVETFRUIT_EXTRACT;5244;54;5244;16;;;5250;33;;;;;5247.0;0.0
-1;9500;VEV_4000;1255;14;1252;28;;;1276;14;1279;28;;;1265.5;0.0
-1;9500;VEV_4500;756;7;754;17;;;772;7;773;6;774;17;764.0;0.0
-1;9500;VEV_5000;251;7;;;;;257;8;258;21;;;254.0;0.0
-1;9500;VEV_5100;169;33;;;;;174;24;;;;;171.5;0.0
-1;9500;VEV_5200;94;22;;;;;97;29;98;22;;;95.5;0.0
-1;9500;VEV_5300;49;28;;;;;51;5;;;;;50.0;0.0
-1;9500;VEV_5400;15;22;;;;;17;18;;;;;16.0;0.0
-1;9500;VEV_5500;6;21;;;;;7;18;;;;;6.5;0.0
-1;9500;VEV_6000;0;22;;;;;1;22;;;;;0.5;0.0
-1;9500;VEV_6500;0;18;;;;;1;18;;;;;0.5;0.0
-1;9600;ASH_COATED_OSMIUM;9990;30;;;;;10009;10;10011;30;;;9999.5;0.0
-1;9600;HYDROGEL_PACK;10008;14;10005;25;;;10024;14;10026;25;;;10016.0;0.0
-1;9600;INTARIAN_PEPPER_ROOT;13103;8;;;;;13117;8;;;;;13110.0;0.0
-1;9600;VELVETFRUIT_EXTRACT;5244;67;;;;;5249;18;5250;61;;;5246.5;0.0
-1;9600;VEV_4000;1255;8;1253;23;;;1277;8;1279;23;;;1266.0;0.0
-1;9600;VEV_4500;756;8;754;23;;;772;8;774;23;;;764.0;0.0
-1;9600;VEV_5000;252;12;;;;;259;20;;;;;255.5;0.0
-1;9600;VEV_5100;168;11;167;15;;;172;6;173;24;;;170.0;0.0
-1;9600;VEV_5200;94;25;;;;;97;20;98;19;;;95.5;0.0
-1;9600;VEV_5300;49;8;;;;;51;25;52;22;;;50.0;0.0
-1;9600;VEV_5400;;;;;;;17;30;;;;;17.0;0.0
-1;9600;VEV_5500;6;28;;;;;7;25;;;;;6.5;0.0
-1;9600;VEV_6000;0;23;;;;;1;23;;;;;0.5;0.0
-1;9600;VEV_6500;0;14;;;;;1;14;;;;;0.5;0.0
-1;9700;ASH_COATED_OSMIUM;9991;22;;;;;10009;12;10012;22;;;10000.0;0.0
-1;9700;HYDROGEL_PACK;10007;11;10005;30;;;10023;11;10026;30;;;10015.0;0.0
-1;9700;INTARIAN_PEPPER_ROOT;13103;12;13099;21;;;13117;12;;;;;13110.0;0.0
-1;9700;VELVETFRUIT_EXTRACT;5246;56;;;;;5252;54;;;;;5249.0;0.0
-1;9700;VEV_4000;1257;9;1254;20;;;1278;9;1280;20;;;1267.5;0.0
-1;9700;VEV_4500;757;8;755;17;;;773;8;774;9;775;17;765.0;0.0
-1;9700;VEV_5000;251;6;250;22;;;257;9;258;19;;;254.0;0.0
-1;9700;VEV_5100;168;35;167;12;;;173;22;;;;;170.5;0.0
-1;9700;VEV_5200;93;21;;;;;97;14;;;;;95.0;0.0
-1;9700;VEV_5300;49;8;;;;;51;15;52;21;;;50.0;0.0
-1;9700;VEV_5400;15;17;;;;;16;22;17;20;;;15.5;0.0
-1;9700;VEV_5500;6;19;;;;;7;5;;;;;6.5;0.0
-1;9700;VEV_6000;0;23;;;;;1;23;;;;;0.5;0.0
-1;9700;VEV_6500;0;18;;;;;1;18;;;;;0.5;0.0
-1;9800;ASH_COATED_OSMIUM;9993;15;9991;20;;;10009;15;10012;20;;;10001.0;0.0
-1;9800;HYDROGEL_PACK;10009;15;10006;27;;;10025;15;10027;27;;;10017.0;0.0
-1;9800;INTARIAN_PEPPER_ROOT;13099;15;;;;;13117;12;13120;15;;;13108.0;0.0
-1;9800;VELVETFRUIT_EXTRACT;5245;33;;;;;5251;33;;;;;5248.0;0.0
-1;9800;VEV_4000;1258;9;1256;18;;;1280;9;1282;18;;;1269.0;0.0
-1;9800;VEV_4500;755;10;;;;;772;11;773;20;;;763.5;0.0
-1;9800;VEV_5000;251;33;;;;;257;9;258;13;;;254.0;0.0
-1;9800;VEV_5100;169;31;;;;;174;32;;;;;171.5;0.0
-1;9800;VEV_5200;93;30;;;;;96;10;97;29;;;94.5;0.0
-1;9800;VEV_5300;49;20;;;;;51;25;;;;;50.0;0.0
-1;9800;VEV_5400;16;22;;;;;18;27;;;;;17.0;0.0
-1;9800;VEV_5500;6;17;;;;;7;22;;;;;6.5;0.0
-1;9800;VEV_6000;0;20;;;;;1;20;;;;;0.5;0.0
-1;9800;VEV_6500;0;16;;;;;1;16;;;;;0.5;0.0
-1;9900;ASH_COATED_OSMIUM;9993;11;9991;20;;;10009;11;10012;20;;;10001.0;0.0
-1;9900;HYDROGEL_PACK;10007;13;10005;23;;;10023;13;10026;23;;;10015.0;0.0
-1;9900;INTARIAN_PEPPER_ROOT;13103;11;13100;21;;;13117;11;13120;21;;;13110.0;0.0
-1;9900;VELVETFRUIT_EXTRACT;5244;18;5243;58;;;5249;69;;;;;5246.5;0.0
-1;9900;VEV_4000;1258;7;1255;28;;;1279;7;1282;28;;;1268.5;0.0
-1;9900;VEV_4500;754;16;;;;;774;16;;;;;764.0;0.0
-1;9900;VEV_5000;249;14;;;;;256;7;257;12;;;252.5;0.0
-1;9900;VEV_5100;170;27;;;;;174;33;175;28;;;172.0;0.0
-1;9900;VEV_5200;93;10;92;23;;;96;36;;;;;94.5;0.0
-1;9900;VEV_5300;48;5;;;;;;;;;;;48.0;0.0
-1;9900;VEV_5400;15;18;;;;;17;18;;;;;16.0;0.0
-1;9900;VEV_5500;6;18;;;;;7;20;;;;;6.5;0.0
-1;9900;VEV_6000;0;21;;;;;1;21;;;;;0.5;0.0
-1;9900;VEV_6500;0;13;;;;;1;13;;;;;0.5;0.0
-1;10000;ASH_COATED_OSMIUM;9993;11;9991;28;;;10009;11;10012;28;;;10001.0;0.0
-1;10000;HYDROGEL_PACK;10007;11;10005;23;;;10023;11;10026;23;;;10015.0;0.0
-1;10000;INTARIAN_PEPPER_ROOT;13103;9;13100;16;;;13120;16;;;;;13111.5;0.0
-1;10000;VELVETFRUIT_EXTRACT;5244;40;;;;;5250;20;;;;;5247.0;0.0
-1;10000;VEV_4000;1258;14;1256;21;;;1280;14;1282;21;;;1269.0;0.0
-1;10000;VEV_4500;753;11;751;23;;;769;11;771;23;;;761.0;0.0
-1;10000;VEV_5000;251;8;250;21;;;258;19;;;;;254.5;0.0
-1;10000;VEV_5100;170;10;169;29;;;174;19;175;28;;;172.0;0.0
-1;10000;VEV_5200;92;28;;;;;95;12;;;;;93.5;0.0
-1;10000;VEV_5300;48;27;47;20;;;50;29;51;20;;;49.0;0.0
-1;10000;VEV_5400;15;24;;;;;17;25;;;;;16.0;0.0
-1;10000;VEV_5500;6;21;;;;;7;12;;;;;6.5;0.0
-1;10000;VEV_6000;0;24;;;;;1;24;;;;;0.5;0.0
-1;10000;VEV_6500;0;15;;;;;1;15;;;;;0.5;0.0
-1;10100;ASH_COATED_OSMIUM;9993;10;9991;28;;;10009;10;10012;28;;;10001.0;0.0
-1;10100;HYDROGEL_PACK;10003;11;10001;21;;;10019;11;10022;21;;;10011.0;0.0
-1;10100;INTARIAN_PEPPER_ROOT;13103;12;;;;;13117;12;13120;25;;;13110.0;0.0
-1;10100;VELVETFRUIT_EXTRACT;5244;50;5244;21;;;5250;30;;;;;5247.0;0.0
-1;10100;VEV_4000;1258;8;1256;22;;;1279;8;1282;22;;;1268.5;0.0
-1;10100;VEV_4500;754;7;752;19;;;772;19;;;;;763.0;0.0
-1;10100;VEV_5000;249;24;;;;;256;6;257;22;;;252.5;0.0
-1;10100;VEV_5100;169;11;;;;;;;;;;;169.0;0.0
-1;10100;VEV_5200;92;31;;;;;96;30;;;;;94.0;0.0
-1;10100;VEV_5300;48;20;47;17;;;50;15;;;;;49.0;0.0
-1;10100;VEV_5400;15;28;;;;;16;20;17;24;;;15.5;0.0
-1;10100;VEV_5500;6;20;;;;;7;24;;;;;6.5;0.0
-1;10100;VEV_6000;0;18;;;;;1;18;;;;;0.5;0.0
-1;10100;VEV_6500;0;12;;;;;1;12;;;;;0.5;0.0
-1;10200;ASH_COATED_OSMIUM;9993;14;9991;22;;;10009;14;10012;22;;;10001.0;0.0
-1;10200;HYDROGEL_PACK;9999;10;9997;23;;;10015;10;10018;23;;;10007.0;0.0
-1;10200;INTARIAN_PEPPER_ROOT;13103;10;13100;17;;;13121;17;;;;;13112.0;0.0
-1;10200;VELVETFRUIT_EXTRACT;5245;25;5244;68;;;5250;53;;;;;5247.5;0.0
-1;10200;VEV_4000;1259;14;1257;23;;;1281;14;1283;23;;;1270.0;0.0
-1;10200;VEV_4500;755;12;;;;;771;12;772;20;773;17;763.0;0.0
-1;10200;VEV_5000;250;13;;;;;258;19;;;;;254.0;0.0
-1;10200;VEV_5100;166;13;;;;;172;27;;;;;169.0;0.0
-1;10200;VEV_5200;92;19;;;;;96;13;;;;;94.0;0.0
-1;10200;VEV_5300;47;21;;;;;49;6;;;;;48.0;0.0
-1;10200;VEV_5400;15;25;;;;;;;;;;;15.0;0.0
-1;10200;VEV_5500;6;27;;;;;7;20;;;;;6.5;0.0
-1;10200;VEV_6000;0;27;;;;;1;27;;;;;0.5;0.0
-1;10200;VEV_6500;0;11;;;;;1;11;;;;;0.5;0.0
-1;10300;ASH_COATED_OSMIUM;9994;15;9991;23;;;10012;23;;;;;10003.0;0.0
-1;10300;HYDROGEL_PACK;9997;15;9994;25;;;10013;15;10015;25;;;10005.0;0.0
-1;10300;INTARIAN_PEPPER_ROOT;13103;9;13100;18;;;13117;9;13121;18;;;13110.0;0.0
-1;10300;VELVETFRUIT_EXTRACT;5244;50;5244;64;;;5250;15;;;;;5247.0;0.0
-1;10300;VEV_4000;1260;15;1257;27;;;1281;15;1284;27;;;1270.5;0.0
-1;10300;VEV_4500;753;20;;;;;771;12;772;9;773;20;762.0;0.0
-1;10300;VEV_5000;250;7;249;12;;;;;;;;;250.0;0.0
-1;10300;VEV_5100;167;25;166;29;;;171;9;172;14;;;169.0;0.0
-1;10300;VEV_5200;93;7;92;26;;;96;22;;;;;94.5;0.0
-1;10300;VEV_5300;47;25;;;;;49;18;;;;;48.0;0.0
-1;10300;VEV_5400;16;16;16;17;;;17;16;18;30;;;16.5;0.0
-1;10300;VEV_5500;6;26;;;;;7;19;;;;;6.5;0.0
-1;10300;VEV_6000;0;21;;;;;1;21;;;;;0.5;0.0
-1;10300;VEV_6500;0;17;;;;;1;17;;;;;0.5;0.0
-1;10400;ASH_COATED_OSMIUM;9993;10;9991;29;;;10009;10;10012;29;;;10001.0;0.0
-1;10400;HYDROGEL_PACK;10000;12;9998;27;;;10016;12;10019;27;;;10008.0;0.0
-1;10400;INTARIAN_PEPPER_ROOT;13100;16;;;;;13117;9;13121;16;;;13108.5;0.0
-1;10400;VELVETFRUIT_EXTRACT;5245;57;;;;;5250;15;5251;24;;;5247.5;0.0
-1;10400;VEV_4000;1260;11;1257;20;;;1281;11;1284;20;;;1270.5;0.0
-1;10400;VEV_4500;752;14;;;;;770;9;772;14;;;761.0;0.0
-1;10400;VEV_5000;249;30;248;12;;;255;33;;;;;252.0;0.0
-1;10400;VEV_5100;167;7;166;14;;;171;29;172;22;;;169.0;0.0
-1;10400;VEV_5200;92;19;;;;;95;8;96;13;;;93.5;0.0
-1;10400;VEV_5300;48;28;47;25;;;50;28;;;;;49.0;0.0
-1;10400;VEV_5400;16;16;16;26;;;17;23;18;19;;;16.5;0.0
-1;10400;VEV_5500;6;24;;;;;7;26;;;;;6.5;0.0
-1;10400;VEV_6000;0;23;;;;;1;23;;;;;0.5;0.0
-1;10400;VEV_6500;0;16;;;;;1;16;;;;;0.5;0.0
-1;10500;ASH_COATED_OSMIUM;9993;15;;;;;10009;15;;;;;10001.0;0.0
-1;10500;HYDROGEL_PACK;10000;12;9997;22;;;10016;12;10018;22;;;10008.0;0.0
-1;10500;INTARIAN_PEPPER_ROOT;13103;12;13100;15;;;13118;12;13121;15;;;13110.5;0.0
-1;10500;VELVETFRUIT_EXTRACT;5246;20;5245;50;;;5250;20;5251;64;;;5248.0;0.0
-1;10500;VEV_4000;1259;8;1257;21;;;1281;8;1283;21;;;1270.0;0.0
-1;10500;VEV_4500;754;12;752;19;;;772;19;;;;;763.0;0.0
-1;10500;VEV_5000;249;6;248;27;;;;;;;;;249.0;0.0
-1;10500;VEV_5100;166;9;;;;;170;11;171;20;;;168.0;0.0
-1;10500;VEV_5200;92;23;;;;;;;;;;;92.0;0.0
-1;10500;VEV_5300;48;28;;;;;50;24;51;24;;;49.0;0.0
-1;10500;VEV_5400;16;25;;;;;18;23;;;;;17.0;0.0
-1;10500;VEV_5500;6;24;;;;;7;19;;;;;6.5;0.0
-1;10500;VEV_6000;0;21;;;;;1;21;;;;;0.5;0.0
-1;10500;VEV_6500;0;17;;;;;1;17;;;;;0.5;0.0
-1;10600;ASH_COATED_OSMIUM;9990;26;;;;;10009;14;;;;;9999.5;0.0
-1;10600;HYDROGEL_PACK;10002;14;9999;29;;;10018;14;10020;29;;;10010.0;0.0
-1;10600;INTARIAN_PEPPER_ROOT;13100;25;;;;;13121;25;;;;;13110.5;0.0
-1;10600;VELVETFRUIT_EXTRACT;5248;53;;;;;5253;18;5254;47;;;5250.5;0.0
-1;10600;VEV_4000;1259;9;1256;26;;;1280;9;1283;26;;;1269.5;0.0
-1;10600;VEV_4500;753;8;752;7;751;19;769;8;771;19;;;761.0;0.0
-1;10600;VEV_5000;248;14;;;;;256;15;;;;;252.0;0.0
-1;10600;VEV_5100;165;8;;;;;170;27;;;;;167.5;0.0
-1;10600;VEV_5200;92;32;;;;;95;10;96;16;;;93.5;0.0
-1;10600;VEV_5300;48;18;;;;;50;23;51;16;;;49.0;0.0
-1;10600;VEV_5400;16;22;16;21;;;;;;;;;16.0;0.0
-1;10600;VEV_5500;6;21;;;;;7;21;;;;;6.5;0.0
-1;10600;VEV_6000;0;23;;;;;1;23;;;;;0.5;0.0
-1;10600;VEV_6500;0;18;;;;;1;18;;;;;0.5;0.0
-1;10700;ASH_COATED_OSMIUM;9993;10;9991;20;;;10009;10;;;;;10001.0;0.0
-1;10700;HYDROGEL_PACK;10002;14;9999;30;;;10018;14;10020;30;;;10010.0;0.0
-1;10700;INTARIAN_PEPPER_ROOT;13104;10;13100;21;;;13118;10;13121;21;;;13111.0;0.0
-1;10700;VELVETFRUIT_EXTRACT;5248;32;;;;;5253;15;5254;56;;;5250.5;0.0
-1;10700;VEV_4000;1260;8;1257;29;;;1281;8;1284;29;;;1270.5;0.0
-1;10700;VEV_4500;754;8;752;20;;;770;8;772;20;;;762.0;0.0
-1;10700;VEV_5000;250;11;249;12;;;256;7;257;23;;;253.0;0.0
-1;10700;VEV_5100;165;21;;;;;169;25;170;23;;;167.0;0.0
-1;10700;VEV_5200;;;;;;;;;;;;;0.0;0.0
-1;10700;VEV_5300;48;22;;;;;50;22;;;;;49.0;0.0
-1;10700;VEV_5400;15;19;;;;;17;17;;;;;16.0;0.0
-1;10700;VEV_5500;5;23;;;;;7;23;;;;;6.0;0.0
-1;10700;VEV_6000;0;26;;;;;1;26;;;;;0.5;0.0
-1;10700;VEV_6500;0;12;;;;;1;12;;;;;0.5;0.0
-1;10800;ASH_COATED_OSMIUM;9993;12;9990;23;;;10009;12;10011;23;;;10001.0;0.0
-1;10800;HYDROGEL_PACK;9999;10;9996;30;;;10015;10;10017;30;;;10007.0;0.0
-1;10800;INTARIAN_PEPPER_ROOT;13104;8;13100;21;;;13118;8;13121;21;;;13111.0;0.0
-1;10800;VELVETFRUIT_EXTRACT;5248;58;;;;;5254;30;;;;;5251.0;0.0
-1;10800;VEV_4000;1260;15;1258;25;;;1282;15;1284;25;;;1271.0;0.0
-1;10800;VEV_4500;755;10;753;21;;;771;10;772;8;773;21;763.0;0.0
-1;10800;VEV_5000;251;10;250;14;;;257;9;258;20;;;254.0;0.0
-1;10800;VEV_5100;166;10;;;;;;;;;;;166.0;0.0
-1;10800;VEV_5200;92;7;91;35;;;;;;;;;92.0;0.0
-1;10800;VEV_5300;48;19;;;;;50;20;;;;;49.0;0.0
-1;10800;VEV_5400;;;;;;;17;20;;;;;17.0;0.0
-1;10800;VEV_5500;5;26;;;;;7;24;;;;;6.0;0.0
-1;10800;VEV_6000;0;25;;;;;1;25;;;;;0.5;0.0
-1;10800;VEV_6500;0;18;;;;;1;18;;;;;0.5;0.0
-1;10900;ASH_COATED_OSMIUM;9990;21;;;;;10009;11;10011;21;;;9999.5;0.0
-1;10900;HYDROGEL_PACK;9997;11;9995;20;;;10013;11;10016;20;;;10005.0;0.0
-1;10900;INTARIAN_PEPPER_ROOT;13101;18;;;;;13118;8;13121;18;;;13109.5;0.0
-1;10900;VELVETFRUIT_EXTRACT;5248;21;5247;66;;;5253;40;;;;;5250.5;0.0
-1;10900;VEV_4000;1260;9;1257;22;;;1281;9;1284;22;;;1270.5;0.0
-1;10900;VEV_4500;756;10;754;17;;;772;10;773;8;774;17;764.0;0.0
-1;10900;VEV_5000;249;12;248;13;;;255;11;256;20;;;252.0;0.0
-1;10900;VEV_5100;165;10;164;13;;;169;27;170;20;;;167.0;0.0
-1;10900;VEV_5200;92;25;;;;;;;;;;;92.0;0.0
-1;10900;VEV_5300;48;18;;;;;50;25;;;;;49.0;0.0
-1;10900;VEV_5400;16;15;;;;;18;28;;;;;17.0;0.0
-1;10900;VEV_5500;6;24;;;;;7;21;;;;;6.5;0.0
-1;10900;VEV_6000;0;24;;;;;1;24;;;;;0.5;0.0
-1;10900;VEV_6500;0;14;;;;;1;14;;;;;0.5;0.0
-1;11000;ASH_COATED_OSMIUM;9993;10;9991;21;;;10012;21;;;;;10002.5;0.0
-1;11000;HYDROGEL_PACK;9999;12;9996;28;;;10015;12;10017;28;;;10007.0;0.0
-1;11000;INTARIAN_PEPPER_ROOT;13104;10;13101;18;;;13121;18;;;;;13112.5;0.0
-1;11000;VELVETFRUIT_EXTRACT;5247;18;5246;58;;;5252;48;;;;;5249.5;0.0
-1;11000;VEV_4000;1260;12;1257;29;;;1281;12;1284;29;;;1270.5;0.0
-1;11000;VEV_4500;755;12;753;17;;;771;12;773;17;;;763.0;0.0
-1;11000;VEV_5000;251;9;;;;;257;8;258;22;;;254.0;0.0
-1;11000;VEV_5100;165;9;;;;;170;23;;;;;167.5;0.0
-1;11000;VEV_5200;93;7;92;25;;;96;29;;;;;94.5;0.0
-1;11000;VEV_5300;48;22;;;;;50;28;;;;;49.0;0.0
-1;11000;VEV_5400;16;20;16;29;;;17;23;;;;;16.5;0.0
-1;11000;VEV_5500;6;22;;;;;7;16;;;;;6.5;0.0
-1;11000;VEV_6000;0;23;;;;;1;23;;;;;0.5;0.0
-1;11000;VEV_6500;0;17;;;;;1;17;;;;;0.5;0.0
-1;11100;ASH_COATED_OSMIUM;10003;4;9993;11;9991;23;;;;;;;10003.0;0.0
-1;11100;HYDROGEL_PACK;9999;13;9996;24;;;10015;13;10017;24;;;10007.0;0.0
-1;11100;INTARIAN_PEPPER_ROOT;13104;9;13101;25;;;13118;9;13121;25;;;13111.0;0.0
-1;11100;VELVETFRUIT_EXTRACT;5245;17;5244;35;;;5250;42;;;;;5247.5;0.0
-1;11100;VEV_4000;1260;9;1258;15;;;1281;9;1284;15;;;1270.5;0.0
-1;11100;VEV_4500;753;15;;;;;771;7;773;15;;;762.0;0.0
-1;11100;VEV_5000;251;8;250;21;;;257;6;258;16;;;254.0;0.0
-1;11100;VEV_5100;163;17;;;;;168;12;169;23;;;165.5;0.0
-1;11100;VEV_5200;;;;;;;95;27;;;;;95.0;0.0
-1;11100;VEV_5300;48;24;;;;;50;27;;;;;49.0;0.0
-1;11100;VEV_5400;16;22;;;;;17;22;18;17;;;16.5;0.0
-1;11100;VEV_5500;6;22;;;;;7;22;;;;;6.5;0.0
-1;11100;VEV_6000;0;16;;;;;1;16;;;;;0.5;0.0
-1;11100;VEV_6500;0;17;;;;;1;17;;;;;0.5;0.0
-1;11200;ASH_COATED_OSMIUM;9994;13;9991;30;;;10010;13;10012;30;;;10002.0;0.0
-1;11200;HYDROGEL_PACK;9998;10;9996;23;;;10014;10;10017;23;;;10006.0;0.0
-1;11200;INTARIAN_PEPPER_ROOT;13104;11;13101;15;;;13118;11;13122;15;;;13111.0;0.0
-1;11200;VELVETFRUIT_EXTRACT;5246;44;5246;74;;;5252;71;;;;;5249.0;0.0
-1;11200;VEV_4000;1259;14;1256;30;;;1280;14;1283;30;;;1269.5;0.0
-1;11200;VEV_4500;755;7;;;;;771;7;772;9;774;12;763.0;0.0
-1;11200;VEV_5000;251;9;250;21;;;258;13;;;;;254.5;0.0
-1;11200;VEV_5100;164;23;163;19;;;168;7;169;19;;;166.0;0.0
-1;11200;VEV_5200;93;9;92;25;;;95;25;96;32;;;94.0;0.0
-1;11200;VEV_5300;48;9;;;;;50;29;;;;;49.0;0.0
-1;11200;VEV_5400;;;;;;;18;19;;;;;18.0;0.0
-1;11200;VEV_5500;6;20;;;;;7;27;;;;;6.5;0.0
-1;11200;VEV_6000;0;26;;;;;1;26;;;;;0.5;0.0
-1;11200;VEV_6500;0;20;;;;;1;20;;;;;0.5;0.0
-1;11300;ASH_COATED_OSMIUM;9998;5;9993;12;;;10009;12;10012;30;;;10003.5;0.0
-1;11300;HYDROGEL_PACK;9998;10;9996;29;;;10014;10;10017;29;;;10006.0;0.0
-1;11300;INTARIAN_PEPPER_ROOT;13101;19;;;;;13118;8;;;;;13109.5;0.0
-1;11300;VELVETFRUIT_EXTRACT;5246;50;;;;;5252;30;;;;;5249.0;0.0
-1;11300;VEV_4000;1258;13;1256;28;;;1280;13;1282;28;;;1269.0;0.0
-1;11300;VEV_4500;757;11;756;10;755;16;773;11;775;16;;;765.0;0.0
-1;11300;VEV_5000;252;8;251;16;;;259;25;;;;;255.5;0.0
-1;11300;VEV_5100;163;14;;;;;168;22;;;;;165.5;0.0
-1;11300;VEV_5200;93;7;92;19;;;95;28;96;22;;;94.0;0.0
-1;11300;VEV_5300;;;;;;;50;7;;;;;50.0;0.0
-1;11300;VEV_5400;16;5;15;25;;;;;;;;;16.0;0.0
-1;11300;VEV_5500;6;19;;;;;7;22;;;;;6.5;0.0
-1;11300;VEV_6000;0;24;;;;;1;24;;;;;0.5;0.0
-1;11300;VEV_6500;0;10;;;;;1;10;;;;;0.5;0.0
-1;11400;ASH_COATED_OSMIUM;9994;11;9991;27;;;10010;11;10012;27;;;10002.0;0.0
-1;11400;HYDROGEL_PACK;10000;14;9998;24;;;10016;14;10019;24;;;10008.0;0.0
-1;11400;INTARIAN_PEPPER_ROOT;13101;24;;;;;13118;11;13122;24;;;13109.5;0.0
-1;11400;VELVETFRUIT_EXTRACT;5246;44;5246;45;;;5252;41;;;;;5249.0;0.0
-1;11400;VEV_4000;1260;10;1257;16;;;1281;10;1284;16;;;1270.5;0.0
-1;11400;VEV_4500;758;8;756;20;;;774;8;776;20;;;766.0;0.0
-1;11400;VEV_5000;252;9;;;;;258;12;259;20;;;255.0;0.0
-1;11400;VEV_5100;165;9;164;19;;;169;21;170;30;;;167.0;0.0
-1;11400;VEV_5200;93;9;92;34;;;95;24;96;13;;;94.0;0.0
-1;11400;VEV_5300;48;20;;;;;50;24;51;12;;;49.0;0.0
-1;11400;VEV_5400;16;26;;;;;18;21;;;;;17.0;0.0
-1;11400;VEV_5500;6;26;;;;;7;19;;;;;6.5;0.0
-1;11400;VEV_6000;0;21;;;;;1;21;;;;;0.5;0.0
-1;11400;VEV_6500;0;16;;;;;1;16;;;;;0.5;0.0
-1;11500;ASH_COATED_OSMIUM;9993;12;9991;20;;;10009;12;10012;20;;;10001.0;0.0
-1;11500;HYDROGEL_PACK;10001;10;9998;21;;;10017;10;10019;21;;;10009.0;0.0
-1;11500;INTARIAN_PEPPER_ROOT;;;;;;;13119;12;;;;;13119.0;0.0
-1;11500;VELVETFRUIT_EXTRACT;5247;60;;;;;5253;36;;;;;5250.0;0.0
-1;11500;VEV_4000;1259;14;1256;26;;;1280;14;1283;26;;;1269.5;0.0
-1;11500;VEV_4500;757;7;755;19;;;773;7;775;19;;;765.0;0.0
-1;11500;VEV_5000;252;7;251;23;;;258;11;259;17;;;255.0;0.0
-1;11500;VEV_5100;165;11;;;;;169;33;;;;;167.0;0.0
-1;11500;VEV_5200;;;;;;;95;28;96;25;;;95.0;0.0
-1;11500;VEV_5300;48;27;;;;;50;23;;;;;49.0;0.0
-1;11500;VEV_5400;16;21;;;;;18;24;;;;;17.0;0.0
-1;11500;VEV_5500;5;26;;;;;7;18;;;;;6.0;0.0
-1;11500;VEV_6000;0;19;;;;;1;19;;;;;0.5;0.0
-1;11500;VEV_6500;0;18;;;;;1;18;;;;;0.5;0.0
-1;11600;ASH_COATED_OSMIUM;9991;28;;;;;10009;14;10012;28;;;10000.0;0.0
-1;11600;HYDROGEL_PACK;10000;15;9997;25;;;10016;15;10018;25;;;10008.0;0.0
-1;11600;INTARIAN_PEPPER_ROOT;13101;25;;;;;13119;9;13122;25;;;13110.0;0.0
-1;11600;VELVETFRUIT_EXTRACT;5249;59;;;;;5254;17;5255;59;;;5251.5;0.0
-1;11600;VEV_4000;1260;8;1257;18;;;1281;8;1284;18;;;1270.5;0.0
-1;11600;VEV_4500;757;12;755;20;;;773;12;774;12;775;20;765.0;0.0
-1;11600;VEV_5000;251;8;250;24;;;257;25;;;;;254.0;0.0
-1;11600;VEV_5100;;;;;;;167;11;168;21;;;167.0;0.0
-1;11600;VEV_5200;93;7;92;29;;;96;18;;;;;94.5;0.0
-1;11600;VEV_5300;48;22;47;20;;;50;28;;;;;49.0;0.0
-1;11600;VEV_5400;15;22;;;;;17;22;;;;;16.0;0.0
-1;11600;VEV_5500;6;18;;;;;7;20;;;;;6.5;0.0
-1;11600;VEV_6000;0;28;;;;;1;28;;;;;0.5;0.0
-1;11600;VEV_6500;0;14;;;;;1;14;;;;;0.5;0.0
-1;11700;ASH_COATED_OSMIUM;9994;15;9991;23;;;10012;23;;;;;10003.0;0.0
-1;11700;HYDROGEL_PACK;10003;12;10001;25;;;10019;12;10022;25;;;10011.0;0.0
-1;11700;INTARIAN_PEPPER_ROOT;13105;10;13101;22;;;13119;10;13122;22;;;13112.0;0.0
-1;11700;VELVETFRUIT_EXTRACT;5249;20;5248;61;;;5254;56;;;;;5251.5;0.0
-1;11700;VEV_4000;1258;9;1256;23;;;1280;9;1282;23;;;1269.0;0.0
-1;11700;VEV_4500;757;14;;;;;775;7;777;14;;;766.0;0.0
-1;11700;VEV_5000;251;10;250;22;;;257;8;258;23;;;254.0;0.0
-1;11700;VEV_5100;162;8;;;;;166;12;167;27;;;164.0;0.0
-1;11700;VEV_5200;94;6;93;29;;;97;32;;;;;95.5;0.0
-1;11700;VEV_5300;48;25;47;21;;;50;16;;;;;49.0;0.0
-1;11700;VEV_5400;16;24;;;;;18;19;;;;;17.0;0.0
-1;11700;VEV_5500;6;27;;;;;7;19;;;;;6.5;0.0
-1;11700;VEV_6000;0;26;;;;;1;26;;;;;0.5;0.0
-1;11700;VEV_6500;0;15;;;;;1;15;;;;;0.5;0.0
-1;11800;ASH_COATED_OSMIUM;9994;12;9991;28;;;10010;12;;;;;10002.0;0.0
-1;11800;HYDROGEL_PACK;10004;13;10002;22;;;10020;13;10023;22;;;10012.0;0.0
-1;11800;INTARIAN_PEPPER_ROOT;13105;8;13101;16;;;13119;8;;;;;13112.0;0.0
-1;11800;VELVETFRUIT_EXTRACT;5248;31;;;;;5253;23;5254;38;;;5250.5;0.0
-1;11800;VEV_4000;1258;10;1256;20;;;1279;10;1282;20;;;1268.5;0.0
-1;11800;VEV_4500;757;8;;;;;773;8;775;23;;;765.0;0.0
-1;11800;VEV_5000;250;7;249;24;;;256;7;257;18;;;253.0;0.0
-1;11800;VEV_5100;163;32;162;20;;;167;6;168;17;;;165.0;0.0
-1;11800;VEV_5200;93;17;;;;;97;24;;;;;95.0;0.0
-1;11800;VEV_5300;49;21;;;;;51;22;51;19;;;50.0;0.0
-1;11800;VEV_5400;15;18;;;;;17;25;;;;;16.0;0.0
-1;11800;VEV_5500;5;9;;;;;7;24;;;;;6.0;0.0
-1;11800;VEV_6000;0;28;;;;;1;28;;;;;0.5;0.0
-1;11800;VEV_6500;0;15;;;;;1;15;;;;;0.5;0.0
-1;11900;ASH_COATED_OSMIUM;9993;12;;;;;10009;12;;;;;10001.0;0.0
-1;11900;HYDROGEL_PACK;10005;14;10002;29;;;10021;14;10023;29;;;10013.0;0.0
-1;11900;INTARIAN_PEPPER_ROOT;13105;11;;;;;13119;11;;;;;13112.0;0.0
-1;11900;VELVETFRUIT_EXTRACT;5247;36;;;;;5253;19;;;;;5250.0;0.0
-1;11900;VEV_4000;1259;7;1256;30;;;1280;7;1283;30;;;1269.5;0.0
-1;11900;VEV_4500;757;8;755;21;;;773;8;775;21;;;765.0;0.0
-1;11900;VEV_5000;248;16;;;;;255;12;256;18;;;251.5;0.0
-1;11900;VEV_5100;163;10;162;12;;;167;10;168;27;;;165.0;0.0
-1;11900;VEV_5200;94;24;;;;;97;9;98;23;;;95.5;0.0
-1;11900;VEV_5300;48;25;47;12;;;50;20;;;;;49.0;0.0
-1;11900;VEV_5400;16;8;15;17;;;;;;;;;16.0;0.0
-1;11900;VEV_5500;5;20;;;;;7;5;;;;;6.0;0.0
-1;11900;VEV_6000;0;19;;;;;1;19;;;;;0.5;0.0
-1;11900;VEV_6500;0;21;;;;;1;21;;;;;0.5;0.0
-1;12000;ASH_COATED_OSMIUM;9991;27;;;;;10009;12;10012;27;;;10000.0;0.0
-1;12000;HYDROGEL_PACK;10000;15;9997;30;;;10016;15;10018;30;;;10008.0;0.0
-1;12000;INTARIAN_PEPPER_ROOT;13105;8;13102;22;;;13119;8;13122;22;;;13112.0;0.0
-1;12000;VELVETFRUIT_EXTRACT;5248;48;;;;;5254;42;;;;;5251.0;0.0
-1;12000;VEV_4000;1261;9;1258;19;;;1282;9;1285;19;;;1271.5;0.0
-1;12000;VEV_4500;756;7;755;6;754;15;772;7;774;15;;;764.0;0.0
-1;12000;VEV_5000;248;23;;;;;255;29;256;19;;;251.5;0.0
-1;12000;VEV_5100;161;12;;;;;166;7;167;30;;;163.5;0.0
-1;12000;VEV_5200;95;7;94;29;;;;;;;;;95.0;0.0
-1;12000;VEV_5300;48;20;;;;;50;25;;;;;49.0;0.0
-1;12000;VEV_5400;16;7;15;16;;;17;27;;;;;16.5;0.0
-1;12000;VEV_5500;5;20;;;;;7;26;;;;;6.0;0.0
-1;12000;VEV_6000;0;22;;;;;1;22;;;;;0.5;0.0
-1;12000;VEV_6500;0;16;;;;;1;16;;;;;0.5;0.0
-1;12100;ASH_COATED_OSMIUM;9994;12;9991;29;;;10010;12;10012;29;;;10002.0;0.0
-1;12100;HYDROGEL_PACK;9996;13;9994;24;;;10012;13;10015;24;;;10004.0;0.0
-1;12100;INTARIAN_PEPPER_ROOT;13105;11;;;;;13119;11;13122;18;;;13112.0;0.0
-1;12100;VELVETFRUIT_EXTRACT;5247;62;;;;;5253;63;;;;;5250.0;0.0
-1;12100;VEV_4000;1262;15;1259;16;;;1283;15;1286;16;;;1272.5;0.0
-1;12100;VEV_4500;754;17;;;;;774;17;;;;;764.0;0.0
-1;12100;VEV_5000;247;15;;;;;255;24;;;;;251.0;0.0
-1;12100;VEV_5100;;;;;;;166;6;167;32;;;166.0;0.0
-1;12100;VEV_5200;93;19;;;;;96;29;97;27;;;94.5;0.0
-1;12100;VEV_5300;48;5;;;;;50;26;;;;;49.0;0.0
-1;12100;VEV_5400;15;19;;;;;;;;;;;15.0;0.0
-1;12100;VEV_5500;5;16;;;;;7;20;;;;;6.0;0.0
-1;12100;VEV_6000;0;29;;;;;1;29;;;;;0.5;0.0
-1;12100;VEV_6500;0;18;;;;;1;18;;;;;0.5;0.0
-1;12200;ASH_COATED_OSMIUM;9990;26;;;;;10009;15;10011;26;;;9999.5;0.0
-1;12200;HYDROGEL_PACK;9997;15;9995;28;;;10013;15;10016;28;;;10005.0;0.0
-1;12200;INTARIAN_PEPPER_ROOT;13105;12;13102;21;;;13119;12;13123;21;;;13112.0;0.0
-1;12200;VELVETFRUIT_EXTRACT;5248;58;5248;25;;;5254;35;;;;;5251.0;0.0
-1;12200;VEV_4000;1260;10;1257;23;;;1281;10;1284;23;;;1270.5;0.0
-1;12200;VEV_4500;755;9;754;19;753;16;771;9;772;6;773;16;763.0;0.0
-1;12200;VEV_5000;247;26;246;15;;;253;10;254;22;;;250.0;0.0
-1;12200;VEV_5100;163;6;162;13;;;167;26;168;24;;;165.0;0.0
-1;12200;VEV_5200;93;17;;;;;97;33;;;;;95.0;0.0
-1;12200;VEV_5300;49;6;;;;;51;27;;;;;50.0;0.0
-1;12200;VEV_5400;15;22;;;;;17;15;;;;;16.0;0.0
-1;12200;VEV_5500;5;18;;;;;7;21;;;;;6.0;0.0
-1;12200;VEV_6000;0;25;;;;;1;25;;;;;0.5;0.0
-1;12200;VEV_6500;0;15;;;;;1;15;;;;;0.5;0.0
-1;12300;ASH_COATED_OSMIUM;9999;5;;;;;10011;22;;;;;10005.0;0.0
-1;12300;HYDROGEL_PACK;9996;12;9993;22;;;10012;12;10014;22;;;10004.0;0.0
-1;12300;INTARIAN_PEPPER_ROOT;13105;12;13102;21;;;13119;12;13123;21;;;13112.0;0.0
-1;12300;VELVETFRUIT_EXTRACT;5247;61;;;;;5253;56;;;;;5250.0;0.0
-1;12300;VEV_4000;1259;8;1257;28;;;1281;8;1283;28;;;1270.0;0.0
-1;12300;VEV_4500;755;8;753;12;;;771;8;773;12;;;763.0;0.0
-1;12300;VEV_5000;248;27;247;20;;;254;11;255;13;;;251.0;0.0
-1;12300;VEV_5100;163;31;162;22;;;167;31;168;34;;;165.0;0.0
-1;12300;VEV_5200;92;22;;;;;;;;;;;92.0;0.0
-1;12300;VEV_5300;50;24;;;;;52;7;;;;;51.0;0.0
-1;12300;VEV_5400;15;21;;;;;;;;;;;15.0;0.0
-1;12300;VEV_5500;5;24;;;;;7;21;;;;;6.0;0.0
-1;12300;VEV_6000;0;23;;;;;1;23;;;;;0.5;0.0
-1;12300;VEV_6500;0;16;;;;;1;16;;;;;0.5;0.0
-1;12400;ASH_COATED_OSMIUM;9993;15;;;;;10009;15;10012;30;;;10001.0;0.0
-1;12400;HYDROGEL_PACK;9995;15;9992;25;;;10011;15;10013;25;;;10003.0;0.0
-1;12400;INTARIAN_PEPPER_ROOT;13105;9;;;;;13123;17;;;;;13114.0;0.0
-1;12400;VELVETFRUIT_EXTRACT;5245;48;;;;;5251;40;;;;;5248.0;0.0
-1;12400;VEV_4000;1259;9;1257;17;;;1280;9;1283;17;;;1269.5;0.0
-1;12400;VEV_4500;755;9;753;14;;;771;9;773;14;;;763.0;0.0
-1;12400;VEV_5000;248;6;247;19;;;;;;;;;248.0;0.0
-1;12400;VEV_5100;161;25;;;;;166;23;167;15;;;163.5;0.0
-1;12400;VEV_5200;93;26;;;;;95;6;96;22;;;94.0;0.0
-1;12400;VEV_5300;49;5;;;;;51;26;;;;;50.0;0.0
-1;12400;VEV_5400;;;;;;;17;19;;;;;17.0;0.0
-1;12400;VEV_5500;5;18;;;;;6;24;;;;;5.5;0.0
-1;12400;VEV_6000;0;24;;;;;1;24;;;;;0.5;0.0
-1;12400;VEV_6500;0;21;;;;;1;21;;;;;0.5;0.0
-1;12500;ASH_COATED_OSMIUM;9993;14;9991;20;;;10009;14;10012;20;;;10001.0;0.0
-1;12500;HYDROGEL_PACK;9994;11;9991;20;;;10010;11;10012;20;;;10002.0;0.0
-1;12500;INTARIAN_PEPPER_ROOT;13105;11;13102;25;;;13120;11;13123;25;;;13112.5;0.0
-1;12500;VELVETFRUIT_EXTRACT;5244;53;;;;;5249;18;5250;68;;;5246.5;0.0
-1;12500;VEV_4000;1260;14;1257;21;;;1281;14;;;;;1270.5;0.0
-1;12500;VEV_4500;753;13;;;;;773;13;;;;;763.0;0.0
-1;12500;VEV_5000;247;10;;;;;253;26;;;;;250.0;0.0
-1;12500;VEV_5100;159;21;;;;;165;12;;;;;162.0;0.0
-1;12500;VEV_5200;93;35;;;;;;;;;;;93.0;0.0
-1;12500;VEV_5300;49;26;;;;;51;22;;;;;50.0;0.0
-1;12500;VEV_5400;;;;;;;17;16;;;;;17.0;0.0
-1;12500;VEV_5500;5;24;;;;;7;23;;;;;6.0;0.0
-1;12500;VEV_6000;0;20;;;;;1;20;;;;;0.5;0.0
-1;12500;VEV_6500;0;14;;;;;1;14;;;;;0.5;0.0
-1;12600;ASH_COATED_OSMIUM;9994;10;9991;30;;;10000;5;;;;;9997.0;0.0
-1;12600;HYDROGEL_PACK;9991;14;9989;27;;;10007;14;10010;27;;;9999.0;0.0
-1;12600;INTARIAN_PEPPER_ROOT;13106;11;;;;;13120;11;13123;23;;;13113.0;0.0
-1;12600;VELVETFRUIT_EXTRACT;5244;47;;;;;5250;37;;;;;5247.0;0.0
-1;12600;VEV_4000;1259;12;1257;28;;;1280;12;1283;28;;;1269.5;0.0
-1;12600;VEV_4500;755;7;753;23;;;771;7;773;23;;;763.0;0.0
-1;12600;VEV_5000;246;10;245;19;;;252;8;253;16;;;249.0;0.0
-1;12600;VEV_5100;158;19;;;;;163;30;164;22;;;160.5;0.0
-1;12600;VEV_5200;93;29;92;29;;;96;24;;;;;94.5;0.0
-1;12600;VEV_5300;49;8;;;;;51;16;;;;;50.0;0.0
-1;12600;VEV_5400;;;;;;;17;23;;;;;17.0;0.0
-1;12600;VEV_5500;5;24;;;;;6;21;;;;;5.5;0.0
-1;12600;VEV_6000;0;20;;;;;1;20;;;;;0.5;0.0
-1;12600;VEV_6500;0;12;;;;;1;12;;;;;0.5;0.0
