timestamp;buyer;seller;symbol;currency;price;quantity
0;BOT_TAKER;BOT_MAKER;VEV_5500;XIRECS;7.0;4
0;BOT_TAKER;BOT_MAKER;VEV_6000;XIRECS;1.0;5
0;BOT_TAKER;BOT_MAKER;VEV_6500;XIRECS;1.0;4
0;SUBMISSION;BOT;INTARIAN_PEPPER_ROOT;XIRECS;13107.0;8
100;BOT_MAKER;BOT_TAKER;HYDROGEL_PACK;XIRECS;9972.0;2
100;BOT_TAKER;BOT_MAKER;VEV_4000;XIRECS;1271.0;1
200;BOT_MAKER;BOT_TAKER;HYDROGEL_PACK;XIRECS;9972.0;3
200;SUBMISSION;BOT;INTARIAN_PEPPER_ROOT;XIRECS;13107.0;11
300;SUBMISSION;BOT;INTARIAN_PEPPER_ROOT;XIRECS;13107.0;11
300;SUBMISSION;BOT_TAKER;VELVETFRUIT_EXTRACT;XIRECS;5258.0;5
300;BOT_MAKER;BOT_TAKER;VELVETFRUIT_EXTRACT;XIRECS;5257.0;1
400;BOT_TAKER;BOT_MAKER;HYDROGEL_PACK;XIRECS;9990.0;2
400;SUBMISSION;BOT;INTARIAN_PEPPER_ROOT;XIRECS;13107.0;11
500;BOT_TAKER;BOT_MAKER;ASH_COATED_OSMIUM;XIRECS;10007.0;7
500;BOT_MAKER;BOT_TAKER;VELVETFRUIT_EXTRACT;XIRECS;5256.0;5
500;BOT_TAKER;BOT_MAKER;VEV_5400;XIRECS;17.0;2
500;BOT_TAKER;BOT_MAKER;VEV_6500;XIRECS;1.0;5
500;SUBMISSION;BOT;INTARIAN_PEPPER_ROOT;XIRECS;13108.0;8
600;BOT_TAKER;BOT_MAKER;HYDROGEL_PACK;XIRECS;9989.0;3
600;BOT_TAKER;BOT_MAKER;VELVETFRUIT_EXTRACT;XIRECS;5262.0;3
600;SUBMISSION;BOT;INTARIAN_PEPPER_ROOT;XIRECS;13108.0;10
700;BOT_MAKER;BOT_TAKER;VEV_5500;XIRECS;6.0;4
700;BOT_MAKER;BOT_TAKER;VEV_6500;XIRECS;0.0;5
800;BOT_MAKER;BOT_TAKER;ASH_COATED_OSMIUM;XIRECS;9990.0;6
800;BOT_MAKER;BOT_TAKER;VELVETFRUIT_EXTRACT;XIRECS;5254.0;4
800;BOT_MAKER;BOT_TAKER;VELVETFRUIT_EXTRACT;XIRECS;5254.0;10
900;BOT_MAKER;BOT_TAKER;VEV_6000;XIRECS;0.0;5
900;BOT_MAKER;BOT_TAKER;VEV_6500;XIRECS;0.0;2
900;SUBMISSION;BOT;INTARIAN_PEPPER_ROOT;XIRECS;13108.0;11
900;BOT_TAKER;SUBMISSION;VELVETFRUIT_EXTRACT;XIRECS;5257.0;3
1000;SUBMISSION;BOT;INTARIAN_PEPPER_ROOT;XIRECS;13108.0;10
1000;SUBMISSION;BOT_TAKER;VELVETFRUIT_EXTRACT;XIRECS;5253.0;5
1000;BOT_MAKER;BOT_TAKER;VELVETFRUIT_EXTRACT;XIRECS;5252.0;2
1100;BOT_MAKER;BOT_TAKER;VEV_5500;XIRECS;6.0;3
1300;BOT_MAKER;BOT_TAKER;VELVETFRUIT_EXTRACT;XIRECS;5253.0;3
1300;BOT_TAKER;BOT_MAKER;VEV_6500;XIRECS;1.0;3
1300;SUBMISSION;BOT_TAKER;HYDROGEL_PACK;XIRECS;9983.0;5
1500;BOT_MAKER;BOT_TAKER;VELVETFRUIT_EXTRACT;XIRECS;5252.0;4
1600;BOT_TAKER;BOT_MAKER;ASH_COATED_OSMIUM;XIRECS;10010.0;2
1600;BOT_MAKER;BOT_TAKER;VELVETFRUIT_EXTRACT;XIRECS;5252.0;7
1700;BOT_TAKER;BOT_MAKER;VELVETFRUIT_EXTRACT;XIRECS;5257.0;7
1800;BOT_TAKER;SUBMISSION;ASH_COATED_OSMIUM;XIRECS;10006.0;4
1900;BOT_TAKER;BOT_MAKER;VEV_5300;XIRECS;49.0;4
2000;BOT_TAKER;BOT_MAKER;HYDROGEL_PACK;XIRECS;9992.0;6
2100;BOT_TAKER;BOT_MAKER;HYDROGEL_PACK;XIRECS;9988.0;4
2200;BOT_TAKER;BOT_MAKER;VELVETFRUIT_EXTRACT;XIRECS;5260.0;6
2200;BOT_MAKER;BOT_TAKER;VEV_5400;XIRECS;16.0;3
2300;BOT_TAKER;BOT_MAKER;HYDROGEL_PACK;XIRECS;9990.0;5
2300;BOT_MAKER;BOT_TAKER;INTARIAN_PEPPER_ROOT;XIRECS;13095.0;7
2300;SUBMISSION;BOT_TAKER;HYDROGEL_PACK;XIRECS;9975.0;4
2300;BOT_TAKER;SUBMISSION;VELVETFRUIT_EXTRACT;XIRECS;5257.0;3
2400;BOT_MAKER;BOT_TAKER;HYDROGEL_PACK;XIRECS;9977.0;6
2400;BOT_TAKER;BOT_MAKER;VELVETFRUIT_EXTRACT;XIRECS;5258.0;3
2400;BOT_MAKER;BOT_TAKER;VEV_5500;XIRECS;6.0;4
2500;BOT_MAKER;BOT_TAKER;VEV_4000;XIRECS;1249.0;2
2500;BOT_MAKER;BOT_TAKER;VEV_5400;XIRECS;16.0;5
2600;BOT_TAKER;BOT_MAKER;VELVETFRUIT_EXTRACT;XIRECS;5257.0;6
2700;BOT_TAKER;BOT_MAKER;ASH_COATED_OSMIUM;XIRECS;10007.0;4
2700;BOT_TAKER;BOT_MAKER;VELVETFRUIT_EXTRACT;XIRECS;5258.0;8
2900;BOT_MAKER;BOT_TAKER;VEV_4000;XIRECS;1251.0;2
3000;BOT_TAKER;BOT_MAKER;VELVETFRUIT_EXTRACT;XIRECS;5255.0;6
3000;BOT_MAKER;BOT_TAKER;VEV_6500;XIRECS;0.0;4
3100;BOT_TAKER;BOT_MAKER;HYDROGEL_PACK;XIRECS;9991.0;5
3100;BOT_MAKER;BOT_TAKER;VEV_4000;XIRECS;1251.0;1
3200;BOT_TAKER;BOT_MAKER;VEV_5500;XIRECS;7.0;5
3200;SUBMISSION;BOT_TAKER;ASH_COATED_OSMIUM;XIRECS;9993.0;4
3300;BOT_MAKER;BOT_TAKER;VELVETFRUIT_EXTRACT;XIRECS;5249.0;5
3300;SUBMISSION;BOT;ASH_COATED_OSMIUM;XIRECS;9998.0;9
3400;BOT_MAKER;BOT_TAKER;VEV_6500;XIRECS;0.0;5
3400;BOT_MAKER;BOT_TAKER;VEV_6500;XIRECS;0.0;4
3500;BOT_TAKER;BOT_MAKER;VELVETFRUIT_EXTRACT;XIRECS;5254.0;5
3600;BOT_TAKER;BOT_MAKER;HYDROGEL_PACK;XIRECS;9996.0;3
3600;BOT_TAKER;BOT_MAKER;VELVETFRUIT_EXTRACT;XIRECS;5254.0;7
3600;BOT_MAKER;BOT_TAKER;VEV_5300;XIRECS;47.0;4
3600;BOT_MAKER;BOT_TAKER;VEV_6500;XIRECS;0.0;3
3800;BOT_MAKER;BOT_TAKER;VELVETFRUIT_EXTRACT;XIRECS;5248.0;8
3900;BOT_TAKER;BOT_MAKER;HYDROGEL_PACK;XIRECS;9995.0;3
3900;BOT_TAKER;BOT_MAKER;VELVETFRUIT_EXTRACT;XIRECS;5255.0;6
3900;BOT_TAKER;BOT_MAKER;VEV_5500;XIRECS;7.0;4
4000;BOT_MAKER;BOT_TAKER;VEV_5400;XIRECS;16.0;3
4000;BOT_MAKER;BOT_TAKER;VEV_6000;XIRECS;0.0;3
4200;BOT_MAKER;BOT_TAKER;VELVETFRUIT_EXTRACT;XIRECS;5250.0;8
4200;BOT_TAKER;SUBMISSION;VELVETFRUIT_EXTRACT;XIRECS;5255.0;5
4200;BOT_TAKER;BOT_MAKER;VELVETFRUIT_EXTRACT;XIRECS;5256.0;2
4300;BOT_MAKER;BOT_TAKER;VELVETFRUIT_EXTRACT;XIRECS;5250.0;7
4400;BOT_TAKER;BOT_MAKER;VELVETFRUIT_EXTRACT;XIRECS;5257.0;9
4400;BOT_TAKER;BOT_MAKER;VEV_4000;XIRECS;1278.0;1
4500;BOT_MAKER;BOT_TAKER;HYDROGEL_PACK;XIRECS;9979.0;6
4500;BOT_MAKER;BOT_TAKER;VELVETFRUIT_EXTRACT;XIRECS;5249.0;5
4600;BOT_MAKER;BOT_TAKER;VELVETFRUIT_EXTRACT;XIRECS;5249.0;3
4700;BOT_TAKER;BOT_MAKER;HYDROGEL_PACK;XIRECS;9999.0;4
4700;BOT_TAKER;BOT_MAKER;VELVETFRUIT_EXTRACT;XIRECS;5254.0;5
4800;BOT_MAKER;BOT_TAKER;HYDROGEL_PACK;XIRECS;9982.0;6
4800;BOT_TAKER;BOT_MAKER;VEV_5500;XIRECS;7.0;2
4800;BOT_MAKER;BOT_TAKER;VEV_6500;XIRECS;0.0;4
5000;BOT_MAKER;BOT_TAKER;VELVETFRUIT_EXTRACT;XIRECS;5250.0;3
5000;BOT_TAKER;BOT_MAKER;VEV_5500;XIRECS;7.0;2
5100;BOT_TAKER;BOT_MAKER;VELVETFRUIT_EXTRACT;XIRECS;5256.0;6
5300;BOT_MAKER;BOT_TAKER;VELVETFRUIT_EXTRACT;XIRECS;5247.0;5
5300;BOT_MAKER;BOT_TAKER;VEV_6000;XIRECS;0.0;4
5300;SUBMISSION;BOT_TAKER;HYDROGEL_PACK;XIRECS;9980.0;5
5300;BOT_MAKER;BOT_TAKER;HYDROGEL_PACK;XIRECS;9979.0;1
5400;BOT_MAKER;BOT_TAKER;VELVETFRUIT_EXTRACT;XIRECS;5247.0;7
5400;BOT_TAKER;SUBMISSION;HYDROGEL_PACK;XIRECS;9996.0;5
5400;BOT_TAKER;BOT_MAKER;HYDROGEL_PACK;XIRECS;9997.0;1
5400;SUBMISSION;BOT_TAKER;VEV_4000;XIRECS;1260.0;2
5500;BOT_TAKER;BOT_MAKER;VEV_6500;XIRECS;1.0;5
5600;BOT_MAKER;BOT_TAKER;HYDROGEL_PACK;XIRECS;9979.0;3
5600;BOT_MAKER;BOT_TAKER;VELVETFRUIT_EXTRACT;XIRECS;5246.0;8
5600;BOT_TAKER;BOT_MAKER;VEV_6500;XIRECS;1.0;3
5600;SUBMISSION;BOT_TAKER;ASH_COATED_OSMIUM;XIRECS;9995.0;2
5700;BOT_TAKER;BOT_MAKER;VELVETFRUIT_EXTRACT;XIRECS;5253.0;8
5700;BOT_MAKER;BOT_TAKER;VEV_5300;XIRECS;49.0;2
5700;BOT_MAKER;BOT_TAKER;INTARIAN_PEPPER_ROOT;XIRECS;13099.0;5
5700;SUBMISSION;BOT_TAKER;VELVETFRUIT_EXTRACT;XIRECS;5248.0;5
5700;BOT_MAKER;BOT_TAKER;VELVETFRUIT_EXTRACT;XIRECS;5247.0;1
5800;BOT_MAKER;BOT_TAKER;VELVETFRUIT_EXTRACT;XIRECS;5248.0;3
5900;BOT_MAKER;BOT_TAKER;VELVETFRUIT_EXTRACT;XIRECS;5248.0;7
5900;BOT_TAKER;BOT_MAKER;VEV_5200;XIRECS;102.0;1
5900;BOT_TAKER;BOT_MAKER;VEV_5400;XIRECS;18.0;4
5900;BOT_TAKER;BOT_MAKER;VEV_6500;XIRECS;1.0;5
5900;BOT_TAKER;SUBMISSION;VELVETFRUIT_EXTRACT;XIRECS;5252.0;5
6100;BOT_MAKER;BOT_TAKER;VELVETFRUIT_EXTRACT;XIRECS;5248.0;4
6100;BOT_MAKER;BOT_TAKER;VEV_6000;XIRECS;0.0;5
6200;BOT_MAKER;BOT_TAKER;VEV_4000;XIRECS;1255.0;1
6300;BOT_MAKER;BOT_TAKER;HYDROGEL_PACK;XIRECS;9978.0;2
6400;BOT_MAKER;BOT_TAKER;HYDROGEL_PACK;XIRECS;9975.0;6
6500;BOT_TAKER;BOT_MAKER;VELVETFRUIT_EXTRACT;XIRECS;5250.0;8
6600;BOT_TAKER;BOT_MAKER;VELVETFRUIT_EXTRACT;XIRECS;5250.0;6
6600;BOT_MAKER;BOT_TAKER;VEV_5300;XIRECS;49.0;2
6700;BOT_MAKER;BOT_TAKER;HYDROGEL_PACK;XIRECS;9981.0;5
6700;BOT_MAKER;BOT_TAKER;VELVETFRUIT_EXTRACT;XIRECS;5245.0;8
6800;SUBMISSION;BOT_TAKER;HYDROGEL_PACK;XIRECS;9982.0;2
6900;BOT_MAKER;BOT_TAKER;VEV_5500;XIRECS;6.0;5
7000;BOT_MAKER;BOT_TAKER;VEV_6000;XIRECS;0.0;5
7100;BOT_MAKER;BOT_TAKER;VELVETFRUIT_EXTRACT;XIRECS;5245.0;5
7100;BOT_MAKER;BOT_TAKER;VEV_5400;XIRECS;17.0;4
7200;BOT_TAKER;BOT_MAKER;VELVETFRUIT_EXTRACT;XIRECS;5250.0;7
7300;BOT_TAKER;BOT_MAKER;VELVETFRUIT_EXTRACT;XIRECS;5249.0;3
7300;BOT_TAKER;BOT_MAKER;VEV_5300;XIRECS;52.0;2
7400;BOT_MAKER;BOT_TAKER;HYDROGEL_PACK;XIRECS;9987.0;2
7400;BOT_MAKER;BOT_TAKER;VELVETFRUIT_EXTRACT;XIRECS;5243.0;4
7500;BOT_TAKER;BOT_MAKER;VELVETFRUIT_EXTRACT;XIRECS;5250.0;8
7500;BOT_MAKER;BOT_TAKER;VEV_5400;XIRECS;16.0;5
7500;BOT_MAKER;BOT_TAKER;VEV_6500;XIRECS;0.0;4
7500;SUBMISSION;BOT_TAKER;VELVETFRUIT_EXTRACT;XIRECS;5245.0;4
7600;BOT_TAKER;BOT_MAKER;VELVETFRUIT_EXTRACT;XIRECS;5249.0;4
7600;SUBMISSION;BOT_TAKER;HYDROGEL_PACK;XIRECS;9995.0;5
7900;BOT_TAKER;BOT_MAKER;HYDROGEL_PACK;XIRECS;10012.0;3
7900;BOT_MAKER;BOT_TAKER;VELVETFRUIT_EXTRACT;XIRECS;5244.0;4
7900;BOT_MAKER;BOT_TAKER;VEV_4000;XIRECS;1255.0;1
8000;BOT_MAKER;BOT_TAKER;VEV_6000;XIRECS;0.0;4
8000;BOT_TAKER;SUBMISSION;VELVETFRUIT_EXTRACT;XIRECS;5248.0;4
8100;BOT_MAKER;BOT_TAKER;ASH_COATED_OSMIUM;XIRECS;9994.0;2
8100;BOT_TAKER;BOT_MAKER;VELVETFRUIT_EXTRACT;XIRECS;5248.0;3
8200;BOT_MAKER;BOT_TAKER;ASH_COATED_OSMIUM;XIRECS;9994.0;6
8200;BOT_TAKER;BOT_MAKER;VELVETFRUIT_EXTRACT;XIRECS;5250.0;3
8200;BOT_TAKER;SUBMISSION;VELVETFRUIT_EXTRACT;XIRECS;5249.0;5
8300;BOT_MAKER;BOT_TAKER;VELVETFRUIT_EXTRACT;XIRECS;5245.0;6
8300;BOT_MAKER;BOT_TAKER;VEV_5300;XIRECS;49.0;4
8300;BOT_MAKER;BOT_TAKER;VEV_5400;XIRECS;16.0;2
8400;BOT_TAKER;BOT_MAKER;VEV_4000;XIRECS;1278.0;2
8400;BOT_TAKER;BOT_MAKER;VEV_5400;XIRECS;18.0;2
8400;BOT_TAKER;BOT_MAKER;VEV_5500;XIRECS;7.0;5
8400;SUBMISSION;BOT;ASH_COATED_OSMIUM;XIRECS;10000.0;5
8400;BOT_TAKER;SUBMISSION;ASH_COATED_OSMIUM;XIRECS;10009.0;5
8500;BOT_MAKER;BOT_TAKER;HYDROGEL_PACK;XIRECS;10006.0;5
8500;BOT_MAKER;BOT_TAKER;VELVETFRUIT_EXTRACT;XIRECS;5245.0;4
8600;BOT_MAKER;BOT_TAKER;VELVETFRUIT_EXTRACT;XIRECS;5245.0;5
8600;BOT_TAKER;SUBMISSION;VEV_4000;XIRECS;1276.0;2
8700;BOT_MAKER;BOT_TAKER;VELVETFRUIT_EXTRACT;XIRECS;5244.0;6
8700;BOT_TAKER;SUBMISSION;HYDROGEL_PACK;XIRECS;10024.0;5
8800;SUBMISSION;BOT_TAKER;VEV_4000;XIRECS;1256.0;1
8900;BOT_TAKER;BOT_MAKER;HYDROGEL_PACK;XIRECS;10027.0;6
8900;BOT_MAKER;BOT_TAKER;VELVETFRUIT_EXTRACT;XIRECS;5243.0;5
9000;BOT_MAKER;BOT_TAKER;VEV_6500;XIRECS;0.0;2
9100;BOT_MAKER;BOT_TAKER;VEV_5500;XIRECS;6.0;4
9400;BOT_MAKER;BOT_TAKER;HYDROGEL_PACK;XIRECS;10009.0;5
9400;BOT_MAKER;BOT_TAKER;VELVETFRUIT_EXTRACT;XIRECS;5243.0;11
9400;BOT_MAKER;BOT_TAKER;VEV_6000;XIRECS;0.0;5
9400;BOT_TAKER;SUBMISSION;ASH_COATED_OSMIUM;XIRECS;10009.0;8
9500;BOT_TAKER;BOT_MAKER;VELVETFRUIT_EXTRACT;XIRECS;5250.0;6
9500;BOT_TAKER;BOT_MAKER;VEV_4000;XIRECS;1276.0;1
9500;SUBMISSION;BOT_TAKER;VELVETFRUIT_EXTRACT;XIRECS;5245.0;5
9500;BOT_MAKER;BOT_TAKER;VELVETFRUIT_EXTRACT;XIRECS;5244.0;3
9600;BOT_TAKER;SUBMISSION;HYDROGEL_PACK;XIRECS;10023.0;3
9700;BOT_MAKER;BOT_TAKER;VELVETFRUIT_EXTRACT;XIRECS;5246.0;13
9800;BOT_TAKER;BOT_MAKER;VEV_5500;XIRECS;7.0;4
9900;BOT_MAKER;BOT_TAKER;ASH_COATED_OSMIUM;XIRECS;9993.0;5
9900;BOT_MAKER;BOT_TAKER;VELVETFRUIT_EXTRACT;XIRECS;5244.0;4
9900;BOT_MAKER;BOT_TAKER;VEV_5500;XIRECS;6.0;4
9900;SUBMISSION;BOT_TAKER;VELVETFRUIT_EXTRACT;XIRECS;5245.0;5
10000;BOT_TAKER;BOT_MAKER;VEV_4000;XIRECS;1280.0;2
10000;BOT_MAKER;BOT_TAKER;VEV_6500;XIRECS;0.0;5
10100;BOT_TAKER;BOT_MAKER;HYDROGEL_PACK;XIRECS;10019.0;5
10100;BOT_TAKER;BOT_MAKER;VEV_6000;XIRECS;1.0;3
10100;BOT_TAKER;BOT_MAKER;VEV_6500;XIRECS;1.0;2
10200;BOT_MAKER;BOT_TAKER;VELVETFRUIT_EXTRACT;XIRECS;5245.0;3
10400;BOT_MAKER;BOT_TAKER;ASH_COATED_OSMIUM;XIRECS;9993.0;10
10400;BOT_MAKER;BOT_TAKER;VELVETFRUIT_EXTRACT;XIRECS;5245.0;5
10500;BOT_MAKER;BOT_TAKER;VELVETFRUIT_EXTRACT;XIRECS;5246.0;8
10600;BOT_MAKER;BOT_TAKER;VELVETFRUIT_EXTRACT;XIRECS;5248.0;4
10600;SUBMISSION;BOT_TAKER;ASH_COATED_OSMIUM;XIRECS;9991.0;4
10700;BOT_TAKER;BOT_MAKER;HYDROGEL_PACK;XIRECS;10018.0;6
10700;BOT_TAKER;BOT_MAKER;VEV_5400;XIRECS;17.0;4
11000;BOT_TAKER;BOT_MAKER;VEV_5400;XIRECS;17.0;2
11100;BOT_TAKER;BOT_MAKER;VEV_5500;XIRECS;7.0;4
11100;BOT;SUBMISSION;ASH_COATED_OSMIUM;XIRECS;10003.0;4
11200;BOT_TAKER;BOT_MAKER;VEV_5300;XIRECS;50.0;5
11300;BOT_MAKER;BOT_TAKER;VELVETFRUIT_EXTRACT;XIRECS;5246.0;4
11400;BOT_MAKER;BOT_TAKER;HYDROGEL_PACK;XIRECS;10000.0;5
11400;BOT_TAKER;BOT_MAKER;VEV_5300;XIRECS;50.0;2
11500;BOT_TAKER;BOT_MAKER;HYDROGEL_PACK;XIRECS;10017.0;3
11500;BOT_TAKER;BOT_MAKER;VELVETFRUIT_EXTRACT;XIRECS;5253.0;5
11500;BOT_TAKER;BOT_MAKER;VEV_5500;XIRECS;7.0;5
11600;BOT_TAKER;SUBMISSION;VELVETFRUIT_EXTRACT;XIRECS;5253.0;5
11600;BOT_TAKER;BOT_MAKER;VELVETFRUIT_EXTRACT;XIRECS;5254.0;3
11700;BOT_MAKER;BOT_TAKER;VELVETFRUIT_EXTRACT;XIRECS;5249.0;8
11700;SUBMISSION;BOT_TAKER;ASH_COATED_OSMIUM;XIRECS;9995.0;2
11800;BOT_TAKER;SUBMISSION;ASH_COATED_OSMIUM;XIRECS;10009.0;2
12000;BOT_MAKER;BOT_TAKER;VEV_5500;XIRECS;5.0;5
12100;BOT_MAKER;BOT_TAKER;HYDROGEL_PACK;XIRECS;9996.0;2
12300;BOT_MAKER;BOT_TAKER;VEV_6000;XIRECS;0.0;4
12300;BOT_TAKER;BOT_MAKER;VEV_6500;XIRECS;1.0;2
12400;BOT_MAKER;BOT_TAKER;HYDROGEL_PACK;XIRECS;9995.0;4
12500;BOT_TAKER;BOT_MAKER;VELVETFRUIT_EXTRACT;XIRECS;5249.0;7
12500;BOT_TAKER;BOT_MAKER;VEV_4000;XIRECS;1281.0;1
12600;BOT_MAKER;BOT_TAKER;HYDROGEL_PACK;XIRECS;9991.0;3
12600;BOT_TAKER;BOT_MAKER;VEV_4000;XIRECS;1280.0;1
12600;BOT_MAKER;BOT_TAKER;VEV_5500;XIRECS;5.0;5
12600;SUBMISSION;BOT;ASH_COATED_OSMIUM;XIRECS;10000.0;5
12700;BOT_TAKER;BOT_MAKER;VEV_6000;XIRECS;1.0;3
12800;BOT_TAKER;BOT_MAKER;VEV_5200;XIRECS;96.0;5
13100;SUBMISSION;BOT_TAKER;HYDROGEL_PACK;XIRECS;9991.0;5
13100;BOT_MAKER;BOT_TAKER;HYDROGEL_PACK;XIRECS;9990.0;1
13200;BOT_MAKER;BOT_TAKER;VELVETFRUIT_EXTRACT;XIRECS;5242.0;5
13200;BOT_TAKER;BOT_MAKER;VEV_4000;XIRECS;1280.0;1
13300;BOT_MAKER;BOT_TAKER;HYDROGEL_PACK;XIRECS;9990.0;2
13300;BOT_TAKER;BOT_MAKER;VELVETFRUIT_EXTRACT;XIRECS;5250.0;5
13300;SUBMISSION;BOT_TAKER;HYDROGEL_PACK;XIRECS;9991.0;5
13300;BOT_MAKER;BOT_TAKER;HYDROGEL_PACK;XIRECS;9990.0;1
13700;BOT_MAKER;BOT_TAKER;ASH_COATED_OSMIUM;XIRECS;9990.0;5
13700;BOT_TAKER;BOT_MAKER;VELVETFRUIT_EXTRACT;XIRECS;5250.0;6
13700;BOT_MAKER;BOT_TAKER;VEV_4000;XIRECS;1263.0;2
14000;BOT_TAKER;BOT_MAKER;VEV_4000;XIRECS;1287.0;2
14000;BOT_TAKER;BOT_MAKER;VEV_5400;XIRECS;17.0;4
14000;SUBMISSION;BOT_TAKER;HYDROGEL_PACK;XIRECS;9999.0;3
14100;SUBMISSION;BOT;ASH_COATED_OSMIUM;XIRECS;9997.0;6
14200;BOT_TAKER;BOT_MAKER;ASH_COATED_OSMIUM;XIRECS;10008.0;6
14200;BOT_TAKER;BOT_MAKER;VELVETFRUIT_EXTRACT;XIRECS;5248.0;5
14200;BOT_MAKER;BOT_TAKER;VEV_4000;XIRECS;1265.0;1
14200;BOT_MAKER;BOT_TAKER;VEV_5400;XIRECS;15.0;5
14300;BOT_TAKER;BOT_MAKER;VELVETFRUIT_EXTRACT;XIRECS;5248.0;5
14500;BOT_TAKER;BOT_MAKER;VELVETFRUIT_EXTRACT;XIRECS;5247.0;8
14500;BOT_MAKER;BOT_TAKER;VEV_4000;XIRECS;1264.0;2
14500;BOT_TAKER;BOT_MAKER;VEV_5300;XIRECS;50.0;2
14500;BOT_MAKER;BOT_TAKER;VEV_5400;XIRECS;15.0;4
14500;BOT_TAKER;SUBMISSION;ASH_COATED_OSMIUM;XIRECS;10009.0;6
14600;BOT_TAKER;BOT_MAKER;VELVETFRUIT_EXTRACT;XIRECS;5249.0;4
14600;BOT_TAKER;SUBMISSION;ASH_COATED_OSMIUM;XIRECS;10006.0;6
14700;BOT_TAKER;BOT_MAKER;VEV_5500;XIRECS;6.0;4
14800;BOT_MAKER;BOT_TAKER;ASH_COATED_OSMIUM;XIRECS;9988.0;2
14900;BOT_MAKER;BOT_TAKER;HYDROGEL_PACK;XIRECS;9993.0;3
14900;BOT_MAKER;BOT_TAKER;HYDROGEL_PACK;XIRECS;9993.0;4
14900;BOT_TAKER;BOT_MAKER;VELVETFRUIT_EXTRACT;XIRECS;5249.0;5
14900;BOT_MAKER;BOT_TAKER;INTARIAN_PEPPER_ROOT;XIRECS;13108.0;7
15100;SUBMISSION;BOT_TAKER;VELVETFRUIT_EXTRACT;XIRECS;5242.0;5
15200;BOT_TAKER;BOT_MAKER;VELVETFRUIT_EXTRACT;XIRECS;5246.0;6
15200;BOT_MAKER;BOT_TAKER;VEV_4000;XIRECS;1263.0;3
15200;BOT_TAKER;BOT_MAKER;VEV_4000;XIRECS;1284.0;3
15400;BOT_TAKER;BOT_MAKER;HYDROGEL_PACK;XIRECS;10011.0;3
15400;BOT_MAKER;BOT_TAKER;VEV_5400;XIRECS;15.0;3
15500;BOT_MAKER;BOT_TAKER;VELVETFRUIT_EXTRACT;XIRECS;5241.0;7
15500;BOT_TAKER;BOT_MAKER;VEV_6000;XIRECS;1.0;4
15500;BOT;SUBMISSION;ASH_COATED_OSMIUM;XIRECS;10001.0;6
15500;SUBMISSION;BOT_TAKER;ASH_COATED_OSMIUM;XIRECS;9992.0;9
15600;SUBMISSION;BOT;ASH_COATED_OSMIUM;XIRECS;9997.0;9
15800;BOT_TAKER;SUBMISSION;HYDROGEL_PACK;XIRECS;10009.0;2
15900;BOT_MAKER;BOT_TAKER;VEV_6500;XIRECS;0.0;3
15900;BOT_TAKER;SUBMISSION;VEV_4000;XIRECS;1285.0;1
16000;BOT_MAKER;BOT_TAKER;VELVETFRUIT_EXTRACT;XIRECS;5242.0;9
16100;BOT_TAKER;BOT_MAKER;VELVETFRUIT_EXTRACT;XIRECS;5247.0;6
16100;BOT_TAKER;BOT_MAKER;VEV_6500;XIRECS;1.0;5
16100;BOT_TAKER;SUBMISSION;ASH_COATED_OSMIUM;XIRECS;10007.0;9
16300;BOT_MAKER;BOT_TAKER;HYDROGEL_PACK;XIRECS;9993.0;4
16300;BOT_TAKER;BOT_MAKER;VELVETFRUIT_EXTRACT;XIRECS;5248.0;6
16400;BOT_MAKER;BOT_TAKER;HYDROGEL_PACK;XIRECS;9992.0;3
16400;BOT_MAKER;BOT_TAKER;VELVETFRUIT_EXTRACT;XIRECS;5243.0;8
16500;SUBMISSION;BOT_TAKER;VELVETFRUIT_EXTRACT;XIRECS;5242.0;3
16600;BOT_TAKER;BOT_MAKER;VEV_6500;XIRECS;1.0;4
16600;SUBMISSION;BOT_TAKER;VEV_4000;XIRECS;1265.0;3
16700;BOT_MAKER;BOT_TAKER;VELVETFRUIT_EXTRACT;XIRECS;5243.0;4
16800;BOT_TAKER;BOT_MAKER;HYDROGEL_PACK;XIRECS;10012.0;5
16800;BOT_MAKER;BOT_TAKER;VELVETFRUIT_EXTRACT;XIRECS;5242.0;8
16900;BOT_TAKER;BOT_MAKER;VELVETFRUIT_EXTRACT;XIRECS;5247.0;7
16900;BOT_MAKER;BOT_TAKER;VELVETFRUIT_EXTRACT;XIRECS;5242.0;3
17000;BOT_MAKER;BOT_TAKER;VELVETFRUIT_EXTRACT;XIRECS;5241.0;8
17100;BOT_TAKER;BOT_MAKER;HYDROGEL_PACK;XIRECS;10001.0;6
17100;BOT_MAKER;BOT_TAKER;VEV_6500;XIRECS;0.0;2
17300;BOT_TAKER;BOT_MAKER;VELVETFRUIT_EXTRACT;XIRECS;5246.0;6
17300;BOT_TAKER;BOT_MAKER;VEV_4000;XIRECS;1282.0;2
17300;BOT_TAKER;BOT_MAKER;VEV_4000;XIRECS;1282.0;3
17300;BOT_MAKER;BOT_TAKER;VEV_5500;XIRECS;5.0;5
17300;SUBMISSION;BOT_TAKER;HYDROGEL_PACK;XIRECS;9984.0;4
17400;BOT_TAKER;BOT_MAKER;HYDROGEL_PACK;XIRECS;9999.0;5
17400;BOT_TAKER;BOT_MAKER;VELVETFRUIT_EXTRACT;XIRECS;5247.0;8
17400;BOT_TAKER;BOT_MAKER;VEV_5300;XIRECS;48.0;4
17500;BOT_MAKER;BOT_TAKER;VELVETFRUIT_EXTRACT;XIRECS;5241.0;5
17500;BOT_TAKER;BOT_MAKER;VEV_5400;XIRECS;17.0;5
17600;BOT_TAKER;BOT_MAKER;HYDROGEL_PACK;XIRECS;9999.0;2
17600;BOT_MAKER;BOT_TAKER;VEV_5300;XIRECS;46.0;4
17700;BOT_MAKER;BOT_TAKER;HYDROGEL_PACK;XIRECS;9985.0;6
17700;BOT_TAKER;BOT_MAKER;HYDROGEL_PACK;XIRECS;10001.0;3
17700;BOT_TAKER;BOT_MAKER;VELVETFRUIT_EXTRACT;XIRECS;5246.0;8
17800;BOT_TAKER;BOT_MAKER;HYDROGEL_PACK;XIRECS;10003.0;5
17800;BOT_TAKER;BOT_MAKER;VELVETFRUIT_EXTRACT;XIRECS;5245.0;3
17900;BOT_MAKER;BOT_TAKER;VELVETFRUIT_EXTRACT;XIRECS;5241.0;7
17900;BOT_TAKER;BOT_MAKER;VEV_5400;XIRECS;15.0;5
17900;SUBMISSION;BOT_TAKER;VELVETFRUIT_EXTRACT;XIRECS;5242.0;5
17900;BOT_MAKER;BOT_TAKER;VELVETFRUIT_EXTRACT;XIRECS;5241.0;2
18000;BOT_MAKER;BOT_TAKER;VELVETFRUIT_EXTRACT;XIRECS;5241.0;8
18000;BOT_MAKER;BOT_TAKER;VEV_5400;XIRECS;14.0;2
18100;BOT_TAKER;SUBMISSION;HYDROGEL_PACK;XIRECS;9999.0;2
18200;BOT_MAKER;BOT_TAKER;VELVETFRUIT_EXTRACT;XIRECS;5240.0;6
18300;BOT_TAKER;BOT_MAKER;HYDROGEL_PACK;XIRECS;10003.0;6
18300;BOT_MAKER;BOT_TAKER;VEV_6000;XIRECS;0.0;5
18400;BOT_TAKER;BOT_MAKER;HYDROGEL_PACK;XIRECS;10003.0;6
18500;BOT_TAKER;BOT_MAKER;VELVETFRUIT_EXTRACT;XIRECS;5245.0;5
18600;BOT_MAKER;BOT_TAKER;VELVETFRUIT_EXTRACT;XIRECS;5239.0;8
18600;BOT_MAKER;BOT_TAKER;VEV_5300;XIRECS;47.0;4
18600;BOT_TAKER;BOT_MAKER;VEV_6000;XIRECS;1.0;4
18700;BOT_TAKER;BOT_MAKER;VELVETFRUIT_EXTRACT;XIRECS;5245.0;6
18800;BOT_MAKER;BOT_TAKER;VEV_6500;XIRECS;0.0;4
18900;BOT_TAKER;BOT_MAKER;VELVETFRUIT_EXTRACT;XIRECS;5246.0;6
18900;BOT_MAKER;BOT_TAKER;VEV_5400;XIRECS;14.0;5
19000;BOT_TAKER;BOT_MAKER;HYDROGEL_PACK;XIRECS;10006.0;5
19100;BOT_MAKER;BOT_TAKER;VEV_6000;XIRECS;0.0;4
19200;BOT_TAKER;BOT_MAKER;VELVETFRUIT_EXTRACT;XIRECS;5249.0;6
19200;BOT_MAKER;BOT_TAKER;VEV_4000;XIRECS;1264.0;2
19200;BOT_MAKER;BOT_TAKER;VEV_6500;XIRECS;0.0;3
19300;BOT_MAKER;BOT_TAKER;HYDROGEL_PACK;XIRECS;9987.0;6
19500;BOT_TAKER;BOT_MAKER;INTARIAN_PEPPER_ROOT;XIRECS;13127.0;6
19500;BOT_TAKER;BOT_MAKER;VELVETFRUIT_EXTRACT;XIRECS;5247.0;7
19600;BOT_MAKER;BOT_TAKER;VELVETFRUIT_EXTRACT;XIRECS;5240.0;8
19700;SUBMISSION;BOT_TAKER;VELVETFRUIT_EXTRACT;XIRECS;5240.0;3
19800;BOT_TAKER;BOT_MAKER;VELVETFRUIT_EXTRACT;XIRECS;5245.0;7
19900;BOT_TAKER;BOT_MAKER;HYDROGEL_PACK;XIRECS;10009.0;5
19900;BOT_MAKER;BOT_TAKER;VEV_6000;XIRECS;0.0;2
20200;BOT_MAKER;BOT_TAKER;HYDROGEL_PACK;XIRECS;9993.0;4
20200;BOT_MAKER;BOT_TAKER;VELVETFRUIT_EXTRACT;XIRECS;5239.0;5
20300;BOT_TAKER;BOT_MAKER;VEV_4000;XIRECS;1286.0;2
20400;BOT_TAKER;BOT_MAKER;VELVETFRUIT_EXTRACT;XIRECS;5245.0;3
20400;BOT_MAKER;BOT_TAKER;VEV_6000;XIRECS;0.0;4
20400;BOT_TAKER;BOT_MAKER;VEV_6000;XIRECS;1.0;4
20400;SUBMISSION;BOT_TAKER;VELVETFRUIT_EXTRACT;XIRECS;5240.0;5
20400;BOT_MAKER;BOT_TAKER;VELVETFRUIT_EXTRACT;XIRECS;5239.0;3
20500;BOT_MAKER;BOT_TAKER;VELVETFRUIT_EXTRACT;XIRECS;5239.0;9
20500;BOT_MAKER;BOT_TAKER;VEV_5500;XIRECS;5.0;4
20600;BOT_TAKER;BOT_MAKER;HYDROGEL_PACK;XIRECS;10010.0;5
20600;BOT_MAKER;BOT_TAKER;VELVETFRUIT_EXTRACT;XIRECS;5239.0;6
20600;BOT_TAKER;SUBMISSION;HYDROGEL_PACK;XIRECS;10009.0;4
20700;BOT_TAKER;BOT_MAKER;VEV_6500;XIRECS;1.0;5
20800;BOT_MAKER;BOT_TAKER;VELVETFRUIT_EXTRACT;XIRECS;5238.0;7
20800;BOT_TAKER;BOT_MAKER;VEV_5300;XIRECS;52.0;3
20800;BOT_TAKER;BOT_MAKER;VEV_5400;XIRECS;16.0;2
21000;BOT_TAKER;BOT_MAKER;VELVETFRUIT_EXTRACT;XIRECS;5247.0;7
21000;BOT_TAKER;BOT_MAKER;VEV_5400;XIRECS;16.0;3
21000;BOT_MAKER;BOT_TAKER;VEV_5500;XIRECS;5.0;5
21000;BOT_TAKER;BOT_MAKER;VEV_6000;XIRECS;1.0;5
21000;BOT_MAKER;BOT_TAKER;VEV_6500;XIRECS;0.0;4
21100;BOT_TAKER;BOT_MAKER;HYDROGEL_PACK;XIRECS;10016.0;4
21100;BOT_MAKER;BOT_TAKER;VEV_6500;XIRECS;0.0;5
21200;BOT_MAKER;BOT_TAKER;VEV_4000;XIRECS;1264.0;3
21300;BOT_MAKER;BOT_TAKER;VELVETFRUIT_EXTRACT;XIRECS;5242.0;3
21400;BOT_MAKER;BOT_TAKER;HYDROGEL_PACK;XIRECS;9996.0;3
21500;BOT_TAKER;BOT_MAKER;HYDROGEL_PACK;XIRECS;10011.0;2
21600;BOT_MAKER;BOT_TAKER;VELVETFRUIT_EXTRACT;XIRECS;5243.0;8
21700;BOT_TAKER;BOT_MAKER;VELVETFRUIT_EXTRACT;XIRECS;5249.0;7
21700;BOT_TAKER;SUBMISSION;VEV_4000;XIRECS;1284.0;3
21800;BOT_MAKER;BOT_TAKER;HYDROGEL_PACK;XIRECS;9993.0;6
21800;BOT_MAKER;BOT_TAKER;VELVETFRUIT_EXTRACT;XIRECS;5244.0;4
21800;SUBMISSION;BOT_TAKER;ASH_COATED_OSMIUM;XIRECS;9993.0;2
21900;BOT_TAKER;BOT_MAKER;VEV_5400;XIRECS;16.0;3
22000;BOT_MAKER;BOT_TAKER;HYDROGEL_PACK;XIRECS;9991.0;5
22000;BOT_MAKER;BOT_TAKER;VEV_4000;XIRECS;1261.0;3
22100;BOT_MAKER;BOT_TAKER;VELVETFRUIT_EXTRACT;XIRECS;5243.0;5
22200;BOT_MAKER;BOT_TAKER;ASH_COATED_OSMIUM;XIRECS;9992.0;10
22200;BOT_TAKER;BOT_MAKER;HYDROGEL_PACK;XIRECS;10012.0;5
22200;BOT_TAKER;SUBMISSION;VEV_4000;XIRECS;1283.0;1
22300;BOT_TAKER;BOT_MAKER;HYDROGEL_PACK;XIRECS;10009.0;6
22300;BOT_TAKER;BOT_MAKER;HYDROGEL_PACK;XIRECS;10009.0;3
22300;BOT_TAKER;BOT_MAKER;VELVETFRUIT_EXTRACT;XIRECS;5249.0;8
22300;BOT_TAKER;BOT_MAKER;VEV_5500;XIRECS;7.0;2
22300;SUBMISSION;BOT_TAKER;VELVETFRUIT_EXTRACT;XIRECS;5244.0;5
22300;BOT_MAKER;BOT_TAKER;VELVETFRUIT_EXTRACT;XIRECS;5243.0;3
22400;BOT_MAKER;BOT_TAKER;VEV_4000;XIRECS;1261.0;2
22400;BOT_TAKER;SUBMISSION;VELVETFRUIT_EXTRACT;XIRECS;5249.0;5
22400;BOT_TAKER;BOT_MAKER;VELVETFRUIT_EXTRACT;XIRECS;5250.0;1
22500;BOT_TAKER;BOT_MAKER;HYDROGEL_PACK;XIRECS;10005.0;4
22500;BOT_MAKER;BOT_TAKER;INTARIAN_PEPPER_ROOT;XIRECS;13115.0;5
22500;BOT_MAKER;BOT_TAKER;VEV_5300;XIRECS;53.0;4
22600;BOT_TAKER;BOT_MAKER;HYDROGEL_PACK;XIRECS;10004.0;3
22600;BOT_TAKER;BOT_MAKER;VEV_6500;XIRECS;1.0;5
22700;BOT_MAKER;BOT_TAKER;HYDROGEL_PACK;XIRECS;9990.0;2
22700;BOT_TAKER;BOT_MAKER;VELVETFRUIT_EXTRACT;XIRECS;5251.0;3
22700;BOT_TAKER;BOT_MAKER;VEV_5500;XIRECS;6.0;2
22700;BOT_TAKER;SUBMISSION;HYDROGEL_PACK;XIRECS;10005.0;5
22700;BOT_TAKER;BOT_MAKER;HYDROGEL_PACK;XIRECS;10006.0;1
22800;BOT_TAKER;BOT_MAKER;ASH_COATED_OSMIUM;XIRECS;10008.0;3
22800;BOT_MAKER;BOT_TAKER;HYDROGEL_PACK;XIRECS;9991.0;6
22800;BOT_MAKER;BOT_TAKER;VELVETFRUIT_EXTRACT;XIRECS;5246.0;7
22900;BOT_MAKER;BOT_TAKER;HYDROGEL_PACK;XIRECS;9989.0;6
22900;BOT_MAKER;BOT_TAKER;VELVETFRUIT_EXTRACT;XIRECS;5245.0;3
23000;BOT_TAKER;BOT_MAKER;VEV_5500;XIRECS;7.0;2
23100;BOT_TAKER;BOT_MAKER;VELVETFRUIT_EXTRACT;XIRECS;5248.0;3
23100;BOT_MAKER;BOT_TAKER;VEV_4000;XIRECS;1265.0;3
23100;BOT_TAKER;BOT_MAKER;VEV_6000;XIRECS;1.0;5
23200;BOT_TAKER;BOT_MAKER;VELVETFRUIT_EXTRACT;XIRECS;5250.0;8
23200;BOT_MAKER;BOT_TAKER;VEV_6500;XIRECS;0.0;5
23400;BOT_MAKER;BOT_TAKER;VEV_4000;XIRECS;1267.0;1
23400;SUBMISSION;BOT_TAKER;HYDROGEL_PACK;XIRECS;9988.0;5
23600;BOT_MAKER;BOT_TAKER;VELVETFRUIT_EXTRACT;XIRECS;5247.0;6
23600;BOT_MAKER;BOT_TAKER;VELVETFRUIT_EXTRACT;XIRECS;5247.0;8
23600;BOT_MAKER;BOT_TAKER;VEV_5300;XIRECS;52.0;2
23700;BOT_TAKER;BOT_MAKER;HYDROGEL_PACK;XIRECS;10005.0;2
23800;BOT_MAKER;BOT_TAKER;HYDROGEL_PACK;XIRECS;9991.0;2
23800;BOT_TAKER;BOT_MAKER;VELVETFRUIT_EXTRACT;XIRECS;5253.0;7
23800;BOT_TAKER;BOT_MAKER;VEV_5500;XIRECS;7.0;5
23800;BOT_TAKER;BOT_MAKER;VEV_5500;XIRECS;7.0;3
23900;BOT_TAKER;BOT_MAKER;VELVETFRUIT_EXTRACT;XIRECS;5252.0;5
23900;BOT_MAKER;BOT_TAKER;VEV_4000;XIRECS;1268.0;3
24000;BOT_TAKER;BOT_MAKER;VELVETFRUIT_EXTRACT;XIRECS;5253.0;6
24100;BOT_TAKER;BOT_MAKER;HYDROGEL_PACK;XIRECS;10011.0;6
24100;BOT_MAKER;BOT_TAKER;VELVETFRUIT_EXTRACT;XIRECS;5247.0;3
24100;BOT_MAKER;BOT_TAKER;VEV_5400;XIRECS;17.0;4
24100;BOT_MAKER;BOT_TAKER;VEV_6000;XIRECS;0.0;4
24200;BOT_MAKER;BOT_TAKER;HYDROGEL_PACK;XIRECS;9993.0;5
24200;BOT_MAKER;BOT_TAKER;VELVETFRUIT_EXTRACT;XIRECS;5247.0;3
24300;BOT_TAKER;BOT_MAKER;VELVETFRUIT_EXTRACT;XIRECS;5253.0;9
24300;BOT_MAKER;BOT_TAKER;VEV_5400;XIRECS;16.0;2
24400;BOT_MAKER;BOT_TAKER;VELVETFRUIT_EXTRACT;XIRECS;5248.0;7
24500;BOT_TAKER;BOT_MAKER;VELVETFRUIT_EXTRACT;XIRECS;5253.0;7
24500;BOT_TAKER;BOT_MAKER;VELVETFRUIT_EXTRACT;XIRECS;5253.0;4
24500;BOT_TAKER;BOT_MAKER;VEV_5300;XIRECS;56.0;4
24800;BOT_TAKER;BOT_MAKER;VEV_6500;XIRECS;1.0;5
24800;BOT_MAKER;BOT_TAKER;INTARIAN_PEPPER_ROOT;XIRECS;13118.0;3
25000;BOT_MAKER;BOT_TAKER;ASH_COATED_OSMIUM;XIRECS;9993.0;4
25000;BOT_TAKER;BOT_MAKER;VELVETFRUIT_EXTRACT;XIRECS;5254.0;5
25100;BOT_MAKER;BOT_TAKER;VELVETFRUIT_EXTRACT;XIRECS;5247.0;6
25100;BOT_TAKER;SUBMISSION;ASH_COATED_OSMIUM;XIRECS;10009.0;3
25100;BOT_TAKER;SUBMISSION;VELVETFRUIT_EXTRACT;XIRECS;5251.0;5
25100;BOT_TAKER;BOT_MAKER;VELVETFRUIT_EXTRACT;XIRECS;5252.0;1
25300;BOT_MAKER;BOT_TAKER;HYDROGEL_PACK;XIRECS;10000.0;6
25300;BOT_TAKER;BOT_MAKER;VELVETFRUIT_EXTRACT;XIRECS;5254.0;5
25300;BOT_TAKER;BOT_MAKER;VEV_5300;XIRECS;53.0;2
25400;BOT_MAKER;BOT_TAKER;VEV_6000;XIRECS;0.0;3
25400;SUBMISSION;BOT_TAKER;HYDROGEL_PACK;XIRECS;10003.0;3
25500;BOT_MAKER;BOT_TAKER;HYDROGEL_PACK;XIRECS;10004.0;4
25500;BOT_MAKER;BOT_TAKER;VELVETFRUIT_EXTRACT;XIRECS;5248.0;6
25700;BOT_TAKER;BOT_MAKER;HYDROGEL_PACK;XIRECS;10021.0;6
25700;BOT_MAKER;BOT_TAKER;VELVETFRUIT_EXTRACT;XIRECS;5247.0;8
25700;BOT_MAKER;BOT_TAKER;VEV_6500;XIRECS;0.0;3
25800;BOT_TAKER;BOT_MAKER;VELVETFRUIT_EXTRACT;XIRECS;5252.0;5
25900;BOT_TAKER;BOT_MAKER;VELVETFRUIT_EXTRACT;XIRECS;5254.0;4
25900;SUBMISSION;BOT_TAKER;VELVETFRUIT_EXTRACT;XIRECS;5251.0;5
25900;BOT_MAKER;BOT_TAKER;VELVETFRUIT_EXTRACT;XIRECS;5250.0;1
26000;BOT_MAKER;BOT_TAKER;VELVETFRUIT_EXTRACT;XIRECS;5250.0;4
26000;BOT_TAKER;BOT_MAKER;VEV_4000;XIRECS;1290.0;2
26200;BOT_MAKER;BOT_TAKER;VELVETFRUIT_EXTRACT;XIRECS;5249.0;8
26200;BOT_MAKER;BOT_TAKER;VEV_5400;XIRECS;15.0;4
26200;BOT_TAKER;SUBMISSION;ASH_COATED_OSMIUM;XIRECS;10010.0;7
26300;BOT_MAKER;BOT_TAKER;VELVETFRUIT_EXTRACT;XIRECS;5248.0;8
26300;BOT_TAKER;BOT_MAKER;VEV_5500;XIRECS;7.0;5
26400;BOT_TAKER;BOT_MAKER;VEV_4000;XIRECS;1289.0;1
26500;BOT_TAKER;BOT_MAKER;VELVETFRUIT_EXTRACT;XIRECS;5254.0;6
26500;BOT_MAKER;BOT_TAKER;VEV_6500;XIRECS;0.0;4
26600;BOT_TAKER;BOT_MAKER;HYDROGEL_PACK;XIRECS;10017.0;4
26600;BOT_TAKER;BOT_MAKER;HYDROGEL_PACK;XIRECS;10017.0;6
26600;BOT_MAKER;BOT_TAKER;VEV_4000;XIRECS;1268.0;3
26700;BOT_TAKER;BOT_MAKER;HYDROGEL_PACK;XIRECS;10012.0;5
26800;BOT_TAKER;SUBMISSION;ASH_COATED_OSMIUM;XIRECS;10009.0;4
26900;BOT_TAKER;BOT_MAKER;HYDROGEL_PACK;XIRECS;10015.0;3
26900;BOT_TAKER;BOT_MAKER;VELVETFRUIT_EXTRACT;XIRECS;5253.0;4
27100;BOT_MAKER;BOT_TAKER;HYDROGEL_PACK;XIRECS;10000.0;5
27200;BOT_TAKER;BOT_MAKER;VEV_6000;XIRECS;1.0;5
27400;BOT_TAKER;BOT_MAKER;HYDROGEL_PACK;XIRECS;10016.0;4
27400;SUBMISSION;BOT_TAKER;VELVETFRUIT_EXTRACT;XIRECS;5253.0;4
27600;BOT_MAKER;BOT_TAKER;HYDROGEL_PACK;XIRECS;9999.0;6
27600;BOT_MAKER;BOT_TAKER;VEV_6500;XIRECS;0.0;2
27700;BOT_TAKER;BOT_MAKER;VEV_4000;XIRECS;1291.0;3
27800;BOT_TAKER;BOT_MAKER;INTARIAN_PEPPER_ROOT;XIRECS;13135.0;7
28000;BOT_MAKER;BOT_TAKER;HYDROGEL_PACK;XIRECS;10002.0;6
28000;BOT_TAKER;BOT_MAKER;VELVETFRUIT_EXTRACT;XIRECS;5258.0;4
28000;BOT_MAKER;BOT_TAKER;VEV_4000;XIRECS;1271.0;3
28000;BOT_TAKER;BOT_MAKER;VEV_6500;XIRECS;1.0;4
28200;BOT_TAKER;BOT_MAKER;VELVETFRUIT_EXTRACT;XIRECS;5259.0;6
28300;BOT_TAKER;BOT_MAKER;VELVETFRUIT_EXTRACT;XIRECS;5260.0;9
28300;BOT_MAKER;BOT_TAKER;VEV_6000;XIRECS;0.0;4
28300;SUBMISSION;BOT;ASH_COATED_OSMIUM;XIRECS;10000.0;4
28400;BOT_MAKER;BOT_TAKER;HYDROGEL_PACK;XIRECS;10011.0;4
28400;BOT_TAKER;BOT_MAKER;VEV_4000;XIRECS;1292.0;3
28500;BOT_TAKER;BOT_MAKER;VELVETFRUIT_EXTRACT;XIRECS;5260.0;6
28500;SUBMISSION;BOT_TAKER;HYDROGEL_PACK;XIRECS;10012.0;2
28600;BOT_MAKER;BOT_TAKER;HYDROGEL_PACK;XIRECS;10010.0;6
28600;BOT_TAKER;BOT_MAKER;VELVETFRUIT_EXTRACT;XIRECS;5259.0;3
28600;BOT_MAKER;BOT_TAKER;VEV_5500;XIRECS;6.0;5
28700;BOT_MAKER;BOT_TAKER;VELVETFRUIT_EXTRACT;XIRECS;5255.0;5
28700;BOT_TAKER;BOT_MAKER;VEV_5500;XIRECS;7.0;2
28700;SUBMISSION;BOT_TAKER;VEV_4000;XIRECS;1271.0;1
28800;BOT_MAKER;BOT_TAKER;HYDROGEL_PACK;XIRECS;10010.0;4
28800;BOT_TAKER;BOT_MAKER;HYDROGEL_PACK;XIRECS;10026.0;6
28800;BOT_TAKER;BOT_MAKER;VELVETFRUIT_EXTRACT;XIRECS;5260.0;3
28900;BOT_MAKER;BOT_TAKER;VEV_4000;XIRECS;1266.0;2
29200;BOT_TAKER;BOT_MAKER;ASH_COATED_OSMIUM;XIRECS;10011.0;5
29200;BOT_MAKER;BOT_TAKER;VELVETFRUIT_EXTRACT;XIRECS;5252.0;7
29300;BOT_TAKER;BOT_MAKER;VEV_5500;XIRECS;7.0;4
29300;BOT_TAKER;SUBMISSION;VELVETFRUIT_EXTRACT;XIRECS;5259.0;5
29300;BOT_TAKER;BOT_MAKER;VELVETFRUIT_EXTRACT;XIRECS;5260.0;3
29400;BOT_TAKER;BOT_MAKER;HYDROGEL_PACK;XIRECS;10031.0;5
29500;BOT_TAKER;BOT_MAKER;HYDROGEL_PACK;XIRECS;10033.0;2
29500;BOT_MAKER;BOT_TAKER;VEV_5300;XIRECS;49.0;4
29500;BOT_MAKER;BOT_TAKER;VEV_5500;XIRECS;6.0;2
29500;SUBMISSION;BOT_TAKER;VEV_4000;XIRECS;1268.0;2
29600;BOT_TAKER;BOT_MAKER;HYDROGEL_PACK;XIRECS;10035.0;6
29700;BOT_MAKER;BOT_TAKER;VELVETFRUIT_EXTRACT;XIRECS;5254.0;6
29700;SUBMISSION;BOT_TAKER;VELVETFRUIT_EXTRACT;XIRECS;5255.0;5
29700;BOT_MAKER;BOT_TAKER;VELVETFRUIT_EXTRACT;XIRECS;5254.0;1
29800;BOT_TAKER;BOT_MAKER;VELVETFRUIT_EXTRACT;XIRECS;5260.0;4
29900;BOT_TAKER;BOT_MAKER;HYDROGEL_PACK;XIRECS;10033.0;3
29900;BOT_TAKER;BOT_MAKER;VELVETFRUIT_EXTRACT;XIRECS;5260.0;7
29900;BOT_TAKER;SUBMISSION;VEV_4000;XIRECS;1285.0;1
30000;BOT_TAKER;BOT_MAKER;VELVETFRUIT_EXTRACT;XIRECS;5258.0;4
30000;BOT_TAKER;BOT_MAKER;VEV_6000;XIRECS;1.0;5
30100;BOT_TAKER;BOT_MAKER;HYDROGEL_PACK;XIRECS;10033.0;2
30200;BOT_TAKER;BOT_MAKER;HYDROGEL_PACK;XIRECS;10032.0;4
30200;BOT_MAKER;BOT_TAKER;INTARIAN_PEPPER_ROOT;XIRECS;13123.0;3
30300;BOT_MAKER;BOT_TAKER;VELVETFRUIT_EXTRACT;XIRECS;5251.0;6
30300;BOT_TAKER;BOT_MAKER;VEV_4000;XIRECS;1285.0;2
30300;BOT_MAKER;BOT_TAKER;VEV_5400;XIRECS;15.0;3
30300;BOT_TAKER;BOT_MAKER;VEV_6500;XIRECS;1.0;3
30400;BOT_TAKER;BOT_MAKER;VELVETFRUIT_EXTRACT;XIRECS;5256.0;8
30400;BOT_MAKER;BOT_TAKER;VEV_5500;XIRECS;6.0;2
30400;BOT_TAKER;SUBMISSION;HYDROGEL_PACK;XIRECS;10029.0;3
30600;BOT_TAKER;BOT_MAKER;VELVETFRUIT_EXTRACT;XIRECS;5255.0;8
30700;BOT_MAKER;BOT_TAKER;VELVETFRUIT_EXTRACT;XIRECS;5250.0;6
30700;BOT_TAKER;BOT_MAKER;VEV_6500;XIRECS;1.0;5
30800;BOT_TAKER;BOT_MAKER;VEV_4000;XIRECS;1282.0;2
30800;BOT_TAKER;SUBMISSION;HYDROGEL_PACK;XIRECS;10029.0;5
30800;BOT_TAKER;BOT_MAKER;HYDROGEL_PACK;XIRECS;10030.0;1
30900;BOT_TAKER;BOT_MAKER;HYDROGEL_PACK;XIRECS;10030.0;6
30900;BOT_MAKER;BOT_TAKER;VELVETFRUIT_EXTRACT;XIRECS;5252.0;8
30900;BOT_TAKER;SUBMISSION;HYDROGEL_PACK;XIRECS;10029.0;3
30900;SUBMISSION;BOT_TAKER;VEV_4000;XIRECS;1260.0;1
31000;BOT_TAKER;BOT_MAKER;VELVETFRUIT_EXTRACT;XIRECS;5257.0;7
31000;BOT_MAKER;BOT_TAKER;VEV_4000;XIRECS;1259.0;3
31000;BOT_TAKER;BOT_MAKER;VEV_5500;XIRECS;8.0;5
31100;BOT_TAKER;BOT_MAKER;VEV_6500;XIRECS;1.0;2
31200;BOT_TAKER;BOT_MAKER;VELVETFRUIT_EXTRACT;XIRECS;5258.0;4
31200;SUBMISSION;BOT_TAKER;VELVETFRUIT_EXTRACT;XIRECS;5253.0;4
31300;BOT_MAKER;BOT_TAKER;VELVETFRUIT_EXTRACT;XIRECS;5252.0;8
31300;BOT_MAKER;BOT_TAKER;VEV_4000;XIRECS;1255.0;2
31300;BOT_TAKER;BOT_MAKER;VEV_6000;XIRECS;1.0;3
31500;BOT_TAKER;BOT_MAKER;HYDROGEL_PACK;XIRECS;10025.0;5
31500;SUBMISSION;BOT_TAKER;VELVETFRUIT_EXTRACT;XIRECS;5253.0;5
31500;BOT_MAKER;BOT_TAKER;VELVETFRUIT_EXTRACT;XIRECS;5252.0;2
31600;BOT_MAKER;BOT_TAKER;HYDROGEL_PACK;XIRECS;10009.0;6
31600;BOT_TAKER;BOT_MAKER;VELVETFRUIT_EXTRACT;XIRECS;5256.0;4
31700;BOT_MAKER;BOT_TAKER;VELVETFRUIT_EXTRACT;XIRECS;5250.0;8
31800;BOT_MAKER;BOT_TAKER;HYDROGEL_PACK;XIRECS;10010.0;4
31900;BOT_MAKER;BOT_TAKER;VEV_4000;XIRECS;1253.0;1
32000;BOT_MAKER;BOT_TAKER;VELVETFRUIT_EXTRACT;XIRECS;5252.0;7
32100;BOT_TAKER;BOT_MAKER;VELVETFRUIT_EXTRACT;XIRECS;5256.0;7
32100;BOT_MAKER;BOT_TAKER;VEV_4000;XIRECS;1253.0;2
32100;BOT_MAKER;BOT_TAKER;VEV_5500;XIRECS;7.0;5
32200;BOT_TAKER;BOT_MAKER;VELVETFRUIT_EXTRACT;XIRECS;5256.0;3
32200;BOT_MAKER;BOT_TAKER;VEV_4000;XIRECS;1254.0;3
32300;BOT_TAKER;BOT_MAKER;VELVETFRUIT_EXTRACT;XIRECS;5257.0;7
32400;BOT_MAKER;BOT_TAKER;VELVETFRUIT_EXTRACT;XIRECS;5254.0;7
32400;BOT_TAKER;SUBMISSION;ASH_COATED_OSMIUM;XIRECS;10009.0;2
32600;BOT_TAKER;BOT_MAKER;VELVETFRUIT_EXTRACT;XIRECS;5260.0;7
32700;BOT_TAKER;BOT_MAKER;VEV_6500;XIRECS;1.0;3
33000;BOT_MAKER;BOT_TAKER;VELVETFRUIT_EXTRACT;XIRECS;5257.0;6
33000;BOT_TAKER;BOT_MAKER;VEV_4000;XIRECS;1275.0;3
33100;BOT_TAKER;BOT_MAKER;HYDROGEL_PACK;XIRECS;10036.0;4
33100;BOT_TAKER;SUBMISSION;VELVETFRUIT_EXTRACT;XIRECS;5262.0;5
33100;BOT_TAKER;BOT_MAKER;VELVETFRUIT_EXTRACT;XIRECS;5263.0;1
33200;BOT_TAKER;BOT_MAKER;VELVETFRUIT_EXTRACT;XIRECS;5262.0;7
33200;BOT_MAKER;BOT_TAKER;VEV_6000;XIRECS;0.0;3
33300;BOT_MAKER;BOT_TAKER;HYDROGEL_PACK;XIRECS;10023.0;4
33400;BOT_TAKER;BOT_MAKER;VEV_5500;XIRECS;7.0;2
33500;BOT_TAKER;SUBMISSION;ASH_COATED_OSMIUM;XIRECS;10008.0;3
33600;BOT_TAKER;BOT_MAKER;HYDROGEL_PACK;XIRECS;10038.0;4
33600;BOT_TAKER;BOT_MAKER;VELVETFRUIT_EXTRACT;XIRECS;5267.0;3
33600;SUBMISSION;BOT;ASH_COATED_OSMIUM;XIRECS;9998.0;5
33700;BOT_TAKER;BOT_MAKER;HYDROGEL_PACK;XIRECS;10036.0;4
33700;BOT_TAKER;BOT_MAKER;VELVETFRUIT_EXTRACT;XIRECS;5267.0;4
33800;BOT_TAKER;BOT_MAKER;VEV_6500;XIRECS;1.0;2
33900;BOT_MAKER;BOT_TAKER;VELVETFRUIT_EXTRACT;XIRECS;5262.0;11
34000;BOT_MAKER;BOT_TAKER;VELVETFRUIT_EXTRACT;XIRECS;5261.0;3
34000;BOT_MAKER;BOT_TAKER;VEV_6000;XIRECS;0.0;5
34000;BOT_TAKER;SUBMISSION;VEV_4000;XIRECS;1275.0;1
34200;BOT_TAKER;SUBMISSION;ASH_COATED_OSMIUM;XIRECS;10010.0;4
34300;BOT_TAKER;BOT_MAKER;HYDROGEL_PACK;XIRECS;10037.0;3
34300;BOT_MAKER;BOT_TAKER;VELVETFRUIT_EXTRACT;XIRECS;5263.0;5
34600;BOT_TAKER;BOT_MAKER;HYDROGEL_PACK;XIRECS;10034.0;3
34600;BOT_TAKER;BOT_MAKER;VELVETFRUIT_EXTRACT;XIRECS;5270.0;7
34700;SUBMISSION;BOT_TAKER;VELVETFRUIT_EXTRACT;XIRECS;5265.0;4
34800;BOT_TAKER;BOT_MAKER;VEV_4000;XIRECS;1278.0;1
34800;BOT_MAKER;BOT_TAKER;VEV_6500;XIRECS;0.0;4
34900;BOT_TAKER;BOT_MAKER;VELVETFRUIT_EXTRACT;XIRECS;5269.0;6
34900;BOT_TAKER;BOT_MAKER;VEV_4000;XIRECS;1276.0;2
35000;BOT_TAKER;BOT_MAKER;VEV_6500;XIRECS;1.0;5
35100;BOT_MAKER;BOT_TAKER;VEV_5400;XIRECS;16.0;5
35200;BOT_TAKER;BOT_MAKER;HYDROGEL_PACK;XIRECS;10028.0;3
35200;BOT_TAKER;BOT_MAKER;VELVETFRUIT_EXTRACT;XIRECS;5268.0;6
35300;BOT_TAKER;BOT_MAKER;HYDROGEL_PACK;XIRECS;10031.0;5
35300;BOT_MAKER;BOT_TAKER;VEV_4000;XIRECS;1255.0;3
35300;BOT_MAKER;BOT_TAKER;VEV_6500;XIRECS;0.0;2
35300;BOT_TAKER;SUBMISSION;ASH_COATED_OSMIUM;XIRECS;10008.0;8
35300;SUBMISSION;BOT_TAKER;VEV_4000;XIRECS;1256.0;2
35400;BOT_TAKER;BOT_MAKER;HYDROGEL_PACK;XIRECS;10031.0;2
35400;BOT_TAKER;BOT_MAKER;INTARIAN_PEPPER_ROOT;XIRECS;13146.0;3
35400;BOT_TAKER;SUBMISSION;VEV_4000;XIRECS;1273.0;3
35500;BOT_TAKER;BOT_MAKER;VEV_5500;XIRECS;8.0;2
35500;BOT_TAKER;BOT_MAKER;VEV_6000;XIRECS;1.0;3
35700;BOT_MAKER;BOT_TAKER;HYDROGEL_PACK;XIRECS;10017.0;2
35700;BOT_TAKER;BOT_MAKER;VEV_6500;XIRECS;1.0;5
35900;BOT_TAKER;BOT_MAKER;VEV_4000;XIRECS;1268.0;3
35900;BOT_TAKER;BOT_MAKER;VEV_6000;XIRECS;1.0;4
36000;BOT_TAKER;BOT_MAKER;VEV_4000;XIRECS;1268.0;1
36000;SUBMISSION;BOT_TAKER;HYDROGEL_PACK;XIRECS;10014.0;3
36100;BOT_MAKER;BOT_TAKER;INTARIAN_PEPPER_ROOT;XIRECS;13126.0;3
36300;BOT_MAKER;BOT_TAKER;VEV_4000;XIRECS;1244.0;2
36300;BOT_TAKER;BOT_MAKER;VEV_5500;XIRECS;8.0;5
36400;BOT_TAKER;BOT_MAKER;HYDROGEL_PACK;XIRECS;10028.0;2
36400;BOT_MAKER;BOT_TAKER;VELVETFRUIT_EXTRACT;XIRECS;5267.0;7
36400;BOT_MAKER;BOT_TAKER;VEV_6000;XIRECS;0.0;4
36400;BOT_TAKER;SUBMISSION;VEV_4000;XIRECS;1264.0;1
36500;BOT_MAKER;BOT_TAKER;VELVETFRUIT_EXTRACT;XIRECS;5268.0;4
36600;BOT_TAKER;BOT_MAKER;HYDROGEL_PACK;XIRECS;10026.0;4
36700;BOT_MAKER;BOT_TAKER;VELVETFRUIT_EXTRACT;XIRECS;5268.0;4
36900;BOT_TAKER;BOT_MAKER;INTARIAN_PEPPER_ROOT;XIRECS;13144.0;4
36900;BOT_TAKER;BOT_MAKER;VEV_4000;XIRECS;1263.0;1
36900;BOT_MAKER;BOT_TAKER;VEV_5500;XIRECS;7.0;2
36900;SUBMISSION;BOT_TAKER;VELVETFRUIT_EXTRACT;XIRECS;5267.0;5
37000;BOT_TAKER;BOT_MAKER;HYDROGEL_PACK;XIRECS;10025.0;3
37000;BOT_MAKER;BOT_TAKER;VELVETFRUIT_EXTRACT;XIRECS;5267.0;6
37100;SUBMISSION;BOT_TAKER;VEV_4000;XIRECS;1244.0;3
37300;SUBMISSION;BOT_TAKER;VELVETFRUIT_EXTRACT;XIRECS;5266.0;5
37400;BOT_MAKER;BOT_TAKER;VELVETFRUIT_EXTRACT;XIRECS;5266.0;3
37500;BOT_MAKER;BOT_TAKER;VELVETFRUIT_EXTRACT;XIRECS;5266.0;10
37500;BOT_MAKER;BOT_TAKER;VEV_6500;XIRECS;0.0;4
37600;BOT_MAKER;BOT_TAKER;HYDROGEL_PACK;XIRECS;10006.0;6
37700;BOT_TAKER;BOT_MAKER;VEV_5500;XIRECS;8.0;3
37700;BOT_TAKER;SUBMISSION;VEV_4000;XIRECS;1261.0;2
37800;BOT_TAKER;BOT_MAKER;HYDROGEL_PACK;XIRECS;10020.0;2
37800;BOT_TAKER;BOT_MAKER;VELVETFRUIT_EXTRACT;XIRECS;5270.0;6
37900;BOT_MAKER;BOT_TAKER;VEV_5500;XIRECS;7.0;4
38000;BOT_MAKER;BOT_TAKER;HYDROGEL_PACK;XIRECS;10000.0;5
38000;BOT_TAKER;BOT_MAKER;VELVETFRUIT_EXTRACT;XIRECS;5270.0;4
38100;BOT_TAKER;BOT_MAKER;VELVETFRUIT_EXTRACT;XIRECS;5272.0;8
38200;SUBMISSION;BOT_TAKER;ASH_COATED_OSMIUM;XIRECS;9995.0;5
38300;BOT_MAKER;BOT_TAKER;VEV_6500;XIRECS;0.0;2
38300;BOT;SUBMISSION;ASH_COATED_OSMIUM;XIRECS;10004.0;9
38400;BOT_TAKER;BOT_MAKER;HYDROGEL_PACK;XIRECS;10008.0;2
38400;BOT_TAKER;BOT_MAKER;VELVETFRUIT_EXTRACT;XIRECS;5272.0;8
38500;BOT_TAKER;BOT_MAKER;HYDROGEL_PACK;XIRECS;10009.0;3
38500;BOT_TAKER;BOT_MAKER;INTARIAN_PEPPER_ROOT;XIRECS;13149.0;7
38500;BOT_TAKER;BOT_MAKER;VELVETFRUIT_EXTRACT;XIRECS;5271.0;11
38700;BOT_TAKER;SUBMISSION;VELVETFRUIT_EXTRACT;XIRECS;5269.0;5
38700;BOT_TAKER;BOT_MAKER;VELVETFRUIT_EXTRACT;XIRECS;5270.0;1
38800;BOT_MAKER;BOT_TAKER;VEV_6000;XIRECS;0.0;4
38900;BOT_MAKER;BOT_TAKER;HYDROGEL_PACK;XIRECS;9997.0;3
38900;BOT_MAKER;BOT_TAKER;VEV_6500;XIRECS;0.0;2
39000;BOT_MAKER;BOT_TAKER;VELVETFRUIT_EXTRACT;XIRECS;5262.0;4
39000;BOT_MAKER;BOT_TAKER;VEV_4000;XIRECS;1241.0;1
39100;BOT_MAKER;BOT_TAKER;VELVETFRUIT_EXTRACT;XIRECS;5261.0;4
39200;BOT_MAKER;BOT_TAKER;VELVETFRUIT_EXTRACT;XIRECS;5260.0;5
39200;SUBMISSION;BOT_TAKER;ASH_COATED_OSMIUM;XIRECS;9993.0;6
39300;BOT_MAKER;BOT_TAKER;HYDROGEL_PACK;XIRECS;9994.0;5
39300;BOT_MAKER;BOT_TAKER;VELVETFRUIT_EXTRACT;XIRECS;5258.0;4
39300;BOT_TAKER;BOT_MAKER;VEV_5400;XIRECS;17.0;4
39300;BOT_MAKER;BOT_TAKER;VEV_5500;XIRECS;7.0;4
39400;BOT_MAKER;BOT_TAKER;VEV_6500;XIRECS;0.0;4
39500;BOT_MAKER;BOT_TAKER;VELVETFRUIT_EXTRACT;XIRECS;5258.0;7
39600;BOT_MAKER;BOT_TAKER;VEV_4000;XIRECS;1238.0;1
39800;BOT_TAKER;BOT_MAKER;VEV_6500;XIRECS;1.0;3
39900;BOT_MAKER;BOT_TAKER;HYDROGEL_PACK;XIRECS;9993.0;6
39900;BOT_MAKER;BOT_TAKER;VEV_6000;XIRECS;0.0;3
39900;BOT_TAKER;BOT_MAKER;VEV_6000;XIRECS;1.0;4
40000;BOT_TAKER;BOT_MAKER;VEV_5300;XIRECS;55.0;5
40200;BOT_TAKER;SUBMISSION;VELVETFRUIT_EXTRACT;XIRECS;5262.0;5
40300;BOT_MAKER;BOT_TAKER;HYDROGEL_PACK;XIRECS;9985.0;6
40300;BOT_MAKER;BOT_TAKER;VELVETFRUIT_EXTRACT;XIRECS;5257.0;7
40400;BOT_TAKER;BOT_MAKER;VEV_5300;XIRECS;55.0;3
40500;BOT_TAKER;BOT_MAKER;VELVETFRUIT_EXTRACT;XIRECS;5261.0;6
40500;BOT_MAKER;BOT_TAKER;VEV_5500;XIRECS;7.0;3
40600;BOT_TAKER;BOT_MAKER;VEV_6500;XIRECS;1.0;5
40700;BOT_TAKER;BOT_MAKER;VEV_5500;XIRECS;8.0;5
40700;BOT_TAKER;BOT_MAKER;INTARIAN_PEPPER_ROOT;XIRECS;13148.0;7
40900;BOT_TAKER;BOT_MAKER;VELVETFRUIT_EXTRACT;XIRECS;5262.0;8
41000;BOT_TAKER;BOT_MAKER;VELVETFRUIT_EXTRACT;XIRECS;5263.0;7
41100;BOT_MAKER;BOT_TAKER;VEV_4000;XIRECS;1237.0;2
41200;BOT_MAKER;BOT_TAKER;VELVETFRUIT_EXTRACT;XIRECS;5258.0;8
41300;BOT_TAKER;BOT_MAKER;HYDROGEL_PACK;XIRECS;10002.0;6
41300;BOT_TAKER;BOT_MAKER;VELVETFRUIT_EXTRACT;XIRECS;5264.0;6
41400;BOT_MAKER;BOT_TAKER;HYDROGEL_PACK;XIRECS;9985.0;3
41400;BOT_MAKER;BOT_TAKER;VELVETFRUIT_EXTRACT;XIRECS;5257.0;8
41400;BOT_MAKER;BOT_TAKER;VEV_5400;XIRECS;16.0;2
41400;BOT_MAKER;BOT_TAKER;VEV_6500;XIRECS;0.0;5
41500;BOT_MAKER;BOT_TAKER;VELVETFRUIT_EXTRACT;XIRECS;5258.0;5
41600;BOT_TAKER;BOT_MAKER;HYDROGEL_PACK;XIRECS;10005.0;6
41600;BOT_TAKER;BOT_MAKER;VEV_6000;XIRECS;1.0;4
41700;BOT_MAKER;BOT_TAKER;VELVETFRUIT_EXTRACT;XIRECS;5257.0;5
41700;BOT_TAKER;BOT_MAKER;VEV_5400;XIRECS;18.0;3
41700;BOT_MAKER;BOT_TAKER;VEV_6500;XIRECS;0.0;2
41800;BOT_TAKER;BOT_MAKER;VEV_5500;XIRECS;8.0;4
41800;BOT_MAKER;BOT_TAKER;VEV_6500;XIRECS;0.0;4
41800;BOT_TAKER;BOT_MAKER;INTARIAN_PEPPER_ROOT;XIRECS;13149.0;8
41900;BOT_TAKER;BOT_MAKER;HYDROGEL_PACK;XIRECS;9999.0;2
41900;BOT_TAKER;BOT_MAKER;VELVETFRUIT_EXTRACT;XIRECS;5263.0;8
41900;BOT_MAKER;BOT_TAKER;VEV_4000;XIRECS;1239.0;2
42000;BOT_TAKER;BOT_MAKER;HYDROGEL_PACK;XIRECS;9998.0;3
42000;BOT_MAKER;BOT_TAKER;VELVETFRUIT_EXTRACT;XIRECS;5257.0;4
42000;BOT_TAKER;BOT_MAKER;VEV_4000;XIRECS;1262.0;1
42100;BOT_MAKER;BOT_TAKER;ASH_COATED_OSMIUM;XIRECS;9989.0;4
42100;BOT_TAKER;BOT_MAKER;ASH_COATED_OSMIUM;XIRECS;10007.0;5
42100;BOT_MAKER;BOT_TAKER;VELVETFRUIT_EXTRACT;XIRECS;5256.0;6
42100;BOT_TAKER;BOT_MAKER;VEV_4000;XIRECS;1260.0;2
42100;BOT_TAKER;BOT_MAKER;VEV_5400;XIRECS;18.0;4
42200;BOT_TAKER;BOT_MAKER;VEV_5400;XIRECS;18.0;2
42300;BOT_TAKER;BOT_MAKER;VELVETFRUIT_EXTRACT;XIRECS;5261.0;6
42300;BOT_TAKER;BOT_MAKER;VEV_5300;XIRECS;51.0;2
42300;BOT_TAKER;BOT_MAKER;VEV_5400;XIRECS;18.0;2
42400;BOT;SUBMISSION;ASH_COATED_OSMIUM;XIRECS;10001.0;4
42500;BOT_MAKER;BOT_TAKER;HYDROGEL_PACK;XIRECS;9981.0;3
42500;BOT_MAKER;BOT_TAKER;VELVETFRUIT_EXTRACT;XIRECS;5256.0;8
42600;BOT_TAKER;BOT_MAKER;VELVETFRUIT_EXTRACT;XIRECS;5260.0;4
42600;SUBMISSION;BOT_TAKER;HYDROGEL_PACK;XIRECS;9980.0;4
42700;BOT_TAKER;BOT_MAKER;HYDROGEL_PACK;XIRECS;9994.0;3
42700;BOT_MAKER;BOT_TAKER;VELVETFRUIT_EXTRACT;XIRECS;5255.0;5
42700;BOT_MAKER;BOT_TAKER;VEV_6000;XIRECS;0.0;3
42800;BOT_MAKER;BOT_TAKER;VELVETFRUIT_EXTRACT;XIRECS;5256.0;6
42800;BOT_TAKER;BOT_MAKER;VEV_4000;XIRECS;1264.0;3
42800;SUBMISSION;BOT_TAKER;HYDROGEL_PACK;XIRECS;9981.0;5
42800;BOT_MAKER;BOT_TAKER;HYDROGEL_PACK;XIRECS;9980.0;1
43000;BOT_TAKER;BOT_MAKER;VELVETFRUIT_EXTRACT;XIRECS;5258.0;4
43100;BOT_TAKER;BOT_MAKER;HYDROGEL_PACK;XIRECS;10003.0;5
43100;BOT_TAKER;BOT_MAKER;VELVETFRUIT_EXTRACT;XIRECS;5258.0;6
43100;BOT_MAKER;BOT_TAKER;VEV_5500;XIRECS;7.0;5
43200;BOT_MAKER;BOT_TAKER;HYDROGEL_PACK;XIRECS;9987.0;2
43200;BOT_MAKER;BOT_TAKER;VELVETFRUIT_EXTRACT;XIRECS;5251.0;4
43300;BOT_MAKER;BOT_TAKER;VELVETFRUIT_EXTRACT;XIRECS;5252.0;8
43300;BOT_MAKER;BOT_TAKER;VEV_5500;XIRECS;7.0;4
43600;BOT_MAKER;BOT_TAKER;HYDROGEL_PACK;XIRECS;9986.0;4
43600;BOT_MAKER;BOT_TAKER;VELVETFRUIT_EXTRACT;XIRECS;5253.0;6
43700;BOT_TAKER;BOT_MAKER;VEV_5500;XIRECS;8.0;2
43800;BOT_TAKER;BOT_MAKER;HYDROGEL_PACK;XIRECS;10001.0;5
43900;BOT_TAKER;BOT_MAKER;VEV_5400;XIRECS;17.0;2
44100;BOT_MAKER;BOT_TAKER;HYDROGEL_PACK;XIRECS;9985.0;3
44100;BOT_TAKER;BOT_MAKER;HYDROGEL_PACK;XIRECS;10001.0;5
44200;BOT_MAKER;BOT_TAKER;HYDROGEL_PACK;XIRECS;9985.0;3
44200;BOT_TAKER;BOT_MAKER;VELVETFRUIT_EXTRACT;XIRECS;5257.0;6
44200;BOT_TAKER;BOT_MAKER;VEV_6500;XIRECS;1.0;2
44300;BOT_MAKER;BOT_TAKER;HYDROGEL_PACK;XIRECS;9984.0;3
44300;SUBMISSION;BOT;ASH_COATED_OSMIUM;XIRECS;9995.0;7
44400;BOT_MAKER;BOT_TAKER;VELVETFRUIT_EXTRACT;XIRECS;5250.0;4
44500;BOT_MAKER;BOT_TAKER;HYDROGEL_PACK;XIRECS;9984.0;4
44600;BOT_MAKER;BOT_TAKER;HYDROGEL_PACK;XIRECS;9986.0;6
44600;BOT_MAKER;BOT_TAKER;VEV_5400;XIRECS;17.0;4
44900;BOT_TAKER;BOT_MAKER;VEV_4000;XIRECS;1264.0;1
45100;BOT_MAKER;BOT_TAKER;VELVETFRUIT_EXTRACT;XIRECS;5250.0;8
45100;BOT_MAKER;BOT_TAKER;VEV_5200;XIRECS;91.0;4
45200;BOT_MAKER;BOT_TAKER;VELVETFRUIT_EXTRACT;XIRECS;5250.0;5
45200;BOT_TAKER;BOT_MAKER;VEV_6000;XIRECS;1.0;2
45300;BOT_MAKER;BOT_TAKER;HYDROGEL_PACK;XIRECS;9982.0;5
45300;BOT_MAKER;BOT_TAKER;VEV_6000;XIRECS;0.0;4
45500;BOT_MAKER;BOT_TAKER;VEV_6000;XIRECS;0.0;4
45600;BOT_TAKER;BOT_MAKER;INTARIAN_PEPPER_ROOT;XIRECS;13153.0;5
45600;BOT_TAKER;BOT_MAKER;VELVETFRUIT_EXTRACT;XIRECS;5253.0;4
45600;SUBMISSION;BOT_TAKER;VELVETFRUIT_EXTRACT;XIRECS;5248.0;5
45600;BOT_MAKER;BOT_TAKER;VELVETFRUIT_EXTRACT;XIRECS;5247.0;2
45700;BOT_MAKER;BOT_TAKER;HYDROGEL_PACK;XIRECS;9981.0;5
45800;BOT_TAKER;BOT_MAKER;HYDROGEL_PACK;XIRECS;9995.0;6
45900;BOT_TAKER;BOT_MAKER;VELVETFRUIT_EXTRACT;XIRECS;5251.0;8
46100;BOT_TAKER;BOT_MAKER;VELVETFRUIT_EXTRACT;XIRECS;5251.0;8
46300;BOT_MAKER;BOT_TAKER;HYDROGEL_PACK;XIRECS;9973.0;6
46400;BOT_MAKER;BOT_TAKER;HYDROGEL_PACK;XIRECS;9976.0;2
46400;BOT_TAKER;BOT_MAKER;VEV_5500;XIRECS;8.0;5
46500;BOT_MAKER;BOT_TAKER;INTARIAN_PEPPER_ROOT;XIRECS;13139.0;7
46500;BOT_TAKER;BOT_MAKER;VELVETFRUIT_EXTRACT;XIRECS;5251.0;8
46500;SUBMISSION;BOT_TAKER;ASH_COATED_OSMIUM;XIRECS;9989.0;6
46600;BOT_MAKER;BOT_TAKER;VEV_5300;XIRECS;50.0;2
46700;BOT_MAKER;BOT_TAKER;HYDROGEL_PACK;XIRECS;9976.0;3
46700;BOT_TAKER;BOT_MAKER;VEV_6500;XIRECS;1.0;4
46800;BOT_TAKER;BOT_MAKER;HYDROGEL_PACK;XIRECS;9990.0;5
46800;BOT_TAKER;BOT_MAKER;VELVETFRUIT_EXTRACT;XIRECS;5252.0;14
46900;BOT_MAKER;BOT_TAKER;VELVETFRUIT_EXTRACT;XIRECS;5246.0;4
47000;BOT_TAKER;BOT_MAKER;VELVETFRUIT_EXTRACT;XIRECS;5252.0;5
47000;BOT_TAKER;SUBMISSION;VELVETFRUIT_EXTRACT;XIRECS;5251.0;5
47100;BOT_TAKER;BOT_MAKER;HYDROGEL_PACK;XIRECS;9990.0;3
47100;BOT_TAKER;BOT_MAKER;VELVETFRUIT_EXTRACT;XIRECS;5250.0;11
47100;BOT_TAKER;SUBMISSION;HYDROGEL_PACK;XIRECS;9989.0;5
47100;BOT_TAKER;BOT_MAKER;HYDROGEL_PACK;XIRECS;9990.0;1
47200;BOT_MAKER;BOT_TAKER;VELVETFRUIT_EXTRACT;XIRECS;5244.0;8
47200;BOT_MAKER;BOT_TAKER;VEV_5500;XIRECS;6.0;5
47300;BOT_MAKER;BOT_TAKER;VELVETFRUIT_EXTRACT;XIRECS;5244.0;4
47400;BOT_MAKER;BOT_TAKER;HYDROGEL_PACK;XIRECS;9974.0;6
47400;SUBMISSION;BOT_TAKER;HYDROGEL_PACK;XIRECS;9975.0;2
47500;BOT_MAKER;BOT_TAKER;ASH_COATED_OSMIUM;XIRECS;9987.0;4
47500;BOT_MAKER;BOT_TAKER;HYDROGEL_PACK;XIRECS;9973.0;2
47500;BOT_MAKER;BOT_TAKER;VELVETFRUIT_EXTRACT;XIRECS;5245.0;7
47600;BOT_MAKER;BOT_TAKER;ASH_COATED_OSMIUM;XIRECS;9997.0;5
47600;BOT_MAKER;BOT_TAKER;ASH_COATED_OSMIUM;XIRECS;9987.0;2
47600;BOT_MAKER;BOT_TAKER;VELVETFRUIT_EXTRACT;XIRECS;5243.0;10
47600;BOT_TAKER;BOT_MAKER;VEV_6000;XIRECS;1.0;5
47700;BOT_MAKER;BOT_TAKER;VELVETFRUIT_EXTRACT;XIRECS;5243.0;5
47700;BOT_TAKER;SUBMISSION;VELVETFRUIT_EXTRACT;XIRECS;5248.0;3
47800;BOT_MAKER;BOT_TAKER;VELVETFRUIT_EXTRACT;XIRECS;5242.0;3
47800;BOT_MAKER;BOT_TAKER;VEV_4000;XIRECS;1239.0;2
47800;BOT_TAKER;BOT_MAKER;VEV_5400;XIRECS;18.0;5
47800;BOT_TAKER;BOT_MAKER;VEV_6500;XIRECS;1.0;4
47900;BOT_MAKER;BOT_TAKER;HYDROGEL_PACK;XIRECS;9976.0;3
47900;BOT_TAKER;BOT_MAKER;VELVETFRUIT_EXTRACT;XIRECS;5250.0;4
47900;BOT_TAKER;BOT_MAKER;VEV_6500;XIRECS;1.0;4
48000;BOT_MAKER;BOT_TAKER;VEV_5400;XIRECS;16.0;3
48200;BOT_MAKER;BOT_TAKER;HYDROGEL_PACK;XIRECS;9975.0;4
48200;BOT_MAKER;BOT_TAKER;VEV_4000;XIRECS;1239.0;2
48300;BOT_TAKER;BOT_MAKER;VEV_4000;XIRECS;1262.0;3
48300;BOT_MAKER;BOT_TAKER;VEV_5400;XIRECS;16.0;4
48500;BOT_MAKER;BOT_TAKER;HYDROGEL_PACK;XIRECS;9971.0;2
48500;SUBMISSION;BOT_TAKER;HYDROGEL_PACK;XIRECS;9972.0;2
48600;BOT_TAKER;BOT_MAKER;VEV_6500;XIRECS;1.0;5
48700;BOT_TAKER;BOT_MAKER;VELVETFRUIT_EXTRACT;XIRECS;5250.0;4
48700;BOT_MAKER;BOT_TAKER;VEV_5500;XIRECS;7.0;5
48800;BOT_TAKER;BOT_MAKER;VELVETFRUIT_EXTRACT;XIRECS;5249.0;8
48900;BOT_MAKER;BOT_TAKER;HYDROGEL_PACK;XIRECS;9963.0;3
48900;SUBMISSION;BOT_TAKER;VEV_4000;XIRECS;1237.0;2
49000;BOT_MAKER;BOT_TAKER;VELVETFRUIT_EXTRACT;XIRECS;5244.0;3
49000;BOT_MAKER;BOT_TAKER;VEV_4000;XIRECS;1237.0;3
49100;BOT_MAKER;BOT_TAKER;VELVETFRUIT_EXTRACT;XIRECS;5245.0;7
49100;BOT_MAKER;BOT_TAKER;VEV_6500;XIRECS;0.0;5
49200;BOT_TAKER;BOT_MAKER;HYDROGEL_PACK;XIRECS;9979.0;2
49200;BOT_MAKER;BOT_TAKER;VELVETFRUIT_EXTRACT;XIRECS;5246.0;8
49300;BOT_TAKER;BOT_MAKER;HYDROGEL_PACK;XIRECS;9981.0;2
49400;BOT_TAKER;BOT_MAKER;VELVETFRUIT_EXTRACT;XIRECS;5250.0;6
49400;SUBMISSION;BOT_TAKER;VEV_4000;XIRECS;1234.0;2
49500;BOT_MAKER;BOT_TAKER;HYDROGEL_PACK;XIRECS;9966.0;6
49500;BOT_MAKER;BOT_TAKER;VELVETFRUIT_EXTRACT;XIRECS;5244.0;7
49500;BOT_MAKER;BOT_TAKER;VEV_4000;XIRECS;1234.0;3
49600;BOT_TAKER;BOT_MAKER;VELVETFRUIT_EXTRACT;XIRECS;5249.0;6
49700;BOT_TAKER;BOT_MAKER;HYDROGEL_PACK;XIRECS;9982.0;2
49800;BOT_MAKER;BOT_TAKER;VEV_6500;XIRECS;0.0;5
49800;SUBMISSION;BOT_TAKER;VELVETFRUIT_EXTRACT;XIRECS;5246.0;5
49800;BOT_MAKER;BOT_TAKER;VELVETFRUIT_EXTRACT;XIRECS;5245.0;1
49900;BOT_TAKER;BOT_MAKER;HYDROGEL_PACK;XIRECS;9986.0;3
49900;BOT_MAKER;BOT_TAKER;VEV_6500;XIRECS;0.0;2
50000;BOT_TAKER;BOT_MAKER;VEV_5400;XIRECS;19.0;3
50100;SUBMISSION;BOT_TAKER;ASH_COATED_OSMIUM;XIRECS;9989.0;7
50200;BOT_MAKER;BOT_TAKER;HYDROGEL_PACK;XIRECS;9972.0;4
50400;BOT_TAKER;BOT_MAKER;VELVETFRUIT_EXTRACT;XIRECS;5247.0;4
50600;BOT_MAKER;BOT_TAKER;HYDROGEL_PACK;XIRECS;9975.0;5
50600;BOT_TAKER;BOT_MAKER;VELVETFRUIT_EXTRACT;XIRECS;5252.0;6
50700;BOT_MAKER;BOT_TAKER;VELVETFRUIT_EXTRACT;XIRECS;5247.0;7
51000;BOT_TAKER;BOT_MAKER;HYDROGEL_PACK;XIRECS;9994.0;6
51100;SUBMISSION;BOT_TAKER;VELVETFRUIT_EXTRACT;XIRECS;5249.0;4
51200;BOT_TAKER;BOT_MAKER;VEV_5400;XIRECS;18.0;3
51200;BOT_TAKER;SUBMISSION;VEV_4000;XIRECS;1263.0;3
51400;BOT_MAKER;BOT_TAKER;INTARIAN_PEPPER_ROOT;XIRECS;13144.0;7
51500;BOT_TAKER;SUBMISSION;VELVETFRUIT_EXTRACT;XIRECS;5252.0;5
51500;BOT_TAKER;BOT_MAKER;VELVETFRUIT_EXTRACT;XIRECS;5253.0;1
51600;BOT_MAKER;BOT_TAKER;VELVETFRUIT_EXTRACT;XIRECS;5248.0;7
51700;BOT_MAKER;BOT_TAKER;VELVETFRUIT_EXTRACT;XIRECS;5249.0;3
51800;BOT_MAKER;BOT_TAKER;VELVETFRUIT_EXTRACT;XIRECS;5249.0;3
51900;BOT_TAKER;BOT_MAKER;HYDROGEL_PACK;XIRECS;9985.0;6
51900;BOT_MAKER;BOT_TAKER;VEV_5500;XIRECS;7.0;5
52000;BOT_TAKER;BOT_MAKER;ASH_COATED_OSMIUM;XIRECS;10005.0;10
52000;BOT_TAKER;BOT_MAKER;HYDROGEL_PACK;XIRECS;9985.0;5
52000;BOT_TAKER;BOT_MAKER;VEV_5500;XIRECS;8.0;3
52000;BOT_TAKER;SUBMISSION;HYDROGEL_PACK;XIRECS;9984.0;5
52000;BOT_TAKER;BOT_MAKER;HYDROGEL_PACK;XIRECS;9985.0;1
52100;BOT_TAKER;BOT_MAKER;HYDROGEL_PACK;XIRECS;9984.0;4
52100;BOT_TAKER;BOT_MAKER;VEV_6000;XIRECS;1.0;5
52200;BOT_TAKER;BOT_MAKER;HYDROGEL_PACK;XIRECS;9987.0;4
52200;SUBMISSION;BOT_TAKER;VELVETFRUIT_EXTRACT;XIRECS;5252.0;4
52300;BOT_MAKER;BOT_TAKER;HYDROGEL_PACK;XIRECS;9971.0;4
52300;BOT_TAKER;BOT_MAKER;VEV_4000;XIRECS;1264.0;1
52300;SUBMISSION;BOT_TAKER;HYDROGEL_PACK;XIRECS;9972.0;3
52400;BOT_MAKER;BOT_TAKER;VELVETFRUIT_EXTRACT;XIRECS;5250.0;4
52500;BOT_TAKER;BOT_MAKER;ASH_COATED_OSMIUM;XIRECS;10005.0;6
52600;BOT_MAKER;BOT_TAKER;VELVETFRUIT_EXTRACT;XIRECS;5250.0;4
52700;BOT_MAKER;BOT_TAKER;ASH_COATED_OSMIUM;XIRECS;9988.0;2
52700;BOT_MAKER;BOT_TAKER;VELVETFRUIT_EXTRACT;XIRECS;5250.0;6
52700;BOT_TAKER;BOT_MAKER;VELVETFRUIT_EXTRACT;XIRECS;5255.0;11
52700;BOT_TAKER;SUBMISSION;ASH_COATED_OSMIUM;XIRECS;10006.0;4
52800;BOT_TAKER;BOT_MAKER;HYDROGEL_PACK;XIRECS;9988.0;3
52800;BOT_MAKER;BOT_TAKER;VEV_4000;XIRECS;1249.0;3
52900;BOT_MAKER;BOT_TAKER;VELVETFRUIT_EXTRACT;XIRECS;5251.0;6
53000;BOT_MAKER;BOT_TAKER;HYDROGEL_PACK;XIRECS;9972.0;4
53000;BOT_TAKER;BOT_MAKER;VELVETFRUIT_EXTRACT;XIRECS;5258.0;3
53100;BOT_TAKER;BOT_MAKER;VELVETFRUIT_EXTRACT;XIRECS;5258.0;8
53100;BOT;SUBMISSION;ASH_COATED_OSMIUM;XIRECS;9998.0;7
53100;BOT_TAKER;SUBMISSION;ASH_COATED_OSMIUM;XIRECS;10003.0;7
53200;BOT_MAKER;BOT_TAKER;HYDROGEL_PACK;XIRECS;9980.0;2
53200;BOT_TAKER;BOT_MAKER;VELVETFRUIT_EXTRACT;XIRECS;5258.0;4
53300;BOT_MAKER;BOT_TAKER;HYDROGEL_PACK;XIRECS;9979.0;4
53400;BOT_TAKER;BOT_MAKER;HYDROGEL_PACK;XIRECS;9994.0;5
53400;BOT_TAKER;BOT_MAKER;VELVETFRUIT_EXTRACT;XIRECS;5257.0;5
53400;BOT_MAKER;BOT_TAKER;VEV_5300;XIRECS;53.0;2
53400;BOT_TAKER;BOT_MAKER;VEV_6000;XIRECS;1.0;5
53600;BOT_TAKER;BOT_MAKER;VELVETFRUIT_EXTRACT;XIRECS;5256.0;4
53600;BOT_MAKER;BOT_TAKER;VEV_4000;XIRECS;1251.0;3
53700;BOT_TAKER;BOT_MAKER;INTARIAN_PEPPER_ROOT;XIRECS;13161.0;7
53700;BOT_TAKER;BOT_MAKER;INTARIAN_PEPPER_ROOT;XIRECS;13161.0;3
53700;BOT_TAKER;SUBMISSION;INTARIAN_PEPPER_ROOT;XIRECS;13162.0;2
53800;BOT_TAKER;BOT_MAKER;VELVETFRUIT_EXTRACT;XIRECS;5255.0;3
53800;SUBMISSION;BOT;INTARIAN_PEPPER_ROOT;XIRECS;13161.0;2
53900;BOT_MAKER;BOT_TAKER;VEV_6000;XIRECS;0.0;5
54000;BOT_TAKER;BOT_MAKER;HYDROGEL_PACK;XIRECS;9997.0;6
54000;BOT_TAKER;BOT_MAKER;VELVETFRUIT_EXTRACT;XIRECS;5257.0;6
54200;BOT_TAKER;BOT_MAKER;VELVETFRUIT_EXTRACT;XIRECS;5259.0;8
54300;BOT_TAKER;BOT_MAKER;VEV_4000;XIRECS;1270.0;1
54300;SUBMISSION;BOT_TAKER;ASH_COATED_OSMIUM;XIRECS;9988.0;9
54400;BOT_TAKER;BOT_MAKER;VEV_4000;XIRECS;1271.0;1
54400;SUBMISSION;BOT;ASH_COATED_OSMIUM;XIRECS;9994.0;10
54500;BOT_TAKER;BOT_MAKER;HYDROGEL_PACK;XIRECS;10008.0;3
54500;BOT_TAKER;BOT_MAKER;VELVETFRUIT_EXTRACT;XIRECS;5259.0;4
54600;BOT_MAKER;BOT_TAKER;HYDROGEL_PACK;XIRECS;9993.0;4
54600;BOT_MAKER;BOT_TAKER;VELVETFRUIT_EXTRACT;XIRECS;5250.0;4
54600;BOT_TAKER;SUBMISSION;HYDROGEL_PACK;XIRECS;10008.0;3
54700;BOT_MAKER;BOT_TAKER;VELVETFRUIT_EXTRACT;XIRECS;5250.0;5
54700;BOT_MAKER;BOT_TAKER;VEV_4000;XIRECS;1248.0;2
54700;BOT_TAKER;SUBMISSION;VELVETFRUIT_EXTRACT;XIRECS;5255.0;5
54800;BOT_MAKER;BOT_TAKER;HYDROGEL_PACK;XIRECS;9993.0;2
54900;BOT_MAKER;BOT_TAKER;HYDROGEL_PACK;XIRECS;9995.0;5
55000;BOT_MAKER;BOT_TAKER;HYDROGEL_PACK;XIRECS;9993.0;3
55000;BOT_MAKER;BOT_TAKER;VELVETFRUIT_EXTRACT;XIRECS;5247.0;7
55100;BOT_MAKER;BOT_TAKER;HYDROGEL_PACK;XIRECS;9992.0;2
55100;BOT_TAKER;BOT_MAKER;VELVETFRUIT_EXTRACT;XIRECS;5253.0;4
55100;SUBMISSION;BOT;ASH_COATED_OSMIUM;XIRECS;9995.0;7
55200;BOT_MAKER;BOT_TAKER;HYDROGEL_PACK;XIRECS;9991.0;5
55200;BOT_TAKER;BOT_MAKER;VEV_5500;XIRECS;8.0;3
55200;BOT_TAKER;BOT_MAKER;VEV_6000;XIRECS;1.0;4
55300;BOT_TAKER;BOT_MAKER;HYDROGEL_PACK;XIRECS;10007.0;4
55400;BOT_TAKER;BOT_MAKER;VEV_6500;XIRECS;1.0;2
55500;BOT_TAKER;BOT_MAKER;VEV_4000;XIRECS;1267.0;1
55500;BOT_TAKER;BOT_MAKER;VEV_5400;XIRECS;17.0;2
55500;BOT_MAKER;BOT_TAKER;VEV_6500;XIRECS;0.0;5
55600;BOT_TAKER;BOT_MAKER;HYDROGEL_PACK;XIRECS;10008.0;5
55700;BOT_TAKER;BOT_MAKER;HYDROGEL_PACK;XIRECS;10011.0;4
55700;BOT_MAKER;BOT_TAKER;VEV_5400;XIRECS;17.0;2
55700;BOT_TAKER;BOT_MAKER;VEV_5500;XIRECS;8.0;3
55700;BOT_TAKER;BOT_MAKER;VEV_5500;XIRECS;8.0;3
55700;SUBMISSION;BOT_TAKER;VELVETFRUIT_EXTRACT;XIRECS;5246.0;5
55700;BOT_MAKER;BOT_TAKER;VELVETFRUIT_EXTRACT;XIRECS;5245.0;3
55800;BOT_MAKER;BOT_TAKER;VEV_5500;XIRECS;7.0;4
55900;BOT_MAKER;BOT_TAKER;INTARIAN_PEPPER_ROOT;XIRECS;13149.0;4
56100;BOT_TAKER;BOT_MAKER;HYDROGEL_PACK;XIRECS;10010.0;4
56100;BOT_MAKER;BOT_TAKER;VELVETFRUIT_EXTRACT;XIRECS;5247.0;3
56200;BOT_TAKER;BOT_MAKER;HYDROGEL_PACK;XIRECS;10006.0;4
56300;BOT_TAKER;BOT_MAKER;HYDROGEL_PACK;XIRECS;10008.0;4
56300;BOT_TAKER;BOT_MAKER;HYDROGEL_PACK;XIRECS;10008.0;5
56300;BOT_TAKER;SUBMISSION;VELVETFRUIT_EXTRACT;XIRECS;5252.0;5
56300;BOT_TAKER;BOT_MAKER;VELVETFRUIT_EXTRACT;XIRECS;5253.0;3
56500;BOT_MAKER;BOT_TAKER;HYDROGEL_PACK;XIRECS;9995.0;6
56500;BOT_TAKER;BOT_MAKER;VELVETFRUIT_EXTRACT;XIRECS;5253.0;5
56500;BOT_TAKER;BOT_MAKER;VEV_5500;XIRECS;8.0;2
56600;BOT_MAKER;BOT_TAKER;VELVETFRUIT_EXTRACT;XIRECS;5250.0;6
56600;BOT_MAKER;BOT_TAKER;VELVETFRUIT_EXTRACT;XIRECS;5250.0;5
56600;BOT_MAKER;BOT_TAKER;VEV_4000;XIRECS;1246.0;3
56700;BOT_TAKER;BOT_MAKER;HYDROGEL_PACK;XIRECS;10008.0;4
56700;BOT_MAKER;BOT_TAKER;VEV_5500;XIRECS;6.0;4
56700;BOT_TAKER;SUBMISSION;HYDROGEL_PACK;XIRECS;10007.0;2
56700;BOT_TAKER;SUBMISSION;VEV_4000;XIRECS;1264.0;1
56800;BOT_TAKER;BOT_MAKER;VELVETFRUIT_EXTRACT;XIRECS;5254.0;4
57000;BOT_MAKER;BOT_TAKER;HYDROGEL_PACK;XIRECS;9991.0;5
57000;BOT_MAKER;BOT_TAKER;VELVETFRUIT_EXTRACT;XIRECS;5251.0;7
57000;BOT_MAKER;BOT_TAKER;VEV_6500;XIRECS;0.0;3
57100;BOT_MAKER;BOT_TAKER;HYDROGEL_PACK;XIRECS;9992.0;6
57100;BOT_TAKER;BOT_MAKER;HYDROGEL_PACK;XIRECS;10008.0;6
57100;BOT_MAKER;BOT_TAKER;VEV_4000;XIRECS;1241.0;2
57400;BOT_TAKER;BOT_MAKER;ASH_COATED_OSMIUM;XIRECS;10007.0;9
57400;BOT_TAKER;BOT_MAKER;VELVETFRUIT_EXTRACT;XIRECS;5256.0;8
57400;BOT_TAKER;BOT_MAKER;VEV_5500;XIRECS;8.0;5
57600;BOT_TAKER;BOT_MAKER;HYDROGEL_PACK;XIRECS;10009.0;5
57600;BOT_TAKER;BOT_MAKER;VEV_5300;XIRECS;54.0;5
57600;BOT_TAKER;BOT_MAKER;VEV_5400;XIRECS;19.0;5
57700;BOT_TAKER;BOT_MAKER;VELVETFRUIT_EXTRACT;XIRECS;5254.0;5
57700;BOT_TAKER;BOT_MAKER;VEV_4000;XIRECS;1262.0;2
57700;BOT_MAKER;BOT_TAKER;VEV_5400;XIRECS;18.0;2
57800;BOT_TAKER;BOT_MAKER;VELVETFRUIT_EXTRACT;XIRECS;5255.0;4
57900;BOT_MAKER;BOT_TAKER;VEV_5500;XIRECS;6.0;4
57900;SUBMISSION;BOT_TAKER;HYDROGEL_PACK;XIRECS;9992.0;2
58000;SUBMISSION;BOT_TAKER;VELVETFRUIT_EXTRACT;XIRECS;5250.0;5
58000;BOT_MAKER;BOT_TAKER;VELVETFRUIT_EXTRACT;XIRECS;5249.0;2
58100;BOT_TAKER;BOT_MAKER;HYDROGEL_PACK;XIRECS;10002.0;6
58100;BOT_MAKER;BOT_TAKER;VELVETFRUIT_EXTRACT;XIRECS;5247.0;3
58100;BOT_TAKER;BOT_MAKER;VELVETFRUIT_EXTRACT;XIRECS;5253.0;5
58100;BOT_TAKER;BOT_MAKER;VEV_6500;XIRECS;1.0;4
58200;BOT_MAKER;BOT_TAKER;VELVETFRUIT_EXTRACT;XIRECS;5247.0;6
58200;BOT_TAKER;BOT_MAKER;VEV_4000;XIRECS;1265.0;2
58300;BOT_TAKER;BOT_MAKER;VELVETFRUIT_EXTRACT;XIRECS;5252.0;7
58400;BOT_TAKER;BOT_MAKER;VEV_6000;XIRECS;1.0;2
58600;BOT_TAKER;BOT_MAKER;VEV_5500;XIRECS;7.0;3
58700;BOT_MAKER;BOT_TAKER;VELVETFRUIT_EXTRACT;XIRECS;5246.0;5
58700;BOT_TAKER;BOT_MAKER;VEV_4000;XIRECS;1265.0;3
58700;BOT_TAKER;SUBMISSION;VELVETFRUIT_EXTRACT;XIRECS;5249.0;4
58800;BOT_MAKER;BOT_TAKER;VELVETFRUIT_EXTRACT;XIRECS;5246.0;8
58800;BOT_TAKER;BOT_MAKER;VEV_5300;XIRECS;54.0;4
59000;BOT_MAKER;BOT_TAKER;VEV_4000;XIRECS;1243.0;2
59200;BOT_MAKER;BOT_TAKER;HYDROGEL_PACK;XIRECS;9980.0;5
59300;BOT_MAKER;BOT_TAKER;HYDROGEL_PACK;XIRECS;9982.0;6
59300;BOT_MAKER;BOT_TAKER;VELVETFRUIT_EXTRACT;XIRECS;5245.0;8
59400;BOT_MAKER;BOT_TAKER;HYDROGEL_PACK;XIRECS;9983.0;6
59400;BOT_MAKER;BOT_TAKER;VELVETFRUIT_EXTRACT;XIRECS;5244.0;10
59500;BOT_MAKER;BOT_TAKER;HYDROGEL_PACK;XIRECS;9981.0;6
59500;BOT_TAKER;BOT_MAKER;VEV_5500;XIRECS;7.0;5
59600;BOT_TAKER;BOT_MAKER;VEV_4000;XIRECS;1266.0;1
59600;SUBMISSION;BOT_TAKER;HYDROGEL_PACK;XIRECS;9984.0;4
59700;BOT_MAKER;BOT_TAKER;VELVETFRUIT_EXTRACT;XIRECS;5245.0;6
59800;BOT_MAKER;BOT_TAKER;VEV_4000;XIRECS;1246.0;1
59800;BOT_MAKER;BOT_TAKER;VEV_5400;XIRECS;17.0;5
59900;BOT_TAKER;BOT_MAKER;HYDROGEL_PACK;XIRECS;9999.0;3
59900;BOT_TAKER;SUBMISSION;HYDROGEL_PACK;XIRECS;9998.0;3
60000;SUBMISSION;BOT_TAKER;VEV_4000;XIRECS;1245.0;3
60100;BOT_TAKER;SUBMISSION;VELVETFRUIT_EXTRACT;XIRECS;5249.0;5
60100;BOT_TAKER;BOT_MAKER;VELVETFRUIT_EXTRACT;XIRECS;5250.0;1
60100;BOT_TAKER;SUBMISSION;VEV_4000;XIRECS;1263.0;3
60200;BOT_TAKER;BOT_MAKER;VEV_4000;XIRECS;1265.0;1
60300;BOT_MAKER;BOT_TAKER;HYDROGEL_PACK;XIRECS;9986.0;2
60300;BOT_MAKER;BOT_TAKER;VELVETFRUIT_EXTRACT;XIRECS;5246.0;4
60400;BOT_MAKER;BOT_TAKER;VEV_5500;XIRECS;6.0;5
60600;BOT_MAKER;BOT_TAKER;HYDROGEL_PACK;XIRECS;9992.0;5
60700;BOT_MAKER;BOT_TAKER;VEV_6500;XIRECS;0.0;3
60800;BOT_MAKER;BOT_TAKER;HYDROGEL_PACK;XIRECS;9995.0;4
60800;SUBMISSION;BOT_TAKER;VEV_4000;XIRECS;1246.0;1
60900;BOT_MAKER;BOT_TAKER;HYDROGEL_PACK;XIRECS;9995.0;4
60900;BOT_TAKER;BOT_MAKER;VEV_4000;XIRECS;1267.0;3
61000;BOT_MAKER;BOT_TAKER;VELVETFRUIT_EXTRACT;XIRECS;5247.0;8
61000;SUBMISSION;BOT_TAKER;HYDROGEL_PACK;XIRECS;9993.0;2
61100;BOT_TAKER;BOT_MAKER;HYDROGEL_PACK;XIRECS;10008.0;5
61100;BOT_TAKER;BOT_MAKER;VELVETFRUIT_EXTRACT;XIRECS;5252.0;10
61100;SUBMISSION;BOT_TAKER;ASH_COATED_OSMIUM;XIRECS;9993.0;6
61200;BOT_MAKER;BOT_TAKER;VELVETFRUIT_EXTRACT;XIRECS;5246.0;3
61200;BOT_TAKER;BOT_MAKER;VEV_6500;XIRECS;1.0;2
61300;BOT_MAKER;BOT_TAKER;HYDROGEL_PACK;XIRECS;9991.0;2
61300;BOT_TAKER;BOT_MAKER;VEV_4000;XIRECS;1265.0;2
61300;BOT_TAKER;SUBMISSION;VELVETFRUIT_EXTRACT;XIRECS;5249.0;5
61300;BOT_TAKER;BOT_MAKER;VELVETFRUIT_EXTRACT;XIRECS;5250.0;2
61400;BOT_MAKER;BOT_TAKER;VELVETFRUIT_EXTRACT;XIRECS;5245.0;8
61400;BOT_TAKER;BOT_MAKER;VEV_4000;XIRECS;1265.0;3
61400;BOT_TAKER;BOT_MAKER;VEV_4000;XIRECS;1265.0;1
61400;BOT;SUBMISSION;ASH_COATED_OSMIUM;XIRECS;10001.0;10
61600;BOT_MAKER;BOT_TAKER;VELVETFRUIT_EXTRACT;XIRECS;5245.0;6
61600;BOT;SUBMISSION;ASH_COATED_OSMIUM;XIRECS;10002.0;6
61700;BOT_TAKER;BOT_MAKER;HYDROGEL_PACK;XIRECS;10004.0;4
61700;BOT_MAKER;BOT_TAKER;VEV_6000;XIRECS;0.0;5
61700;BOT_MAKER;BOT_TAKER;VEV_6500;XIRECS;0.0;3
61700;BOT_TAKER;SUBMISSION;HYDROGEL_PACK;XIRECS;10003.0;5
61800;SUBMISSION;BOT;ASH_COATED_OSMIUM;XIRECS;9998.0;8
61800;SUBMISSION;BOT_TAKER;VEV_4000;XIRECS;1246.0;3
61900;BOT_TAKER;BOT_MAKER;HYDROGEL_PACK;XIRECS;10004.0;3
62100;BOT_TAKER;BOT_MAKER;VEV_6000;XIRECS;1.0;5
62200;BOT_MAKER;BOT_TAKER;VELVETFRUIT_EXTRACT;XIRECS;5246.0;8
62300;BOT_TAKER;BOT_MAKER;INTARIAN_PEPPER_ROOT;XIRECS;13173.0;5
62300;BOT_TAKER;BOT_MAKER;VEV_4000;XIRECS;1259.0;2
62400;BOT_TAKER;BOT_MAKER;VELVETFRUIT_EXTRACT;XIRECS;5254.0;5
62400;BOT_MAKER;BOT_TAKER;VEV_5500;XIRECS;6.0;5
62500;BOT_MAKER;BOT_TAKER;VELVETFRUIT_EXTRACT;XIRECS;5249.0;7
62500;SUBMISSION;BOT_TAKER;VELVETFRUIT_EXTRACT;XIRECS;5250.0;5
62500;BOT_MAKER;BOT_TAKER;VELVETFRUIT_EXTRACT;XIRECS;5249.0;1
62600;BOT_TAKER;BOT_MAKER;VELVETFRUIT_EXTRACT;XIRECS;5254.0;3
62600;BOT_TAKER;SUBMISSION;HYDROGEL_PACK;XIRECS;10002.0;3
62700;BOT_MAKER;BOT_TAKER;VELVETFRUIT_EXTRACT;XIRECS;5248.0;4
62800;BOT_TAKER;BOT_MAKER;VEV_4000;XIRECS;1254.0;3
62800;SUBMISSION;BOT_TAKER;ASH_COATED_OSMIUM;XIRECS;9994.0;3
62800;BOT_TAKER;SUBMISSION;INTARIAN_PEPPER_ROOT;XIRECS;13171.0;3
62900;BOT_MAKER;BOT_TAKER;HYDROGEL_PACK;XIRECS;9984.0;3
62900;BOT_TAKER;BOT_MAKER;VEV_4000;XIRECS;1254.0;3
62900;BOT_TAKER;BOT_MAKER;VEV_5200;XIRECS;81.0;5
62900;BOT_TAKER;BOT_MAKER;VEV_6000;XIRECS;1.0;4
62900;SUBMISSION;BOT;INTARIAN_PEPPER_ROOT;XIRECS;13170.0;3
63000;BOT_MAKER;BOT_TAKER;VELVETFRUIT_EXTRACT;XIRECS;5247.0;6
63000;BOT_TAKER;BOT_MAKER;VEV_4000;XIRECS;1254.0;3
63100;BOT_TAKER;BOT_MAKER;HYDROGEL_PACK;XIRECS;9999.0;2
63100;BOT_TAKER;BOT_MAKER;VELVETFRUIT_EXTRACT;XIRECS;5254.0;5
63300;BOT_TAKER;BOT_MAKER;INTARIAN_PEPPER_ROOT;XIRECS;13170.0;5
63300;BOT_TAKER;BOT_MAKER;VELVETFRUIT_EXTRACT;XIRECS;5255.0;6
63300;BOT_MAKER;BOT_TAKER;VEV_5500;XIRECS;6.0;3
63300;SUBMISSION;BOT_TAKER;VELVETFRUIT_EXTRACT;XIRECS;5250.0;5
63400;BOT_TAKER;SUBMISSION;VELVETFRUIT_EXTRACT;XIRECS;5253.0;5
63600;BOT_MAKER;BOT_TAKER;VEV_6000;XIRECS;0.0;5
63800;BOT_TAKER;BOT_MAKER;VELVETFRUIT_EXTRACT;XIRECS;5256.0;5
63800;BOT_MAKER;BOT_TAKER;VELVETFRUIT_EXTRACT;XIRECS;5251.0;6
63800;BOT;SUBMISSION;ASH_COATED_OSMIUM;XIRECS;10001.0;10
63900;BOT_MAKER;BOT_TAKER;VELVETFRUIT_EXTRACT;XIRECS;5250.0;4
63900;BOT_MAKER;BOT_TAKER;VEV_6000;XIRECS;0.0;2
64000;BOT_TAKER;BOT_MAKER;HYDROGEL_PACK;XIRECS;9995.0;5
64000;BOT_MAKER;BOT_TAKER;VELVETFRUIT_EXTRACT;XIRECS;5250.0;5
64000;BOT_TAKER;BOT_MAKER;VEV_5500;XIRECS;7.0;3
64100;BOT_MAKER;BOT_TAKER;HYDROGEL_PACK;XIRECS;9980.0;3
64200;BOT_TAKER;BOT_MAKER;HYDROGEL_PACK;XIRECS;9996.0;5
64300;BOT_MAKER;BOT_TAKER;HYDROGEL_PACK;XIRECS;9983.0;4
64300;BOT_MAKER;BOT_TAKER;VELVETFRUIT_EXTRACT;XIRECS;5249.0;3
64400;BOT_MAKER;BOT_TAKER;HYDROGEL_PACK;XIRECS;9982.0;3
64400;BOT_MAKER;BOT_TAKER;INTARIAN_PEPPER_ROOT;XIRECS;13157.0;3
64400;BOT_TAKER;BOT_MAKER;VELVETFRUIT_EXTRACT;XIRECS;5256.0;5
64500;BOT_TAKER;BOT_MAKER;VEV_4000;XIRECS;1259.0;2
64600;BOT_MAKER;BOT_TAKER;HYDROGEL_PACK;XIRECS;9982.0;3
64600;BOT_TAKER;BOT_MAKER;VELVETFRUIT_EXTRACT;XIRECS;5257.0;4
64600;BOT_MAKER;BOT_TAKER;VEV_5300;XIRECS;52.0;4
64700;BOT_TAKER;BOT_MAKER;VEV_5400;XIRECS;18.0;2
64700;BOT_TAKER;BOT_MAKER;VEV_6000;XIRECS;1.0;2
64800;BOT_TAKER;BOT_MAKER;VELVETFRUIT_EXTRACT;XIRECS;5257.0;5
65000;BOT_TAKER;BOT_MAKER;VEV_5400;XIRECS;18.0;3
65000;BOT_MAKER;BOT_TAKER;VEV_5500;XIRECS;6.0;5
65100;BOT_TAKER;BOT_MAKER;VEV_6000;XIRECS;1.0;2
65200;BOT_TAKER;BOT_MAKER;VELVETFRUIT_EXTRACT;XIRECS;5253.0;4
65200;BOT_TAKER;BOT_MAKER;VEV_4000;XIRECS;1253.0;2
65200;BOT_TAKER;BOT_MAKER;VEV_6000;XIRECS;1.0;4
65300;BOT_MAKER;BOT_TAKER;VELVETFRUIT_EXTRACT;XIRECS;5249.0;6
65300;BOT_MAKER;BOT_TAKER;VEV_5500;XIRECS;6.0;5
65400;BOT_TAKER;BOT_MAKER;HYDROGEL_PACK;XIRECS;10001.0;3
65400;BOT_MAKER;BOT_TAKER;VELVETFRUIT_EXTRACT;XIRECS;5248.0;8
65500;BOT_MAKER;BOT_TAKER;VELVETFRUIT_EXTRACT;XIRECS;5247.0;6
65500;BOT_MAKER;BOT_TAKER;VEV_6000;XIRECS;0.0;2
65600;BOT_MAKER;BOT_TAKER;VELVETFRUIT_EXTRACT;XIRECS;5247.0;3
65600;BOT_MAKER;BOT_TAKER;VEV_4000;XIRECS;1233.0;2
65600;BOT_TAKER;BOT_MAKER;VEV_5300;XIRECS;55.0;2
65700;BOT_MAKER;BOT_TAKER;VELVETFRUIT_EXTRACT;XIRECS;5247.0;4
65700;BOT_TAKER;BOT_MAKER;VEV_4000;XIRECS;1256.0;2
65700;BOT_MAKER;BOT_TAKER;VEV_6500;XIRECS;0.0;4
65900;BOT_MAKER;BOT_TAKER;VEV_5400;XIRECS;16.0;3
65900;BOT_TAKER;SUBMISSION;VEV_4000;XIRECS;1255.0;2
66000;BOT_MAKER;BOT_TAKER;VELVETFRUIT_EXTRACT;XIRECS;5249.0;4
66000;BOT_TAKER;SUBMISSION;HYDROGEL_PACK;XIRECS;9995.0;5
66000;BOT_TAKER;BOT_MAKER;HYDROGEL_PACK;XIRECS;9996.0;1
66100;BOT_TAKER;BOT_MAKER;HYDROGEL_PACK;XIRECS;9998.0;5
66100;SUBMISSION;BOT_TAKER;HYDROGEL_PACK;XIRECS;9983.0;2
66200;BOT_TAKER;BOT_MAKER;ASH_COATED_OSMIUM;XIRECS;10008.0;5
66200;BOT_MAKER;BOT_TAKER;VEV_4000;XIRECS;1238.0;3
66300;BOT_TAKER;BOT_MAKER;VEV_5500;XIRECS;7.0;2
66500;BOT_TAKER;BOT_MAKER;VELVETFRUIT_EXTRACT;XIRECS;5254.0;8
66700;BOT_TAKER;BOT_MAKER;HYDROGEL_PACK;XIRECS;9994.0;6
66700;BOT_TAKER;BOT_MAKER;VEV_5400;XIRECS;16.0;2
66900;BOT_TAKER;BOT_MAKER;VELVETFRUIT_EXTRACT;XIRECS;5256.0;4
67000;BOT_TAKER;BOT_MAKER;VELVETFRUIT_EXTRACT;XIRECS;5255.0;3
67000;BOT_MAKER;BOT_TAKER;VELVETFRUIT_EXTRACT;XIRECS;5250.0;5
67100;BOT_TAKER;BOT_MAKER;ASH_COATED_OSMIUM;XIRECS;10011.0;5
67100;BOT_MAKER;BOT_TAKER;HYDROGEL_PACK;XIRECS;9973.0;2
67200;BOT_TAKER;BOT_MAKER;HYDROGEL_PACK;XIRECS;9996.0;2
67200;BOT;SUBMISSION;ASH_COATED_OSMIUM;XIRECS;10003.0;5
67300;BOT_TAKER;BOT_MAKER;HYDROGEL_PACK;XIRECS;9997.0;6
67300;BOT_TAKER;BOT_MAKER;VELVETFRUIT_EXTRACT;XIRECS;5255.0;5
67400;BOT_TAKER;BOT_MAKER;HYDROGEL_PACK;XIRECS;9997.0;2
67500;BOT_MAKER;BOT_TAKER;HYDROGEL_PACK;XIRECS;9980.0;6
67500;BOT_MAKER;BOT_TAKER;VEV_4000;XIRECS;1234.0;2
67600;BOT_TAKER;BOT_MAKER;HYDROGEL_PACK;XIRECS;9994.0;6
67600;BOT_TAKER;BOT_MAKER;VELVETFRUIT_EXTRACT;XIRECS;5256.0;7
67700;BOT_TAKER;BOT_MAKER;VELVETFRUIT_EXTRACT;XIRECS;5256.0;7
67700;BOT_TAKER;BOT_MAKER;VEV_4000;XIRECS;1255.0;2
67700;BOT_TAKER;BOT_MAKER;VEV_5500;XIRECS;7.0;2
67800;BOT_MAKER;BOT_TAKER;HYDROGEL_PACK;XIRECS;9975.0;6
67900;BOT_TAKER;BOT_MAKER;VEV_6000;XIRECS;1.0;3
67900;SUBMISSION;BOT_TAKER;HYDROGEL_PACK;XIRECS;9976.0;5
67900;BOT_MAKER;BOT_TAKER;HYDROGEL_PACK;XIRECS;9975.0;1
68000;BOT_TAKER;BOT_MAKER;HYDROGEL_PACK;XIRECS;9988.0;5
68100;BOT_TAKER;BOT_MAKER;HYDROGEL_PACK;XIRECS;9991.0;2
68100;BOT_TAKER;BOT_MAKER;HYDROGEL_PACK;XIRECS;9991.0;6
68100;SUBMISSION;BOT_TAKER;VEV_4000;XIRECS;1237.0;2
68200;BOT_TAKER;BOT_MAKER;VELVETFRUIT_EXTRACT;XIRECS;5254.0;3
68200;BOT_MAKER;BOT_TAKER;VEV_4000;XIRECS;1236.0;3
68200;BOT_MAKER;BOT_TAKER;VEV_4000;XIRECS;1236.0;3
68300;BOT_MAKER;BOT_TAKER;HYDROGEL_PACK;XIRECS;9975.0;3
68300;BOT_TAKER;SUBMISSION;VELVETFRUIT_EXTRACT;XIRECS;5251.0;5
68300;BOT_TAKER;BOT_MAKER;VELVETFRUIT_EXTRACT;XIRECS;5252.0;1
68400;BOT_MAKER;BOT_TAKER;HYDROGEL_PACK;XIRECS;9975.0;3
68400;BOT_TAKER;BOT_MAKER;VEV_4000;XIRECS;1257.0;3
68600;SUBMISSION;BOT_TAKER;VEV_4000;XIRECS;1235.0;1
68700;BOT_TAKER;BOT_MAKER;HYDROGEL_PACK;XIRECS;9997.0;2
68700;BOT_TAKER;BOT_MAKER;VELVETFRUIT_EXTRACT;XIRECS;5252.0;6
68800;BOT_MAKER;BOT_TAKER;VELVETFRUIT_EXTRACT;XIRECS;5248.0;5
68900;BOT_MAKER;BOT_TAKER;HYDROGEL_PACK;XIRECS;9980.0;4
68900;BOT_TAKER;BOT_MAKER;INTARIAN_PEPPER_ROOT;XIRECS;13176.0;6
68900;BOT_TAKER;BOT_MAKER;VEV_6500;XIRECS;1.0;4
69000;BOT;SUBMISSION;ASH_COATED_OSMIUM;XIRECS;10003.0;9
69100;BOT_MAKER;BOT_TAKER;VELVETFRUIT_EXTRACT;XIRECS;5248.0;5
69100;BOT_MAKER;BOT_TAKER;VEV_4000;XIRECS;1235.0;2
69100;BOT_MAKER;BOT_TAKER;VEV_6000;XIRECS;0.0;2
69100;BOT_MAKER;BOT_TAKER;VEV_6500;XIRECS;0.0;5
69200;BOT_MAKER;BOT_TAKER;VEV_4000;XIRECS;1233.0;2
69200;SUBMISSION;BOT_TAKER;VELVETFRUIT_EXTRACT;XIRECS;5249.0;4
69200;BOT_TAKER;SUBMISSION;VEV_4000;XIRECS;1253.0;3
69300;BOT_MAKER;BOT_TAKER;HYDROGEL_PACK;XIRECS;9983.0;6
69300;SUBMISSION;BOT;ASH_COATED_OSMIUM;XIRECS;9998.0;6
69400;BOT_TAKER;BOT_MAKER;HYDROGEL_PACK;XIRECS;9995.0;4
69400;BOT_TAKER;BOT_MAKER;VELVETFRUIT_EXTRACT;XIRECS;5252.0;7
69500;BOT_TAKER;BOT_MAKER;VELVETFRUIT_EXTRACT;XIRECS;5252.0;5
69500;BOT_TAKER;BOT_MAKER;VEV_6000;XIRECS;1.0;5
69500;BOT_TAKER;SUBMISSION;VEV_4000;XIRECS;1252.0;3
69600;BOT_TAKER;SUBMISSION;VELVETFRUIT_EXTRACT;XIRECS;5251.0;4
69700;BOT_TAKER;BOT_MAKER;HYDROGEL_PACK;XIRECS;9993.0;6
69700;SUBMISSION;BOT;ASH_COATED_OSMIUM;XIRECS;10000.0;6
69900;SUBMISSION;BOT_TAKER;ASH_COATED_OSMIUM;XIRECS;9995.0;7
70000;BOT_TAKER;BOT_MAKER;VEV_6000;XIRECS;1.0;2
70200;BOT_MAKER;BOT_TAKER;ASH_COATED_OSMIUM;XIRECS;9991.0;2
70200;BOT_MAKER;BOT_TAKER;VELVETFRUIT_EXTRACT;XIRECS;5252.0;3
70200;BOT_TAKER;BOT_MAKER;VEV_6000;XIRECS;1.0;4
70300;BOT_TAKER;SUBMISSION;ASH_COATED_OSMIUM;XIRECS;10009.0;6
70400;BOT_TAKER;BOT_MAKER;HYDROGEL_PACK;XIRECS;9986.0;5
70400;BOT_TAKER;SUBMISSION;HYDROGEL_PACK;XIRECS;9985.0;5
70500;BOT_MAKER;BOT_TAKER;HYDROGEL_PACK;XIRECS;9971.0;5
70500;BOT_TAKER;BOT_MAKER;VEV_5500;XIRECS;7.0;5
70700;BOT_MAKER;BOT_TAKER;HYDROGEL_PACK;XIRECS;9973.0;2
70800;BOT_MAKER;BOT_TAKER;HYDROGEL_PACK;XIRECS;9974.0;2
70800;BOT_TAKER;BOT_MAKER;VELVETFRUIT_EXTRACT;XIRECS;5259.0;8
70800;BOT_TAKER;BOT_MAKER;VEV_6500;XIRECS;1.0;3
70800;SUBMISSION;BOT_TAKER;VELVETFRUIT_EXTRACT;XIRECS;5254.0;3
70900;BOT_TAKER;BOT_MAKER;HYDROGEL_PACK;XIRECS;9992.0;4
71000;BOT_TAKER;BOT_MAKER;VELVETFRUIT_EXTRACT;XIRECS;5259.0;4
71100;BOT_TAKER;BOT_MAKER;INTARIAN_PEPPER_ROOT;XIRECS;13178.0;5
71100;BOT_TAKER;BOT_MAKER;VELVETFRUIT_EXTRACT;XIRECS;5260.0;5
71100;BOT_TAKER;BOT_MAKER;VEV_4000;XIRECS;1252.0;1
71200;BOT_MAKER;BOT_TAKER;VEV_4000;XIRECS;1232.0;3
71300;BOT_TAKER;BOT_MAKER;VELVETFRUIT_EXTRACT;XIRECS;5257.0;3
71400;BOT_TAKER;BOT_MAKER;VELVETFRUIT_EXTRACT;XIRECS;5259.0;5
71500;BOT_TAKER;BOT_MAKER;ASH_COATED_OSMIUM;XIRECS;10010.0;2
71500;BOT_TAKER;BOT_MAKER;HYDROGEL_PACK;XIRECS;9982.0;5
71500;BOT_TAKER;BOT_MAKER;VELVETFRUIT_EXTRACT;XIRECS;5257.0;6
71500;BOT_TAKER;BOT_MAKER;VEV_6000;XIRECS;1.0;5
71600;BOT_TAKER;BOT_MAKER;VEV_5500;XIRECS;7.0;3
71800;BOT_MAKER;BOT_TAKER;VELVETFRUIT_EXTRACT;XIRECS;5254.0;5
71800;SUBMISSION;BOT;ASH_COATED_OSMIUM;XIRECS;10001.0;7
71900;BOT_TAKER;BOT_MAKER;VELVETFRUIT_EXTRACT;XIRECS;5259.0;8
71900;BOT_MAKER;BOT_TAKER;VEV_4000;XIRECS;1235.0;2
72100;BOT_TAKER;BOT_MAKER;HYDROGEL_PACK;XIRECS;9977.0;6
72200;BOT_MAKER;BOT_TAKER;HYDROGEL_PACK;XIRECS;9959.0;4
72200;BOT_TAKER;BOT_MAKER;VEV_6000;XIRECS;1.0;2
72300;BOT_MAKER;BOT_TAKER;ASH_COATED_OSMIUM;XIRECS;9994.0;8
72300;BOT_TAKER;BOT_MAKER;HYDROGEL_PACK;XIRECS;9973.0;4
72300;SUBMISSION;BOT;ASH_COATED_OSMIUM;XIRECS;9999.0;10
72400;BOT_MAKER;BOT_TAKER;VELVETFRUIT_EXTRACT;XIRECS;5252.0;13
72500;BOT_TAKER;SUBMISSION;ASH_COATED_OSMIUM;XIRECS;10009.0;6
72600;BOT_TAKER;BOT_MAKER;HYDROGEL_PACK;XIRECS;9967.0;4
72600;BOT_MAKER;BOT_TAKER;VELVETFRUIT_EXTRACT;XIRECS;5254.0;6
72600;BOT_MAKER;BOT_TAKER;VEV_4000;XIRECS;1234.0;2
72700;BOT_TAKER;BOT_MAKER;HYDROGEL_PACK;XIRECS;9967.0;6
72700;BOT_TAKER;BOT_MAKER;VEV_4000;XIRECS;1257.0;2
72700;BOT_TAKER;SUBMISSION;HYDROGEL_PACK;XIRECS;9966.0;3
72800;BOT_TAKER;BOT_MAKER;HYDROGEL_PACK;XIRECS;9965.0;4
72800;BOT_TAKER;BOT_MAKER;VEV_5500;XIRECS;6.0;4
72900;BOT_MAKER;BOT_TAKER;VELVETFRUIT_EXTRACT;XIRECS;5253.0;8
73000;BOT_TAKER;BOT_MAKER;HYDROGEL_PACK;XIRECS;9965.0;2
73000;BOT_TAKER;BOT_MAKER;VEV_6500;XIRECS;1.0;3
73100;BOT_TAKER;SUBMISSION;VELVETFRUIT_EXTRACT;XIRECS;5257.0;5
73100;BOT_TAKER;BOT_MAKER;VELVETFRUIT_EXTRACT;XIRECS;5258.0;5
73200;BOT_MAKER;BOT_TAKER;HYDROGEL_PACK;XIRECS;9949.0;4
73200;BOT_MAKER;BOT_TAKER;VEV_4000;XIRECS;1236.0;1
73200;SUBMISSION;BOT_TAKER;HYDROGEL_PACK;XIRECS;9950.0;2
73300;BOT_MAKER;BOT_TAKER;HYDROGEL_PACK;XIRECS;9950.0;5
73300;BOT_MAKER;BOT_TAKER;VELVETFRUIT_EXTRACT;XIRECS;5252.0;8
73300;BOT_TAKER;SUBMISSION;VELVETFRUIT_EXTRACT;XIRECS;5256.0;5
73400;BOT_TAKER;BOT_MAKER;VELVETFRUIT_EXTRACT;XIRECS;5259.0;4
73400;BOT_TAKER;SUBMISSION;VELVETFRUIT_EXTRACT;XIRECS;5258.0;5
73400;BOT_TAKER;BOT_MAKER;VELVETFRUIT_EXTRACT;XIRECS;5259.0;2
73500;BOT_MAKER;BOT_TAKER;VELVETFRUIT_EXTRACT;XIRECS;5255.0;13
73500;BOT_TAKER;BOT_MAKER;VEV_5300;XIRECS;43.0;2
73700;BOT_MAKER;BOT_TAKER;VELVETFRUIT_EXTRACT;XIRECS;5252.0;3
73800;BOT_TAKER;BOT_MAKER;HYDROGEL_PACK;XIRECS;9968.0;2
73800;BOT_MAKER;BOT_TAKER;VEV_6500;XIRECS;0.0;5
73900;BOT_TAKER;BOT_MAKER;VELVETFRUIT_EXTRACT;XIRECS;5258.0;8
74100;SUBMISSION;BOT_TAKER;VEV_4000;XIRECS;1243.0;3
74200;BOT_MAKER;BOT_TAKER;VELVETFRUIT_EXTRACT;XIRECS;5253.0;7
74300;BOT_TAKER;BOT_MAKER;HYDROGEL_PACK;XIRECS;9974.0;6
74300;BOT_TAKER;BOT_MAKER;VEV_4000;XIRECS;1262.0;3
74400;BOT_TAKER;BOT_MAKER;HYDROGEL_PACK;XIRECS;9976.0;5
74400;BOT;SUBMISSION;ASH_COATED_OSMIUM;XIRECS;10005.0;4
74500;BOT_TAKER;BOT_MAKER;VEV_5500;XIRECS;6.0;3
74600;BOT_MAKER;BOT_TAKER;HYDROGEL_PACK;XIRECS;9965.0;2
74600;SUBMISSION;BOT_TAKER;HYDROGEL_PACK;XIRECS;9966.0;2
74700;BOT_MAKER;BOT_TAKER;VELVETFRUIT_EXTRACT;XIRECS;5253.0;3
74700;BOT_MAKER;BOT_TAKER;VEV_6500;XIRECS;0.0;4
74700;BOT_TAKER;SUBMISSION;VELVETFRUIT_EXTRACT;XIRECS;5257.0;5
74700;BOT_TAKER;BOT_MAKER;VELVETFRUIT_EXTRACT;XIRECS;5258.0;2
74800;BOT_MAKER;BOT_TAKER;HYDROGEL_PACK;XIRECS;9968.0;4
74900;BOT_TAKER;BOT_MAKER;ASH_COATED_OSMIUM;XIRECS;10011.0;3
74900;BOT_TAKER;BOT_MAKER;HYDROGEL_PACK;XIRECS;9983.0;3
74900;BOT_MAKER;BOT_TAKER;VELVETFRUIT_EXTRACT;XIRECS;5254.0;13
75000;BOT_MAKER;BOT_TAKER;HYDROGEL_PACK;XIRECS;9964.0;3
75100;BOT_TAKER;BOT_MAKER;VEV_4000;XIRECS;1265.0;1
75200;BOT_TAKER;BOT_MAKER;HYDROGEL_PACK;XIRECS;9985.0;4
75200;BOT_TAKER;BOT_MAKER;VELVETFRUIT_EXTRACT;XIRECS;5261.0;5
75200;BOT_TAKER;BOT_MAKER;VEV_5500;XIRECS;7.0;4
75300;BOT_MAKER;BOT_TAKER;VEV_5400;XIRECS;13.0;2
75300;BOT;SUBMISSION;ASH_COATED_OSMIUM;XIRECS;10005.0;4
75400;BOT_TAKER;BOT_MAKER;VELVETFRUIT_EXTRACT;XIRECS;5256.0;3
75400;BOT_TAKER;BOT_MAKER;VEV_6500;XIRECS;1.0;4
75800;BOT_MAKER;BOT_TAKER;HYDROGEL_PACK;XIRECS;9969.0;6
75800;BOT_MAKER;BOT_TAKER;VELVETFRUIT_EXTRACT;XIRECS;5251.0;6
75800;BOT_TAKER;SUBMISSION;HYDROGEL_PACK;XIRECS;9984.0;2
75900;BOT_MAKER;BOT_TAKER;VEV_6000;XIRECS;0.0;5
75900;BOT_TAKER;BOT_MAKER;VEV_6500;XIRECS;1.0;4
76100;BOT_MAKER;BOT_TAKER;ASH_COATED_OSMIUM;XIRECS;9994.0;2
76100;BOT_MAKER;BOT_TAKER;HYDROGEL_PACK;XIRECS;9967.0;4
76200;BOT_TAKER;BOT_MAKER;VELVETFRUIT_EXTRACT;XIRECS;5255.0;4
76300;BOT_MAKER;BOT_TAKER;VELVETFRUIT_EXTRACT;XIRECS;5253.0;4
76300;BOT_TAKER;SUBMISSION;ASH_COATED_OSMIUM;XIRECS;10009.0;9
76400;BOT_MAKER;BOT_TAKER;HYDROGEL_PACK;XIRECS;9969.0;6
76500;BOT_TAKER;BOT_MAKER;HYDROGEL_PACK;XIRECS;9985.0;5
76500;BOT_MAKER;BOT_TAKER;VELVETFRUIT_EXTRACT;XIRECS;5253.0;5
76500;BOT_TAKER;BOT_MAKER;VEV_5400;XIRECS;15.0;3
76600;BOT_TAKER;BOT_MAKER;HYDROGEL_PACK;XIRECS;9987.0;5
76600;BOT_MAKER;BOT_TAKER;VELVETFRUIT_EXTRACT;XIRECS;5253.0;4
76700;BOT_MAKER;BOT_TAKER;VEV_5500;XIRECS;6.0;2
76800;BOT_TAKER;BOT_MAKER;VELVETFRUIT_EXTRACT;XIRECS;5259.0;5
77000;BOT_MAKER;BOT_TAKER;HYDROGEL_PACK;XIRECS;9972.0;4
77000;BOT_TAKER;BOT_MAKER;VEV_5300;XIRECS;43.0;1
77000;BOT_TAKER;SUBMISSION;HYDROGEL_PACK;XIRECS;9987.0;2
77000;SUBMISSION;BOT_TAKER;VELVETFRUIT_EXTRACT;XIRECS;5254.0;5
77000;BOT_MAKER;BOT_TAKER;VELVETFRUIT_EXTRACT;XIRECS;5253.0;2
77100;BOT_MAKER;BOT_TAKER;HYDROGEL_PACK;XIRECS;9971.0;6
77100;BOT_MAKER;BOT_TAKER;VELVETFRUIT_EXTRACT;XIRECS;5255.0;4
77200;BOT_MAKER;BOT_TAKER;VELVETFRUIT_EXTRACT;XIRECS;5254.0;7
77200;BOT_MAKER;BOT_TAKER;VEV_6000;XIRECS;0.0;2
77400;BOT_TAKER;BOT_MAKER;VELVETFRUIT_EXTRACT;XIRECS;5259.0;10
77500;BOT_TAKER;BOT_MAKER;VEV_6000;XIRECS;1.0;4
77700;BOT_TAKER;BOT_MAKER;VELVETFRUIT_EXTRACT;XIRECS;5262.0;6
77700;BOT_MAKER;BOT_TAKER;VEV_5500;XIRECS;6.0;2
77800;BOT_TAKER;BOT_MAKER;HYDROGEL_PACK;XIRECS;9985.0;6
77900;BOT_TAKER;BOT_MAKER;VELVETFRUIT_EXTRACT;XIRECS;5262.0;6
77900;BOT_TAKER;BOT_MAKER;VEV_6000;XIRECS;1.0;5
77900;BOT_MAKER;BOT_TAKER;VEV_6500;XIRECS;0.0;3
78000;BOT_MAKER;BOT_TAKER;HYDROGEL_PACK;XIRECS;9968.0;6
78000;BOT_TAKER;BOT_MAKER;VEV_6000;XIRECS;1.0;4
78000;SUBMISSION;BOT_TAKER;VELVETFRUIT_EXTRACT;XIRECS;5259.0;5
78000;BOT_MAKER;BOT_TAKER;VELVETFRUIT_EXTRACT;XIRECS;5258.0;3
78100;BOT_MAKER;BOT_TAKER;HYDROGEL_PACK;XIRECS;9964.0;2
78100;BOT_MAKER;BOT_TAKER;VELVETFRUIT_EXTRACT;XIRECS;5257.0;10
78100;BOT_MAKER;BOT_TAKER;VEV_4000;XIRECS;1245.0;3
78100;BOT_TAKER;BOT_MAKER;VEV_4000;XIRECS;1266.0;2
78200;BOT_MAKER;BOT_TAKER;VELVETFRUIT_EXTRACT;XIRECS;5253.0;8
78200;BOT_TAKER;SUBMISSION;HYDROGEL_PACK;XIRECS;9980.0;5
78300;SUBMISSION;BOT_TAKER;HYDROGEL_PACK;XIRECS;9965.0;2
78400;BOT_TAKER;BOT_MAKER;VELVETFRUIT_EXTRACT;XIRECS;5258.0;7
78400;BOT_MAKER;BOT_TAKER;VEV_4000;XIRECS;1244.0;1
78400;BOT_TAKER;SUBMISSION;HYDROGEL_PACK;XIRECS;9980.0;4
78600;BOT_TAKER;BOT_MAKER;VELVETFRUIT_EXTRACT;XIRECS;5261.0;3
78700;BOT_MAKER;BOT_TAKER;VEV_5300;XIRECS;43.0;3
78800;BOT_TAKER;BOT_MAKER;HYDROGEL_PACK;XIRECS;9978.0;4
78800;BOT_MAKER;BOT_TAKER;VELVETFRUIT_EXTRACT;XIRECS;5255.0;7
78800;BOT_MAKER;BOT_TAKER;VEV_6000;XIRECS;0.0;2
78800;BOT_TAKER;BOT_MAKER;VEV_6500;XIRECS;1.0;2
78900;BOT_MAKER;BOT_TAKER;VELVETFRUIT_EXTRACT;XIRECS;5254.0;7
78900;BOT_TAKER;BOT_MAKER;VEV_5500;XIRECS;7.0;4
78900;SUBMISSION;BOT_TAKER;HYDROGEL_PACK;XIRECS;9966.0;5
79000;BOT_TAKER;BOT_MAKER;HYDROGEL_PACK;XIRECS;9980.0;6
79000;BOT_MAKER;BOT_TAKER;VELVETFRUIT_EXTRACT;XIRECS;5254.0;15
79100;BOT_TAKER;BOT_MAKER;HYDROGEL_PACK;XIRECS;9980.0;5
79100;BOT_MAKER;BOT_TAKER;VEV_6000;XIRECS;0.0;2
79100;SUBMISSION;BOT_TAKER;ASH_COATED_OSMIUM;XIRECS;9995.0;2
79100;BOT_MAKER;BOT_TAKER;INTARIAN_PEPPER_ROOT;XIRECS;13172.0;3
79200;BOT_MAKER;BOT_TAKER;VELVETFRUIT_EXTRACT;XIRECS;5255.0;4
79200;BOT_MAKER;BOT_TAKER;VEV_4000;XIRECS;1242.0;3
79200;BOT_MAKER;BOT_TAKER;VEV_6000;XIRECS;0.0;3
79300;BOT_TAKER;BOT_MAKER;VEV_5400;XIRECS;14.0;5
79300;BOT_MAKER;BOT_TAKER;VEV_5500;XIRECS;6.0;2
79400;BOT_TAKER;BOT_MAKER;VELVETFRUIT_EXTRACT;XIRECS;5260.0;8
79400;BOT_TAKER;BOT_MAKER;VEV_5400;XIRECS;13.0;3
79500;BOT_TAKER;BOT_MAKER;HYDROGEL_PACK;XIRECS;9979.0;6
79500;BOT_TAKER;BOT_MAKER;VELVETFRUIT_EXTRACT;XIRECS;5262.0;8
79600;BOT_MAKER;BOT_TAKER;HYDROGEL_PACK;XIRECS;9965.0;2
79800;BOT_MAKER;BOT_TAKER;HYDROGEL_PACK;XIRECS;9967.0;5
79800;BOT_TAKER;BOT_MAKER;VELVETFRUIT_EXTRACT;XIRECS;5259.0;7
79800;BOT_TAKER;SUBMISSION;ASH_COATED_OSMIUM;XIRECS;10010.0;6
79800;SUBMISSION;BOT_TAKER;VELVETFRUIT_EXTRACT;XIRECS;5255.0;5
79800;BOT_MAKER;BOT_TAKER;VELVETFRUIT_EXTRACT;XIRECS;5254.0;3
79900;BOT_TAKER;BOT_MAKER;VELVETFRUIT_EXTRACT;XIRECS;5259.0;6
80000;BOT_MAKER;BOT_TAKER;INTARIAN_PEPPER_ROOT;XIRECS;13170.0;5
80000;BOT_TAKER;SUBMISSION;HYDROGEL_PACK;XIRECS;9984.0;3
80100;BOT_TAKER;BOT_MAKER;HYDROGEL_PACK;XIRECS;9985.0;5
80100;BOT_MAKER;BOT_TAKER;VELVETFRUIT_EXTRACT;XIRECS;5255.0;8
80100;SUBMISSION;BOT_TAKER;HYDROGEL_PACK;XIRECS;9970.0;5
80100;BOT_MAKER;BOT_TAKER;HYDROGEL_PACK;XIRECS;9969.0;1
80300;BOT_TAKER;BOT_MAKER;VELVETFRUIT_EXTRACT;XIRECS;5258.0;8
80300;BOT_TAKER;BOT_MAKER;VEV_6500;XIRECS;1.0;5
80400;BOT_MAKER;BOT_TAKER;HYDROGEL_PACK;XIRECS;9968.0;4
80400;BOT_TAKER;BOT_MAKER;VEV_5400;XIRECS;14.0;2
80500;BOT_TAKER;BOT_MAKER;HYDROGEL_PACK;XIRECS;9980.0;2
80500;BOT_MAKER;BOT_TAKER;VEV_6000;XIRECS;0.0;5
80600;BOT_MAKER;BOT_TAKER;VEV_4000;XIRECS;1238.0;1
80600;BOT_MAKER;BOT_TAKER;VEV_5400;XIRECS;12.0;2
80700;BOT_MAKER;BOT_TAKER;VEV_6000;XIRECS;0.0;5
80700;SUBMISSION;BOT_TAKER;HYDROGEL_PACK;XIRECS;9967.0;4
80800;BOT_TAKER;BOT_MAKER;HYDROGEL_PACK;XIRECS;9979.0;5
80800;BOT_TAKER;BOT_MAKER;VELVETFRUIT_EXTRACT;XIRECS;5261.0;5
80800;BOT_TAKER;BOT_MAKER;VEV_4000;XIRECS;1260.0;3
80900;BOT_MAKER;BOT_TAKER;HYDROGEL_PACK;XIRECS;9959.0;6
81000;BOT_TAKER;BOT_MAKER;HYDROGEL_PACK;XIRECS;9976.0;2
81000;BOT_MAKER;BOT_TAKER;VELVETFRUIT_EXTRACT;XIRECS;5256.0;8
81300;BOT_MAKER;BOT_TAKER;VELVETFRUIT_EXTRACT;XIRECS;5255.0;5
81400;BOT_MAKER;BOT_TAKER;VELVETFRUIT_EXTRACT;XIRECS;5255.0;7
81500;BOT_TAKER;BOT_MAKER;HYDROGEL_PACK;XIRECS;9973.0;2
81500;BOT_MAKER;BOT_TAKER;VEV_6500;XIRECS;0.0;3
81600;BOT_MAKER;BOT_TAKER;HYDROGEL_PACK;XIRECS;9958.0;4
81600;BOT_MAKER;BOT_TAKER;VELVETFRUIT_EXTRACT;XIRECS;5255.0;5
81600;BOT_TAKER;BOT_MAKER;VEV_6000;XIRECS;1.0;2
81600;SUBMISSION;BOT_TAKER;VELVETFRUIT_EXTRACT;XIRECS;5256.0;4
81700;BOT_MAKER;BOT_TAKER;ASH_COATED_OSMIUM;XIRECS;9996.0;4
81700;BOT_TAKER;BOT_MAKER;VELVETFRUIT_EXTRACT;XIRECS;5260.0;7
81700;BOT_MAKER;BOT_TAKER;VEV_5500;XIRECS;7.0;4
81700;BOT_TAKER;BOT_MAKER;VEV_6500;XIRECS;1.0;5
81800;BOT_TAKER;BOT_MAKER;HYDROGEL_PACK;XIRECS;9978.0;6
81800;BOT_TAKER;BOT_MAKER;VELVETFRUIT_EXTRACT;XIRECS;5259.0;5
81900;BOT_MAKER;BOT_TAKER;INTARIAN_PEPPER_ROOT;XIRECS;13175.0;6
81900;BOT_TAKER;BOT_MAKER;VELVETFRUIT_EXTRACT;XIRECS;5259.0;3
81900;BOT_TAKER;SUBMISSION;HYDROGEL_PACK;XIRECS;9976.0;4
82000;BOT_TAKER;BOT_MAKER;HYDROGEL_PACK;XIRECS;9976.0;5
82100;BOT_TAKER;BOT_MAKER;VELVETFRUIT_EXTRACT;XIRECS;5256.0;7
82200;BOT_MAKER;BOT_TAKER;HYDROGEL_PACK;XIRECS;9961.0;3
82300;BOT_MAKER;BOT_TAKER;VELVETFRUIT_EXTRACT;XIRECS;5252.0;14
82300;BOT_TAKER;BOT_MAKER;VEV_4000;XIRECS;1252.0;2
82300;BOT_TAKER;BOT_MAKER;VEV_5500;XIRECS;8.0;5
82300;BOT_MAKER;BOT_TAKER;VEV_6000;XIRECS;0.0;2
82400;BOT_MAKER;BOT_TAKER;VELVETFRUIT_EXTRACT;XIRECS;5252.0;9
82400;BOT_MAKER;BOT_TAKER;VEV_6500;XIRECS;0.0;5
82500;BOT_TAKER;BOT_MAKER;VELVETFRUIT_EXTRACT;XIRECS;5257.0;8
82500;BOT_MAKER;BOT_TAKER;VEV_4000;XIRECS;1232.0;2
82600;BOT_TAKER;BOT_MAKER;VELVETFRUIT_EXTRACT;XIRECS;5258.0;6
82600;BOT_TAKER;BOT_MAKER;VEV_5500;XIRECS;8.0;3
82700;SUBMISSION;BOT;ASH_COATED_OSMIUM;XIRECS;10001.0;9
82700;BOT_TAKER;SUBMISSION;VEV_4000;XIRECS;1254.0;3
82800;BOT_MAKER;BOT_TAKER;HYDROGEL_PACK;XIRECS;9959.0;6
82800;BOT_TAKER;BOT_MAKER;VEV_5400;XIRECS;12.0;2
82900;BOT_MAKER;BOT_TAKER;VELVETFRUIT_EXTRACT;XIRECS;5252.0;4
82900;BOT_MAKER;BOT_TAKER;VEV_6500;XIRECS;0.0;2
83000;BOT_TAKER;BOT_MAKER;VELVETFRUIT_EXTRACT;XIRECS;5257.0;6
83000;BOT_TAKER;SUBMISSION;HYDROGEL_PACK;XIRECS;9971.0;5
83000;SUBMISSION;BOT_TAKER;VELVETFRUIT_EXTRACT;XIRECS;5252.0;4
83100;BOT_MAKER;BOT_TAKER;VELVETFRUIT_EXTRACT;XIRECS;5250.0;14
83100;BOT_TAKER;BOT_MAKER;VEV_6000;XIRECS;1.0;5
83100;BOT_TAKER;SUBMISSION;HYDROGEL_PACK;XIRECS;9971.0;2
83200;BOT_MAKER;BOT_TAKER;VELVETFRUIT_EXTRACT;XIRECS;5250.0;7
83200;BOT_MAKER;BOT_TAKER;VEV_4000;XIRECS;1233.0;1
83200;BOT_TAKER;SUBMISSION;VELVETFRUIT_EXTRACT;XIRECS;5255.0;5
83200;BOT_TAKER;BOT_MAKER;VELVETFRUIT_EXTRACT;XIRECS;5256.0;3
83400;BOT_MAKER;BOT_TAKER;HYDROGEL_PACK;XIRECS;9957.0;6
83500;BOT_MAKER;BOT_TAKER;HYDROGEL_PACK;XIRECS;9955.0;2
83500;BOT_MAKER;BOT_TAKER;VELVETFRUIT_EXTRACT;XIRECS;5252.0;5
83600;BOT_MAKER;BOT_TAKER;HYDROGEL_PACK;XIRECS;9957.0;2
83700;BOT_TAKER;BOT_MAKER;HYDROGEL_PACK;XIRECS;9974.0;5
83700;BOT_MAKER;BOT_TAKER;VELVETFRUIT_EXTRACT;XIRECS;5252.0;5
83700;BOT_MAKER;BOT_TAKER;VEV_6000;XIRECS;0.0;5
83700;SUBMISSION;BOT_TAKER;HYDROGEL_PACK;XIRECS;9959.0;5
83800;BOT_TAKER;BOT_MAKER;VEV_5500;XIRECS;8.0;4
83900;BOT_TAKER;BOT_MAKER;VEV_4000;XIRECS;1257.0;2
83900;BOT_TAKER;BOT_MAKER;VEV_4000;XIRECS;1257.0;3
84000;BOT_TAKER;BOT_MAKER;VELVETFRUIT_EXTRACT;XIRECS;5255.0;8
84000;BOT_TAKER;BOT_MAKER;VEV_6000;XIRECS;1.0;2
84100;BOT_TAKER;BOT_MAKER;VELVETFRUIT_EXTRACT;XIRECS;5256.0;8
84100;BOT_MAKER;BOT_TAKER;VEV_6000;XIRECS;0.0;3
84200;BOT_TAKER;BOT_MAKER;VELVETFRUIT_EXTRACT;XIRECS;5255.0;8
84200;BOT_TAKER;BOT_MAKER;VELVETFRUIT_EXTRACT;XIRECS;5255.0;7
84300;BOT_TAKER;SUBMISSION;HYDROGEL_PACK;XIRECS;9970.0;5
84300;BOT_TAKER;SUBMISSION;VELVETFRUIT_EXTRACT;XIRECS;5254.0;5
84300;BOT_TAKER;BOT_MAKER;VELVETFRUIT_EXTRACT;XIRECS;5255.0;3
84400;BOT_TAKER;BOT_MAKER;INTARIAN_PEPPER_ROOT;XIRECS;13191.0;6
84400;BOT_MAKER;BOT_TAKER;VELVETFRUIT_EXTRACT;XIRECS;5249.0;8
84500;BOT_TAKER;BOT_MAKER;HYDROGEL_PACK;XIRECS;9974.0;4
84500;BOT_TAKER;BOT_MAKER;INTARIAN_PEPPER_ROOT;XIRECS;13192.0;6
84500;BOT_TAKER;BOT_MAKER;VELVETFRUIT_EXTRACT;XIRECS;5255.0;4
84500;BOT_MAKER;BOT_TAKER;VEV_6500;XIRECS;0.0;4
84500;BOT;SUBMISSION;ASH_COATED_OSMIUM;XIRECS;10004.0;5
84500;BOT_TAKER;SUBMISSION;HYDROGEL_PACK;XIRECS;9973.0;4
84600;BOT_TAKER;BOT_MAKER;VELVETFRUIT_EXTRACT;XIRECS;5255.0;5
84700;BOT_MAKER;BOT_TAKER;VEV_5300;XIRECS;47.0;3
84800;BOT_MAKER;BOT_TAKER;VELVETFRUIT_EXTRACT;XIRECS;5252.0;3
84800;BOT_TAKER;BOT_MAKER;VEV_4000;XIRECS;1261.0;3
84900;BOT_MAKER;BOT_TAKER;VEV_6000;XIRECS;0.0;2
85000;BOT_TAKER;BOT_MAKER;VEV_5500;XIRECS;8.0;2
85000;BOT_MAKER;BOT_TAKER;VEV_6500;XIRECS;0.0;2
85100;BOT_MAKER;BOT_TAKER;HYDROGEL_PACK;XIRECS;9954.0;2
85200;BOT_TAKER;BOT_MAKER;VELVETFRUIT_EXTRACT;XIRECS;5260.0;7
85300;BOT_MAKER;BOT_TAKER;VEV_4000;XIRECS;1238.0;3
85300;BOT_TAKER;BOT_MAKER;VEV_6000;XIRECS;1.0;5
85300;SUBMISSION;BOT_TAKER;VELVETFRUIT_EXTRACT;XIRECS;5254.0;5
85300;BOT_MAKER;BOT_TAKER;VELVETFRUIT_EXTRACT;XIRECS;5253.0;3
85400;BOT_TAKER;BOT_MAKER;VELVETFRUIT_EXTRACT;XIRECS;5260.0;6
85500;BOT_TAKER;BOT_MAKER;ASH_COATED_OSMIUM;XIRECS;10011.0;9
85500;BOT_MAKER;BOT_TAKER;HYDROGEL_PACK;XIRECS;9948.0;4
85500;BOT_TAKER;BOT_MAKER;VELVETFRUIT_EXTRACT;XIRECS;5260.0;9
85500;BOT_MAKER;BOT_TAKER;VEV_6500;XIRECS;0.0;5
85600;BOT_TAKER;BOT_MAKER;HYDROGEL_PACK;XIRECS;9965.0;4
85600;BOT_MAKER;BOT_TAKER;VELVETFRUIT_EXTRACT;XIRECS;5255.0;9
85600;BOT_MAKER;BOT_TAKER;VEV_5500;XIRECS;7.0;4
85600;BOT_MAKER;BOT_TAKER;VEV_6000;XIRECS;0.0;4
85700;BOT_TAKER;BOT_MAKER;VEV_4000;XIRECS;1261.0;2
85700;BOT_MAKER;BOT_TAKER;VEV_6000;XIRECS;0.0;5
85800;BOT_TAKER;BOT_MAKER;VELVETFRUIT_EXTRACT;XIRECS;5260.0;3
85800;SUBMISSION;BOT;ASH_COATED_OSMIUM;XIRECS;10002.0;8
85900;BOT_MAKER;BOT_TAKER;VELVETFRUIT_EXTRACT;XIRECS;5255.0;13
86000;BOT_TAKER;SUBMISSION;VELVETFRUIT_EXTRACT;XIRECS;5259.0;5
86000;BOT_TAKER;BOT_MAKER;VELVETFRUIT_EXTRACT;XIRECS;5260.0;6
86100;BOT_MAKER;BOT_TAKER;HYDROGEL_PACK;XIRECS;9951.0;5
86200;BOT_TAKER;BOT_MAKER;VELVETFRUIT_EXTRACT;XIRECS;5259.0;4
86200;SUBMISSION;BOT_TAKER;VELVETFRUIT_EXTRACT;XIRECS;5255.0;5
86200;BOT_MAKER;BOT_TAKER;VELVETFRUIT_EXTRACT;XIRECS;5254.0;3
86300;BOT_TAKER;BOT_MAKER;VELVETFRUIT_EXTRACT;XIRECS;5260.0;3
86300;BOT_TAKER;BOT_MAKER;VEV_5500;XIRECS;9.0;4
86400;BOT_TAKER;BOT_MAKER;VELVETFRUIT_EXTRACT;XIRECS;5259.0;5
86500;BOT_MAKER;BOT_TAKER;VELVETFRUIT_EXTRACT;XIRECS;5252.0;6
86600;BOT_TAKER;BOT_MAKER;HYDROGEL_PACK;XIRECS;9966.0;6
86600;BOT_TAKER;BOT_MAKER;VELVETFRUIT_EXTRACT;XIRECS;5258.0;4
86700;BOT_TAKER;BOT_MAKER;VEV_5500;XIRECS;9.0;2
86700;SUBMISSION;BOT_TAKER;ASH_COATED_OSMIUM;XIRECS;9996.0;7
86800;BOT_MAKER;BOT_TAKER;VEV_5400;XIRECS;10.0;2
86900;BOT_TAKER;BOT_MAKER;VELVETFRUIT_EXTRACT;XIRECS;5255.0;7
86900;BOT_TAKER;BOT_MAKER;VEV_5500;XIRECS;9.0;4
87000;BOT_MAKER;BOT_TAKER;VELVETFRUIT_EXTRACT;XIRECS;5251.0;3
87000;BOT_TAKER;BOT_MAKER;VEV_5500;XIRECS;9.0;5
87000;BOT_TAKER;SUBMISSION;ASH_COATED_OSMIUM;XIRECS;10011.0;10
87100;BOT_TAKER;BOT_MAKER;HYDROGEL_PACK;XIRECS;9963.0;4
87200;BOT_TAKER;BOT_MAKER;HYDROGEL_PACK;XIRECS;9962.0;3
87200;BOT_TAKER;BOT_MAKER;VEV_5500;XIRECS;9.0;2
87200;BOT_MAKER;BOT_TAKER;VEV_5500;XIRECS;7.0;2
87200;BOT_TAKER;SUBMISSION;ASH_COATED_OSMIUM;XIRECS;10010.0;10
87300;BOT_TAKER;BOT_MAKER;INTARIAN_PEPPER_ROOT;XIRECS;13194.0;7
87300;BOT_TAKER;BOT_MAKER;VELVETFRUIT_EXTRACT;XIRECS;5257.0;6
87300;BOT_MAKER;BOT_TAKER;VEV_4000;XIRECS;1236.0;2
87300;BOT_TAKER;BOT_MAKER;VEV_5400;XIRECS;11.0;4
87300;BOT_TAKER;BOT_MAKER;VEV_5500;XIRECS;9.0;5
87400;BOT_MAKER;BOT_TAKER;HYDROGEL_PACK;XIRECS;9947.0;5
87500;BOT_TAKER;BOT_MAKER;VELVETFRUIT_EXTRACT;XIRECS;5260.0;3
87600;BOT_MAKER;BOT_TAKER;VELVETFRUIT_EXTRACT;XIRECS;5255.0;7
87600;BOT_TAKER;BOT_MAKER;VEV_4000;XIRECS;1255.0;2
87700;BOT_MAKER;BOT_TAKER;VELVETFRUIT_EXTRACT;XIRECS;5253.0;5
87700;BOT_TAKER;BOT_MAKER;VEV_6000;XIRECS;1.0;5
87800;BOT_TAKER;BOT_MAKER;HYDROGEL_PACK;XIRECS;9956.0;5
87800;BOT_MAKER;BOT_TAKER;VEV_4000;XIRECS;1235.0;2
87800;BOT_TAKER;BOT_MAKER;VEV_6000;XIRECS;1.0;5
87900;BOT_TAKER;BOT_MAKER;VELVETFRUIT_EXTRACT;XIRECS;5257.0;6
87900;SUBMISSION;BOT_TAKER;ASH_COATED_OSMIUM;XIRECS;9996.0;10
87900;BOT_TAKER;SUBMISSION;VELVETFRUIT_EXTRACT;XIRECS;5256.0;5
87900;BOT_TAKER;BOT_MAKER;VELVETFRUIT_EXTRACT;XIRECS;5257.0;3
88000;BOT_TAKER;BOT_MAKER;VELVETFRUIT_EXTRACT;XIRECS;5258.0;4
88000;BOT_MAKER;BOT_TAKER;VEV_5400;XIRECS;10.0;4
88100;BOT_MAKER;BOT_TAKER;VEV_5500;XIRECS;7.0;5
88100;BOT;SUBMISSION;ASH_COATED_OSMIUM;XIRECS;10005.0;8
88200;BOT_MAKER;BOT_TAKER;HYDROGEL_PACK;XIRECS;9944.0;5
88200;BOT_TAKER;BOT_MAKER;VEV_4000;XIRECS;1255.0;1
88300;BOT_TAKER;BOT_MAKER;VEV_5500;XIRECS;9.0;3
88400;BOT_MAKER;BOT_TAKER;VEV_6000;XIRECS;0.0;2
88500;BOT_MAKER;BOT_TAKER;VELVETFRUIT_EXTRACT;XIRECS;5254.0;3
88500;BOT_TAKER;BOT_MAKER;VEV_4000;XIRECS;1255.0;2
88500;BOT_TAKER;BOT_MAKER;VEV_5500;XIRECS;8.0;3
88600;BOT_TAKER;BOT_MAKER;VELVETFRUIT_EXTRACT;XIRECS;5257.0;3
88600;BOT_TAKER;BOT_MAKER;VEV_4000;XIRECS;1256.0;3
88600;BOT_TAKER;BOT_MAKER;VEV_5400;XIRECS;10.0;3
88600;BOT_MAKER;BOT_TAKER;VEV_5500;XIRECS;7.0;3
88700;BOT_MAKER;BOT_TAKER;INTARIAN_PEPPER_ROOT;XIRECS;13182.0;7
88700;BOT_MAKER;BOT_TAKER;VELVETFRUIT_EXTRACT;XIRECS;5252.0;8
88700;BOT_MAKER;BOT_TAKER;VEV_6000;XIRECS;0.0;5
88900;BOT_TAKER;BOT_MAKER;VELVETFRUIT_EXTRACT;XIRECS;5261.0;6
88900;BOT_TAKER;BOT_MAKER;VEV_4000;XIRECS;1257.0;2
89100;BOT_MAKER;BOT_TAKER;HYDROGEL_PACK;XIRECS;9951.0;4
89100;SUBMISSION;BOT_TAKER;VELVETFRUIT_EXTRACT;XIRECS;5256.0;4
89200;BOT_MAKER;BOT_TAKER;VELVETFRUIT_EXTRACT;XIRECS;5253.0;5
89200;SUBMISSION;BOT_TAKER;VELVETFRUIT_EXTRACT;XIRECS;5254.0;5
89200;BOT_MAKER;BOT_TAKER;VELVETFRUIT_EXTRACT;XIRECS;5253.0;1
89300;BOT_TAKER;BOT_MAKER;HYDROGEL_PACK;XIRECS;9966.0;3
89400;BOT_TAKER;BOT_MAKER;HYDROGEL_PACK;XIRECS;9961.0;5
89400;BOT_TAKER;BOT_MAKER;HYDROGEL_PACK;XIRECS;9961.0;3
89400;SUBMISSION;BOT_TAKER;ASH_COATED_OSMIUM;XIRECS;9996.0;4
89500;BOT_TAKER;BOT_MAKER;VEV_4000;XIRECS;1261.0;3
89600;BOT_MAKER;BOT_TAKER;VEV_5400;XIRECS;9.0;4
89700;BOT_MAKER;BOT_TAKER;HYDROGEL_PACK;XIRECS;9948.0;2
90000;BOT_TAKER;BOT_MAKER;HYDROGEL_PACK;XIRECS;9964.0;5
90000;BOT_MAKER;BOT_TAKER;VELVETFRUIT_EXTRACT;XIRECS;5254.0;8
90100;BOT_MAKER;BOT_TAKER;ASH_COATED_OSMIUM;XIRECS;9995.0;10
90100;BOT_TAKER;BOT_MAKER;VEV_6500;XIRECS;1.0;4
90200;BOT_MAKER;BOT_TAKER;HYDROGEL_PACK;XIRECS;9949.0;3
90300;BOT_MAKER;BOT_TAKER;HYDROGEL_PACK;XIRECS;9949.0;6
90300;BOT_TAKER;BOT_MAKER;VEV_5300;XIRECS;43.0;4
90300;BOT_TAKER;SUBMISSION;HYDROGEL_PACK;XIRECS;9964.0;5
90300;BOT_TAKER;SUBMISSION;VELVETFRUIT_EXTRACT;XIRECS;5259.0;5
90400;BOT_MAKER;BOT_TAKER;VEV_4000;XIRECS;1236.0;3
90400;BOT_MAKER;BOT_TAKER;VEV_6000;XIRECS;0.0;3
90500;BOT_MAKER;BOT_TAKER;VEV_5400;XIRECS;9.0;3
90600;BOT_TAKER;BOT_MAKER;HYDROGEL_PACK;XIRECS;9963.0;6
90700;BOT_MAKER;BOT_TAKER;HYDROGEL_PACK;XIRECS;9948.0;3
90700;BOT_MAKER;BOT_TAKER;VELVETFRUIT_EXTRACT;XIRECS;5254.0;7
90700;SUBMISSION;BOT_TAKER;HYDROGEL_PACK;XIRECS;9949.0;3
90800;BOT_MAKER;BOT_TAKER;VELVETFRUIT_EXTRACT;XIRECS;5254.0;8
90800;BOT_TAKER;SUBMISSION;VELVETFRUIT_EXTRACT;XIRECS;5258.0;3
91000;BOT_MAKER;BOT_TAKER;VEV_4000;XIRECS;1234.0;1
91000;BOT_MAKER;BOT_TAKER;VEV_6500;XIRECS;0.0;2
91100;BOT_TAKER;BOT_MAKER;HYDROGEL_PACK;XIRECS;9965.0;6
91300;BOT_MAKER;BOT_TAKER;VELVETFRUIT_EXTRACT;XIRECS;5257.0;7
91400;BOT_TAKER;BOT_MAKER;VEV_6000;XIRECS;1.0;4
91600;BOT_TAKER;BOT_MAKER;VEV_4000;XIRECS;1258.0;1
91600;BOT_MAKER;BOT_TAKER;VEV_5500;XIRECS;7.0;4
91600;BOT_MAKER;BOT_TAKER;VEV_5500;XIRECS;7.0;3
91600;SUBMISSION;BOT_TAKER;HYDROGEL_PACK;XIRECS;9950.0;3
91800;BOT_TAKER;BOT_MAKER;VEV_5400;XIRECS;12.0;2
91800;BOT_MAKER;BOT_TAKER;VEV_6500;XIRECS;0.0;5
92000;BOT_MAKER;BOT_TAKER;HYDROGEL_PACK;XIRECS;9946.0;4
92000;BOT_TAKER;BOT_MAKER;VEV_5400;XIRECS;11.0;2
92100;BOT_TAKER;BOT_MAKER;HYDROGEL_PACK;XIRECS;9962.0;3
92200;BOT_MAKER;BOT_TAKER;VELVETFRUIT_EXTRACT;XIRECS;5259.0;8
92300;BOT_MAKER;BOT_TAKER;HYDROGEL_PACK;XIRECS;9945.0;2
92300;BOT_MAKER;BOT_TAKER;VEV_4000;XIRECS;1237.0;2
92300;BOT_MAKER;BOT_TAKER;VEV_6000;XIRECS;0.0;3
92400;BOT_MAKER;BOT_TAKER;VEV_6500;XIRECS;0.0;4
92500;BOT_TAKER;BOT_MAKER;VEV_4000;XIRECS;1259.0;1
92600;BOT_MAKER;BOT_TAKER;VELVETFRUIT_EXTRACT;XIRECS;5260.0;8
92600;SUBMISSION;BOT;ASH_COATED_OSMIUM;XIRECS;10000.0;7
92700;BOT_TAKER;BOT_MAKER;VEV_4000;XIRECS;1259.0;3
92700;BOT_MAKER;BOT_TAKER;VEV_5500;XIRECS;7.0;3
92800;BOT_TAKER;BOT_MAKER;HYDROGEL_PACK;XIRECS;9956.0;5
92800;BOT_TAKER;BOT_MAKER;VELVETFRUIT_EXTRACT;XIRECS;5265.0;5
92900;BOT_MAKER;BOT_TAKER;ASH_COATED_OSMIUM;XIRECS;9994.0;3
92900;BOT_MAKER;BOT_TAKER;VELVETFRUIT_EXTRACT;XIRECS;5261.0;7
93000;BOT_TAKER;BOT_MAKER;VELVETFRUIT_EXTRACT;XIRECS;5266.0;5
93100;BOT_MAKER;BOT_TAKER;HYDROGEL_PACK;XIRECS;9944.0;3
93100;BOT_MAKER;BOT_TAKER;VELVETFRUIT_EXTRACT;XIRECS;5261.0;3
93200;BOT_TAKER;BOT_MAKER;VELVETFRUIT_EXTRACT;XIRECS;5268.0;7
93300;BOT_MAKER;BOT_TAKER;VEV_4000;XIRECS;1236.0;2
93300;BOT_TAKER;BOT_MAKER;VEV_5300;XIRECS;44.0;4
93300;SUBMISSION;BOT_TAKER;HYDROGEL_PACK;XIRECS;9943.0;2
93400;SUBMISSION;BOT_TAKER;VELVETFRUIT_EXTRACT;XIRECS;5261.0;5
93400;BOT_MAKER;BOT_TAKER;VELVETFRUIT_EXTRACT;XIRECS;5260.0;6
93500;BOT_TAKER;BOT_MAKER;HYDROGEL_PACK;XIRECS;9960.0;2
93500;BOT_TAKER;BOT_MAKER;VELVETFRUIT_EXTRACT;XIRECS;5265.0;8
93600;BOT_TAKER;BOT_MAKER;VEV_6500;XIRECS;1.0;3
93700;BOT_TAKER;BOT_MAKER;HYDROGEL_PACK;XIRECS;9958.0;6
93700;BOT_MAKER;BOT_TAKER;VEV_4000;XIRECS;1236.0;3
93700;BOT_MAKER;BOT_TAKER;VEV_5500;XIRECS;7.0;4
93700;BOT_TAKER;BOT_MAKER;VEV_6500;XIRECS;1.0;3
93800;BOT_TAKER;BOT_MAKER;HYDROGEL_PACK;XIRECS;9958.0;5
93800;BOT_TAKER;BOT_MAKER;HYDROGEL_PACK;XIRECS;9958.0;3
93900;BOT_TAKER;BOT_MAKER;HYDROGEL_PACK;XIRECS;9955.0;2
93900;BOT_MAKER;BOT_TAKER;VELVETFRUIT_EXTRACT;XIRECS;5259.0;8
93900;BOT;SUBMISSION;ASH_COATED_OSMIUM;XIRECS;10004.0;9
94000;BOT_TAKER;BOT_MAKER;VELVETFRUIT_EXTRACT;XIRECS;5265.0;8
94100;BOT_MAKER;BOT_TAKER;HYDROGEL_PACK;XIRECS;9940.0;6
94100;BOT_TAKER;BOT_MAKER;VEV_4000;XIRECS;1257.0;3
94200;BOT_MAKER;BOT_TAKER;HYDROGEL_PACK;XIRECS;9940.0;5
94300;BOT_MAKER;BOT_TAKER;HYDROGEL_PACK;XIRECS;9939.0;4
94400;BOT_MAKER;BOT_TAKER;VELVETFRUIT_EXTRACT;XIRECS;5259.0;5
94500;BOT_TAKER;BOT_MAKER;HYDROGEL_PACK;XIRECS;9957.0;6
94500;BOT_TAKER;BOT_MAKER;VEV_4000;XIRECS;1258.0;3
94600;BOT_MAKER;BOT_TAKER;ASH_COATED_OSMIUM;XIRECS;9994.0;2
94700;BOT_TAKER;BOT_MAKER;HYDROGEL_PACK;XIRECS;9958.0;4
94700;BOT_TAKER;BOT_MAKER;VELVETFRUIT_EXTRACT;XIRECS;5261.0;8
94700;BOT_TAKER;BOT_MAKER;VEV_4000;XIRECS;1259.0;3
94800;BOT_TAKER;BOT_MAKER;VEV_4000;XIRECS;1260.0;2
94900;BOT_TAKER;SUBMISSION;VELVETFRUIT_EXTRACT;XIRECS;5263.0;5
95000;SUBMISSION;BOT_TAKER;VELVETFRUIT_EXTRACT;XIRECS;5258.0;5
95000;BOT_MAKER;BOT_TAKER;VELVETFRUIT_EXTRACT;XIRECS;5257.0;1
95100;BOT_TAKER;BOT_MAKER;ASH_COATED_OSMIUM;XIRECS;10009.0;5
95100;BOT_TAKER;BOT_MAKER;HYDROGEL_PACK;XIRECS;9966.0;2
95100;BOT_MAKER;BOT_TAKER;VELVETFRUIT_EXTRACT;XIRECS;5255.0;7
95200;BOT_MAKER;BOT_TAKER;VELVETFRUIT_EXTRACT;XIRECS;5256.0;7
95200;BOT_MAKER;BOT_TAKER;VEV_6000;XIRECS;0.0;4
95300;BOT_MAKER;BOT_TAKER;HYDROGEL_PACK;XIRECS;9948.0;2
95300;BOT_TAKER;BOT_MAKER;VELVETFRUIT_EXTRACT;XIRECS;5262.0;4
95300;BOT_TAKER;BOT_MAKER;VEV_4000;XIRECS;1256.0;3
95300;BOT_TAKER;BOT_MAKER;VEV_6000;XIRECS;1.0;5
95300;SUBMISSION;BOT;ASH_COATED_OSMIUM;XIRECS;9998.0;10
95500;BOT_TAKER;BOT_MAKER;HYDROGEL_PACK;XIRECS;9963.0;5
95500;SUBMISSION;BOT_TAKER;HYDROGEL_PACK;XIRECS;9948.0;4
95600;BOT_TAKER;BOT_MAKER;VELVETFRUIT_EXTRACT;XIRECS;5261.0;5
95600;BOT_TAKER;BOT_MAKER;VEV_5400;XIRECS;14.0;2
95700;BOT_TAKER;BOT_MAKER;VEV_4000;XIRECS;1254.0;1
95700;BOT_TAKER;BOT_MAKER;VEV_5500;XIRECS;7.0;5
96000;BOT_TAKER;BOT_MAKER;HYDROGEL_PACK;XIRECS;9967.0;6
96100;BOT_MAKER;BOT_TAKER;HYDROGEL_PACK;XIRECS;9950.0;4
96100;SUBMISSION;BOT_TAKER;VELVETFRUIT_EXTRACT;XIRECS;5259.0;5
96200;BOT_MAKER;BOT_TAKER;HYDROGEL_PACK;XIRECS;9950.0;2
96200;BOT_TAKER;BOT_MAKER;VEV_5400;XIRECS;14.0;5
96200;BOT_MAKER;BOT_TAKER;VEV_6000;XIRECS;0.0;5
96400;BOT_MAKER;BOT_TAKER;VEV_6500;XIRECS;0.0;5
96500;BOT_MAKER;BOT_TAKER;HYDROGEL_PACK;XIRECS;9946.0;5
96500;SUBMISSION;BOT_TAKER;VELVETFRUIT_EXTRACT;XIRECS;5257.0;5
96500;BOT_MAKER;BOT_TAKER;VELVETFRUIT_EXTRACT;XIRECS;5256.0;3
96600;BOT_TAKER;BOT_MAKER;VEV_4000;XIRECS;1253.0;1
96600;SUBMISSION;BOT_TAKER;VELVETFRUIT_EXTRACT;XIRECS;5256.0;5
96600;BOT_MAKER;BOT_TAKER;VELVETFRUIT_EXTRACT;XIRECS;5255.0;1
96700;BOT_MAKER;BOT_TAKER;VELVETFRUIT_EXTRACT;XIRECS;5256.0;6
96800;BOT_MAKER;BOT_TAKER;HYDROGEL_PACK;XIRECS;9948.0;4
96900;BOT_TAKER;BOT_MAKER;HYDROGEL_PACK;XIRECS;9964.0;2
96900;BOT_TAKER;BOT_MAKER;VEV_6500;XIRECS;1.0;4
97000;BOT_TAKER;BOT_MAKER;VELVETFRUIT_EXTRACT;XIRECS;5262.0;8
97100;BOT_MAKER;BOT_TAKER;VEV_5500;XIRECS;6.0;4
97100;SUBMISSION;BOT_TAKER;VELVETFRUIT_EXTRACT;XIRECS;5258.0;5
97100;BOT_MAKER;BOT_TAKER;VELVETFRUIT_EXTRACT;XIRECS;5257.0;1
97200;BOT_MAKER;BOT_TAKER;VELVETFRUIT_EXTRACT;XIRECS;5256.0;6
97300;BOT_TAKER;BOT_MAKER;VEV_5500;XIRECS;7.0;2
97400;BOT_MAKER;BOT_TAKER;VEV_5500;XIRECS;6.0;5
97400;BOT_TAKER;BOT_MAKER;VEV_6000;XIRECS;1.0;4
97400;SUBMISSION;BOT_TAKER;VELVETFRUIT_EXTRACT;XIRECS;5258.0;5
97400;BOT_MAKER;BOT_TAKER;VELVETFRUIT_EXTRACT;XIRECS;5257.0;2
97600;BOT_MAKER;BOT_TAKER;VEV_5300;XIRECS;41.0;5
97700;BOT_TAKER;BOT_MAKER;VEV_5500;XIRECS;7.0;4
97800;BOT_MAKER;BOT_TAKER;VELVETFRUIT_EXTRACT;XIRECS;5256.0;8
97800;BOT_TAKER;BOT_MAKER;VEV_4000;XIRECS;1256.0;1
97900;BOT_TAKER;BOT_MAKER;VELVETFRUIT_EXTRACT;XIRECS;5262.0;3
98000;BOT_TAKER;BOT_MAKER;VELVETFRUIT_EXTRACT;XIRECS;5263.0;8
98000;BOT_MAKER;BOT_TAKER;VEV_6500;XIRECS;0.0;4
98100;BOT_MAKER;BOT_TAKER;VEV_5500;XIRECS;6.0;3
98100;BOT_MAKER;BOT_TAKER;VEV_6000;XIRECS;0.0;5
98300;BOT_MAKER;BOT_TAKER;VELVETFRUIT_EXTRACT;XIRECS;5258.0;7
98400;BOT_TAKER;BOT_MAKER;VEV_5300;XIRECS;43.0;5
98500;BOT_MAKER;BOT_TAKER;HYDROGEL_PACK;XIRECS;9938.0;2
98500;BOT_TAKER;BOT_MAKER;VEV_4000;XIRECS;1259.0;1
98500;SUBMISSION;BOT_TAKER;HYDROGEL_PACK;XIRECS;9939.0;2
98700;BOT_MAKER;BOT_TAKER;VELVETFRUIT_EXTRACT;XIRECS;5259.0;8
98700;BOT_TAKER;SUBMISSION;ASH_COATED_OSMIUM;XIRECS;10006.0;6
98800;BOT_MAKER;BOT_TAKER;ASH_COATED_OSMIUM;XIRECS;9991.0;2
98800;BOT_MAKER;BOT_TAKER;VEV_4000;XIRECS;1237.0;1
98800;BOT_MAKER;BOT_TAKER;VEV_6000;XIRECS;0.0;5
98800;SUBMISSION;BOT;ASH_COATED_OSMIUM;XIRECS;9996.0;8
98900;BOT_TAKER;SUBMISSION;HYDROGEL_PACK;XIRECS;9961.0;2
99000;BOT_TAKER;BOT_MAKER;HYDROGEL_PACK;XIRECS;9962.0;2
99000;BOT_MAKER;BOT_TAKER;VELVETFRUIT_EXTRACT;XIRECS;5262.0;6
99000;BOT_MAKER;BOT_TAKER;VEV_4000;XIRECS;1235.0;2
99000;BOT_MAKER;BOT_TAKER;VEV_5500;XIRECS;6.0;5
99000;BOT_TAKER;SUBMISSION;VELVETFRUIT_EXTRACT;XIRECS;5267.0;5
99100;BOT_TAKER;BOT_MAKER;HYDROGEL_PACK;XIRECS;9963.0;5
99100;BOT_TAKER;BOT_MAKER;VEV_4000;XIRECS;1258.0;1
99100;BOT_TAKER;BOT_MAKER;VEV_6500;XIRECS;1.0;2
99200;BOT_TAKER;BOT_MAKER;HYDROGEL_PACK;XIRECS;9961.0;2
99200;BOT_MAKER;BOT_TAKER;VEV_6000;XIRECS;0.0;5
99300;BOT_TAKER;SUBMISSION;ASH_COATED_OSMIUM;XIRECS;10007.0;4
99400;BOT_TAKER;BOT_MAKER;VEV_5400;XIRECS;14.0;2
99400;SUBMISSION;BOT_TAKER;HYDROGEL_PACK;XIRECS;9945.0;5
99500;BOT_MAKER;BOT_TAKER;VELVETFRUIT_EXTRACT;XIRECS;5263.0;7
99500;BOT_MAKER;BOT_TAKER;VEV_4000;XIRECS;1238.0;2
99500;SUBMISSION;BOT;ASH_COATED_OSMIUM;XIRECS;9998.0;8
99500;SUBMISSION;BOT_TAKER;VEV_4000;XIRECS;1239.0;3
99700;BOT_TAKER;BOT_MAKER;VEV_4000;XIRECS;1257.0;1
99700;BOT_MAKER;BOT_TAKER;VEV_6500;XIRECS;0.0;5
99800;BOT_TAKER;BOT_MAKER;VELVETFRUIT_EXTRACT;XIRECS;5270.0;6
99800;BOT_MAKER;BOT_TAKER;VEV_5300;XIRECS;39.0;5
99900;BOT_TAKER;SUBMISSION;HYDROGEL_PACK;XIRECS;9960.0;3
