timestamp;buyer;seller;symbol;currency;price;quantity
0;BOT_TAKER;BOT_MAKER;VELVETFRUIT_EXTRACT;XIRECS;5265.0;7
0;BOT_TAKER;BOT_MAKER;VEV_4000;XIRECS;1273.0;2
100;BOT_TAKER;BOT_MAKER;HYDROGEL_PACK;XIRECS;9984.0;6
100;BOT_TAKER;BOT_MAKER;VEV_4000;XIRECS;1273.0;1
100;BOT_TAKER;BOT_MAKER;VEV_6500;XIRECS;1.0;4
200;BOT_MAKER;BOT_TAKER;HYDROGEL_PACK;XIRECS;9966.0;4
300;BOT_MAKER;BOT_TAKER;VELVETFRUIT_EXTRACT;XIRECS;5257.0;8
300;BOT_TAKER;BOT_MAKER;VEV_5300;XIRECS;51.0;3
400;BOT_TAKER;BOT_MAKER;VELVETFRUIT_EXTRACT;XIRECS;5263.0;4
500;BOT_TAKER;BOT_MAKER;VELVETFRUIT_EXTRACT;XIRECS;5260.0;3
700;BOT_MAKER;BOT_TAKER;VEV_6000;XIRECS;0.0;5
800;BOT_TAKER;BOT_MAKER;VELVETFRUIT_EXTRACT;XIRECS;5260.0;3
800;BOT_MAKER;BOT_TAKER;VEV_6000;XIRECS;0.0;2
900;BOT_MAKER;BOT_TAKER;VELVETFRUIT_EXTRACT;XIRECS;5255.0;5
1100;BOT_TAKER;BOT_MAKER;VELVETFRUIT_EXTRACT;XIRECS;5260.0;6
1200;BOT_MAKER;BOT_TAKER;VEV_5200;XIRECS;100.0;5
1400;BOT_MAKER;BOT_TAKER;HYDROGEL_PACK;XIRECS;9962.0;5
1400;BOT_MAKER;BOT_TAKER;VELVETFRUIT_EXTRACT;XIRECS;5253.0;4
1400;BOT_TAKER;BOT_MAKER;VEV_6000;XIRECS;1.0;4
1500;BOT_MAKER;BOT_TAKER;HYDROGEL_PACK;XIRECS;9961.0;2
1500;BOT_MAKER;BOT_TAKER;VELVETFRUIT_EXTRACT;XIRECS;5255.0;7
1500;BOT_MAKER;BOT_TAKER;VEV_6500;XIRECS;0.0;4
1700;BOT_MAKER;BOT_TAKER;VEV_6500;XIRECS;0.0;5
1800;BOT_TAKER;BOT_MAKER;HYDROGEL_PACK;XIRECS;9977.0;4
1800;BOT_TAKER;BOT_MAKER;VEV_5400;XIRECS;20.0;2
1900;BOT_TAKER;BOT_MAKER;HYDROGEL_PACK;XIRECS;9977.0;4
2000;BOT_TAKER;BOT_MAKER;HYDROGEL_PACK;XIRECS;9977.0;5
2000;BOT_MAKER;BOT_TAKER;VELVETFRUIT_EXTRACT;XIRECS;5254.0;4
2000;BOT_TAKER;BOT_MAKER;VEV_6500;XIRECS;1.0;5
2100;BOT_MAKER;BOT_TAKER;VEV_5500;XIRECS;6.0;4
2100;BOT_TAKER;BOT_MAKER;VEV_6500;XIRECS;1.0;5
2200;BOT_MAKER;BOT_TAKER;VEV_4000;XIRECS;1250.0;3
2300;BOT_TAKER;BOT_MAKER;VELVETFRUIT_EXTRACT;XIRECS;5256.0;8
2400;BOT_TAKER;BOT_MAKER;VELVETFRUIT_EXTRACT;XIRECS;5255.0;4
2500;BOT_MAKER;BOT_TAKER;HYDROGEL_PACK;XIRECS;9955.0;3
2500;BOT_MAKER;BOT_TAKER;VELVETFRUIT_EXTRACT;XIRECS;5251.0;6
2600;BOT_MAKER;BOT_TAKER;VEV_4000;XIRECS;1253.0;1
2700;BOT_MAKER;BOT_TAKER;VELVETFRUIT_EXTRACT;XIRECS;5251.0;4
2800;BOT_TAKER;BOT_MAKER;HYDROGEL_PACK;XIRECS;9971.0;6
2800;BOT_TAKER;BOT_MAKER;VELVETFRUIT_EXTRACT;XIRECS;5255.0;4
2900;BOT_MAKER;BOT_TAKER;HYDROGEL_PACK;XIRECS;9953.0;3
2900;BOT_MAKER;BOT_TAKER;VEV_4000;XIRECS;1253.0;2
3400;BOT_TAKER;BOT_MAKER;HYDROGEL_PACK;XIRECS;9969.0;2
3400;BOT_MAKER;BOT_TAKER;VELVETFRUIT_EXTRACT;XIRECS;5249.0;7
3500;BOT_TAKER;BOT_MAKER;HYDROGEL_PACK;XIRECS;9972.0;6
3600;BOT_TAKER;BOT_MAKER;HYDROGEL_PACK;XIRECS;9971.0;6
3600;BOT_TAKER;BOT_MAKER;VELVETFRUIT_EXTRACT;XIRECS;5255.0;8
3700;BOT_MAKER;BOT_TAKER;HYDROGEL_PACK;XIRECS;9954.0;4
3700;BOT_TAKER;BOT_MAKER;VELVETFRUIT_EXTRACT;XIRECS;5255.0;5
3800;BOT_MAKER;BOT_TAKER;VELVETFRUIT_EXTRACT;XIRECS;5250.0;8
3900;BOT_MAKER;BOT_TAKER;VELVETFRUIT_EXTRACT;XIRECS;5249.0;3
4000;BOT_TAKER;BOT_MAKER;VEV_4000;XIRECS;1276.0;3
4200;BOT_MAKER;BOT_TAKER;HYDROGEL_PACK;XIRECS;9953.0;2
4400;BOT_MAKER;BOT_TAKER;VELVETFRUIT_EXTRACT;XIRECS;5248.0;5
4500;BOT_TAKER;BOT_MAKER;VELVETFRUIT_EXTRACT;XIRECS;5255.0;6
4500;BOT_MAKER;BOT_TAKER;VEV_4000;XIRECS;1253.0;1
4600;BOT_MAKER;BOT_TAKER;VEV_4000;XIRECS;1255.0;3
4700;BOT_MAKER;BOT_TAKER;VELVETFRUIT_EXTRACT;XIRECS;5252.0;6
4800;BOT_MAKER;BOT_TAKER;HYDROGEL_PACK;XIRECS;9955.0;5
4800;BOT_TAKER;BOT_MAKER;HYDROGEL_PACK;XIRECS;9971.0;6
4900;BOT_TAKER;BOT_MAKER;HYDROGEL_PACK;XIRECS;9969.0;2
4900;BOT_MAKER;BOT_TAKER;VELVETFRUIT_EXTRACT;XIRECS;5251.0;7
5100;BOT_TAKER;BOT_MAKER;VEV_4000;XIRECS;1274.0;1
5200;BOT_TAKER;BOT_MAKER;HYDROGEL_PACK;XIRECS;9970.0;2
5200;BOT_MAKER;BOT_TAKER;VELVETFRUIT_EXTRACT;XIRECS;5247.0;9
5200;BOT_MAKER;BOT_TAKER;VEV_5500;XIRECS;6.0;2
5300;BOT_TAKER;BOT_MAKER;VEV_6500;XIRECS;1.0;3
5400;BOT_MAKER;BOT_TAKER;HYDROGEL_PACK;XIRECS;9954.0;5
5400;BOT_MAKER;BOT_TAKER;VEV_4000;XIRECS;1254.0;2
5400;BOT_MAKER;BOT_TAKER;VEV_4000;XIRECS;1254.0;2
5500;BOT_TAKER;BOT_MAKER;HYDROGEL_PACK;XIRECS;9972.0;6
5500;BOT_MAKER;BOT_TAKER;VELVETFRUIT_EXTRACT;XIRECS;5248.0;6
5500;BOT_TAKER;BOT_MAKER;VEV_5500;XIRECS;7.0;4
5600;BOT_TAKER;BOT_MAKER;HYDROGEL_PACK;XIRECS;9972.0;4
5600;BOT_TAKER;BOT_MAKER;VEV_4000;XIRECS;1274.0;3
5800;BOT_MAKER;BOT_TAKER;HYDROGEL_PACK;XIRECS;9958.0;3
5800;BOT_TAKER;BOT_MAKER;VELVETFRUIT_EXTRACT;XIRECS;5255.0;6
5800;BOT_MAKER;BOT_TAKER;VEV_5500;XIRECS;6.0;2
6200;BOT_TAKER;BOT_MAKER;VELVETFRUIT_EXTRACT;XIRECS;5256.0;8
6400;BOT_MAKER;BOT_TAKER;HYDROGEL_PACK;XIRECS;9962.0;2
6400;BOT_TAKER;BOT_MAKER;VELVETFRUIT_EXTRACT;XIRECS;5255.0;4
6400;BOT_MAKER;BOT_TAKER;VEV_5500;XIRECS;6.0;5
6500;BOT_TAKER;BOT_MAKER;VEV_5400;XIRECS;19.0;2
6600;BOT_TAKER;BOT_MAKER;HYDROGEL_PACK;XIRECS;9980.0;6
6600;BOT_TAKER;BOT_MAKER;VELVETFRUIT_EXTRACT;XIRECS;5256.0;6
6600;BOT_MAKER;BOT_TAKER;VEV_4000;XIRECS;1252.0;2
6600;BOT_MAKER;BOT_TAKER;VEV_6000;XIRECS;0.0;4
6800;BOT_MAKER;BOT_TAKER;HYDROGEL_PACK;XIRECS;9963.0;5
6800;BOT_MAKER;BOT_TAKER;VEV_4000;XIRECS;1250.0;3
6800;BOT_TAKER;BOT_MAKER;VEV_5300;XIRECS;49.0;5
6900;BOT_TAKER;BOT_MAKER;VELVETFRUIT_EXTRACT;XIRECS;5257.0;3
7000;BOT_TAKER;BOT_MAKER;VELVETFRUIT_EXTRACT;XIRECS;5258.0;6
7100;BOT_MAKER;BOT_TAKER;HYDROGEL_PACK;XIRECS;9957.0;4
7200;BOT_MAKER;BOT_TAKER;VEV_5300;XIRECS;47.0;4
7200;BOT_TAKER;BOT_MAKER;VEV_6500;XIRECS;1.0;3
7300;BOT_MAKER;BOT_TAKER;VELVETFRUIT_EXTRACT;XIRECS;5253.0;6
7400;BOT_TAKER;BOT_MAKER;VELVETFRUIT_EXTRACT;XIRECS;5257.0;3
7400;BOT_TAKER;BOT_MAKER;VEV_5500;XIRECS;7.0;4
7400;BOT_TAKER;BOT_MAKER;VEV_6500;XIRECS;1.0;2
7500;BOT_TAKER;BOT_MAKER;VELVETFRUIT_EXTRACT;XIRECS;5258.0;9
7500;BOT_MAKER;BOT_TAKER;VEV_5300;XIRECS;48.0;4
7500;BOT_MAKER;BOT_TAKER;VEV_5500;XIRECS;6.0;3
7500;BOT_MAKER;BOT_TAKER;VEV_6500;XIRECS;0.0;4
7600;BOT_MAKER;BOT_TAKER;VELVETFRUIT_EXTRACT;XIRECS;5251.0;5
7600;BOT_TAKER;BOT_MAKER;VEV_4000;XIRECS;1274.0;3
7700;BOT_TAKER;BOT_MAKER;HYDROGEL_PACK;XIRECS;9974.0;5
7800;BOT_TAKER;BOT_MAKER;VELVETFRUIT_EXTRACT;XIRECS;5257.0;7
7800;BOT_MAKER;BOT_TAKER;VEV_5400;XIRECS;20.0;2
7900;BOT_TAKER;BOT_MAKER;HYDROGEL_PACK;XIRECS;9973.0;4
7900;BOT_TAKER;BOT_MAKER;VEV_5500;XIRECS;7.0;3
8100;BOT_TAKER;BOT_MAKER;HYDROGEL_PACK;XIRECS;9972.0;5
8100;BOT_TAKER;BOT_MAKER;VELVETFRUIT_EXTRACT;XIRECS;5259.0;5
8100;BOT_TAKER;BOT_MAKER;VEV_4000;XIRECS;1276.0;2
8200;BOT_MAKER;BOT_TAKER;VEV_5300;XIRECS;49.0;4
8300;BOT_TAKER;BOT_MAKER;HYDROGEL_PACK;XIRECS;9978.0;4
8300;BOT_MAKER;BOT_TAKER;VEV_6500;XIRECS;0.0;4
8400;BOT_TAKER;BOT_MAKER;VEV_6500;XIRECS;1.0;4
8500;BOT_MAKER;BOT_TAKER;HYDROGEL_PACK;XIRECS;9964.0;4
8500;BOT_MAKER;BOT_TAKER;VEV_5400;XIRECS;20.0;4
8600;BOT_MAKER;BOT_TAKER;HYDROGEL_PACK;XIRECS;9967.0;3
8600;BOT_TAKER;BOT_MAKER;VEV_6500;XIRECS;1.0;2
8700;BOT_MAKER;BOT_TAKER;HYDROGEL_PACK;XIRECS;9964.0;6
8700;BOT_MAKER;BOT_TAKER;VELVETFRUIT_EXTRACT;XIRECS;5253.0;4
8800;BOT_TAKER;BOT_MAKER;HYDROGEL_PACK;XIRECS;9979.0;2
8800;BOT_TAKER;BOT_MAKER;VELVETFRUIT_EXTRACT;XIRECS;5258.0;7
8800;BOT_MAKER;BOT_TAKER;VEV_6500;XIRECS;0.0;4
8900;BOT_MAKER;BOT_TAKER;HYDROGEL_PACK;XIRECS;9965.0;3
9100;BOT_MAKER;BOT_TAKER;HYDROGEL_PACK;XIRECS;9967.0;2
9200;BOT_MAKER;BOT_TAKER;HYDROGEL_PACK;XIRECS;9969.0;4
9300;BOT_TAKER;BOT_MAKER;VELVETFRUIT_EXTRACT;XIRECS;5260.0;6
9500;BOT_TAKER;BOT_MAKER;VELVETFRUIT_EXTRACT;XIRECS;5258.0;8
9700;BOT_MAKER;BOT_TAKER;VELVETFRUIT_EXTRACT;XIRECS;5251.0;9
9700;BOT_TAKER;BOT_MAKER;VEV_4000;XIRECS;1280.0;2
9800;BOT_MAKER;BOT_TAKER;VEV_4000;XIRECS;1256.0;1
10000;BOT_TAKER;BOT_MAKER;HYDROGEL_PACK;XIRECS;9990.0;4
10000;BOT_TAKER;BOT_MAKER;VELVETFRUIT_EXTRACT;XIRECS;5257.0;3
10100;BOT_TAKER;BOT_MAKER;HYDROGEL_PACK;XIRECS;9989.0;4
10100;BOT_TAKER;BOT_MAKER;VELVETFRUIT_EXTRACT;XIRECS;5257.0;6
10100;BOT_MAKER;BOT_TAKER;VELVETFRUIT_EXTRACT;XIRECS;5253.0;5
10200;BOT_TAKER;BOT_MAKER;VELVETFRUIT_EXTRACT;XIRECS;5258.0;8
10200;BOT_TAKER;BOT_MAKER;VELVETFRUIT_EXTRACT;XIRECS;5258.0;6
10300;BOT_MAKER;BOT_TAKER;HYDROGEL_PACK;XIRECS;9973.0;3
10500;BOT_MAKER;BOT_TAKER;VELVETFRUIT_EXTRACT;XIRECS;5254.0;6
10500;BOT_MAKER;BOT_TAKER;VEV_4000;XIRECS;1257.0;3
10500;BOT_MAKER;BOT_TAKER;VEV_4000;XIRECS;1257.0;2
10600;BOT_TAKER;BOT_MAKER;VELVETFRUIT_EXTRACT;XIRECS;5258.0;7
10600;BOT_TAKER;BOT_MAKER;VEV_5300;XIRECS;51.0;2
10700;BOT_TAKER;BOT_MAKER;VELVETFRUIT_EXTRACT;XIRECS;5258.0;3
10800;BOT_MAKER;BOT_TAKER;VEV_5500;XIRECS;5.0;3
10900;BOT_MAKER;BOT_TAKER;VELVETFRUIT_EXTRACT;XIRECS;5251.0;7
11200;BOT_TAKER;BOT_MAKER;HYDROGEL_PACK;XIRECS;9990.0;4
11300;BOT_MAKER;BOT_TAKER;VELVETFRUIT_EXTRACT;XIRECS;5250.0;6
11400;BOT_TAKER;BOT_MAKER;VELVETFRUIT_EXTRACT;XIRECS;5255.0;4
11400;BOT_MAKER;BOT_TAKER;VEV_6500;XIRECS;0.0;2
11500;BOT_MAKER;BOT_TAKER;VEV_5400;XIRECS;18.0;2
11600;BOT_TAKER;BOT_MAKER;HYDROGEL_PACK;XIRECS;9995.0;2
11600;BOT_MAKER;BOT_TAKER;VELVETFRUIT_EXTRACT;XIRECS;5249.0;5
11700;BOT_TAKER;BOT_MAKER;HYDROGEL_PACK;XIRECS;9995.0;2
11700;BOT_MAKER;BOT_TAKER;VELVETFRUIT_EXTRACT;XIRECS;5249.0;7
11700;BOT_MAKER;BOT_TAKER;VEV_6000;XIRECS;0.0;4
11800;BOT_TAKER;BOT_MAKER;HYDROGEL_PACK;XIRECS;9998.0;5
11900;BOT_TAKER;BOT_MAKER;VELVETFRUIT_EXTRACT;XIRECS;5251.0;5
12000;BOT_TAKER;BOT_MAKER;VELVETFRUIT_EXTRACT;XIRECS;5251.0;3
12000;BOT_MAKER;BOT_TAKER;VEV_4000;XIRECS;1260.0;2
12100;BOT_MAKER;BOT_TAKER;HYDROGEL_PACK;XIRECS;9983.0;4
12100;BOT_MAKER;BOT_TAKER;VELVETFRUIT_EXTRACT;XIRECS;5244.0;6
12200;BOT_MAKER;BOT_TAKER;VEV_5500;XIRECS;5.0;4
12400;BOT_MAKER;BOT_TAKER;HYDROGEL_PACK;XIRECS;9988.0;2
12500;BOT_MAKER;BOT_TAKER;HYDROGEL_PACK;XIRECS;9989.0;6
12600;BOT_MAKER;BOT_TAKER;HYDROGEL_PACK;XIRECS;9988.0;6
12700;BOT_TAKER;BOT_MAKER;VEV_5500;XIRECS;6.0;3
12800;BOT_TAKER;BOT_MAKER;VELVETFRUIT_EXTRACT;XIRECS;5249.0;8
12800;BOT_TAKER;BOT_MAKER;VEV_4000;XIRECS;1283.0;2
12900;BOT_MAKER;BOT_TAKER;VELVETFRUIT_EXTRACT;XIRECS;5242.0;7
13000;BOT_TAKER;BOT_MAKER;HYDROGEL_PACK;XIRECS;10007.0;3
13100;BOT_MAKER;BOT_TAKER;HYDROGEL_PACK;XIRECS;9988.0;5
13100;BOT_TAKER;BOT_MAKER;VELVETFRUIT_EXTRACT;XIRECS;5247.0;3
13100;BOT_MAKER;BOT_TAKER;VEV_5300;XIRECS;49.0;4
13200;BOT_MAKER;BOT_TAKER;VELVETFRUIT_EXTRACT;XIRECS;5243.0;7
13300;BOT_TAKER;BOT_MAKER;HYDROGEL_PACK;XIRECS;10000.0;3
13300;BOT_TAKER;BOT_MAKER;VELVETFRUIT_EXTRACT;XIRECS;5249.0;5
13500;BOT_TAKER;BOT_MAKER;VELVETFRUIT_EXTRACT;XIRECS;5251.0;6
13500;BOT_MAKER;BOT_TAKER;VEV_5500;XIRECS;4.0;3
13500;BOT_MAKER;BOT_TAKER;VEV_6500;XIRECS;0.0;4
13600;BOT_MAKER;BOT_TAKER;VELVETFRUIT_EXTRACT;XIRECS;5245.0;7
13700;BOT_TAKER;BOT_MAKER;VEV_4000;XIRECS;1285.0;3
13700;BOT_MAKER;BOT_TAKER;VEV_5300;XIRECS;48.0;2
13800;BOT_MAKER;BOT_TAKER;HYDROGEL_PACK;XIRECS;9976.0;2
13800;BOT_TAKER;BOT_MAKER;VELVETFRUIT_EXTRACT;XIRECS;5249.0;6
13800;BOT_TAKER;BOT_MAKER;VEV_4000;XIRECS;1285.0;2
13800;BOT_TAKER;BOT_MAKER;VEV_4000;XIRECS;1285.0;3
13900;BOT_TAKER;BOT_MAKER;VEV_5400;XIRECS;21.0;3
14000;BOT_TAKER;BOT_MAKER;HYDROGEL_PACK;XIRECS;9994.0;5
14000;BOT_TAKER;BOT_MAKER;VELVETFRUIT_EXTRACT;XIRECS;5246.0;6
14100;BOT_TAKER;BOT_MAKER;VELVETFRUIT_EXTRACT;XIRECS;5246.0;4
14300;BOT_MAKER;BOT_TAKER;HYDROGEL_PACK;XIRECS;9976.0;2
14300;BOT_TAKER;BOT_MAKER;VEV_6000;XIRECS;1.0;4
14400;BOT_TAKER;BOT_MAKER;HYDROGEL_PACK;XIRECS;9992.0;4
14400;BOT_MAKER;BOT_TAKER;VELVETFRUIT_EXTRACT;XIRECS;5241.0;7
14500;BOT_TAKER;BOT_MAKER;VEV_5500;XIRECS;5.0;3
14600;BOT_MAKER;BOT_TAKER;VELVETFRUIT_EXTRACT;XIRECS;5241.0;4
14700;BOT_TAKER;BOT_MAKER;VELVETFRUIT_EXTRACT;XIRECS;5245.0;4
14700;BOT_TAKER;BOT_MAKER;VEV_6500;XIRECS;1.0;3
14800;BOT_TAKER;BOT_MAKER;VELVETFRUIT_EXTRACT;XIRECS;5247.0;4
14900;BOT_MAKER;BOT_TAKER;VEV_4000;XIRECS;1267.0;3
15000;BOT_MAKER;BOT_TAKER;VEV_5500;XIRECS;4.0;5
15100;BOT_MAKER;BOT_TAKER;HYDROGEL_PACK;XIRECS;9975.0;3
15100;BOT_MAKER;BOT_TAKER;VELVETFRUIT_EXTRACT;XIRECS;5239.0;7
15200;BOT_TAKER;BOT_MAKER;VEV_5300;XIRECS;51.0;4
15200;BOT_MAKER;BOT_TAKER;VEV_6000;XIRECS;0.0;2
15300;BOT_MAKER;BOT_TAKER;HYDROGEL_PACK;XIRECS;9976.0;6
15300;BOT_TAKER;BOT_MAKER;VELVETFRUIT_EXTRACT;XIRECS;5243.0;3
15300;BOT_MAKER;BOT_TAKER;VEV_4000;XIRECS;1267.0;2
15400;BOT_TAKER;BOT_MAKER;VELVETFRUIT_EXTRACT;XIRECS;5245.0;6
15600;BOT_MAKER;BOT_TAKER;VEV_4000;XIRECS;1267.0;3
15600;BOT_MAKER;BOT_TAKER;VEV_5200;XIRECS;109.0;4
15700;BOT_TAKER;BOT_MAKER;VEV_6000;XIRECS;1.0;3
15800;BOT_TAKER;BOT_MAKER;VELVETFRUIT_EXTRACT;XIRECS;5247.0;5
15800;BOT_MAKER;BOT_TAKER;VEV_4000;XIRECS;1270.0;2
15900;BOT_TAKER;BOT_MAKER;VELVETFRUIT_EXTRACT;XIRECS;5246.0;3
15900;BOT_MAKER;BOT_TAKER;VEV_4000;XIRECS;1269.0;3
15900;BOT_TAKER;BOT_MAKER;VEV_5400;XIRECS;20.0;3
16000;BOT_MAKER;BOT_TAKER;HYDROGEL_PACK;XIRECS;9977.0;4
16100;BOT_TAKER;BOT_MAKER;VEV_6500;XIRECS;1.0;2
16100;BOT_MAKER;BOT_TAKER;VEV_6500;XIRECS;0.0;5
16200;BOT_MAKER;BOT_TAKER;VELVETFRUIT_EXTRACT;XIRECS;5236.0;7
16400;BOT_TAKER;BOT_MAKER;VELVETFRUIT_EXTRACT;XIRECS;5239.0;7
16500;BOT_MAKER;BOT_TAKER;HYDROGEL_PACK;XIRECS;9975.0;6
16600;BOT_TAKER;BOT_MAKER;HYDROGEL_PACK;XIRECS;9988.0;2
16600;BOT_TAKER;BOT_MAKER;VELVETFRUIT_EXTRACT;XIRECS;5238.0;4
16600;BOT_MAKER;BOT_TAKER;VEV_6500;XIRECS;0.0;4
16700;BOT_MAKER;BOT_TAKER;HYDROGEL_PACK;XIRECS;9974.0;4
16700;BOT_MAKER;BOT_TAKER;VEV_4000;XIRECS;1271.0;3
16700;BOT_MAKER;BOT_TAKER;VEV_5300;XIRECS;49.0;4
16900;BOT_MAKER;BOT_TAKER;VEV_6500;XIRECS;0.0;5
17000;BOT_TAKER;BOT_MAKER;HYDROGEL_PACK;XIRECS;9982.0;4
17000;BOT_TAKER;BOT_MAKER;VELVETFRUIT_EXTRACT;XIRECS;5240.0;8
17000;BOT_TAKER;BOT_MAKER;VEV_5500;XIRECS;5.0;4
17100;BOT_TAKER;BOT_MAKER;VELVETFRUIT_EXTRACT;XIRECS;5240.0;3
17100;BOT_TAKER;BOT_MAKER;VEV_6500;XIRECS;1.0;5
17200;BOT_MAKER;BOT_TAKER;HYDROGEL_PACK;XIRECS;9963.0;5
17200;BOT_TAKER;BOT_MAKER;VELVETFRUIT_EXTRACT;XIRECS;5237.0;5
17300;BOT_TAKER;BOT_MAKER;HYDROGEL_PACK;XIRECS;9981.0;4
17400;BOT_TAKER;BOT_MAKER;VELVETFRUIT_EXTRACT;XIRECS;5239.0;7
17600;BOT_MAKER;BOT_TAKER;VELVETFRUIT_EXTRACT;XIRECS;5236.0;7
17700;BOT_MAKER;BOT_TAKER;HYDROGEL_PACK;XIRECS;9967.0;4
17700;BOT_TAKER;BOT_MAKER;VEV_5400;XIRECS;21.0;3
17700;BOT_MAKER;BOT_TAKER;VEV_6500;XIRECS;0.0;5
18000;BOT_TAKER;BOT_MAKER;VEV_5400;XIRECS;20.0;2
18200;BOT_TAKER;BOT_MAKER;HYDROGEL_PACK;XIRECS;9985.0;4
18300;BOT_TAKER;BOT_MAKER;VELVETFRUIT_EXTRACT;XIRECS;5242.0;7
18300;BOT_MAKER;BOT_TAKER;VEV_4000;XIRECS;1264.0;2
18400;BOT_TAKER;BOT_MAKER;HYDROGEL_PACK;XIRECS;9985.0;5
18400;BOT_TAKER;BOT_MAKER;VELVETFRUIT_EXTRACT;XIRECS;5240.0;3
18500;BOT_TAKER;BOT_MAKER;VEV_5400;XIRECS;20.0;4
18600;BOT_TAKER;BOT_MAKER;HYDROGEL_PACK;XIRECS;9983.0;2
18600;BOT_MAKER;BOT_TAKER;VEV_5500;XIRECS;4.0;4
18700;BOT_MAKER;BOT_TAKER;VELVETFRUIT_EXTRACT;XIRECS;5235.0;8
18700;BOT_MAKER;BOT_TAKER;VEV_4000;XIRECS;1265.0;2
18800;BOT_TAKER;BOT_MAKER;HYDROGEL_PACK;XIRECS;9985.0;3
18800;BOT_MAKER;BOT_TAKER;VELVETFRUIT_EXTRACT;XIRECS;5235.0;5
19000;BOT_TAKER;BOT_MAKER;VELVETFRUIT_EXTRACT;XIRECS;5239.0;8
19000;BOT_MAKER;BOT_TAKER;VEV_5500;XIRECS;4.0;3
19100;BOT_MAKER;BOT_TAKER;VEV_5400;XIRECS;19.0;5
19200;BOT_MAKER;BOT_TAKER;VELVETFRUIT_EXTRACT;XIRECS;5235.0;7
19400;BOT_MAKER;BOT_TAKER;VELVETFRUIT_EXTRACT;XIRECS;5236.0;6
19400;BOT_TAKER;BOT_MAKER;VEV_6000;XIRECS;1.0;3
19400;BOT_MAKER;BOT_TAKER;VEV_6500;XIRECS;0.0;2
19600;BOT_MAKER;BOT_TAKER;HYDROGEL_PACK;XIRECS;9978.0;6
19600;BOT_TAKER;BOT_MAKER;VEV_5400;XIRECS;19.0;5
19600;BOT_TAKER;BOT_MAKER;VEV_6500;XIRECS;1.0;2
19800;BOT_MAKER;BOT_TAKER;VELVETFRUIT_EXTRACT;XIRECS;5236.0;4
19800;BOT_MAKER;BOT_TAKER;VEV_4000;XIRECS;1269.0;3
19800;BOT_MAKER;BOT_TAKER;VEV_5200;XIRECS;117.0;2
19800;BOT_TAKER;BOT_MAKER;VEV_6500;XIRECS;1.0;4
19900;BOT_MAKER;BOT_TAKER;HYDROGEL_PACK;XIRECS;9980.0;2
19900;BOT_TAKER;BOT_MAKER;VEV_6000;XIRECS;1.0;3
20000;BOT_MAKER;BOT_TAKER;VELVETFRUIT_EXTRACT;XIRECS;5235.0;5
20100;BOT_MAKER;BOT_TAKER;VELVETFRUIT_EXTRACT;XIRECS;5237.0;8
20100;BOT_MAKER;BOT_TAKER;VEV_5300;XIRECS;50.0;3
20200;BOT_MAKER;BOT_TAKER;VELVETFRUIT_EXTRACT;XIRECS;5237.0;5
20200;BOT_MAKER;BOT_TAKER;VEV_4000;XIRECS;1269.0;3
20300;BOT_TAKER;BOT_MAKER;VELVETFRUIT_EXTRACT;XIRECS;5243.0;5
20300;BOT_MAKER;BOT_TAKER;VEV_5400;XIRECS;18.0;5
20300;BOT_TAKER;BOT_MAKER;VEV_5500;XIRECS;6.0;5
20500;BOT_TAKER;BOT_MAKER;HYDROGEL_PACK;XIRECS;9996.0;3
20600;BOT_TAKER;BOT_MAKER;HYDROGEL_PACK;XIRECS;9996.0;3
20700;BOT_TAKER;BOT_MAKER;VEV_5500;XIRECS;5.0;2
20900;BOT_TAKER;BOT_MAKER;HYDROGEL_PACK;XIRECS;9997.0;6
20900;BOT_MAKER;BOT_TAKER;VEV_4000;XIRECS;1265.0;3
20900;BOT_MAKER;BOT_TAKER;VEV_6000;XIRECS;0.0;4
21000;BOT_TAKER;BOT_MAKER;VEV_5400;XIRECS;20.0;2
21200;BOT_MAKER;BOT_TAKER;HYDROGEL_PACK;XIRECS;9977.0;4
21300;BOT_MAKER;BOT_TAKER;VEV_5400;XIRECS;18.0;3
21300;BOT_TAKER;BOT_MAKER;VEV_6000;XIRECS;1.0;3
21400;BOT_MAKER;BOT_TAKER;HYDROGEL_PACK;XIRECS;9980.0;2
21400;BOT_TAKER;BOT_MAKER;HYDROGEL_PACK;XIRECS;9996.0;5
21400;BOT_TAKER;BOT_MAKER;VEV_6500;XIRECS;1.0;2
21500;BOT_TAKER;BOT_MAKER;VELVETFRUIT_EXTRACT;XIRECS;5244.0;8
21500;BOT_TAKER;BOT_MAKER;VEV_4000;XIRECS;1290.0;2
21500;BOT_MAKER;BOT_TAKER;VEV_6500;XIRECS;0.0;2
21600;BOT_MAKER;BOT_TAKER;VELVETFRUIT_EXTRACT;XIRECS;5239.0;7
21900;BOT_MAKER;BOT_TAKER;VELVETFRUIT_EXTRACT;XIRECS;5239.0;6
22000;BOT_TAKER;BOT_MAKER;HYDROGEL_PACK;XIRECS;10001.0;3
22000;BOT_TAKER;BOT_MAKER;VEV_5300;XIRECS;52.0;2
22100;BOT_MAKER;BOT_TAKER;HYDROGEL_PACK;XIRECS;9983.0;5
22100;BOT_MAKER;BOT_TAKER;VEV_4000;XIRECS;1269.0;2
22400;BOT_TAKER;BOT_MAKER;VEV_5300;XIRECS;54.0;2
22500;BOT_MAKER;BOT_TAKER;VELVETFRUIT_EXTRACT;XIRECS;5237.0;6
22500;BOT_TAKER;BOT_MAKER;VELVETFRUIT_EXTRACT;XIRECS;5242.0;7
22600;BOT_MAKER;BOT_TAKER;VEV_4000;XIRECS;1266.0;1
22700;BOT_TAKER;BOT_MAKER;VELVETFRUIT_EXTRACT;XIRECS;5242.0;4
22800;BOT_TAKER;BOT_MAKER;HYDROGEL_PACK;XIRECS;9997.0;5
22900;BOT_MAKER;BOT_TAKER;HYDROGEL_PACK;XIRECS;9982.0;6
23000;BOT_TAKER;BOT_MAKER;VEV_5400;XIRECS;21.0;4
23100;BOT_TAKER;BOT_MAKER;VEV_6000;XIRECS;1.0;5
23200;BOT_MAKER;BOT_TAKER;HYDROGEL_PACK;XIRECS;9979.0;4
23200;BOT_TAKER;BOT_MAKER;VELVETFRUIT_EXTRACT;XIRECS;5243.0;3
23300;BOT_MAKER;BOT_TAKER;VEV_4000;XIRECS;1270.0;1
23400;BOT_MAKER;BOT_TAKER;VEV_5300;XIRECS;50.0;2
23600;BOT_TAKER;BOT_MAKER;VEV_4000;XIRECS;1290.0;2
23600;BOT_MAKER;BOT_TAKER;VEV_5300;XIRECS;51.0;3
23800;BOT_MAKER;BOT_TAKER;HYDROGEL_PACK;XIRECS;9982.0;2
23900;BOT_TAKER;BOT_MAKER;HYDROGEL_PACK;XIRECS;9997.0;2
23900;BOT_TAKER;BOT_MAKER;VELVETFRUIT_EXTRACT;XIRECS;5237.0;8
24000;BOT_TAKER;BOT_MAKER;HYDROGEL_PACK;XIRECS;9996.0;3
24000;BOT_TAKER;BOT_MAKER;VELVETFRUIT_EXTRACT;XIRECS;5238.0;4
24000;BOT_MAKER;BOT_TAKER;VEV_6500;XIRECS;0.0;4
24200;BOT_TAKER;BOT_MAKER;VEV_6000;XIRECS;1.0;2
24300;BOT_TAKER;BOT_MAKER;VEV_4000;XIRECS;1287.0;2
24300;BOT_MAKER;BOT_TAKER;VEV_5400;XIRECS;19.0;3
24300;BOT_TAKER;BOT_MAKER;VEV_5500;XIRECS;4.0;3
24400;BOT_MAKER;BOT_TAKER;HYDROGEL_PACK;XIRECS;9983.0;6
24400;BOT_MAKER;BOT_TAKER;VELVETFRUIT_EXTRACT;XIRECS;5230.0;3
24500;BOT_TAKER;BOT_MAKER;HYDROGEL_PACK;XIRECS;10001.0;3
24500;BOT_MAKER;BOT_TAKER;VELVETFRUIT_EXTRACT;XIRECS;5231.0;7
24500;BOT_TAKER;BOT_MAKER;VEV_4000;XIRECS;1287.0;1
24600;BOT_TAKER;BOT_MAKER;VELVETFRUIT_EXTRACT;XIRECS;5237.0;7
24600;BOT_MAKER;BOT_TAKER;VEV_4000;XIRECS;1266.0;3
24600;BOT_MAKER;BOT_TAKER;VEV_6500;XIRECS;0.0;4
24700;BOT_MAKER;BOT_TAKER;VELVETFRUIT_EXTRACT;XIRECS;5231.0;6
24800;BOT_TAKER;BOT_MAKER;VELVETFRUIT_EXTRACT;XIRECS;5237.0;6
25300;BOT_MAKER;BOT_TAKER;HYDROGEL_PACK;XIRECS;9991.0;2
25500;BOT_MAKER;BOT_TAKER;VEV_5300;XIRECS;49.0;5
25500;BOT_MAKER;BOT_TAKER;VEV_5500;XIRECS;3.0;2
25600;BOT_TAKER;BOT_MAKER;HYDROGEL_PACK;XIRECS;10010.0;4
25600;BOT_TAKER;BOT_MAKER;VELVETFRUIT_EXTRACT;XIRECS;5233.0;11
25800;BOT_TAKER;BOT_MAKER;VELVETFRUIT_EXTRACT;XIRECS;5234.0;4
25800;BOT_MAKER;BOT_TAKER;VELVETFRUIT_EXTRACT;XIRECS;5229.0;7
25900;BOT_MAKER;BOT_TAKER;HYDROGEL_PACK;XIRECS;9994.0;3
25900;BOT_MAKER;BOT_TAKER;VEV_6500;XIRECS;0.0;5
26000;BOT_MAKER;BOT_TAKER;VELVETFRUIT_EXTRACT;XIRECS;5228.0;4
26000;BOT_MAKER;BOT_TAKER;VEV_4000;XIRECS;1270.0;3
26300;BOT_TAKER;BOT_MAKER;VEV_6000;XIRECS;1.0;5
26600;BOT_TAKER;BOT_MAKER;VELVETFRUIT_EXTRACT;XIRECS;5234.0;8
26600;BOT_MAKER;BOT_TAKER;VEV_4000;XIRECS;1268.0;1
26600;BOT_MAKER;BOT_TAKER;VEV_4000;XIRECS;1268.0;1
26700;BOT_MAKER;BOT_TAKER;HYDROGEL_PACK;XIRECS;9995.0;4
27000;BOT_TAKER;BOT_MAKER;HYDROGEL_PACK;XIRECS;10018.0;5
27000;BOT_MAKER;BOT_TAKER;VELVETFRUIT_EXTRACT;XIRECS;5231.0;3
27200;BOT_MAKER;BOT_TAKER;VELVETFRUIT_EXTRACT;XIRECS;5231.0;5
27400;BOT_MAKER;BOT_TAKER;HYDROGEL_PACK;XIRECS;9996.0;5
27400;BOT_TAKER;BOT_MAKER;VELVETFRUIT_EXTRACT;XIRECS;5236.0;6
27400;BOT_TAKER;BOT_MAKER;VEV_5300;XIRECS;53.0;5
27600;BOT_MAKER;BOT_TAKER;VEV_5300;XIRECS;49.0;2
27600;BOT_MAKER;BOT_TAKER;VEV_6500;XIRECS;0.0;3
27800;BOT_TAKER;BOT_MAKER;VEV_5400;XIRECS;22.0;3
27900;BOT_TAKER;BOT_MAKER;VELVETFRUIT_EXTRACT;XIRECS;5236.0;8
27900;BOT_MAKER;BOT_TAKER;VEV_6500;XIRECS;0.0;2
28000;BOT_TAKER;BOT_MAKER;VELVETFRUIT_EXTRACT;XIRECS;5237.0;7
28100;BOT_TAKER;BOT_MAKER;HYDROGEL_PACK;XIRECS;10012.0;6
28100;BOT_MAKER;BOT_TAKER;VELVETFRUIT_EXTRACT;XIRECS;5232.0;8
28100;BOT_MAKER;BOT_TAKER;VEV_4000;XIRECS;1269.0;3
28100;BOT_TAKER;BOT_MAKER;VEV_4000;XIRECS;1290.0;3
28200;BOT_TAKER;BOT_MAKER;VEV_4000;XIRECS;1290.0;3
28300;BOT_TAKER;BOT_MAKER;VEV_5500;XIRECS;5.0;2
28400;BOT_TAKER;BOT_MAKER;VELVETFRUIT_EXTRACT;XIRECS;5238.0;5
28500;BOT_MAKER;BOT_TAKER;VELVETFRUIT_EXTRACT;XIRECS;5236.0;6
28500;BOT_MAKER;BOT_TAKER;VEV_4000;XIRECS;1268.0;3
28600;BOT_TAKER;BOT_MAKER;VEV_6000;XIRECS;1.0;4
28700;BOT_MAKER;BOT_TAKER;HYDROGEL_PACK;XIRECS;9995.0;3
28900;BOT_TAKER;BOT_MAKER;VEV_6000;XIRECS;1.0;5
29100;BOT_TAKER;BOT_MAKER;VELVETFRUIT_EXTRACT;XIRECS;5246.0;4
29200;BOT_MAKER;BOT_TAKER;HYDROGEL_PACK;XIRECS;9998.0;4
29200;BOT_TAKER;BOT_MAKER;VEV_4000;XIRECS;1288.0;1
29200;BOT_TAKER;BOT_MAKER;VEV_5500;XIRECS;5.0;5
29300;BOT_MAKER;BOT_TAKER;VELVETFRUIT_EXTRACT;XIRECS;5242.0;4
29500;BOT_TAKER;BOT_MAKER;HYDROGEL_PACK;XIRECS;10016.0;4
29500;BOT_TAKER;BOT_MAKER;VELVETFRUIT_EXTRACT;XIRECS;5248.0;7
29500;BOT_TAKER;BOT_MAKER;VEV_4000;XIRECS;1290.0;3
29600;BOT_MAKER;BOT_TAKER;VELVETFRUIT_EXTRACT;XIRECS;5242.0;6
29600;BOT_TAKER;BOT_MAKER;VEV_4000;XIRECS;1288.0;1
29600;BOT_TAKER;BOT_MAKER;VEV_5400;XIRECS;20.0;2
29700;BOT_MAKER;BOT_TAKER;HYDROGEL_PACK;XIRECS;10007.0;2
29800;BOT_TAKER;BOT_MAKER;HYDROGEL_PACK;XIRECS;10025.0;6
29800;BOT_TAKER;BOT_MAKER;VEV_6000;XIRECS;1.0;5
29900;BOT_MAKER;BOT_TAKER;VELVETFRUIT_EXTRACT;XIRECS;5244.0;6
29900;BOT_TAKER;BOT_MAKER;VEV_5400;XIRECS;20.0;2
30000;BOT_TAKER;BOT_MAKER;HYDROGEL_PACK;XIRECS;10021.0;5
30200;BOT_TAKER;BOT_MAKER;HYDROGEL_PACK;XIRECS;10022.0;4
30200;BOT_MAKER;BOT_TAKER;VELVETFRUIT_EXTRACT;XIRECS;5246.0;9
30200;BOT_MAKER;BOT_TAKER;VEV_5500;XIRECS;3.0;2
30300;BOT_MAKER;BOT_TAKER;HYDROGEL_PACK;XIRECS;10005.0;2
30300;BOT_TAKER;BOT_MAKER;VELVETFRUIT_EXTRACT;XIRECS;5251.0;7
30400;BOT_MAKER;BOT_TAKER;VEV_6000;XIRECS;0.0;4
30500;BOT_MAKER;BOT_TAKER;HYDROGEL_PACK;XIRECS;10001.0;2
30500;BOT_MAKER;BOT_TAKER;VEV_4000;XIRECS;1271.0;2
30600;BOT_MAKER;BOT_TAKER;VEV_4000;XIRECS;1269.0;3
30600;BOT_MAKER;BOT_TAKER;VEV_4000;XIRECS;1269.0;3
30700;BOT_MAKER;BOT_TAKER;VEV_4000;XIRECS;1270.0;3
30700;BOT_TAKER;BOT_MAKER;VEV_5400;XIRECS;18.0;5
30900;BOT_TAKER;BOT_MAKER;VELVETFRUIT_EXTRACT;XIRECS;5251.0;7
30900;BOT_TAKER;BOT_MAKER;VEV_5300;XIRECS;52.0;4
31000;BOT_TAKER;BOT_MAKER;VELVETFRUIT_EXTRACT;XIRECS;5250.0;9
31200;BOT_TAKER;BOT_MAKER;HYDROGEL_PACK;XIRECS;10018.0;6
31200;BOT_MAKER;BOT_TAKER;VELVETFRUIT_EXTRACT;XIRECS;5246.0;3
31200;BOT_MAKER;BOT_TAKER;VEV_4000;XIRECS;1272.0;3
31200;BOT_MAKER;BOT_TAKER;VEV_5400;XIRECS;17.0;4
31300;BOT_MAKER;BOT_TAKER;VELVETFRUIT_EXTRACT;XIRECS;5246.0;8
31400;BOT_TAKER;BOT_MAKER;VEV_6000;XIRECS;1.0;2
31500;BOT_MAKER;BOT_TAKER;VELVETFRUIT_EXTRACT;XIRECS;5247.0;4
31600;BOT_TAKER;BOT_MAKER;HYDROGEL_PACK;XIRECS;10023.0;2
31600;BOT_MAKER;BOT_TAKER;VEV_4000;XIRECS;1272.0;1
31600;BOT_TAKER;BOT_MAKER;VEV_6000;XIRECS;1.0;4
31800;BOT_MAKER;BOT_TAKER;VELVETFRUIT_EXTRACT;XIRECS;5245.0;6
31900;BOT_TAKER;BOT_MAKER;VEV_5500;XIRECS;4.0;4
32000;BOT_MAKER;BOT_TAKER;VELVETFRUIT_EXTRACT;XIRECS;5244.0;6
32200;BOT_TAKER;BOT_MAKER;VELVETFRUIT_EXTRACT;XIRECS;5249.0;3
32400;BOT_TAKER;BOT_MAKER;VELVETFRUIT_EXTRACT;XIRECS;5249.0;6
32500;BOT_TAKER;BOT_MAKER;VELVETFRUIT_EXTRACT;XIRECS;5250.0;7
32500;BOT_TAKER;BOT_MAKER;VEV_6000;XIRECS;1.0;5
32600;BOT_TAKER;BOT_MAKER;VEV_4000;XIRECS;1296.0;1
32600;BOT_TAKER;BOT_MAKER;VEV_6000;XIRECS;1.0;2
32800;BOT_MAKER;BOT_TAKER;VELVETFRUIT_EXTRACT;XIRECS;5242.0;4
33000;BOT_TAKER;BOT_MAKER;VELVETFRUIT_EXTRACT;XIRECS;5249.0;4
33200;BOT_MAKER;BOT_TAKER;VEV_6500;XIRECS;0.0;4
33300;BOT_MAKER;BOT_TAKER;VELVETFRUIT_EXTRACT;XIRECS;5242.0;3
33500;BOT_MAKER;BOT_TAKER;VELVETFRUIT_EXTRACT;XIRECS;5242.0;5
33700;BOT_MAKER;BOT_TAKER;HYDROGEL_PACK;XIRECS;10002.0;4
33800;BOT_MAKER;BOT_TAKER;VELVETFRUIT_EXTRACT;XIRECS;5243.0;11
33900;BOT_TAKER;BOT_MAKER;VEV_5400;XIRECS;18.0;5
33900;BOT_MAKER;BOT_TAKER;VEV_5500;XIRECS;3.0;5
34000;BOT_TAKER;BOT_MAKER;VEV_5300;XIRECS;56.0;4
34100;BOT_MAKER;BOT_TAKER;HYDROGEL_PACK;XIRECS;10013.0;6
34100;BOT_TAKER;BOT_MAKER;HYDROGEL_PACK;XIRECS;10029.0;3
34100;BOT_MAKER;BOT_TAKER;VELVETFRUIT_EXTRACT;XIRECS;5243.0;4
34100;BOT_TAKER;BOT_MAKER;VEV_4000;XIRECS;1297.0;3
34200;BOT_TAKER;BOT_MAKER;HYDROGEL_PACK;XIRECS;10029.0;2
34200;BOT_MAKER;BOT_TAKER;VELVETFRUIT_EXTRACT;XIRECS;5242.0;3
34300;BOT_TAKER;BOT_MAKER;VEV_4000;XIRECS;1296.0;2
34300;BOT_TAKER;BOT_MAKER;VEV_5400;XIRECS;19.0;4
34300;BOT_TAKER;BOT_MAKER;VEV_5500;XIRECS;5.0;4
34600;BOT_TAKER;BOT_MAKER;HYDROGEL_PACK;XIRECS;10029.0;4
34800;BOT_MAKER;BOT_TAKER;VELVETFRUIT_EXTRACT;XIRECS;5236.0;5
34900;BOT_TAKER;BOT_MAKER;VEV_5500;XIRECS;5.0;4
35000;BOT_TAKER;BOT_MAKER;VELVETFRUIT_EXTRACT;XIRECS;5242.0;8
35100;BOT_MAKER;BOT_TAKER;VELVETFRUIT_EXTRACT;XIRECS;5235.0;4
35100;BOT_TAKER;BOT_MAKER;VEV_5500;XIRECS;5.0;4
35100;BOT_MAKER;BOT_TAKER;VEV_6500;XIRECS;0.0;2
35200;BOT_MAKER;BOT_TAKER;VELVETFRUIT_EXTRACT;XIRECS;5235.0;7
35200;BOT_MAKER;BOT_TAKER;VEV_4000;XIRECS;1275.0;1
35300;BOT_TAKER;BOT_MAKER;VEV_6500;XIRECS;1.0;5
35400;BOT_MAKER;BOT_TAKER;VELVETFRUIT_EXTRACT;XIRECS;5235.0;7
35400;BOT_TAKER;BOT_MAKER;VEV_4000;XIRECS;1294.0;2
35400;BOT_TAKER;BOT_MAKER;VEV_6500;XIRECS;1.0;2
35500;BOT_MAKER;BOT_TAKER;VELVETFRUIT_EXTRACT;XIRECS;5236.0;8
35600;BOT_TAKER;BOT_MAKER;VELVETFRUIT_EXTRACT;XIRECS;5241.0;5
35800;BOT_MAKER;BOT_TAKER;VELVETFRUIT_EXTRACT;XIRECS;5235.0;7
35800;BOT_TAKER;BOT_MAKER;VEV_6500;XIRECS;1.0;2
36000;BOT_TAKER;BOT_MAKER;VEV_4000;XIRECS;1297.0;1
36100;BOT_MAKER;BOT_TAKER;VELVETFRUIT_EXTRACT;XIRECS;5236.0;7
36100;BOT_MAKER;BOT_TAKER;VEV_5400;XIRECS;17.0;4
36100;BOT_TAKER;BOT_MAKER;VEV_5500;XIRECS;5.0;5
36100;BOT_MAKER;BOT_TAKER;VEV_6000;XIRECS;0.0;4
36200;BOT_MAKER;BOT_TAKER;HYDROGEL_PACK;XIRECS;10002.0;4
36300;BOT_TAKER;BOT_MAKER;VELVETFRUIT_EXTRACT;XIRECS;5238.0;3
36400;BOT_TAKER;BOT_MAKER;HYDROGEL_PACK;XIRECS;10017.0;3
36400;BOT_TAKER;BOT_MAKER;VELVETFRUIT_EXTRACT;XIRECS;5240.0;8
36400;BOT_TAKER;BOT_MAKER;VEV_4000;XIRECS;1295.0;2
36700;BOT_TAKER;BOT_MAKER;HYDROGEL_PACK;XIRECS;10016.0;2
36800;BOT_MAKER;BOT_TAKER;VELVETFRUIT_EXTRACT;XIRECS;5235.0;3
36800;BOT_MAKER;BOT_TAKER;VEV_5500;XIRECS;3.0;5
36800;BOT_TAKER;BOT_MAKER;VEV_6500;XIRECS;1.0;4
36900;BOT_TAKER;BOT_MAKER;VELVETFRUIT_EXTRACT;XIRECS;5239.0;8
36900;BOT_MAKER;BOT_TAKER;VEV_5400;XIRECS;17.0;2
37100;BOT_TAKER;BOT_MAKER;HYDROGEL_PACK;XIRECS;10016.0;3
37100;BOT_MAKER;BOT_TAKER;VELVETFRUIT_EXTRACT;XIRECS;5235.0;3
37100;BOT_MAKER;BOT_TAKER;VEV_6500;XIRECS;0.0;5
37300;BOT_TAKER;BOT_MAKER;HYDROGEL_PACK;XIRECS;10019.0;6
37400;BOT_MAKER;BOT_TAKER;VEV_5400;XIRECS;17.0;3
37400;BOT_TAKER;BOT_MAKER;VEV_6500;XIRECS;1.0;2
37600;BOT_MAKER;BOT_TAKER;VEV_4000;XIRECS;1273.0;3
37700;BOT_MAKER;BOT_TAKER;VELVETFRUIT_EXTRACT;XIRECS;5232.0;6
37700;BOT_TAKER;BOT_MAKER;VEV_4000;XIRECS;1294.0;2
37800;BOT_TAKER;BOT_MAKER;VELVETFRUIT_EXTRACT;XIRECS;5237.0;5
38200;BOT_MAKER;BOT_TAKER;HYDROGEL_PACK;XIRECS;10001.0;5
38200;BOT_MAKER;BOT_TAKER;HYDROGEL_PACK;XIRECS;10001.0;2
38300;BOT_TAKER;BOT_MAKER;HYDROGEL_PACK;XIRECS;10018.0;2
38300;BOT_TAKER;BOT_MAKER;VELVETFRUIT_EXTRACT;XIRECS;5232.0;5
38400;BOT_TAKER;BOT_MAKER;VELVETFRUIT_EXTRACT;XIRECS;5233.0;7
38400;BOT_TAKER;BOT_MAKER;VEV_6000;XIRECS;1.0;4
38500;BOT_MAKER;BOT_TAKER;VELVETFRUIT_EXTRACT;XIRECS;5229.0;6
38600;BOT_MAKER;BOT_TAKER;VELVETFRUIT_EXTRACT;XIRECS;5228.0;6
38700;BOT_TAKER;BOT_MAKER;VEV_4000;XIRECS;1294.0;3
38800;BOT_TAKER;BOT_MAKER;VEV_5200;XIRECS;132.0;5
38900;BOT_MAKER;BOT_TAKER;HYDROGEL_PACK;XIRECS;10001.0;3
38900;BOT_TAKER;BOT_MAKER;HYDROGEL_PACK;XIRECS;10017.0;6
38900;BOT_MAKER;BOT_TAKER;VELVETFRUIT_EXTRACT;XIRECS;5230.0;8
38900;BOT_MAKER;BOT_TAKER;VEV_4000;XIRECS;1272.0;2
38900;BOT_TAKER;BOT_MAKER;VEV_5400;XIRECS;19.0;4
38900;BOT_MAKER;BOT_TAKER;VEV_6000;XIRECS;0.0;4
39000;BOT_MAKER;BOT_TAKER;VEV_4000;XIRECS;1271.0;3
39100;BOT_TAKER;BOT_MAKER;HYDROGEL_PACK;XIRECS;10015.0;5
39100;BOT_MAKER;BOT_TAKER;VEV_6000;XIRECS;0.0;2
39200;BOT_MAKER;BOT_TAKER;HYDROGEL_PACK;XIRECS;9999.0;3
39200;BOT_TAKER;BOT_MAKER;VELVETFRUIT_EXTRACT;XIRECS;5232.0;3
39300;BOT_MAKER;BOT_TAKER;HYDROGEL_PACK;XIRECS;9997.0;5
39300;BOT_MAKER;BOT_TAKER;VEV_6500;XIRECS;0.0;4
39600;BOT_MAKER;BOT_TAKER;VELVETFRUIT_EXTRACT;XIRECS;5229.0;7
39700;BOT_MAKER;BOT_TAKER;VEV_5500;XIRECS;3.0;3
40000;BOT_MAKER;BOT_TAKER;VELVETFRUIT_EXTRACT;XIRECS;5228.0;14
40000;BOT_TAKER;BOT_MAKER;VEV_6500;XIRECS;1.0;2
40100;BOT_MAKER;BOT_TAKER;HYDROGEL_PACK;XIRECS;9996.0;6
40200;BOT_TAKER;BOT_MAKER;VEV_4000;XIRECS;1288.0;2
40300;BOT_MAKER;BOT_TAKER;HYDROGEL_PACK;XIRECS;9995.0;2
40300;BOT_TAKER;BOT_MAKER;VEV_5300;XIRECS;51.0;3
40300;BOT_MAKER;BOT_TAKER;VEV_5300;XIRECS;49.0;5
40400;BOT_TAKER;BOT_MAKER;VELVETFRUIT_EXTRACT;XIRECS;5232.0;4
40500;BOT_TAKER;BOT_MAKER;HYDROGEL_PACK;XIRECS;10012.0;2
40500;BOT_MAKER;BOT_TAKER;VELVETFRUIT_EXTRACT;XIRECS;5227.0;4
40600;BOT_MAKER;BOT_TAKER;VEV_6500;XIRECS;0.0;4
40700;BOT_MAKER;BOT_TAKER;VEV_6000;XIRECS;0.0;4
40800;BOT_MAKER;BOT_TAKER;HYDROGEL_PACK;XIRECS;10000.0;3
40800;BOT_TAKER;BOT_MAKER;VELVETFRUIT_EXTRACT;XIRECS;5232.0;7
40800;BOT_TAKER;BOT_MAKER;VEV_5300;XIRECS;52.0;3
40900;BOT_MAKER;BOT_TAKER;VELVETFRUIT_EXTRACT;XIRECS;5229.0;7
41000;BOT_MAKER;BOT_TAKER;HYDROGEL_PACK;XIRECS;10002.0;4
41000;BOT_TAKER;BOT_MAKER;VEV_4000;XIRECS;1285.0;3
41100;BOT_TAKER;BOT_MAKER;VELVETFRUIT_EXTRACT;XIRECS;5237.0;8
41200;BOT_MAKER;BOT_TAKER;VELVETFRUIT_EXTRACT;XIRECS;5230.0;8
41300;BOT_TAKER;BOT_MAKER;VELVETFRUIT_EXTRACT;XIRECS;5236.0;8
41400;BOT_TAKER;BOT_MAKER;HYDROGEL_PACK;XIRECS;10023.0;6
41400;BOT_TAKER;BOT_MAKER;VELVETFRUIT_EXTRACT;XIRECS;5235.0;8
41400;BOT_TAKER;BOT_MAKER;VEV_4000;XIRECS;1283.0;3
41600;BOT_TAKER;BOT_MAKER;VELVETFRUIT_EXTRACT;XIRECS;5234.0;3
41700;BOT_MAKER;BOT_TAKER;VELVETFRUIT_EXTRACT;XIRECS;5228.0;4
41800;BOT_MAKER;BOT_TAKER;HYDROGEL_PACK;XIRECS;10011.0;4
41800;BOT_TAKER;BOT_MAKER;VELVETFRUIT_EXTRACT;XIRECS;5233.0;10
41800;BOT_TAKER;BOT_MAKER;VEV_4000;XIRECS;1282.0;2
41800;BOT_TAKER;BOT_MAKER;VEV_6000;XIRECS;1.0;5
41900;BOT_MAKER;BOT_TAKER;VELVETFRUIT_EXTRACT;XIRECS;5228.0;5
42000;BOT_MAKER;BOT_TAKER;HYDROGEL_PACK;XIRECS;10012.0;3
42100;BOT_MAKER;BOT_TAKER;VELVETFRUIT_EXTRACT;XIRECS;5228.0;5
42200;BOT_TAKER;BOT_MAKER;HYDROGEL_PACK;XIRECS;10028.0;6
42200;BOT_TAKER;BOT_MAKER;VELVETFRUIT_EXTRACT;XIRECS;5234.0;15
42300;BOT_TAKER;BOT_MAKER;HYDROGEL_PACK;XIRECS;10030.0;6
42400;BOT_TAKER;BOT_MAKER;VELVETFRUIT_EXTRACT;XIRECS;5233.0;7
42700;BOT_MAKER;BOT_TAKER;HYDROGEL_PACK;XIRECS;10010.0;2
42700;BOT_MAKER;BOT_TAKER;VEV_6500;XIRECS;0.0;4
43000;BOT_MAKER;BOT_TAKER;VEV_6500;XIRECS;0.0;3
43100;BOT_TAKER;BOT_MAKER;HYDROGEL_PACK;XIRECS;10022.0;3
43100;BOT_MAKER;BOT_TAKER;VEV_6500;XIRECS;0.0;5
43200;BOT_MAKER;BOT_TAKER;VEV_6500;XIRECS;0.0;4
43300;BOT_TAKER;BOT_MAKER;VEV_4000;XIRECS;1279.0;3
43300;BOT_MAKER;BOT_TAKER;VEV_6000;XIRECS;0.0;5
43400;BOT_MAKER;BOT_TAKER;VEV_5400;XIRECS;18.0;5
43500;BOT_MAKER;BOT_TAKER;VELVETFRUIT_EXTRACT;XIRECS;5231.0;6
43700;BOT_MAKER;BOT_TAKER;VEV_4000;XIRECS;1259.0;3
43700;BOT_MAKER;BOT_TAKER;VEV_6000;XIRECS;0.0;4
43800;BOT_TAKER;BOT_MAKER;VEV_5500;XIRECS;5.0;4
43900;BOT_TAKER;BOT_MAKER;VELVETFRUIT_EXTRACT;XIRECS;5238.0;5
43900;BOT_MAKER;BOT_TAKER;VEV_5500;XIRECS;3.0;2
44000;BOT_MAKER;BOT_TAKER;VELVETFRUIT_EXTRACT;XIRECS;5233.0;4
44100;BOT_MAKER;BOT_TAKER;HYDROGEL_PACK;XIRECS;10012.0;5
44100;BOT_MAKER;BOT_TAKER;VELVETFRUIT_EXTRACT;XIRECS;5231.0;7
44200;BOT_MAKER;BOT_TAKER;VEV_6000;XIRECS;0.0;2
44300;BOT_MAKER;BOT_TAKER;VELVETFRUIT_EXTRACT;XIRECS;5229.0;6
44300;BOT_MAKER;BOT_TAKER;VELVETFRUIT_EXTRACT;XIRECS;5229.0;4
44300;BOT_TAKER;BOT_MAKER;VEV_5300;XIRECS;52.0;4
44400;BOT_TAKER;BOT_MAKER;HYDROGEL_PACK;XIRECS;10030.0;6
44400;BOT_MAKER;BOT_TAKER;VELVETFRUIT_EXTRACT;XIRECS;5229.0;5
44500;BOT_MAKER;BOT_TAKER;VEV_5400;XIRECS;19.0;5
44600;BOT_TAKER;BOT_MAKER;HYDROGEL_PACK;XIRECS;10027.0;6
44600;BOT_MAKER;BOT_TAKER;VELVETFRUIT_EXTRACT;XIRECS;5227.0;6
44600;BOT_TAKER;BOT_MAKER;VEV_4000;XIRECS;1279.0;3
44700;BOT_MAKER;BOT_TAKER;HYDROGEL_PACK;XIRECS;10010.0;6
44700;BOT_MAKER;BOT_TAKER;VEV_4000;XIRECS;1258.0;2
44700;BOT_MAKER;BOT_TAKER;VEV_6000;XIRECS;0.0;5
44800;BOT_TAKER;BOT_MAKER;VELVETFRUIT_EXTRACT;XIRECS;5230.0;8
44900;BOT_MAKER;BOT_TAKER;VEV_6500;XIRECS;0.0;5
45000;BOT_TAKER;BOT_MAKER;VELVETFRUIT_EXTRACT;XIRECS;5231.0;6
45000;BOT_TAKER;BOT_MAKER;VEV_4000;XIRECS;1281.0;2
45000;BOT_TAKER;BOT_MAKER;VEV_5400;XIRECS;20.0;2
45200;BOT_TAKER;BOT_MAKER;VELVETFRUIT_EXTRACT;XIRECS;5230.0;7
45200;BOT_MAKER;BOT_TAKER;VEV_4000;XIRECS;1258.0;3
45500;BOT_TAKER;BOT_MAKER;HYDROGEL_PACK;XIRECS;10025.0;6
45900;BOT_MAKER;BOT_TAKER;VELVETFRUIT_EXTRACT;XIRECS;5222.0;6
45900;BOT_MAKER;BOT_TAKER;VEV_6500;XIRECS;0.0;4
46000;BOT_TAKER;BOT_MAKER;HYDROGEL_PACK;XIRECS;10025.0;5
46000;BOT_TAKER;BOT_MAKER;VEV_4000;XIRECS;1287.0;1
46100;BOT_MAKER;BOT_TAKER;VEV_5400;XIRECS;19.0;4
46200;BOT_TAKER;BOT_MAKER;VELVETFRUIT_EXTRACT;XIRECS;5224.0;7
46200;BOT_TAKER;BOT_MAKER;VEV_5300;XIRECS;52.0;2
46300;BOT_MAKER;BOT_TAKER;VELVETFRUIT_EXTRACT;XIRECS;5219.0;5
46400;BOT_TAKER;BOT_MAKER;HYDROGEL_PACK;XIRECS;10023.0;6
46700;BOT_TAKER;BOT_MAKER;HYDROGEL_PACK;XIRECS;10020.0;5
46700;BOT_TAKER;BOT_MAKER;VELVETFRUIT_EXTRACT;XIRECS;5226.0;5
46700;BOT_MAKER;BOT_TAKER;VEV_6500;XIRECS;0.0;4
46800;BOT_MAKER;BOT_TAKER;HYDROGEL_PACK;XIRECS;10002.0;3
46800;BOT_MAKER;BOT_TAKER;VELVETFRUIT_EXTRACT;XIRECS;5221.0;6
46900;BOT_MAKER;BOT_TAKER;HYDROGEL_PACK;XIRECS;10003.0;3
46900;BOT_TAKER;BOT_MAKER;VEV_5400;XIRECS;19.0;4
47000;BOT_MAKER;BOT_TAKER;VEV_6000;XIRECS;0.0;3
47100;BOT_TAKER;BOT_MAKER;VELVETFRUIT_EXTRACT;XIRECS;5225.0;8
47200;BOT_TAKER;BOT_MAKER;VELVETFRUIT_EXTRACT;XIRECS;5225.0;3
47300;BOT_TAKER;BOT_MAKER;HYDROGEL_PACK;XIRECS;10016.0;6
47400;BOT_MAKER;BOT_TAKER;HYDROGEL_PACK;XIRECS;9998.0;5
47400;BOT_MAKER;BOT_TAKER;VEV_5500;XIRECS;4.0;4
47500;BOT_TAKER;BOT_MAKER;VELVETFRUIT_EXTRACT;XIRECS;5224.0;9
47600;BOT_MAKER;BOT_TAKER;HYDROGEL_PACK;XIRECS;10001.0;3
47600;BOT_MAKER;BOT_TAKER;VELVETFRUIT_EXTRACT;XIRECS;5219.0;5
47700;BOT_TAKER;BOT_MAKER;HYDROGEL_PACK;XIRECS;10018.0;5
47800;BOT_MAKER;BOT_TAKER;VEV_4000;XIRECS;1267.0;3
47900;BOT_MAKER;BOT_TAKER;VEV_4000;XIRECS;1266.0;2
47900;BOT_TAKER;BOT_MAKER;VEV_6500;XIRECS;1.0;4
48000;BOT_TAKER;BOT_MAKER;VELVETFRUIT_EXTRACT;XIRECS;5224.0;6
48000;BOT_TAKER;BOT_MAKER;VEV_6000;XIRECS;1.0;4
48200;BOT_TAKER;BOT_MAKER;HYDROGEL_PACK;XIRECS;10026.0;5
48300;BOT_MAKER;BOT_TAKER;VEV_6000;XIRECS;0.0;3
48400;BOT_MAKER;BOT_TAKER;HYDROGEL_PACK;XIRECS;10004.0;6
48400;BOT_TAKER;BOT_MAKER;VEV_6500;XIRECS;1.0;5
48500;BOT_MAKER;BOT_TAKER;VELVETFRUIT_EXTRACT;XIRECS;5218.0;8
48500;BOT_TAKER;BOT_MAKER;VEV_5300;XIRECS;55.0;5
48600;BOT_MAKER;BOT_TAKER;VELVETFRUIT_EXTRACT;XIRECS;5218.0;7
48600;BOT_MAKER;BOT_TAKER;VEV_5500;XIRECS;4.0;3
48800;BOT_TAKER;BOT_MAKER;HYDROGEL_PACK;XIRECS;10014.0;3
48900;BOT_MAKER;BOT_TAKER;HYDROGEL_PACK;XIRECS;9995.0;3
48900;BOT_MAKER;BOT_TAKER;VELVETFRUIT_EXTRACT;XIRECS;5217.0;8
48900;BOT_TAKER;BOT_MAKER;VEV_5300;XIRECS;54.0;5
49100;BOT_MAKER;BOT_TAKER;HYDROGEL_PACK;XIRECS;9992.0;6
49100;BOT_TAKER;BOT_MAKER;VELVETFRUIT_EXTRACT;XIRECS;5222.0;4
49100;BOT_MAKER;BOT_TAKER;VEV_5500;XIRECS;4.0;4
49200;BOT_TAKER;BOT_MAKER;VELVETFRUIT_EXTRACT;XIRECS;5221.0;5
49200;BOT_TAKER;BOT_MAKER;VEV_4000;XIRECS;1292.0;3
49200;BOT_TAKER;BOT_MAKER;VEV_6000;XIRECS;1.0;3
49300;BOT_TAKER;BOT_MAKER;HYDROGEL_PACK;XIRECS;10011.0;5
49300;BOT_MAKER;BOT_TAKER;VEV_4000;XIRECS;1269.0;3
49300;BOT_MAKER;BOT_TAKER;VEV_6000;XIRECS;0.0;4
49400;BOT_MAKER;BOT_TAKER;HYDROGEL_PACK;XIRECS;9994.0;5
49500;BOT_TAKER;BOT_MAKER;HYDROGEL_PACK;XIRECS;10013.0;5
49600;BOT_MAKER;BOT_TAKER;VELVETFRUIT_EXTRACT;XIRECS;5219.0;8
49700;BOT_MAKER;BOT_TAKER;VEV_6500;XIRECS;0.0;2
49900;BOT_TAKER;BOT_MAKER;VELVETFRUIT_EXTRACT;XIRECS;5220.0;3
49900;BOT_TAKER;BOT_MAKER;VEV_5500;XIRECS;5.0;4
50000;BOT_TAKER;BOT_MAKER;HYDROGEL_PACK;XIRECS;10021.0;3
50100;BOT_MAKER;BOT_TAKER;VELVETFRUIT_EXTRACT;XIRECS;5217.0;4
50300;BOT_MAKER;BOT_TAKER;HYDROGEL_PACK;XIRECS;10003.0;6
50500;BOT_TAKER;BOT_MAKER;VELVETFRUIT_EXTRACT;XIRECS;5222.0;3
50500;BOT_TAKER;BOT_MAKER;VEV_6000;XIRECS;1.0;3
50800;BOT_MAKER;BOT_TAKER;VELVETFRUIT_EXTRACT;XIRECS;5219.0;3
50900;BOT_MAKER;BOT_TAKER;HYDROGEL_PACK;XIRECS;10000.0;3
51000;BOT_TAKER;BOT_MAKER;VELVETFRUIT_EXTRACT;XIRECS;5224.0;8
51100;BOT_TAKER;BOT_MAKER;VELVETFRUIT_EXTRACT;XIRECS;5226.0;4
51100;BOT_TAKER;BOT_MAKER;VEV_5400;XIRECS;18.0;4
51200;BOT_MAKER;BOT_TAKER;VEV_5300;XIRECS;50.0;4
51400;BOT_TAKER;BOT_MAKER;VEV_6000;XIRECS;1.0;5
51500;BOT_TAKER;BOT_MAKER;HYDROGEL_PACK;XIRECS;10004.0;2
51600;BOT_MAKER;BOT_TAKER;VEV_4000;XIRECS;1259.0;3
51600;BOT_MAKER;BOT_TAKER;VEV_6500;XIRECS;0.0;4
51700;BOT_TAKER;BOT_MAKER;VEV_4000;XIRECS;1280.0;3
51800;BOT_TAKER;BOT_MAKER;VELVETFRUIT_EXTRACT;XIRECS;5227.0;7
51900;BOT_TAKER;BOT_MAKER;VELVETFRUIT_EXTRACT;XIRECS;5226.0;6
51900;BOT_TAKER;BOT_MAKER;VELVETFRUIT_EXTRACT;XIRECS;5226.0;8
51900;BOT_MAKER;BOT_TAKER;VEV_4000;XIRECS;1258.0;3
52100;BOT_MAKER;BOT_TAKER;VELVETFRUIT_EXTRACT;XIRECS;5220.0;7
52200;BOT_TAKER;BOT_MAKER;HYDROGEL_PACK;XIRECS;9999.0;6
52200;BOT_TAKER;BOT_MAKER;VELVETFRUIT_EXTRACT;XIRECS;5222.0;5
52300;BOT_MAKER;BOT_TAKER;HYDROGEL_PACK;XIRECS;9984.0;6
52400;BOT_TAKER;BOT_MAKER;VELVETFRUIT_EXTRACT;XIRECS;5220.0;5
52400;BOT_TAKER;BOT_MAKER;VEV_5500;XIRECS;5.0;3
52500;BOT_TAKER;BOT_MAKER;VEV_4000;XIRECS;1278.0;3
52500;BOT_MAKER;BOT_TAKER;VEV_5500;XIRECS;4.0;3
52600;BOT_MAKER;BOT_TAKER;HYDROGEL_PACK;XIRECS;9983.0;3
52600;BOT_TAKER;BOT_MAKER;VEV_5500;XIRECS;5.0;2
53000;BOT_TAKER;BOT_MAKER;VEV_6000;XIRECS;1.0;5
53100;BOT_MAKER;BOT_TAKER;VELVETFRUIT_EXTRACT;XIRECS;5215.0;5
53400;BOT_MAKER;BOT_TAKER;VELVETFRUIT_EXTRACT;XIRECS;5214.0;4
53500;BOT_TAKER;BOT_MAKER;HYDROGEL_PACK;XIRECS;9996.0;3
53700;BOT_TAKER;BOT_MAKER;HYDROGEL_PACK;XIRECS;9995.0;4
53800;BOT_TAKER;BOT_MAKER;HYDROGEL_PACK;XIRECS;9993.0;6
53800;BOT_TAKER;BOT_MAKER;VEV_5400;XIRECS;19.0;2
53900;BOT_MAKER;BOT_TAKER;HYDROGEL_PACK;XIRECS;9977.0;4
54000;BOT_TAKER;BOT_MAKER;HYDROGEL_PACK;XIRECS;9992.0;4
54000;BOT_MAKER;BOT_TAKER;VELVETFRUIT_EXTRACT;XIRECS;5218.0;6
54200;BOT_TAKER;BOT_MAKER;VEV_6500;XIRECS;1.0;2
54300;BOT_TAKER;BOT_MAKER;VEV_4000;XIRECS;1273.0;1
54300;BOT_TAKER;BOT_MAKER;VEV_5500;XIRECS;4.0;5
54400;BOT_MAKER;BOT_TAKER;VEV_4000;XIRECS;1253.0;2
54400;BOT_TAKER;BOT_MAKER;VEV_5500;XIRECS;5.0;4
54600;BOT_MAKER;BOT_TAKER;VELVETFRUIT_EXTRACT;XIRECS;5219.0;8
54600;BOT_TAKER;BOT_MAKER;VEV_4000;XIRECS;1274.0;3
54800;BOT_MAKER;BOT_TAKER;HYDROGEL_PACK;XIRECS;9979.0;2
54800;BOT_TAKER;BOT_MAKER;VELVETFRUIT_EXTRACT;XIRECS;5224.0;8
55100;BOT_MAKER;BOT_TAKER;VEV_6000;XIRECS;0.0;3
55200;BOT_TAKER;BOT_MAKER;VEV_6000;XIRECS;1.0;4
55300;BOT_TAKER;BOT_MAKER;HYDROGEL_PACK;XIRECS;9989.0;2
55400;BOT_MAKER;BOT_TAKER;VELVETFRUIT_EXTRACT;XIRECS;5218.0;3
55400;BOT_MAKER;BOT_TAKER;VEV_4000;XIRECS;1251.0;1
55500;BOT_TAKER;BOT_MAKER;VEV_4500;XIRECS;741.0;1
55600;BOT_TAKER;BOT_MAKER;HYDROGEL_PACK;XIRECS;9994.0;6
55600;BOT_MAKER;BOT_TAKER;VEV_5400;XIRECS;17.0;2
55800;BOT_MAKER;BOT_TAKER;HYDROGEL_PACK;XIRECS;9973.0;5
55800;BOT_MAKER;BOT_TAKER;VELVETFRUIT_EXTRACT;XIRECS;5219.0;8
55900;BOT_TAKER;BOT_MAKER;HYDROGEL_PACK;XIRECS;9990.0;4
55900;BOT_TAKER;BOT_MAKER;VELVETFRUIT_EXTRACT;XIRECS;5223.0;4
55900;BOT_TAKER;BOT_MAKER;VEV_5500;XIRECS;5.0;4
56000;BOT_TAKER;BOT_MAKER;HYDROGEL_PACK;XIRECS;9990.0;5
56000;BOT_MAKER;BOT_TAKER;VELVETFRUIT_EXTRACT;XIRECS;5220.0;8
56000;BOT_TAKER;BOT_MAKER;VEV_4000;XIRECS;1275.0;1
56100;BOT_MAKER;BOT_TAKER;HYDROGEL_PACK;XIRECS;9974.0;3
56200;BOT_TAKER;BOT_MAKER;HYDROGEL_PACK;XIRECS;9987.0;6
56200;BOT_MAKER;BOT_TAKER;VELVETFRUIT_EXTRACT;XIRECS;5219.0;5
56300;BOT_TAKER;BOT_MAKER;HYDROGEL_PACK;XIRECS;9990.0;6
56300;BOT_TAKER;BOT_MAKER;VEV_6500;XIRECS;1.0;4
56400;BOT_MAKER;BOT_TAKER;VELVETFRUIT_EXTRACT;XIRECS;5217.0;7
56500;BOT_MAKER;BOT_TAKER;HYDROGEL_PACK;XIRECS;9974.0;4
56700;BOT_TAKER;BOT_MAKER;HYDROGEL_PACK;XIRECS;9991.0;6
56700;BOT_MAKER;BOT_TAKER;VELVETFRUIT_EXTRACT;XIRECS;5218.0;8
56900;BOT_MAKER;BOT_TAKER;VELVETFRUIT_EXTRACT;XIRECS;5220.0;14
56900;BOT_TAKER;BOT_MAKER;VEV_5500;XIRECS;5.0;3
57000;BOT_TAKER;BOT_MAKER;HYDROGEL_PACK;XIRECS;9992.0;4
57000;BOT_MAKER;BOT_TAKER;VELVETFRUIT_EXTRACT;XIRECS;5219.0;6
57000;BOT_MAKER;BOT_TAKER;VELVETFRUIT_EXTRACT;XIRECS;5219.0;4
57000;BOT_TAKER;BOT_MAKER;VEV_4000;XIRECS;1271.0;2
57100;BOT_MAKER;BOT_TAKER;VEV_5400;XIRECS;18.0;3
57100;BOT_TAKER;BOT_MAKER;VEV_5500;XIRECS;5.0;2
57200;BOT_TAKER;BOT_MAKER;VELVETFRUIT_EXTRACT;XIRECS;5223.0;6
57300;BOT_TAKER;BOT_MAKER;VELVETFRUIT_EXTRACT;XIRECS;5224.0;8
57300;BOT_MAKER;BOT_TAKER;VEV_6500;XIRECS;0.0;3
57400;BOT_TAKER;BOT_MAKER;HYDROGEL_PACK;XIRECS;9996.0;5
57500;BOT_TAKER;BOT_MAKER;HYDROGEL_PACK;XIRECS;9994.0;2
57500;BOT_MAKER;BOT_TAKER;VEV_5500;XIRECS;4.0;5
57600;BOT_TAKER;BOT_MAKER;VELVETFRUIT_EXTRACT;XIRECS;5225.0;8
57600;BOT_TAKER;BOT_MAKER;VEV_4000;XIRECS;1269.0;1
57800;BOT_MAKER;BOT_TAKER;VELVETFRUIT_EXTRACT;XIRECS;5222.0;5
57800;BOT_TAKER;BOT_MAKER;VEV_4000;XIRECS;1270.0;2
58000;BOT_TAKER;BOT_MAKER;VEV_4000;XIRECS;1272.0;2
58100;BOT_MAKER;BOT_TAKER;HYDROGEL_PACK;XIRECS;9983.0;4
58200;BOT_MAKER;BOT_TAKER;VEV_4000;XIRECS;1250.0;1
58200;BOT_MAKER;BOT_TAKER;VEV_5500;XIRECS;4.0;5
58300;BOT_TAKER;BOT_MAKER;HYDROGEL_PACK;XIRECS;10001.0;3
58300;BOT_MAKER;BOT_TAKER;VELVETFRUIT_EXTRACT;XIRECS;5218.0;3
58400;BOT_TAKER;BOT_MAKER;HYDROGEL_PACK;XIRECS;10000.0;2
58400;BOT_MAKER;BOT_TAKER;VELVETFRUIT_EXTRACT;XIRECS;5220.0;13
58400;BOT_MAKER;BOT_TAKER;VEV_6000;XIRECS;0.0;5
58600;BOT_MAKER;BOT_TAKER;HYDROGEL_PACK;XIRECS;9984.0;5
58600;BOT_TAKER;BOT_MAKER;VELVETFRUIT_EXTRACT;XIRECS;5227.0;10
58700;BOT_TAKER;BOT_MAKER;VELVETFRUIT_EXTRACT;XIRECS;5226.0;5
58900;BOT_MAKER;BOT_TAKER;HYDROGEL_PACK;XIRECS;9987.0;4
59200;BOT_TAKER;BOT_MAKER;HYDROGEL_PACK;XIRECS;10001.0;4
59500;BOT_TAKER;BOT_MAKER;VELVETFRUIT_EXTRACT;XIRECS;5230.0;7
59500;BOT_MAKER;BOT_TAKER;VELVETFRUIT_EXTRACT;XIRECS;5225.0;4
59600;BOT_TAKER;BOT_MAKER;HYDROGEL_PACK;XIRECS;10002.0;3
59600;BOT_TAKER;BOT_MAKER;VEV_4000;XIRECS;1272.0;2
59600;BOT_MAKER;BOT_TAKER;VEV_4000;XIRECS;1250.0;2
59600;BOT_TAKER;BOT_MAKER;VEV_5000;XIRECS;249.0;1
59700;BOT_MAKER;BOT_TAKER;HYDROGEL_PACK;XIRECS;9988.0;4
59800;BOT_TAKER;BOT_MAKER;HYDROGEL_PACK;XIRECS;10002.0;4
59900;BOT_TAKER;BOT_MAKER;VELVETFRUIT_EXTRACT;XIRECS;5232.0;6
60000;BOT_TAKER;BOT_MAKER;VEV_4000;XIRECS;1273.0;3
60100;BOT_MAKER;BOT_TAKER;HYDROGEL_PACK;XIRECS;9987.0;2
60100;BOT_MAKER;BOT_TAKER;VELVETFRUIT_EXTRACT;XIRECS;5227.0;8
60200;BOT_MAKER;BOT_TAKER;HYDROGEL_PACK;XIRECS;9990.0;6
60500;BOT_MAKER;BOT_TAKER;VELVETFRUIT_EXTRACT;XIRECS;5223.0;4
60500;BOT_MAKER;BOT_TAKER;VEV_4000;XIRECS;1252.0;2
60500;BOT_TAKER;BOT_MAKER;VEV_5400;XIRECS;20.0;3
60600;BOT_MAKER;BOT_TAKER;VEV_4000;XIRECS;1254.0;3
60600;BOT_MAKER;BOT_TAKER;VEV_5400;XIRECS;18.0;5
60700;BOT_MAKER;BOT_TAKER;HYDROGEL_PACK;XIRECS;9991.0;2
60700;BOT_MAKER;BOT_TAKER;VELVETFRUIT_EXTRACT;XIRECS;5225.0;6
60800;BOT_TAKER;BOT_MAKER;HYDROGEL_PACK;XIRECS;10007.0;5
60800;BOT_TAKER;BOT_MAKER;VEV_4000;XIRECS;1276.0;1
60900;BOT_TAKER;BOT_MAKER;VEV_5500;XIRECS;4.0;2
61000;BOT_MAKER;BOT_TAKER;VEV_6000;XIRECS;0.0;2
61200;BOT_TAKER;BOT_MAKER;HYDROGEL_PACK;XIRECS;10007.0;2
61200;BOT_TAKER;BOT_MAKER;VEV_5500;XIRECS;4.0;2
61300;BOT_MAKER;BOT_TAKER;HYDROGEL_PACK;XIRECS;9990.0;2
61300;BOT_TAKER;BOT_MAKER;VELVETFRUIT_EXTRACT;XIRECS;5230.0;4
61300;BOT_MAKER;BOT_TAKER;VEV_5400;XIRECS;18.0;3
61400;BOT_MAKER;BOT_TAKER;VELVETFRUIT_EXTRACT;XIRECS;5224.0;6
61400;BOT_TAKER;BOT_MAKER;VEV_4000;XIRECS;1277.0;2
61500;BOT_TAKER;BOT_MAKER;HYDROGEL_PACK;XIRECS;10005.0;2
61500;BOT_MAKER;BOT_TAKER;VELVETFRUIT_EXTRACT;XIRECS;5224.0;8
61600;BOT_TAKER;BOT_MAKER;VELVETFRUIT_EXTRACT;XIRECS;5229.0;5
61600;BOT_MAKER;BOT_TAKER;VEV_6500;XIRECS;0.0;2
61900;BOT_TAKER;BOT_MAKER;VELVETFRUIT_EXTRACT;XIRECS;5229.0;6
62000;BOT_TAKER;BOT_MAKER;VEV_5300;XIRECS;62.0;4
62000;BOT_TAKER;BOT_MAKER;VEV_5400;XIRECS;19.0;3
62000;BOT_MAKER;BOT_TAKER;VEV_5500;XIRECS;3.0;2
62100;BOT_TAKER;BOT_MAKER;HYDROGEL_PACK;XIRECS;10008.0;4
62100;BOT_TAKER;BOT_MAKER;VELVETFRUIT_EXTRACT;XIRECS;5229.0;5
62200;BOT_TAKER;BOT_MAKER;VELVETFRUIT_EXTRACT;XIRECS;5228.0;4
62300;BOT_MAKER;BOT_TAKER;HYDROGEL_PACK;XIRECS;9994.0;4
62300;BOT_TAKER;BOT_MAKER;VELVETFRUIT_EXTRACT;XIRECS;5228.0;4
62400;BOT_MAKER;BOT_TAKER;VELVETFRUIT_EXTRACT;XIRECS;5223.0;8
62400;BOT_TAKER;BOT_MAKER;VEV_5500;XIRECS;4.0;5
62600;BOT_TAKER;BOT_MAKER;HYDROGEL_PACK;XIRECS;10008.0;4
62600;BOT_TAKER;BOT_MAKER;VELVETFRUIT_EXTRACT;XIRECS;5228.0;5
62600;BOT_TAKER;BOT_MAKER;VEV_4000;XIRECS;1275.0;2
62700;BOT_TAKER;BOT_MAKER;VELVETFRUIT_EXTRACT;XIRECS;5228.0;6
63000;BOT_TAKER;BOT_MAKER;HYDROGEL_PACK;XIRECS;10013.0;4
63200;BOT_MAKER;BOT_TAKER;HYDROGEL_PACK;XIRECS;9996.0;6
63200;BOT_MAKER;BOT_TAKER;VEV_5400;XIRECS;18.0;3
63200;BOT_TAKER;BOT_MAKER;VEV_5400;XIRECS;20.0;4
63300;BOT_TAKER;BOT_MAKER;VELVETFRUIT_EXTRACT;XIRECS;5223.0;10
63300;BOT_MAKER;BOT_TAKER;VEV_5500;XIRECS;3.0;3
63400;BOT_TAKER;BOT_MAKER;HYDROGEL_PACK;XIRECS;10014.0;3
63400;BOT_MAKER;BOT_TAKER;VELVETFRUIT_EXTRACT;XIRECS;5217.0;6
63400;BOT_TAKER;BOT_MAKER;VEV_5400;XIRECS;20.0;2
63500;BOT_TAKER;BOT_MAKER;VELVETFRUIT_EXTRACT;XIRECS;5222.0;6
63600;BOT_TAKER;BOT_MAKER;HYDROGEL_PACK;XIRECS;10016.0;6
63600;BOT_MAKER;BOT_TAKER;VEV_4000;XIRECS;1248.0;1
63700;BOT_TAKER;BOT_MAKER;VEV_5300;XIRECS;61.0;4
63800;BOT_MAKER;BOT_TAKER;HYDROGEL_PACK;XIRECS;9997.0;3
63800;BOT_MAKER;BOT_TAKER;VELVETFRUIT_EXTRACT;XIRECS;5219.0;5
64000;BOT_MAKER;BOT_TAKER;HYDROGEL_PACK;XIRECS;9995.0;6
64300;BOT_MAKER;BOT_TAKER;VELVETFRUIT_EXTRACT;XIRECS;5219.0;8
64400;BOT_MAKER;BOT_TAKER;VEV_5300;XIRECS;59.0;2
64500;BOT_TAKER;BOT_MAKER;VEV_6000;XIRECS;1.0;4
64600;BOT_TAKER;BOT_MAKER;HYDROGEL_PACK;XIRECS;10012.0;6
64600;BOT_TAKER;BOT_MAKER;VEV_4000;XIRECS;1270.0;2
64800;BOT_MAKER;BOT_TAKER;VELVETFRUIT_EXTRACT;XIRECS;5221.0;7
64800;BOT_TAKER;BOT_MAKER;VEV_6000;XIRECS;1.0;5
64900;BOT_MAKER;BOT_TAKER;VELVETFRUIT_EXTRACT;XIRECS;5221.0;14
64900;BOT_MAKER;BOT_TAKER;VEV_6000;XIRECS;0.0;2
65000;BOT_TAKER;BOT_MAKER;VEV_5400;XIRECS;20.0;5
65000;BOT_MAKER;BOT_TAKER;VEV_6500;XIRECS;0.0;4
65100;BOT_TAKER;BOT_MAKER;VELVETFRUIT_EXTRACT;XIRECS;5228.0;6
65100;BOT_MAKER;BOT_TAKER;VEV_6500;XIRECS;0.0;2
65200;BOT_MAKER;BOT_TAKER;HYDROGEL_PACK;XIRECS;10005.0;3
65200;BOT_TAKER;BOT_MAKER;VELVETFRUIT_EXTRACT;XIRECS;5228.0;7
65300;BOT_TAKER;BOT_MAKER;HYDROGEL_PACK;XIRECS;10023.0;4
65300;BOT_TAKER;BOT_MAKER;VEV_4000;XIRECS;1271.0;2
65400;BOT_MAKER;BOT_TAKER;HYDROGEL_PACK;XIRECS;10007.0;3
65500;BOT_TAKER;BOT_MAKER;VELVETFRUIT_EXTRACT;XIRECS;5230.0;8
65600;BOT_TAKER;BOT_MAKER;HYDROGEL_PACK;XIRECS;10026.0;5
65700;BOT_TAKER;BOT_MAKER;VELVETFRUIT_EXTRACT;XIRECS;5230.0;5
65800;BOT_MAKER;BOT_TAKER;HYDROGEL_PACK;XIRECS;10007.0;3
65900;BOT_MAKER;BOT_TAKER;VEV_5500;XIRECS;3.0;5
66000;BOT_TAKER;BOT_MAKER;VEV_4000;XIRECS;1269.0;1
66000;BOT_MAKER;BOT_TAKER;VEV_5300;XIRECS;57.0;3
66000;BOT_TAKER;BOT_MAKER;VEV_5500;XIRECS;4.0;5
66100;BOT_MAKER;BOT_TAKER;VELVETFRUIT_EXTRACT;XIRECS;5224.0;8
66100;BOT_MAKER;BOT_TAKER;VEV_6000;XIRECS;0.0;4
66200;BOT_TAKER;BOT_MAKER;VELVETFRUIT_EXTRACT;XIRECS;5228.0;3
66300;BOT_MAKER;BOT_TAKER;HYDROGEL_PACK;XIRECS;10009.0;4
66500;BOT_TAKER;BOT_MAKER;HYDROGEL_PACK;XIRECS;10024.0;6
66600;BOT_TAKER;BOT_MAKER;VELVETFRUIT_EXTRACT;XIRECS;5228.0;4
66700;BOT_MAKER;BOT_TAKER;VEV_5500;XIRECS;3.0;2
66800;BOT_MAKER;BOT_TAKER;VELVETFRUIT_EXTRACT;XIRECS;5225.0;4
66900;BOT_MAKER;BOT_TAKER;VELVETFRUIT_EXTRACT;XIRECS;5225.0;6
67000;BOT_MAKER;BOT_TAKER;VELVETFRUIT_EXTRACT;XIRECS;5226.0;8
67000;BOT_TAKER;BOT_MAKER;VELVETFRUIT_EXTRACT;XIRECS;5231.0;8
67300;BOT_MAKER;BOT_TAKER;VEV_6000;XIRECS;0.0;2
67400;BOT_TAKER;BOT_MAKER;VEV_6500;XIRECS;1.0;4
67500;BOT_TAKER;BOT_MAKER;VEV_5500;XIRECS;4.0;3
67700;BOT_MAKER;BOT_TAKER;HYDROGEL_PACK;XIRECS;10003.0;2
67800;BOT_TAKER;BOT_MAKER;HYDROGEL_PACK;XIRECS;10017.0;4
67800;BOT_TAKER;BOT_MAKER;VELVETFRUIT_EXTRACT;XIRECS;5231.0;5
67900;BOT_MAKER;BOT_TAKER;VEV_4000;XIRECS;1247.0;1
68000;BOT_MAKER;BOT_TAKER;HYDROGEL_PACK;XIRECS;10000.0;2
68100;BOT_MAKER;BOT_TAKER;VEV_5500;XIRECS;3.0;5
68200;BOT_TAKER;BOT_MAKER;VELVETFRUIT_EXTRACT;XIRECS;5231.0;10
68300;BOT_MAKER;BOT_TAKER;HYDROGEL_PACK;XIRECS;9997.0;2
68300;BOT_MAKER;BOT_TAKER;VELVETFRUIT_EXTRACT;XIRECS;5225.0;5
68300;BOT_TAKER;BOT_MAKER;VEV_5500;XIRECS;4.0;2
68400;BOT_TAKER;BOT_MAKER;HYDROGEL_PACK;XIRECS;10014.0;5
68400;BOT_TAKER;BOT_MAKER;VELVETFRUIT_EXTRACT;XIRECS;5230.0;8
68500;BOT_TAKER;BOT_MAKER;HYDROGEL_PACK;XIRECS;10015.0;2
68500;BOT_TAKER;BOT_MAKER;VEV_4000;XIRECS;1267.0;3
68600;BOT_MAKER;BOT_TAKER;VELVETFRUIT_EXTRACT;XIRECS;5224.0;7
68700;BOT_MAKER;BOT_TAKER;HYDROGEL_PACK;XIRECS;10006.0;5
68700;BOT_TAKER;BOT_MAKER;VELVETFRUIT_EXTRACT;XIRECS;5230.0;7
68800;BOT_TAKER;BOT_MAKER;HYDROGEL_PACK;XIRECS;10019.0;6
68800;BOT_TAKER;BOT_MAKER;VELVETFRUIT_EXTRACT;XIRECS;5228.0;7
68900;BOT_TAKER;BOT_MAKER;VELVETFRUIT_EXTRACT;XIRECS;5229.0;7
68900;BOT_MAKER;BOT_TAKER;VEV_5400;XIRECS;17.0;4
69000;BOT_TAKER;BOT_MAKER;HYDROGEL_PACK;XIRECS;10018.0;5
69100;BOT_TAKER;BOT_MAKER;VEV_4000;XIRECS;1270.0;2
69100;BOT_TAKER;BOT_MAKER;VEV_5300;XIRECS;61.0;3
69200;BOT_MAKER;BOT_TAKER;VEV_4000;XIRECS;1250.0;2
69200;BOT_TAKER;BOT_MAKER;VEV_5300;XIRECS;61.0;3
69300;BOT_TAKER;BOT_MAKER;VELVETFRUIT_EXTRACT;XIRECS;5230.0;7
69300;BOT_MAKER;BOT_TAKER;VEV_5400;XIRECS;17.0;2
69400;BOT_TAKER;BOT_MAKER;HYDROGEL_PACK;XIRECS;10019.0;3
69500;BOT_MAKER;BOT_TAKER;VELVETFRUIT_EXTRACT;XIRECS;5226.0;8
69500;BOT_TAKER;BOT_MAKER;VEV_4000;XIRECS;1269.0;3
69700;BOT_TAKER;BOT_MAKER;HYDROGEL_PACK;XIRECS;10018.0;6
69800;BOT_TAKER;BOT_MAKER;VEV_6000;XIRECS;1.0;2
69900;BOT_TAKER;BOT_MAKER;VELVETFRUIT_EXTRACT;XIRECS;5232.0;8
70000;BOT_MAKER;BOT_TAKER;HYDROGEL_PACK;XIRECS;10000.0;5
70000;BOT_TAKER;BOT_MAKER;VEV_4000;XIRECS;1270.0;1
70000;BOT_TAKER;BOT_MAKER;VEV_5400;XIRECS;18.0;2
70100;BOT_TAKER;BOT_MAKER;HYDROGEL_PACK;XIRECS;10014.0;2
70100;BOT_MAKER;BOT_TAKER;VEV_5400;XIRECS;16.0;3
70200;BOT_TAKER;BOT_MAKER;HYDROGEL_PACK;XIRECS;10016.0;3
70300;BOT_MAKER;BOT_TAKER;HYDROGEL_PACK;XIRECS;9997.0;6
70400;BOT_TAKER;BOT_MAKER;VELVETFRUIT_EXTRACT;XIRECS;5232.0;8
70600;BOT_TAKER;BOT_MAKER;VELVETFRUIT_EXTRACT;XIRECS;5232.0;8
70600;BOT_TAKER;BOT_MAKER;VEV_4000;XIRECS;1269.0;1
70600;BOT_TAKER;BOT_MAKER;VEV_6500;XIRECS;1.0;5
70700;BOT_TAKER;BOT_MAKER;HYDROGEL_PACK;XIRECS;10007.0;6
70800;BOT_TAKER;BOT_MAKER;HYDROGEL_PACK;XIRECS;10008.0;6
70800;BOT_MAKER;BOT_TAKER;VEV_4000;XIRECS;1246.0;3
70900;BOT_TAKER;BOT_MAKER;VELVETFRUIT_EXTRACT;XIRECS;5232.0;4
70900;BOT_MAKER;BOT_TAKER;VELVETFRUIT_EXTRACT;XIRECS;5227.0;8
70900;BOT_MAKER;BOT_TAKER;VEV_5500;XIRECS;3.0;2
71000;BOT_TAKER;BOT_MAKER;VEV_4000;XIRECS;1270.0;3
71100;BOT_MAKER;BOT_TAKER;VELVETFRUIT_EXTRACT;XIRECS;5227.0;4
71100;BOT_TAKER;BOT_MAKER;VEV_6500;XIRECS;1.0;3
71200;BOT_MAKER;BOT_TAKER;VEV_6000;XIRECS;0.0;4
71200;BOT_TAKER;BOT_MAKER;VEV_6500;XIRECS;1.0;3
71300;BOT_TAKER;BOT_MAKER;HYDROGEL_PACK;XIRECS;10008.0;3
71400;BOT_MAKER;BOT_TAKER;HYDROGEL_PACK;XIRECS;9994.0;6
71400;BOT_TAKER;BOT_MAKER;VELVETFRUIT_EXTRACT;XIRECS;5231.0;6
71400;BOT_MAKER;BOT_TAKER;VEV_4000;XIRECS;1249.0;1
71400;BOT_TAKER;BOT_MAKER;VEV_5400;XIRECS;18.0;3
71400;BOT_MAKER;BOT_TAKER;VEV_6000;XIRECS;0.0;5
71500;BOT_MAKER;BOT_TAKER;VEV_5300;XIRECS;58.0;4
71600;BOT_TAKER;BOT_MAKER;VEV_5500;XIRECS;4.0;3
71700;BOT_MAKER;BOT_TAKER;HYDROGEL_PACK;XIRECS;10000.0;3
71700;BOT_TAKER;BOT_MAKER;VELVETFRUIT_EXTRACT;XIRECS;5229.0;3
71800;BOT_MAKER;BOT_TAKER;VEV_6000;XIRECS;0.0;5
72000;BOT_MAKER;BOT_TAKER;HYDROGEL_PACK;XIRECS;9999.0;3
72100;BOT_MAKER;BOT_TAKER;HYDROGEL_PACK;XIRECS;9999.0;3
72100;BOT_MAKER;BOT_TAKER;VEV_6000;XIRECS;0.0;4
72200;BOT_MAKER;BOT_TAKER;HYDROGEL_PACK;XIRECS;10000.0;2
72200;BOT_MAKER;BOT_TAKER;VELVETFRUIT_EXTRACT;XIRECS;5223.0;7
72300;BOT_MAKER;BOT_TAKER;HYDROGEL_PACK;XIRECS;10001.0;6
72400;BOT_MAKER;BOT_TAKER;VELVETFRUIT_EXTRACT;XIRECS;5224.0;6
72500;BOT_TAKER;BOT_MAKER;VELVETFRUIT_EXTRACT;XIRECS;5229.0;8
72600;BOT_TAKER;BOT_MAKER;VELVETFRUIT_EXTRACT;XIRECS;5229.0;6
72700;BOT_TAKER;BOT_MAKER;HYDROGEL_PACK;XIRECS;10022.0;3
72700;BOT_TAKER;BOT_MAKER;VELVETFRUIT_EXTRACT;XIRECS;5229.0;6
72800;BOT_TAKER;BOT_MAKER;HYDROGEL_PACK;XIRECS;10023.0;5
72800;BOT_TAKER;BOT_MAKER;VEV_5500;XIRECS;4.0;3
72900;BOT_MAKER;BOT_TAKER;VELVETFRUIT_EXTRACT;XIRECS;5223.0;5
72900;BOT_TAKER;BOT_MAKER;VEV_6500;XIRECS;1.0;4
73100;BOT_MAKER;BOT_TAKER;VELVETFRUIT_EXTRACT;XIRECS;5223.0;3
73200;BOT_MAKER;BOT_TAKER;HYDROGEL_PACK;XIRECS;10011.0;3
73200;BOT_TAKER;BOT_MAKER;VELVETFRUIT_EXTRACT;XIRECS;5228.0;5
73200;BOT_TAKER;BOT_MAKER;VEV_4000;XIRECS;1269.0;1
73300;BOT_TAKER;BOT_MAKER;VEV_4000;XIRECS;1268.0;2
73300;BOT_MAKER;BOT_TAKER;VEV_6000;XIRECS;0.0;2
73400;BOT_TAKER;BOT_MAKER;VELVETFRUIT_EXTRACT;XIRECS;5230.0;4
73400;BOT_MAKER;BOT_TAKER;VEV_5400;XIRECS;16.0;4
73500;BOT_TAKER;BOT_MAKER;VEV_5400;XIRECS;17.0;5
73600;BOT_MAKER;BOT_TAKER;HYDROGEL_PACK;XIRECS;10015.0;6
73600;BOT_MAKER;BOT_TAKER;HYDROGEL_PACK;XIRECS;10015.0;4
73600;BOT_TAKER;BOT_MAKER;VEV_6000;XIRECS;1.0;2
73800;BOT_MAKER;BOT_TAKER;HYDROGEL_PACK;XIRECS;10013.0;4
73900;BOT_TAKER;BOT_MAKER;VEV_6500;XIRECS;1.0;2
74000;BOT_TAKER;BOT_MAKER;HYDROGEL_PACK;XIRECS;10033.0;6
74000;BOT_MAKER;BOT_TAKER;VELVETFRUIT_EXTRACT;XIRECS;5225.0;4
74100;BOT_TAKER;BOT_MAKER;VEV_4000;XIRECS;1269.0;3
74200;BOT_TAKER;BOT_MAKER;HYDROGEL_PACK;XIRECS;10033.0;3
74300;BOT_MAKER;BOT_TAKER;HYDROGEL_PACK;XIRECS;10022.0;4
74300;BOT_TAKER;BOT_MAKER;VEV_5400;XIRECS;18.0;2
74300;BOT_TAKER;BOT_MAKER;VEV_6500;XIRECS;1.0;2
74400;BOT_TAKER;BOT_MAKER;VELVETFRUIT_EXTRACT;XIRECS;5228.0;8
74500;BOT_TAKER;BOT_MAKER;HYDROGEL_PACK;XIRECS;10042.0;3
74500;BOT_TAKER;BOT_MAKER;VELVETFRUIT_EXTRACT;XIRECS;5230.0;8
74700;BOT_MAKER;BOT_TAKER;HYDROGEL_PACK;XIRECS;10027.0;2
74800;BOT_MAKER;BOT_TAKER;VELVETFRUIT_EXTRACT;XIRECS;5222.0;6
74900;BOT_TAKER;BOT_MAKER;VELVETFRUIT_EXTRACT;XIRECS;5229.0;4
74900;BOT_MAKER;BOT_TAKER;VEV_4000;XIRECS;1251.0;1
74900;BOT_TAKER;BOT_MAKER;VEV_6000;XIRECS;1.0;3
75000;BOT_TAKER;BOT_MAKER;VELVETFRUIT_EXTRACT;XIRECS;5230.0;4
75000;BOT_MAKER;BOT_TAKER;VELVETFRUIT_EXTRACT;XIRECS;5224.0;3
75100;BOT_TAKER;BOT_MAKER;HYDROGEL_PACK;XIRECS;10042.0;5
75200;BOT_TAKER;BOT_MAKER;VEV_5500;XIRECS;4.0;4
75200;BOT_MAKER;BOT_TAKER;VEV_5500;XIRECS;3.0;2
75300;BOT_TAKER;BOT_MAKER;VEV_5500;XIRECS;4.0;5
75500;BOT_TAKER;BOT_MAKER;VEV_5500;XIRECS;4.0;3
75600;BOT_TAKER;BOT_MAKER;VEV_4000;XIRECS;1271.0;3
75700;BOT_MAKER;BOT_TAKER;VEV_6500;XIRECS;0.0;2
75800;BOT_TAKER;BOT_MAKER;HYDROGEL_PACK;XIRECS;10041.0;5
75800;BOT_MAKER;BOT_TAKER;VELVETFRUIT_EXTRACT;XIRECS;5224.0;5
75900;BOT_TAKER;BOT_MAKER;VELVETFRUIT_EXTRACT;XIRECS;5229.0;6
75900;BOT_TAKER;BOT_MAKER;VEV_5500;XIRECS;4.0;4
76000;BOT_MAKER;BOT_TAKER;HYDROGEL_PACK;XIRECS;10027.0;6
76000;BOT_MAKER;BOT_TAKER;VELVETFRUIT_EXTRACT;XIRECS;5222.0;3
76400;BOT_MAKER;BOT_TAKER;HYDROGEL_PACK;XIRECS;10027.0;4
76400;BOT_TAKER;BOT_MAKER;VELVETFRUIT_EXTRACT;XIRECS;5229.0;7
76400;BOT_MAKER;BOT_TAKER;VEV_6000;XIRECS;0.0;5
76500;BOT_TAKER;BOT_MAKER;HYDROGEL_PACK;XIRECS;10045.0;4
76500;BOT_TAKER;BOT_MAKER;VELVETFRUIT_EXTRACT;XIRECS;5230.0;9
76500;BOT_MAKER;BOT_TAKER;VEV_5500;XIRECS;3.0;2
76600;BOT_MAKER;BOT_TAKER;VELVETFRUIT_EXTRACT;XIRECS;5223.0;5
76600;BOT_TAKER;BOT_MAKER;VEV_6000;XIRECS;1.0;5
76700;BOT_MAKER;BOT_TAKER;VELVETFRUIT_EXTRACT;XIRECS;5223.0;3
76900;BOT_TAKER;BOT_MAKER;HYDROGEL_PACK;XIRECS;10043.0;4
77100;BOT_TAKER;BOT_MAKER;HYDROGEL_PACK;XIRECS;10040.0;3
77100;BOT_TAKER;BOT_MAKER;VELVETFRUIT_EXTRACT;XIRECS;5232.0;3
77200;BOT_MAKER;BOT_TAKER;HYDROGEL_PACK;XIRECS;10023.0;6
77400;BOT_MAKER;BOT_TAKER;HYDROGEL_PACK;XIRECS;10025.0;3
77500;BOT_TAKER;BOT_MAKER;HYDROGEL_PACK;XIRECS;10041.0;6
77600;BOT_TAKER;BOT_MAKER;HYDROGEL_PACK;XIRECS;10040.0;5
77600;BOT_MAKER;BOT_TAKER;VELVETFRUIT_EXTRACT;XIRECS;5227.0;6
77600;BOT_MAKER;BOT_TAKER;VEV_5400;XIRECS;15.0;2
77700;BOT_MAKER;BOT_TAKER;VELVETFRUIT_EXTRACT;XIRECS;5226.0;8
77700;BOT_MAKER;BOT_TAKER;VEV_6500;XIRECS;0.0;5
77800;BOT_MAKER;BOT_TAKER;HYDROGEL_PACK;XIRECS;10024.0;4
77900;BOT_TAKER;BOT_MAKER;VELVETFRUIT_EXTRACT;XIRECS;5230.0;8
77900;BOT_MAKER;BOT_TAKER;VEV_4000;XIRECS;1247.0;3
78000;BOT_TAKER;BOT_MAKER;VELVETFRUIT_EXTRACT;XIRECS;5228.0;4
78000;BOT_MAKER;BOT_TAKER;VEV_5300;XIRECS;58.0;3
78100;BOT_TAKER;BOT_MAKER;VELVETFRUIT_EXTRACT;XIRECS;5227.0;11
78200;BOT_MAKER;BOT_TAKER;HYDROGEL_PACK;XIRECS;10025.0;5
78200;BOT_TAKER;BOT_MAKER;HYDROGEL_PACK;XIRECS;10041.0;2
78200;BOT_MAKER;BOT_TAKER;VEV_6000;XIRECS;0.0;2
78400;BOT_MAKER;BOT_TAKER;VELVETFRUIT_EXTRACT;XIRECS;5223.0;7
78400;BOT_TAKER;BOT_MAKER;VEV_5500;XIRECS;4.0;2
78500;BOT_MAKER;BOT_TAKER;VELVETFRUIT_EXTRACT;XIRECS;5224.0;13
78600;BOT_MAKER;BOT_TAKER;VELVETFRUIT_EXTRACT;XIRECS;5224.0;3
78700;BOT_MAKER;BOT_TAKER;VELVETFRUIT_EXTRACT;XIRECS;5225.0;5
78700;BOT_TAKER;BOT_MAKER;VEV_4000;XIRECS;1270.0;1
78700;BOT_TAKER;BOT_MAKER;VEV_6000;XIRECS;1.0;5
78800;BOT_MAKER;BOT_TAKER;HYDROGEL_PACK;XIRECS;10026.0;3
78800;BOT_TAKER;BOT_MAKER;VELVETFRUIT_EXTRACT;XIRECS;5232.0;5
78800;BOT_TAKER;BOT_MAKER;VEV_5400;XIRECS;18.0;3
78900;BOT_TAKER;BOT_MAKER;VEV_6500;XIRECS;1.0;5
79100;BOT_TAKER;BOT_MAKER;VEV_5500;XIRECS;4.0;4
79200;BOT_MAKER;BOT_TAKER;VELVETFRUIT_EXTRACT;XIRECS;5227.0;3
79200;BOT_TAKER;BOT_MAKER;VEV_4000;XIRECS;1272.0;3
79300;BOT_TAKER;BOT_MAKER;HYDROGEL_PACK;XIRECS;10043.0;2
79300;BOT_MAKER;BOT_TAKER;VEV_5500;XIRECS;3.0;2
79400;BOT_TAKER;BOT_MAKER;HYDROGEL_PACK;XIRECS;10043.0;3
79400;BOT_MAKER;BOT_TAKER;HYDROGEL_PACK;XIRECS;10027.0;3
79400;BOT_TAKER;BOT_MAKER;VELVETFRUIT_EXTRACT;XIRECS;5233.0;6
79400;BOT_TAKER;BOT_MAKER;VEV_4000;XIRECS;1273.0;2
79400;BOT_MAKER;BOT_TAKER;VEV_4000;XIRECS;1252.0;1
79500;BOT_MAKER;BOT_TAKER;VELVETFRUIT_EXTRACT;XIRECS;5229.0;7
79500;BOT_MAKER;BOT_TAKER;VELVETFRUIT_EXTRACT;XIRECS;5229.0;7
79500;BOT_TAKER;BOT_MAKER;VEV_4000;XIRECS;1273.0;2
79500;BOT_TAKER;BOT_MAKER;VEV_6000;XIRECS;1.0;4
79700;BOT_TAKER;BOT_MAKER;VEV_5400;XIRECS;18.0;3
79800;BOT_MAKER;BOT_TAKER;VELVETFRUIT_EXTRACT;XIRECS;5232.0;6
80000;BOT_TAKER;BOT_MAKER;VELVETFRUIT_EXTRACT;XIRECS;5237.0;6
80100;BOT_MAKER;BOT_TAKER;HYDROGEL_PACK;XIRECS;10033.0;6
80100;BOT_TAKER;BOT_MAKER;VEV_4000;XIRECS;1275.0;1
80100;BOT_TAKER;BOT_MAKER;VEV_5300;XIRECS;56.0;2
80200;BOT_TAKER;BOT_MAKER;VEV_5400;XIRECS;17.0;2
80300;BOT_MAKER;BOT_TAKER;HYDROGEL_PACK;XIRECS;10038.0;4
80400;BOT_TAKER;BOT_MAKER;HYDROGEL_PACK;XIRECS;10052.0;5
80400;BOT_MAKER;BOT_TAKER;VEV_5500;XIRECS;3.0;4
80600;BOT_TAKER;BOT_MAKER;VELVETFRUIT_EXTRACT;XIRECS;5236.0;5
80600;BOT_MAKER;BOT_TAKER;VEV_4000;XIRECS;1254.0;2
80600;BOT_MAKER;BOT_TAKER;VEV_6000;XIRECS;0.0;5
80700;BOT_TAKER;BOT_MAKER;VEV_6500;XIRECS;1.0;2
80800;BOT_TAKER;BOT_MAKER;VELVETFRUIT_EXTRACT;XIRECS;5234.0;7
80800;BOT_MAKER;BOT_TAKER;VEV_5000;XIRECS;233.0;1
80800;BOT_TAKER;BOT_MAKER;VEV_5400;XIRECS;18.0;4
80800;BOT_TAKER;BOT_MAKER;VEV_6000;XIRECS;1.0;3
80900;BOT_TAKER;BOT_MAKER;HYDROGEL_PACK;XIRECS;10057.0;6
80900;BOT_MAKER;BOT_TAKER;VELVETFRUIT_EXTRACT;XIRECS;5228.0;7
80900;BOT_MAKER;BOT_TAKER;VEV_5400;XIRECS;16.0;5
80900;BOT_MAKER;BOT_TAKER;VEV_5500;XIRECS;3.0;2
81000;BOT_MAKER;BOT_TAKER;VELVETFRUIT_EXTRACT;XIRECS;5228.0;3
81000;BOT_MAKER;BOT_TAKER;VEV_5400;XIRECS;16.0;4
81000;BOT_MAKER;BOT_TAKER;VEV_6000;XIRECS;0.0;4
81200;BOT_TAKER;BOT_MAKER;VEV_5400;XIRECS;18.0;5
81300;BOT_TAKER;BOT_MAKER;HYDROGEL_PACK;XIRECS;10056.0;3
81300;BOT_MAKER;BOT_TAKER;VELVETFRUIT_EXTRACT;XIRECS;5227.0;5
81300;BOT_MAKER;BOT_TAKER;VEV_4000;XIRECS;1253.0;1
81400;BOT_TAKER;BOT_MAKER;VELVETFRUIT_EXTRACT;XIRECS;5231.0;4
81500;BOT_MAKER;BOT_TAKER;VELVETFRUIT_EXTRACT;XIRECS;5226.0;7
81800;BOT_MAKER;BOT_TAKER;VELVETFRUIT_EXTRACT;XIRECS;5226.0;6
81800;BOT_TAKER;BOT_MAKER;VEV_4000;XIRECS;1274.0;2
81900;BOT_TAKER;BOT_MAKER;VELVETFRUIT_EXTRACT;XIRECS;5230.0;7
82000;BOT_MAKER;BOT_TAKER;HYDROGEL_PACK;XIRECS;10038.0;4
82000;BOT_MAKER;BOT_TAKER;VEV_5400;XIRECS;15.0;5
82000;BOT_TAKER;BOT_MAKER;VEV_6000;XIRECS;1.0;2
82100;BOT_TAKER;BOT_MAKER;VEV_5400;XIRECS;17.0;2
82200;BOT_TAKER;BOT_MAKER;HYDROGEL_PACK;XIRECS;10049.0;5
82200;BOT_TAKER;BOT_MAKER;VELVETFRUIT_EXTRACT;XIRECS;5229.0;4
82200;BOT_TAKER;BOT_MAKER;VEV_6000;XIRECS;1.0;5
82200;BOT_MAKER;BOT_TAKER;VEV_6500;XIRECS;0.0;5
82300;BOT_TAKER;BOT_MAKER;VELVETFRUIT_EXTRACT;XIRECS;5233.0;3
82500;BOT_MAKER;BOT_TAKER;HYDROGEL_PACK;XIRECS;10033.0;4
82600;BOT_MAKER;BOT_TAKER;VEV_5500;XIRECS;3.0;3
82800;BOT_TAKER;BOT_MAKER;VELVETFRUIT_EXTRACT;XIRECS;5233.0;8
82800;BOT_MAKER;BOT_TAKER;VEV_4000;XIRECS;1254.0;3
82900;BOT_MAKER;BOT_TAKER;VEV_4000;XIRECS;1255.0;1
83100;BOT_TAKER;BOT_MAKER;VELVETFRUIT_EXTRACT;XIRECS;5231.0;8
83400;BOT_TAKER;BOT_MAKER;HYDROGEL_PACK;XIRECS;10048.0;4
83400;BOT_TAKER;BOT_MAKER;VELVETFRUIT_EXTRACT;XIRECS;5229.0;8
83400;BOT_TAKER;BOT_MAKER;VELVETFRUIT_EXTRACT;XIRECS;5229.0;7
83400;BOT_MAKER;BOT_TAKER;VEV_5300;XIRECS;53.0;2
83400;BOT_MAKER;BOT_TAKER;VEV_5500;XIRECS;3.0;4
83500;BOT_TAKER;BOT_MAKER;VEV_4000;XIRECS;1276.0;1
83500;BOT_MAKER;BOT_TAKER;VEV_6500;XIRECS;0.0;5
83600;BOT_TAKER;BOT_MAKER;HYDROGEL_PACK;XIRECS;10043.0;3
83600;BOT_TAKER;BOT_MAKER;VEV_6000;XIRECS;1.0;2
83700;BOT_TAKER;BOT_MAKER;VELVETFRUIT_EXTRACT;XIRECS;5229.0;6
83700;BOT_MAKER;BOT_TAKER;VEV_6500;XIRECS;0.0;3
83800;BOT_TAKER;BOT_MAKER;HYDROGEL_PACK;XIRECS;10039.0;4
83900;BOT_MAKER;BOT_TAKER;VELVETFRUIT_EXTRACT;XIRECS;5223.0;4
84100;BOT_MAKER;BOT_TAKER;VELVETFRUIT_EXTRACT;XIRECS;5225.0;4
84100;BOT_MAKER;BOT_TAKER;VEV_5300;XIRECS;52.0;5
84300;BOT_MAKER;BOT_TAKER;VEV_4000;XIRECS;1254.0;3
84300;BOT_TAKER;BOT_MAKER;VEV_6500;XIRECS;1.0;2
84400;BOT_MAKER;BOT_TAKER;VELVETFRUIT_EXTRACT;XIRECS;5224.0;7
84400;BOT_TAKER;BOT_MAKER;VEV_6500;XIRECS;1.0;2
84500;BOT_MAKER;BOT_TAKER;VEV_5500;XIRECS;3.0;5
84500;BOT_TAKER;BOT_MAKER;VEV_6000;XIRECS;1.0;5
84600;BOT_MAKER;BOT_TAKER;HYDROGEL_PACK;XIRECS;10018.0;5
84600;BOT_MAKER;BOT_TAKER;VELVETFRUIT_EXTRACT;XIRECS;5223.0;3
84700;BOT_MAKER;BOT_TAKER;VEV_6500;XIRECS;0.0;4
84900;BOT_TAKER;BOT_MAKER;VEV_5400;XIRECS;16.0;4
85000;BOT_TAKER;BOT_MAKER;VELVETFRUIT_EXTRACT;XIRECS;5227.0;6
85000;BOT_TAKER;BOT_MAKER;VEV_5300;XIRECS;57.0;5
85300;BOT_MAKER;BOT_TAKER;HYDROGEL_PACK;XIRECS;10021.0;6
85400;BOT_TAKER;BOT_MAKER;VEV_5500;XIRECS;3.0;4
85500;BOT_MAKER;BOT_TAKER;VEV_5500;XIRECS;2.0;4
85600;BOT_TAKER;BOT_MAKER;VEV_5400;XIRECS;17.0;4
85600;BOT_MAKER;BOT_TAKER;VEV_6000;XIRECS;0.0;5
85600;BOT_MAKER;BOT_TAKER;VEV_6000;XIRECS;0.0;5
85700;BOT_MAKER;BOT_TAKER;VELVETFRUIT_EXTRACT;XIRECS;5220.0;6
85700;BOT_MAKER;BOT_TAKER;VEV_4000;XIRECS;1260.0;3
85900;BOT_TAKER;BOT_MAKER;HYDROGEL_PACK;XIRECS;10036.0;4
85900;BOT_TAKER;BOT_MAKER;VEV_4000;XIRECS;1282.0;1
85900;BOT_TAKER;BOT_MAKER;VEV_5400;XIRECS;18.0;4
86000;BOT_MAKER;BOT_TAKER;VELVETFRUIT_EXTRACT;XIRECS;5216.0;7
86100;BOT_MAKER;BOT_TAKER;VEV_4000;XIRECS;1259.0;3
86100;BOT_MAKER;BOT_TAKER;VEV_4000;XIRECS;1259.0;3
86100;BOT_TAKER;BOT_MAKER;VEV_6500;XIRECS;1.0;4
86200;BOT_MAKER;BOT_TAKER;VELVETFRUIT_EXTRACT;XIRECS;5217.0;7
86400;BOT_MAKER;BOT_TAKER;VELVETFRUIT_EXTRACT;XIRECS;5218.0;5
86400;BOT_MAKER;BOT_TAKER;VEV_4000;XIRECS;1264.0;1
86900;BOT_MAKER;BOT_TAKER;HYDROGEL_PACK;XIRECS;10029.0;2
86900;BOT_TAKER;BOT_MAKER;VELVETFRUIT_EXTRACT;XIRECS;5224.0;6
87000;BOT_TAKER;BOT_MAKER;VELVETFRUIT_EXTRACT;XIRECS;5225.0;5
87000;BOT_TAKER;BOT_MAKER;VEV_4000;XIRECS;1291.0;1
87200;BOT_TAKER;BOT_MAKER;HYDROGEL_PACK;XIRECS;10044.0;3
87200;BOT_TAKER;BOT_MAKER;VELVETFRUIT_EXTRACT;XIRECS;5223.0;9
87200;BOT_TAKER;BOT_MAKER;VEV_5400;XIRECS;16.0;5
87300;BOT_TAKER;BOT_MAKER;HYDROGEL_PACK;XIRECS;10042.0;5
87300;BOT_MAKER;BOT_TAKER;VELVETFRUIT_EXTRACT;XIRECS;5216.0;5
87400;BOT_MAKER;BOT_TAKER;VEV_4000;XIRECS;1270.0;2
87500;BOT_MAKER;BOT_TAKER;VELVETFRUIT_EXTRACT;XIRECS;5216.0;4
87600;BOT_MAKER;BOT_TAKER;HYDROGEL_PACK;XIRECS;10023.0;5
87600;BOT_MAKER;BOT_TAKER;VELVETFRUIT_EXTRACT;XIRECS;5216.0;7
87800;BOT_MAKER;BOT_TAKER;VELVETFRUIT_EXTRACT;XIRECS;5216.0;8
87800;BOT_TAKER;BOT_MAKER;VELVETFRUIT_EXTRACT;XIRECS;5220.0;6
88000;BOT_MAKER;BOT_TAKER;HYDROGEL_PACK;XIRECS;10026.0;5
88000;BOT_TAKER;BOT_MAKER;VEV_5500;XIRECS;3.0;3
88000;BOT_MAKER;BOT_TAKER;VEV_6500;XIRECS;0.0;4
88100;BOT_MAKER;BOT_TAKER;VELVETFRUIT_EXTRACT;XIRECS;5217.0;5
88300;BOT_TAKER;BOT_MAKER;HYDROGEL_PACK;XIRECS;10043.0;6
88300;BOT_TAKER;BOT_MAKER;VEV_5400;XIRECS;16.0;4
88400;BOT_TAKER;BOT_MAKER;VEV_6500;XIRECS;1.0;3
88500;BOT_TAKER;BOT_MAKER;HYDROGEL_PACK;XIRECS;10041.0;5
88500;BOT_TAKER;BOT_MAKER;VELVETFRUIT_EXTRACT;XIRECS;5221.0;4
88500;BOT_MAKER;BOT_TAKER;VEV_4000;XIRECS;1269.0;1
88500;BOT_MAKER;BOT_TAKER;VEV_6500;XIRECS;0.0;3
88500;BOT_MAKER;BOT_TAKER;VEV_6500;XIRECS;0.0;5
88700;BOT_MAKER;BOT_TAKER;VELVETFRUIT_EXTRACT;XIRECS;5217.0;7
88800;BOT_TAKER;BOT_MAKER;HYDROGEL_PACK;XIRECS;10042.0;5
88800;BOT_MAKER;BOT_TAKER;VEV_5300;XIRECS;58.0;4
88900;BOT_TAKER;BOT_MAKER;HYDROGEL_PACK;XIRECS;10042.0;6
89200;BOT_MAKER;BOT_TAKER;HYDROGEL_PACK;XIRECS;10023.0;3
89200;BOT_TAKER;BOT_MAKER;VELVETFRUIT_EXTRACT;XIRECS;5220.0;14
89300;BOT_MAKER;BOT_TAKER;HYDROGEL_PACK;XIRECS;10024.0;5
89300;BOT_MAKER;BOT_TAKER;VELVETFRUIT_EXTRACT;XIRECS;5214.0;8
89300;BOT_TAKER;BOT_MAKER;VEV_5300;XIRECS;60.0;3
89400;BOT_MAKER;BOT_TAKER;HYDROGEL_PACK;XIRECS;10026.0;4
89400;BOT_MAKER;BOT_TAKER;VELVETFRUIT_EXTRACT;XIRECS;5214.0;11
89400;BOT_TAKER;BOT_MAKER;VEV_5500;XIRECS;3.0;5
89500;BOT_MAKER;BOT_TAKER;HYDROGEL_PACK;XIRECS;10023.0;5
89500;BOT_TAKER;BOT_MAKER;VELVETFRUIT_EXTRACT;XIRECS;5220.0;3
89500;BOT_TAKER;BOT_MAKER;VEV_4000;XIRECS;1295.0;3
89600;BOT_TAKER;BOT_MAKER;HYDROGEL_PACK;XIRECS;10041.0;4
89700;BOT_TAKER;BOT_MAKER;HYDROGEL_PACK;XIRECS;10038.0;6
89700;BOT_TAKER;BOT_MAKER;VELVETFRUIT_EXTRACT;XIRECS;5219.0;5
89700;BOT_TAKER;BOT_MAKER;VEV_4000;XIRECS;1295.0;3
89700;BOT_MAKER;BOT_TAKER;VEV_6000;XIRECS;0.0;3
89800;BOT_TAKER;BOT_MAKER;VELVETFRUIT_EXTRACT;XIRECS;5217.0;7
89800;BOT_MAKER;BOT_TAKER;VEV_5500;XIRECS;2.0;5
89900;BOT_TAKER;BOT_MAKER;HYDROGEL_PACK;XIRECS;10037.0;2
89900;BOT_MAKER;BOT_TAKER;VEV_4000;XIRECS;1274.0;2
90000;BOT_MAKER;BOT_TAKER;HYDROGEL_PACK;XIRECS;10020.0;3
90300;BOT_TAKER;BOT_MAKER;VEV_5400;XIRECS;15.0;3
90300;BOT_MAKER;BOT_TAKER;VEV_5400;XIRECS;14.0;2
90300;BOT_MAKER;BOT_TAKER;VEV_5500;XIRECS;2.0;3
90300;BOT_TAKER;BOT_MAKER;VEV_6000;XIRECS;1.0;5
90400;BOT_TAKER;BOT_MAKER;HYDROGEL_PACK;XIRECS;10035.0;4
90400;BOT_TAKER;BOT_MAKER;VELVETFRUIT_EXTRACT;XIRECS;5220.0;4
90500;BOT_MAKER;BOT_TAKER;HYDROGEL_PACK;XIRECS;10021.0;4
90500;BOT_MAKER;BOT_TAKER;VELVETFRUIT_EXTRACT;XIRECS;5214.0;4
90500;BOT_MAKER;BOT_TAKER;VEV_4000;XIRECS;1272.0;3
90500;BOT_MAKER;BOT_TAKER;VEV_5500;XIRECS;2.0;4
90600;BOT_TAKER;BOT_MAKER;VEV_5400;XIRECS;15.0;4
90700;BOT_TAKER;BOT_MAKER;HYDROGEL_PACK;XIRECS;10036.0;6
90700;BOT_TAKER;BOT_MAKER;VELVETFRUIT_EXTRACT;XIRECS;5219.0;5
90700;BOT_TAKER;BOT_MAKER;VEV_4000;XIRECS;1294.0;1
90900;BOT_MAKER;BOT_TAKER;VEV_4000;XIRECS;1270.0;1
90900;BOT_TAKER;BOT_MAKER;VEV_5500;XIRECS;3.0;5
90900;BOT_TAKER;BOT_MAKER;VEV_5500;XIRECS;3.0;2
91000;BOT_TAKER;BOT_MAKER;VEV_6000;XIRECS;1.0;2
91000;BOT_MAKER;BOT_TAKER;VEV_6500;XIRECS;0.0;5
91100;BOT_TAKER;BOT_MAKER;HYDROGEL_PACK;XIRECS;10037.0;5
91100;BOT_TAKER;BOT_MAKER;VEV_6000;XIRECS;1.0;4
91200;BOT_TAKER;BOT_MAKER;VEV_6000;XIRECS;1.0;5
91300;BOT_TAKER;BOT_MAKER;HYDROGEL_PACK;XIRECS;10035.0;6
91300;BOT_MAKER;BOT_TAKER;VELVETFRUIT_EXTRACT;XIRECS;5215.0;5
91300;BOT_MAKER;BOT_TAKER;VEV_6500;XIRECS;0.0;3
91500;BOT_TAKER;BOT_MAKER;VELVETFRUIT_EXTRACT;XIRECS;5220.0;5
91500;BOT_MAKER;BOT_TAKER;VEV_4000;XIRECS;1269.0;2
91600;BOT_TAKER;BOT_MAKER;HYDROGEL_PACK;XIRECS;10036.0;2
91600;BOT_TAKER;BOT_MAKER;VELVETFRUIT_EXTRACT;XIRECS;5221.0;5
91700;BOT_TAKER;BOT_MAKER;HYDROGEL_PACK;XIRECS;10037.0;4
91700;BOT_TAKER;BOT_MAKER;VEV_5500;XIRECS;3.0;2
91700;BOT_MAKER;BOT_TAKER;VEV_6000;XIRECS;0.0;2
91800;BOT_TAKER;BOT_MAKER;HYDROGEL_PACK;XIRECS;10039.0;6
91900;BOT_TAKER;BOT_MAKER;VELVETFRUIT_EXTRACT;XIRECS;5218.0;4
92000;BOT_MAKER;BOT_TAKER;VEV_4000;XIRECS;1266.0;1
92100;BOT_MAKER;BOT_TAKER;HYDROGEL_PACK;XIRECS;10020.0;6
92300;BOT_MAKER;BOT_TAKER;HYDROGEL_PACK;XIRECS;10024.0;6
92300;BOT_MAKER;BOT_TAKER;VELVETFRUIT_EXTRACT;XIRECS;5214.0;15
92300;BOT_TAKER;BOT_MAKER;VEV_5500;XIRECS;3.0;5
92400;BOT_MAKER;BOT_TAKER;HYDROGEL_PACK;XIRECS;10022.0;4
92400;BOT_MAKER;BOT_TAKER;HYDROGEL_PACK;XIRECS;10022.0;6
92500;BOT_MAKER;BOT_TAKER;VEV_4000;XIRECS;1264.0;1
92500;BOT_TAKER;BOT_MAKER;VEV_6000;XIRECS;1.0;4
92600;BOT_MAKER;BOT_TAKER;VELVETFRUIT_EXTRACT;XIRECS;5214.0;7
92600;BOT_MAKER;BOT_TAKER;VEV_4000;XIRECS;1263.0;2
92600;BOT_MAKER;BOT_TAKER;VEV_5300;XIRECS;60.0;4
92700;BOT_TAKER;BOT_MAKER;VELVETFRUIT_EXTRACT;XIRECS;5220.0;8
92700;BOT_MAKER;BOT_TAKER;VELVETFRUIT_EXTRACT;XIRECS;5214.0;5
92800;BOT_TAKER;BOT_MAKER;VELVETFRUIT_EXTRACT;XIRECS;5219.0;13
92900;BOT_MAKER;BOT_TAKER;VELVETFRUIT_EXTRACT;XIRECS;5214.0;4
92900;BOT_TAKER;BOT_MAKER;VEV_5500;XIRECS;3.0;5
93000;BOT_TAKER;BOT_MAKER;VEV_4000;XIRECS;1282.0;2
93100;BOT_MAKER;BOT_TAKER;HYDROGEL_PACK;XIRECS;10021.0;2
93100;BOT_TAKER;BOT_MAKER;HYDROGEL_PACK;XIRECS;10037.0;3
93100;BOT_MAKER;BOT_TAKER;VEV_5400;XIRECS;15.0;5
93200;BOT_TAKER;BOT_MAKER;VEV_5500;XIRECS;3.0;3
93300;BOT_TAKER;BOT_MAKER;VELVETFRUIT_EXTRACT;XIRECS;5217.0;8
93300;BOT_MAKER;BOT_TAKER;VEV_6000;XIRECS;0.0;2
93600;BOT_MAKER;BOT_TAKER;VELVETFRUIT_EXTRACT;XIRECS;5212.0;4
93800;BOT_TAKER;BOT_MAKER;HYDROGEL_PACK;XIRECS;10039.0;2
93800;BOT_TAKER;BOT_MAKER;VELVETFRUIT_EXTRACT;XIRECS;5218.0;9
93800;BOT_TAKER;BOT_MAKER;VEV_6000;XIRECS;1.0;2
93900;BOT_MAKER;BOT_TAKER;HYDROGEL_PACK;XIRECS;10023.0;4
93900;BOT_TAKER;BOT_MAKER;VEV_5300;XIRECS;62.0;3
94000;BOT_TAKER;BOT_MAKER;HYDROGEL_PACK;XIRECS;10037.0;2
94000;BOT_MAKER;BOT_TAKER;VEV_5200;XIRECS;141.0;5
94100;BOT_TAKER;BOT_MAKER;HYDROGEL_PACK;XIRECS;10037.0;3
94200;BOT_MAKER;BOT_TAKER;VEV_5500;XIRECS;2.0;5
94600;BOT_MAKER;BOT_TAKER;VELVETFRUIT_EXTRACT;XIRECS;5211.0;7
94700;BOT_MAKER;BOT_TAKER;HYDROGEL_PACK;XIRECS;10020.0;2
94700;BOT_MAKER;BOT_TAKER;VEV_4000;XIRECS;1261.0;2
94800;BOT_TAKER;BOT_MAKER;VELVETFRUIT_EXTRACT;XIRECS;5213.0;5
94900;BOT_MAKER;BOT_TAKER;HYDROGEL_PACK;XIRECS;10019.0;3
94900;BOT_MAKER;BOT_TAKER;HYDROGEL_PACK;XIRECS;10019.0;2
94900;BOT_MAKER;BOT_TAKER;VELVETFRUIT_EXTRACT;XIRECS;5208.0;8
94900;BOT_MAKER;BOT_TAKER;VEV_6500;XIRECS;0.0;5
95100;BOT_MAKER;BOT_TAKER;HYDROGEL_PACK;XIRECS;10020.0;2
95200;BOT_MAKER;BOT_TAKER;VELVETFRUIT_EXTRACT;XIRECS;5211.0;8
95200;BOT_MAKER;BOT_TAKER;VELVETFRUIT_EXTRACT;XIRECS;5211.0;7
95400;BOT_MAKER;BOT_TAKER;VELVETFRUIT_EXTRACT;XIRECS;5210.0;15
95600;BOT_TAKER;BOT_MAKER;HYDROGEL_PACK;XIRECS;10025.0;3
95600;BOT_MAKER;BOT_TAKER;VELVETFRUIT_EXTRACT;XIRECS;5212.0;3
95600;BOT_MAKER;BOT_TAKER;VEV_5500;XIRECS;2.0;5
95700;BOT_MAKER;BOT_TAKER;VEV_6500;XIRECS;0.0;5
95900;BOT_MAKER;BOT_TAKER;VELVETFRUIT_EXTRACT;XIRECS;5212.0;6
95900;BOT_MAKER;BOT_TAKER;VEV_6000;XIRECS;0.0;3
96000;BOT_TAKER;BOT_MAKER;VELVETFRUIT_EXTRACT;XIRECS;5215.0;8
96000;BOT_MAKER;BOT_TAKER;VEV_4000;XIRECS;1262.0;3
96100;BOT_MAKER;BOT_TAKER;HYDROGEL_PACK;XIRECS;10013.0;5
96300;BOT_MAKER;BOT_TAKER;VELVETFRUIT_EXTRACT;XIRECS;5212.0;3
96400;BOT_MAKER;BOT_TAKER;VELVETFRUIT_EXTRACT;XIRECS;5213.0;7
96400;BOT_TAKER;BOT_MAKER;VELVETFRUIT_EXTRACT;XIRECS;5218.0;3
96400;BOT_TAKER;BOT_MAKER;VEV_6000;XIRECS;1.0;5
96600;BOT_TAKER;BOT_MAKER;VEV_6500;XIRECS;1.0;5
96700;BOT_MAKER;BOT_TAKER;HYDROGEL_PACK;XIRECS;10010.0;2
96700;BOT_TAKER;BOT_MAKER;VELVETFRUIT_EXTRACT;XIRECS;5216.0;7
96800;BOT_MAKER;BOT_TAKER;VELVETFRUIT_EXTRACT;XIRECS;5208.0;4
96800;BOT_MAKER;BOT_TAKER;VEV_4000;XIRECS;1267.0;1
96800;BOT_MAKER;BOT_TAKER;VEV_5500;XIRECS;1.0;5
96900;BOT_TAKER;BOT_MAKER;HYDROGEL_PACK;XIRECS;10026.0;6
96900;BOT_TAKER;BOT_MAKER;HYDROGEL_PACK;XIRECS;10026.0;2
96900;BOT_MAKER;BOT_TAKER;VEV_5300;XIRECS;59.0;2
96900;BOT_TAKER;BOT_MAKER;VEV_6000;XIRECS;1.0;4
97000;BOT_TAKER;BOT_MAKER;HYDROGEL_PACK;XIRECS;10026.0;3
97000;BOT_TAKER;BOT_MAKER;VEV_5500;XIRECS;2.0;5
97100;BOT_MAKER;BOT_TAKER;VELVETFRUIT_EXTRACT;XIRECS;5208.0;3
97200;BOT_TAKER;BOT_MAKER;HYDROGEL_PACK;XIRECS;10030.0;5
97200;BOT_MAKER;BOT_TAKER;VELVETFRUIT_EXTRACT;XIRECS;5209.0;5
97400;BOT_MAKER;BOT_TAKER;VELVETFRUIT_EXTRACT;XIRECS;5207.0;4
97400;BOT_MAKER;BOT_TAKER;VEV_4000;XIRECS;1265.0;1
97500;BOT_TAKER;BOT_MAKER;HYDROGEL_PACK;XIRECS;10035.0;6
97700;BOT_MAKER;BOT_TAKER;VEV_5500;XIRECS;1.0;5
97800;BOT_MAKER;BOT_TAKER;HYDROGEL_PACK;XIRECS;10018.0;6
97800;BOT_TAKER;BOT_MAKER;VELVETFRUIT_EXTRACT;XIRECS;5214.0;5
97900;BOT_TAKER;BOT_MAKER;HYDROGEL_PACK;XIRECS;10036.0;3
97900;BOT_TAKER;BOT_MAKER;VEV_4000;XIRECS;1284.0;1
98000;BOT_TAKER;BOT_MAKER;VELVETFRUIT_EXTRACT;XIRECS;5215.0;8
98000;BOT_MAKER;BOT_TAKER;VELVETFRUIT_EXTRACT;XIRECS;5209.0;6
98000;BOT_MAKER;BOT_TAKER;VEV_4000;XIRECS;1263.0;2
98000;BOT_MAKER;BOT_TAKER;VEV_6000;XIRECS;0.0;3
98100;BOT_TAKER;BOT_MAKER;HYDROGEL_PACK;XIRECS;10036.0;5
98100;BOT_TAKER;BOT_MAKER;VEV_4000;XIRECS;1286.0;3
98100;BOT_TAKER;BOT_MAKER;VEV_6500;XIRECS;1.0;4
98300;BOT_MAKER;BOT_TAKER;HYDROGEL_PACK;XIRECS;10020.0;3
98300;BOT_TAKER;BOT_MAKER;VELVETFRUIT_EXTRACT;XIRECS;5216.0;5
98400;BOT_TAKER;BOT_MAKER;HYDROGEL_PACK;XIRECS;10037.0;2
98400;BOT_TAKER;BOT_MAKER;VELVETFRUIT_EXTRACT;XIRECS;5215.0;8
98600;BOT_MAKER;BOT_TAKER;HYDROGEL_PACK;XIRECS;10016.0;6
98600;BOT_MAKER;BOT_TAKER;VELVETFRUIT_EXTRACT;XIRECS;5210.0;8
98600;BOT_MAKER;BOT_TAKER;VEV_6500;XIRECS;0.0;5
98700;BOT_MAKER;BOT_TAKER;HYDROGEL_PACK;XIRECS;10016.0;5
98700;BOT_MAKER;BOT_TAKER;VEV_5200;XIRECS;137.0;5
98800;BOT_MAKER;BOT_TAKER;VEV_4000;XIRECS;1264.0;1
98900;BOT_TAKER;BOT_MAKER;HYDROGEL_PACK;XIRECS;10031.0;3
98900;BOT_TAKER;BOT_MAKER;VELVETFRUIT_EXTRACT;XIRECS;5216.0;5
99100;BOT_TAKER;BOT_MAKER;VEV_5300;XIRECS;60.0;5
99200;BOT_MAKER;BOT_TAKER;HYDROGEL_PACK;XIRECS;10009.0;5
99200;BOT_MAKER;BOT_TAKER;VELVETFRUIT_EXTRACT;XIRECS;5210.0;7
99200;BOT_MAKER;BOT_TAKER;VEV_5300;XIRECS;58.0;1
99400;BOT_TAKER;BOT_MAKER;VELVETFRUIT_EXTRACT;XIRECS;5216.0;5
99500;BOT_TAKER;BOT_MAKER;HYDROGEL_PACK;XIRECS;10021.0;3
99600;BOT_TAKER;BOT_MAKER;HYDROGEL_PACK;XIRECS;10023.0;4
99600;BOT_MAKER;BOT_TAKER;VELVETFRUIT_EXTRACT;XIRECS;5213.0;3
99700;BOT_MAKER;BOT_TAKER;HYDROGEL_PACK;XIRECS;10011.0;5
99800;BOT_TAKER;BOT_MAKER;HYDROGEL_PACK;XIRECS;10024.0;5
99800;BOT_MAKER;BOT_TAKER;VELVETFRUIT_EXTRACT;XIRECS;5211.0;4
99800;BOT_MAKER;BOT_TAKER;VEV_4000;XIRECS;1262.0;3
99900;BOT_TAKER;BOT_MAKER;HYDROGEL_PACK;XIRECS;10023.0;3
99900;BOT_TAKER;BOT_MAKER;VELVETFRUIT_EXTRACT;XIRECS;5215.0;9
100000;BOT_TAKER;BOT_MAKER;VELVETFRUIT_EXTRACT;XIRECS;5215.0;5
100100;BOT_TAKER;BOT_MAKER;VEV_5500;XIRECS;2.0;2
100200;BOT_TAKER;BOT_MAKER;HYDROGEL_PACK;XIRECS;10023.0;6
100200;BOT_MAKER;BOT_TAKER;VELVETFRUIT_EXTRACT;XIRECS;5210.0;7
100200;BOT_MAKER;BOT_TAKER;VEV_6000;XIRECS;0.0;5
100300;BOT_TAKER;BOT_MAKER;HYDROGEL_PACK;XIRECS;10020.0;4
100300;BOT_MAKER;BOT_TAKER;HYDROGEL_PACK;XIRECS;10004.0;6
100300;BOT_MAKER;BOT_TAKER;VELVETFRUIT_EXTRACT;XIRECS;5209.0;8
100300;BOT_MAKER;BOT_TAKER;VEV_6500;XIRECS;0.0;5
100400;BOT_TAKER;BOT_MAKER;VELVETFRUIT_EXTRACT;XIRECS;5214.0;7
100400;BOT_TAKER;BOT_MAKER;VEV_6000;XIRECS;1.0;2
100500;BOT_MAKER;BOT_TAKER;VELVETFRUIT_EXTRACT;XIRECS;5210.0;3
100500;BOT_TAKER;BOT_MAKER;VEV_5300;XIRECS;60.0;3
100500;BOT_MAKER;BOT_TAKER;VEV_6000;XIRECS;0.0;3
100700;BOT_MAKER;BOT_TAKER;VELVETFRUIT_EXTRACT;XIRECS;5210.0;4
100700;BOT_TAKER;BOT_MAKER;VEV_6000;XIRECS;1.0;2
100900;BOT_TAKER;BOT_MAKER;HYDROGEL_PACK;XIRECS;10019.0;5
101000;BOT_MAKER;BOT_TAKER;VELVETFRUIT_EXTRACT;XIRECS;5210.0;8
101000;BOT_MAKER;BOT_TAKER;VELVETFRUIT_EXTRACT;XIRECS;5210.0;8
101000;BOT_TAKER;BOT_MAKER;VEV_5300;XIRECS;60.0;4
101100;BOT_MAKER;BOT_TAKER;HYDROGEL_PACK;XIRECS;10002.0;2
101100;BOT_TAKER;BOT_MAKER;VELVETFRUIT_EXTRACT;XIRECS;5218.0;8
101100;BOT_MAKER;BOT_TAKER;VEV_5300;XIRECS;59.0;5
101200;BOT_MAKER;BOT_TAKER;VELVETFRUIT_EXTRACT;XIRECS;5212.0;6
101300;BOT_TAKER;BOT_MAKER;HYDROGEL_PACK;XIRECS;10014.0;5
101300;BOT_TAKER;BOT_MAKER;VELVETFRUIT_EXTRACT;XIRECS;5219.0;3
101300;BOT_MAKER;BOT_TAKER;VEV_4000;XIRECS;1261.0;1
101400;BOT_MAKER;BOT_TAKER;VEV_6500;XIRECS;0.0;2
101500;BOT_MAKER;BOT_TAKER;VELVETFRUIT_EXTRACT;XIRECS;5212.0;7
101500;BOT_TAKER;BOT_MAKER;VEV_4000;XIRECS;1284.0;2
101700;BOT_TAKER;BOT_MAKER;VEV_6000;XIRECS;1.0;5
101800;BOT_MAKER;BOT_TAKER;VEV_4000;XIRECS;1264.0;3
101900;BOT_MAKER;BOT_TAKER;VEV_5300;XIRECS;59.0;5
101900;BOT_TAKER;BOT_MAKER;VEV_5400;XIRECS;15.0;2
102000;BOT_MAKER;BOT_TAKER;VELVETFRUIT_EXTRACT;XIRECS;5212.0;6
102000;BOT_MAKER;BOT_TAKER;VEV_4000;XIRECS;1266.0;2
102200;BOT_MAKER;BOT_TAKER;VELVETFRUIT_EXTRACT;XIRECS;5212.0;8
102500;BOT_MAKER;BOT_TAKER;VELVETFRUIT_EXTRACT;XIRECS;5212.0;6
102600;BOT_TAKER;BOT_MAKER;VELVETFRUIT_EXTRACT;XIRECS;5218.0;6
102700;BOT_MAKER;BOT_TAKER;VELVETFRUIT_EXTRACT;XIRECS;5213.0;8
102900;BOT_MAKER;BOT_TAKER;HYDROGEL_PACK;XIRECS;10012.0;6
102900;BOT_TAKER;BOT_MAKER;VELVETFRUIT_EXTRACT;XIRECS;5218.0;6
102900;BOT_MAKER;BOT_TAKER;VEV_4000;XIRECS;1273.0;2
102900;BOT_TAKER;BOT_MAKER;VEV_6000;XIRECS;1.0;5
103000;BOT_MAKER;BOT_TAKER;VEV_4000;XIRECS;1273.0;3
103100;BOT_TAKER;BOT_MAKER;HYDROGEL_PACK;XIRECS;10027.0;5
103100;BOT_MAKER;BOT_TAKER;VEV_4000;XIRECS;1272.0;1
103300;BOT_MAKER;BOT_TAKER;VEV_4000;XIRECS;1272.0;2
103300;BOT_TAKER;BOT_MAKER;VEV_5400;XIRECS;14.0;3
103400;BOT_MAKER;BOT_TAKER;VELVETFRUIT_EXTRACT;XIRECS;5210.0;8
103500;BOT_TAKER;BOT_MAKER;HYDROGEL_PACK;XIRECS;10029.0;2
103600;BOT_MAKER;BOT_TAKER;VEV_4000;XIRECS;1273.0;1
103700;BOT_TAKER;BOT_MAKER;VELVETFRUIT_EXTRACT;XIRECS;5216.0;3
103800;BOT_TAKER;BOT_MAKER;VELVETFRUIT_EXTRACT;XIRECS;5216.0;5
103800;BOT_TAKER;BOT_MAKER;VELVETFRUIT_EXTRACT;XIRECS;5216.0;5
103800;BOT_TAKER;BOT_MAKER;VEV_5500;XIRECS;2.0;3
104100;BOT_TAKER;BOT_MAKER;HYDROGEL_PACK;XIRECS;10033.0;6
104100;BOT_MAKER;BOT_TAKER;VELVETFRUIT_EXTRACT;XIRECS;5212.0;4
104300;BOT_TAKER;BOT_MAKER;VEV_4000;XIRECS;1292.0;3
104400;BOT_MAKER;BOT_TAKER;VEV_4000;XIRECS;1271.0;1
104500;BOT_MAKER;BOT_TAKER;HYDROGEL_PACK;XIRECS;10012.0;3
104500;BOT_MAKER;BOT_TAKER;VELVETFRUIT_EXTRACT;XIRECS;5211.0;6
104600;BOT_MAKER;BOT_TAKER;VEV_5500;XIRECS;1.0;2
104700;BOT_MAKER;BOT_TAKER;VELVETFRUIT_EXTRACT;XIRECS;5211.0;3
104800;BOT_MAKER;BOT_TAKER;VELVETFRUIT_EXTRACT;XIRECS;5209.0;6
104800;BOT_TAKER;BOT_MAKER;VEV_6500;XIRECS;1.0;2
104900;BOT_MAKER;BOT_TAKER;HYDROGEL_PACK;XIRECS;10011.0;2
104900;BOT_TAKER;BOT_MAKER;VELVETFRUIT_EXTRACT;XIRECS;5215.0;4
105000;BOT_MAKER;BOT_TAKER;VELVETFRUIT_EXTRACT;XIRECS;5208.0;7
105100;BOT_TAKER;BOT_MAKER;VEV_6500;XIRECS;1.0;5
105300;BOT_MAKER;BOT_TAKER;HYDROGEL_PACK;XIRECS;10014.0;4
105300;BOT_MAKER;BOT_TAKER;VEV_5500;XIRECS;1.0;5
105700;BOT_TAKER;BOT_MAKER;VELVETFRUIT_EXTRACT;XIRECS;5215.0;5
105800;BOT_TAKER;BOT_MAKER;VELVETFRUIT_EXTRACT;XIRECS;5214.0;7
105800;BOT_TAKER;BOT_MAKER;VEV_4000;XIRECS;1292.0;3
106000;BOT_MAKER;BOT_TAKER;HYDROGEL_PACK;XIRECS;10016.0;5
106000;BOT_MAKER;BOT_TAKER;VEV_4000;XIRECS;1269.0;1
106200;BOT_MAKER;BOT_TAKER;VELVETFRUIT_EXTRACT;XIRECS;5208.0;3
106300;BOT_MAKER;BOT_TAKER;VELVETFRUIT_EXTRACT;XIRECS;5205.0;4
106400;BOT_MAKER;BOT_TAKER;HYDROGEL_PACK;XIRECS;10016.0;6
106400;BOT_TAKER;BOT_MAKER;VELVETFRUIT_EXTRACT;XIRECS;5211.0;8
106500;BOT_MAKER;BOT_TAKER;VELVETFRUIT_EXTRACT;XIRECS;5206.0;10
106600;BOT_MAKER;BOT_TAKER;HYDROGEL_PACK;XIRECS;10013.0;3
106600;BOT_MAKER;BOT_TAKER;VEV_5200;XIRECS;139.0;5
106700;BOT_TAKER;BOT_MAKER;VELVETFRUIT_EXTRACT;XIRECS;5211.0;4
106800;BOT_MAKER;BOT_TAKER;VELVETFRUIT_EXTRACT;XIRECS;5207.0;8
106900;BOT_TAKER;BOT_MAKER;VEV_4000;XIRECS;1294.0;1
106900;BOT_TAKER;BOT_MAKER;VEV_6000;XIRECS;1.0;3
107000;BOT_MAKER;BOT_TAKER;VELVETFRUIT_EXTRACT;XIRECS;5205.0;6
107100;BOT_MAKER;BOT_TAKER;VELVETFRUIT_EXTRACT;XIRECS;5204.0;5
107100;BOT_TAKER;BOT_MAKER;VEV_6500;XIRECS;1.0;3
107200;BOT_TAKER;BOT_MAKER;HYDROGEL_PACK;XIRECS;10040.0;6
107200;BOT_TAKER;BOT_MAKER;VELVETFRUIT_EXTRACT;XIRECS;5210.0;3
107300;BOT_MAKER;BOT_TAKER;HYDROGEL_PACK;XIRECS;10024.0;2
107300;BOT_TAKER;BOT_MAKER;VEV_5500;XIRECS;2.0;5
107500;BOT_MAKER;BOT_TAKER;VELVETFRUIT_EXTRACT;XIRECS;5208.0;7
107700;BOT_MAKER;BOT_TAKER;VEV_5400;XIRECS;11.0;3
107800;BOT_TAKER;BOT_MAKER;VEV_4000;XIRECS;1293.0;1
107800;BOT_MAKER;BOT_TAKER;VEV_5400;XIRECS;12.0;5
108000;BOT_MAKER;BOT_TAKER;HYDROGEL_PACK;XIRECS;10025.0;6
108100;BOT_MAKER;BOT_TAKER;VEV_6000;XIRECS;0.0;4
108200;BOT_MAKER;BOT_TAKER;VELVETFRUIT_EXTRACT;XIRECS;5208.0;3
108200;BOT_TAKER;BOT_MAKER;VEV_6000;XIRECS;1.0;4
108300;BOT_TAKER;BOT_MAKER;VEV_6000;XIRECS;1.0;2
108400;BOT_TAKER;BOT_MAKER;HYDROGEL_PACK;XIRECS;10038.0;4
108400;BOT_TAKER;BOT_MAKER;VELVETFRUIT_EXTRACT;XIRECS;5210.0;9
108400;BOT_MAKER;BOT_TAKER;VEV_4000;XIRECS;1276.0;3
108500;BOT_MAKER;BOT_TAKER;VELVETFRUIT_EXTRACT;XIRECS;5206.0;5
108500;BOT_TAKER;BOT_MAKER;VELVETFRUIT_EXTRACT;XIRECS;5211.0;4
108600;BOT_TAKER;BOT_MAKER;VEV_4000;XIRECS;1295.0;3
108700;BOT_MAKER;BOT_TAKER;VELVETFRUIT_EXTRACT;XIRECS;5205.0;7
108700;BOT_MAKER;BOT_TAKER;VEV_4000;XIRECS;1274.0;2
108800;BOT_TAKER;BOT_MAKER;HYDROGEL_PACK;XIRECS;10040.0;4
108900;BOT_MAKER;BOT_TAKER;HYDROGEL_PACK;XIRECS;10023.0;5
108900;BOT_MAKER;BOT_TAKER;VEV_6000;XIRECS;0.0;4
109000;BOT_MAKER;BOT_TAKER;VELVETFRUIT_EXTRACT;XIRECS;5206.0;8
109300;BOT_MAKER;BOT_TAKER;HYDROGEL_PACK;XIRECS;10024.0;3
109400;BOT_MAKER;BOT_TAKER;HYDROGEL_PACK;XIRECS;10026.0;6
109400;BOT_MAKER;BOT_TAKER;VEV_6500;XIRECS;0.0;2
109600;BOT_MAKER;BOT_TAKER;HYDROGEL_PACK;XIRECS;10025.0;6
109600;BOT_TAKER;BOT_MAKER;VELVETFRUIT_EXTRACT;XIRECS;5213.0;7
109600;BOT_MAKER;BOT_TAKER;VEV_5500;XIRECS;1.0;2
109900;BOT_MAKER;BOT_TAKER;HYDROGEL_PACK;XIRECS;10028.0;3
109900;BOT_MAKER;BOT_TAKER;VELVETFRUIT_EXTRACT;XIRECS;5206.0;3
110000;BOT_MAKER;BOT_TAKER;HYDROGEL_PACK;XIRECS;10025.0;2
110000;BOT_TAKER;BOT_MAKER;VEV_4000;XIRECS;1290.0;3
110100;BOT_MAKER;BOT_TAKER;HYDROGEL_PACK;XIRECS;10022.0;4
110100;BOT_TAKER;BOT_MAKER;VEV_5500;XIRECS;2.0;5
110200;BOT_TAKER;BOT_MAKER;VEV_5500;XIRECS;2.0;4
110300;BOT_TAKER;BOT_MAKER;VELVETFRUIT_EXTRACT;XIRECS;5211.0;8
110400;BOT_TAKER;BOT_MAKER;VEV_6000;XIRECS;1.0;5
110500;BOT_TAKER;BOT_MAKER;VELVETFRUIT_EXTRACT;XIRECS;5212.0;8
110500;BOT_TAKER;BOT_MAKER;VEV_4000;XIRECS;1289.0;1
110600;BOT_MAKER;BOT_TAKER;VELVETFRUIT_EXTRACT;XIRECS;5207.0;6
110900;BOT_MAKER;BOT_TAKER;VEV_5500;XIRECS;1.0;4
111000;BOT_TAKER;BOT_MAKER;HYDROGEL_PACK;XIRECS;10041.0;2
111100;BOT_TAKER;BOT_MAKER;HYDROGEL_PACK;XIRECS;10041.0;4
111100;BOT_TAKER;BOT_MAKER;VEV_6000;XIRECS;1.0;2
111300;BOT_MAKER;BOT_TAKER;HYDROGEL_PACK;XIRECS;10027.0;4
111300;BOT_MAKER;BOT_TAKER;VELVETFRUIT_EXTRACT;XIRECS;5208.0;6
111400;BOT_MAKER;BOT_TAKER;VELVETFRUIT_EXTRACT;XIRECS;5208.0;4
111500;BOT_MAKER;BOT_TAKER;VEV_5500;XIRECS;1.0;5
111600;BOT_MAKER;BOT_TAKER;HYDROGEL_PACK;XIRECS;10027.0;4
111600;BOT_TAKER;BOT_MAKER;VELVETFRUIT_EXTRACT;XIRECS;5213.0;7
111700;BOT_TAKER;BOT_MAKER;HYDROGEL_PACK;XIRECS;10043.0;6
111700;BOT_MAKER;BOT_TAKER;VELVETFRUIT_EXTRACT;XIRECS;5208.0;3
111700;BOT_MAKER;BOT_TAKER;VEV_6500;XIRECS;0.0;3
111800;BOT_MAKER;BOT_TAKER;HYDROGEL_PACK;XIRECS;10026.0;2
111800;BOT_TAKER;BOT_MAKER;VEV_4000;XIRECS;1291.0;2
111900;BOT_TAKER;BOT_MAKER;VELVETFRUIT_EXTRACT;XIRECS;5213.0;6
111900;BOT_TAKER;BOT_MAKER;VEV_4000;XIRECS;1291.0;2
112000;BOT_MAKER;BOT_TAKER;VELVETFRUIT_EXTRACT;XIRECS;5209.0;7
112000;BOT_MAKER;BOT_TAKER;VEV_5500;XIRECS;1.0;4
112100;BOT_MAKER;BOT_TAKER;HYDROGEL_PACK;XIRECS;10027.0;3
112200;BOT_MAKER;BOT_TAKER;HYDROGEL_PACK;XIRECS;10027.0;3
112200;BOT_TAKER;BOT_MAKER;VEV_5500;XIRECS;2.0;5
112200;BOT_MAKER;BOT_TAKER;VEV_6500;XIRECS;0.0;3
112300;BOT_TAKER;BOT_MAKER;VELVETFRUIT_EXTRACT;XIRECS;5212.0;5
112400;BOT_MAKER;BOT_TAKER;VEV_6500;XIRECS;0.0;5
112500;BOT_MAKER;BOT_TAKER;VEV_4000;XIRECS;1270.0;3
112600;BOT_MAKER;BOT_TAKER;HYDROGEL_PACK;XIRECS;10027.0;4
112600;BOT_MAKER;BOT_TAKER;VEV_4000;XIRECS;1268.0;1
112600;BOT_MAKER;BOT_TAKER;VEV_5400;XIRECS;14.0;4
112900;BOT_TAKER;BOT_MAKER;HYDROGEL_PACK;XIRECS;10044.0;6
112900;BOT_MAKER;BOT_TAKER;VEV_6500;XIRECS;0.0;5
113000;BOT_MAKER;BOT_TAKER;VEV_5400;XIRECS;14.0;5
113000;BOT_MAKER;BOT_TAKER;VEV_6500;XIRECS;0.0;3
113100;BOT_TAKER;BOT_MAKER;VEV_5400;XIRECS;15.0;5
113200;BOT_MAKER;BOT_TAKER;VELVETFRUIT_EXTRACT;XIRECS;5206.0;4
113400;BOT_MAKER;BOT_TAKER;VEV_4000;XIRECS;1269.0;1
113500;BOT_TAKER;BOT_MAKER;VEV_4000;XIRECS;1289.0;3
113700;BOT_TAKER;BOT_MAKER;VEV_4000;XIRECS;1291.0;1
113700;BOT_TAKER;BOT_MAKER;VEV_5300;XIRECS;61.0;2
113700;BOT_MAKER;BOT_TAKER;VEV_5500;XIRECS;2.0;4
113800;BOT_MAKER;BOT_TAKER;VELVETFRUIT_EXTRACT;XIRECS;5204.0;8
113900;BOT_MAKER;BOT_TAKER;HYDROGEL_PACK;XIRECS;10037.0;6
114000;BOT_MAKER;BOT_TAKER;VELVETFRUIT_EXTRACT;XIRECS;5206.0;3
114100;BOT_MAKER;BOT_TAKER;VELVETFRUIT_EXTRACT;XIRECS;5206.0;4
114100;BOT_MAKER;BOT_TAKER;VEV_5500;XIRECS;2.0;2
114100;BOT_TAKER;BOT_MAKER;VEV_6500;XIRECS;1.0;2
114200;BOT_MAKER;BOT_TAKER;VELVETFRUIT_EXTRACT;XIRECS;5206.0;5
114200;BOT_TAKER;BOT_MAKER;VELVETFRUIT_EXTRACT;XIRECS;5212.0;4
114400;BOT_TAKER;BOT_MAKER;VEV_6500;XIRECS;1.0;3
114500;BOT_TAKER;BOT_MAKER;VEV_6000;XIRECS;1.0;5
114600;BOT_TAKER;BOT_MAKER;VEV_6000;XIRECS;1.0;4
114600;BOT_MAKER;BOT_TAKER;VEV_6500;XIRECS;0.0;2
114700;BOT_TAKER;BOT_MAKER;HYDROGEL_PACK;XIRECS;10051.0;5
114800;BOT_MAKER;BOT_TAKER;VEV_4000;XIRECS;1268.0;1
114900;BOT_TAKER;BOT_MAKER;VEV_5200;XIRECS;141.0;3
115100;BOT_TAKER;BOT_MAKER;VEV_5400;XIRECS;17.0;3
115200;BOT_MAKER;BOT_TAKER;VEV_5300;XIRECS;60.0;2
115300;BOT_MAKER;BOT_TAKER;VELVETFRUIT_EXTRACT;XIRECS;5202.0;6
115300;BOT_MAKER;BOT_TAKER;VEV_6500;XIRECS;0.0;5
115400;BOT_MAKER;BOT_TAKER;HYDROGEL_PACK;XIRECS;10041.0;2
115500;BOT_MAKER;BOT_TAKER;VEV_5500;XIRECS;2.0;2
115600;BOT_MAKER;BOT_TAKER;HYDROGEL_PACK;XIRECS;10040.0;3
115600;BOT_TAKER;BOT_MAKER;VELVETFRUIT_EXTRACT;XIRECS;5205.0;5
115700;BOT_MAKER;BOT_TAKER;VEV_4000;XIRECS;1268.0;2
115900;BOT_MAKER;BOT_TAKER;VEV_4000;XIRECS;1265.0;2
116000;BOT_TAKER;BOT_MAKER;HYDROGEL_PACK;XIRECS;10064.0;4
116200;BOT_TAKER;BOT_MAKER;HYDROGEL_PACK;XIRECS;10064.0;5
116300;BOT_TAKER;BOT_MAKER;HYDROGEL_PACK;XIRECS;10063.0;5
116300;BOT_MAKER;BOT_TAKER;VELVETFRUIT_EXTRACT;XIRECS;5200.0;8
116300;BOT_TAKER;BOT_MAKER;VEV_4000;XIRECS;1286.0;3
116500;BOT_MAKER;BOT_TAKER;VELVETFRUIT_EXTRACT;XIRECS;5200.0;7
116600;BOT_TAKER;BOT_MAKER;HYDROGEL_PACK;XIRECS;10061.0;2
116800;BOT_MAKER;BOT_TAKER;VELVETFRUIT_EXTRACT;XIRECS;5202.0;7
117000;BOT_MAKER;BOT_TAKER;HYDROGEL_PACK;XIRECS;10047.0;3
117000;BOT_MAKER;BOT_TAKER;VELVETFRUIT_EXTRACT;XIRECS;5203.0;4
117100;BOT_MAKER;BOT_TAKER;VELVETFRUIT_EXTRACT;XIRECS;5203.0;5
117300;BOT_MAKER;BOT_TAKER;HYDROGEL_PACK;XIRECS;10043.0;4
117400;BOT_MAKER;BOT_TAKER;VEV_5300;XIRECS;61.0;3
117500;BOT_MAKER;BOT_TAKER;VELVETFRUIT_EXTRACT;XIRECS;5204.0;4
117600;BOT_TAKER;BOT_MAKER;HYDROGEL_PACK;XIRECS;10056.0;2
117700;BOT_TAKER;BOT_MAKER;VELVETFRUIT_EXTRACT;XIRECS;5209.0;4
117900;BOT_MAKER;BOT_TAKER;VEV_6500;XIRECS;0.0;5
118100;BOT_TAKER;BOT_MAKER;VEV_5500;XIRECS;2.0;5
118200;BOT_TAKER;BOT_MAKER;VELVETFRUIT_EXTRACT;XIRECS;5207.0;9
118300;BOT_MAKER;BOT_TAKER;HYDROGEL_PACK;XIRECS;10043.0;5
118400;BOT_TAKER;BOT_MAKER;HYDROGEL_PACK;XIRECS;10059.0;4
118400;BOT_MAKER;BOT_TAKER;VELVETFRUIT_EXTRACT;XIRECS;5202.0;3
118500;BOT_MAKER;BOT_TAKER;VEV_6500;XIRECS;0.0;5
118600;BOT_MAKER;BOT_TAKER;HYDROGEL_PACK;XIRECS;10042.0;6
118600;BOT_MAKER;BOT_TAKER;VELVETFRUIT_EXTRACT;XIRECS;5201.0;5
118600;BOT_TAKER;BOT_MAKER;VEV_5400;XIRECS;16.0;4
118700;BOT_TAKER;BOT_MAKER;VELVETFRUIT_EXTRACT;XIRECS;5207.0;8
118700;BOT_TAKER;BOT_MAKER;VELVETFRUIT_EXTRACT;XIRECS;5207.0;7
118900;BOT_MAKER;BOT_TAKER;HYDROGEL_PACK;XIRECS;10042.0;4
119000;BOT_TAKER;BOT_MAKER;VEV_4000;XIRECS;1287.0;3
119100;BOT_MAKER;BOT_TAKER;VELVETFRUIT_EXTRACT;XIRECS;5202.0;4
119100;BOT_MAKER;BOT_TAKER;VEV_4000;XIRECS;1266.0;2
119200;BOT_TAKER;BOT_MAKER;HYDROGEL_PACK;XIRECS;10060.0;5
119200;BOT_MAKER;BOT_TAKER;VELVETFRUIT_EXTRACT;XIRECS;5200.0;3
119200;BOT_TAKER;BOT_MAKER;VEV_5400;XIRECS;16.0;5
119400;BOT_MAKER;BOT_TAKER;HYDROGEL_PACK;XIRECS;10045.0;3
119500;BOT_TAKER;BOT_MAKER;VEV_5500;XIRECS;2.0;4
119500;BOT_TAKER;BOT_MAKER;VEV_6000;XIRECS;1.0;2
119600;BOT_MAKER;BOT_TAKER;HYDROGEL_PACK;XIRECS;10043.0;5
119700;BOT_MAKER;BOT_TAKER;VELVETFRUIT_EXTRACT;XIRECS;5199.0;4
119700;BOT_TAKER;BOT_MAKER;VELVETFRUIT_EXTRACT;XIRECS;5205.0;7
119800;BOT_MAKER;BOT_TAKER;VEV_5500;XIRECS;1.0;4
119900;BOT_MAKER;BOT_TAKER;VEV_6500;XIRECS;0.0;5
120000;BOT_TAKER;BOT_MAKER;VELVETFRUIT_EXTRACT;XIRECS;5207.0;4
120000;BOT_MAKER;BOT_TAKER;VEV_5400;XIRECS;14.0;5
120100;BOT_MAKER;BOT_TAKER;VEV_6000;XIRECS;0.0;3
120200;BOT_TAKER;BOT_MAKER;VELVETFRUIT_EXTRACT;XIRECS;5206.0;5
120200;BOT_MAKER;BOT_TAKER;VEV_6000;XIRECS;0.0;4
120300;BOT_MAKER;BOT_TAKER;HYDROGEL_PACK;XIRECS;10054.0;3
120300;BOT_MAKER;BOT_TAKER;VEV_5500;XIRECS;1.0;3
120400;BOT_MAKER;BOT_TAKER;VELVETFRUIT_EXTRACT;XIRECS;5197.0;3
120400;BOT_MAKER;BOT_TAKER;VEV_6000;XIRECS;0.0;4
120500;BOT_TAKER;BOT_MAKER;VELVETFRUIT_EXTRACT;XIRECS;5203.0;5
120500;BOT_MAKER;BOT_TAKER;VEV_4000;XIRECS;1272.0;2
120700;BOT_MAKER;BOT_TAKER;VELVETFRUIT_EXTRACT;XIRECS;5198.0;3
120700;BOT_MAKER;BOT_TAKER;VEV_5400;XIRECS;14.0;4
120800;BOT_MAKER;BOT_TAKER;VEV_5500;XIRECS;1.0;5
121000;BOT_MAKER;BOT_TAKER;VEV_6500;XIRECS;0.0;5
121100;BOT_TAKER;BOT_MAKER;VELVETFRUIT_EXTRACT;XIRECS;5202.0;6
121100;BOT_TAKER;BOT_MAKER;VEV_4000;XIRECS;1290.0;3
121100;BOT_MAKER;BOT_TAKER;VEV_6500;XIRECS;0.0;3
121300;BOT_TAKER;BOT_MAKER;VEV_4000;XIRECS;1291.0;3
121400;BOT_MAKER;BOT_TAKER;HYDROGEL_PACK;XIRECS;10054.0;2
121400;BOT_TAKER;BOT_MAKER;VEV_4000;XIRECS;1290.0;3
121600;BOT_MAKER;BOT_TAKER;VEV_6000;XIRECS;0.0;4
121700;BOT_MAKER;BOT_TAKER;VELVETFRUIT_EXTRACT;XIRECS;5200.0;7
121700;BOT_TAKER;BOT_MAKER;VEV_5200;XIRECS;134.0;4
121700;BOT_MAKER;BOT_TAKER;VEV_6000;XIRECS;0.0;3
121900;BOT_MAKER;BOT_TAKER;VELVETFRUIT_EXTRACT;XIRECS;5198.0;7
121900;BOT_TAKER;BOT_MAKER;VELVETFRUIT_EXTRACT;XIRECS;5204.0;8
121900;BOT_TAKER;BOT_MAKER;VEV_5500;XIRECS;2.0;2
122000;BOT_TAKER;BOT_MAKER;HYDROGEL_PACK;XIRECS;10070.0;6
122000;BOT_MAKER;BOT_TAKER;VELVETFRUIT_EXTRACT;XIRECS;5200.0;4
122100;BOT_TAKER;BOT_MAKER;VEV_4000;XIRECS;1290.0;2
122200;BOT_MAKER;BOT_TAKER;VEV_5400;XIRECS;13.0;4
122300;BOT_MAKER;BOT_TAKER;HYDROGEL_PACK;XIRECS;10050.0;6
122300;BOT_TAKER;BOT_MAKER;VEV_6500;XIRECS;1.0;2
122400;BOT_TAKER;BOT_MAKER;HYDROGEL_PACK;XIRECS;10066.0;3
122400;BOT_MAKER;BOT_TAKER;VEV_4000;XIRECS;1270.0;2
122500;BOT_MAKER;BOT_TAKER;HYDROGEL_PACK;XIRECS;10051.0;6
122500;BOT_TAKER;BOT_MAKER;VELVETFRUIT_EXTRACT;XIRECS;5202.0;3
122700;BOT_MAKER;BOT_TAKER;HYDROGEL_PACK;XIRECS;10049.0;5
122700;BOT_MAKER;BOT_TAKER;VEV_5400;XIRECS;14.0;4
122800;BOT_TAKER;BOT_MAKER;HYDROGEL_PACK;XIRECS;10063.0;4
123000;BOT_TAKER;BOT_MAKER;HYDROGEL_PACK;XIRECS;10062.0;2
123100;BOT_MAKER;BOT_TAKER;VEV_4000;XIRECS;1269.0;2
123200;BOT_MAKER;BOT_TAKER;VELVETFRUIT_EXTRACT;XIRECS;5197.0;7
123200;BOT_TAKER;BOT_MAKER;VEV_4000;XIRECS;1290.0;2
123300;BOT_MAKER;BOT_TAKER;VEV_4000;XIRECS;1269.0;1
123400;BOT_MAKER;BOT_TAKER;HYDROGEL_PACK;XIRECS;10047.0;2
123400;BOT_MAKER;BOT_TAKER;VELVETFRUIT_EXTRACT;XIRECS;5196.0;10
123500;BOT_MAKER;BOT_TAKER;VEV_4000;XIRECS;1266.0;2
123600;BOT_MAKER;BOT_TAKER;HYDROGEL_PACK;XIRECS;10051.0;4
123700;BOT_TAKER;BOT_MAKER;VEV_5500;XIRECS;2.0;5
123700;BOT_TAKER;BOT_MAKER;VEV_6000;XIRECS;1.0;4
123800;BOT_TAKER;BOT_MAKER;VEV_4000;XIRECS;1287.0;2
123900;BOT_MAKER;BOT_TAKER;HYDROGEL_PACK;XIRECS;10053.0;2
124000;BOT_MAKER;BOT_TAKER;HYDROGEL_PACK;XIRECS;10054.0;5
124000;BOT_TAKER;BOT_MAKER;VELVETFRUIT_EXTRACT;XIRECS;5201.0;8
124200;BOT_MAKER;BOT_TAKER;HYDROGEL_PACK;XIRECS;10057.0;2
124200;BOT_TAKER;BOT_MAKER;VEV_6000;XIRECS;1.0;2
124300;BOT_TAKER;BOT_MAKER;HYDROGEL_PACK;XIRECS;10078.0;2
124300;BOT_TAKER;BOT_MAKER;VELVETFRUIT_EXTRACT;XIRECS;5203.0;7
124400;BOT_MAKER;BOT_TAKER;HYDROGEL_PACK;XIRECS;10059.0;2
124500;BOT_MAKER;BOT_TAKER;HYDROGEL_PACK;XIRECS;10055.0;2
124500;BOT_TAKER;BOT_MAKER;VEV_5500;XIRECS;2.0;3
124700;BOT_TAKER;BOT_MAKER;HYDROGEL_PACK;XIRECS;10069.0;4
124700;BOT_TAKER;BOT_MAKER;VEV_6000;XIRECS;1.0;3
124800;BOT_TAKER;BOT_MAKER;VELVETFRUIT_EXTRACT;XIRECS;5201.0;3
124900;BOT_TAKER;BOT_MAKER;HYDROGEL_PACK;XIRECS;10070.0;2
125000;BOT_TAKER;BOT_MAKER;VELVETFRUIT_EXTRACT;XIRECS;5202.0;7
125100;BOT_MAKER;BOT_TAKER;VEV_4000;XIRECS;1262.0;1
125200;BOT_MAKER;BOT_TAKER;VEV_5300;XIRECS;64.0;4
125300;BOT_TAKER;BOT_MAKER;VELVETFRUIT_EXTRACT;XIRECS;5200.0;8
125500;BOT_MAKER;BOT_TAKER;HYDROGEL_PACK;XIRECS;10045.0;4
125500;BOT_TAKER;BOT_MAKER;VELVETFRUIT_EXTRACT;XIRECS;5196.0;6
125500;BOT_TAKER;BOT_MAKER;VEV_6000;XIRECS;1.0;2
125600;BOT_TAKER;BOT_MAKER;HYDROGEL_PACK;XIRECS;10059.0;2
125600;BOT_MAKER;BOT_TAKER;VEV_5500;XIRECS;1.0;3
125700;BOT_TAKER;BOT_MAKER;VELVETFRUIT_EXTRACT;XIRECS;5195.0;7
125700;BOT_MAKER;BOT_TAKER;VEV_6000;XIRECS;0.0;4
125800;BOT_TAKER;BOT_MAKER;VEV_5300;XIRECS;66.0;5
125900;BOT_MAKER;BOT_TAKER;HYDROGEL_PACK;XIRECS;10042.0;4
126200;BOT_TAKER;BOT_MAKER;HYDROGEL_PACK;XIRECS;10053.0;3
126200;BOT_TAKER;BOT_MAKER;VEV_5500;XIRECS;2.0;3
126200;BOT_TAKER;BOT_MAKER;VEV_6500;XIRECS;1.0;4
126300;BOT_TAKER;BOT_MAKER;HYDROGEL_PACK;XIRECS;10050.0;2
126300;BOT_MAKER;BOT_TAKER;VEV_5300;XIRECS;63.0;5
126300;BOT_MAKER;BOT_TAKER;VEV_6500;XIRECS;0.0;4
126400;BOT_TAKER;BOT_MAKER;VELVETFRUIT_EXTRACT;XIRECS;5196.0;8
126600;BOT_TAKER;BOT_MAKER;VELVETFRUIT_EXTRACT;XIRECS;5197.0;7
126600;BOT_MAKER;BOT_TAKER;VEV_5300;XIRECS;63.0;2
126700;BOT_MAKER;BOT_TAKER;HYDROGEL_PACK;XIRECS;10037.0;3
126800;BOT_TAKER;BOT_MAKER;VEV_4000;XIRECS;1287.0;3
126800;BOT_MAKER;BOT_TAKER;VEV_6500;XIRECS;0.0;4
126900;BOT_MAKER;BOT_TAKER;VELVETFRUIT_EXTRACT;XIRECS;5193.0;7
127000;BOT_MAKER;BOT_TAKER;VELVETFRUIT_EXTRACT;XIRECS;5194.0;4
127100;BOT_TAKER;BOT_MAKER;HYDROGEL_PACK;XIRECS;10054.0;4
127100;BOT_MAKER;BOT_TAKER;VELVETFRUIT_EXTRACT;XIRECS;5191.0;5
127200;BOT_TAKER;BOT_MAKER;VELVETFRUIT_EXTRACT;XIRECS;5197.0;5
127200;BOT_MAKER;BOT_TAKER;VEV_4000;XIRECS;1266.0;3
127300;BOT_MAKER;BOT_TAKER;VEV_5400;XIRECS;12.0;3
127400;BOT_TAKER;BOT_MAKER;VEV_6000;XIRECS;1.0;3
127600;BOT_TAKER;BOT_MAKER;HYDROGEL_PACK;XIRECS;10060.0;2
128000;BOT_MAKER;BOT_TAKER;HYDROGEL_PACK;XIRECS;10040.0;4
128000;BOT_MAKER;BOT_TAKER;VELVETFRUIT_EXTRACT;XIRECS;5192.0;5
128100;BOT_MAKER;BOT_TAKER;VEV_6500;XIRECS;0.0;4
128200;BOT_TAKER;BOT_MAKER;VEV_4000;XIRECS;1292.0;3
128300;BOT_MAKER;BOT_TAKER;HYDROGEL_PACK;XIRECS;10042.0;6
128400;BOT_TAKER;BOT_MAKER;VELVETFRUIT_EXTRACT;XIRECS;5197.0;6
128400;BOT_MAKER;BOT_TAKER;VEV_5500;XIRECS;1.0;3
128600;BOT_TAKER;BOT_MAKER;VELVETFRUIT_EXTRACT;XIRECS;5195.0;6
128700;BOT_TAKER;BOT_MAKER;VELVETFRUIT_EXTRACT;XIRECS;5192.0;6
128700;BOT_TAKER;BOT_MAKER;VEV_4000;XIRECS;1290.0;1
128900;BOT_TAKER;BOT_MAKER;VEV_5500;XIRECS;2.0;4
129000;BOT_TAKER;BOT_MAKER;VELVETFRUIT_EXTRACT;XIRECS;5194.0;8
129100;BOT_TAKER;BOT_MAKER;HYDROGEL_PACK;XIRECS;10052.0;5
129100;BOT_MAKER;BOT_TAKER;VELVETFRUIT_EXTRACT;XIRECS;5188.0;7
129100;BOT_MAKER;BOT_TAKER;VEV_4000;XIRECS;1267.0;2
129200;BOT_TAKER;BOT_MAKER;VELVETFRUIT_EXTRACT;XIRECS;5193.0;3
129300;BOT_TAKER;BOT_MAKER;VELVETFRUIT_EXTRACT;XIRECS;5194.0;4
129300;BOT_MAKER;BOT_TAKER;VEV_6500;XIRECS;0.0;4
129400;BOT_TAKER;BOT_MAKER;VELVETFRUIT_EXTRACT;XIRECS;5193.0;6
129500;BOT_TAKER;BOT_MAKER;VELVETFRUIT_EXTRACT;XIRECS;5194.0;6
129700;BOT_MAKER;BOT_TAKER;HYDROGEL_PACK;XIRECS;10032.0;5
129800;BOT_MAKER;BOT_TAKER;VELVETFRUIT_EXTRACT;XIRECS;5192.0;4
129900;BOT_TAKER;BOT_MAKER;VELVETFRUIT_EXTRACT;XIRECS;5197.0;6
129900;BOT_MAKER;BOT_TAKER;VELVETFRUIT_EXTRACT;XIRECS;5193.0;6
130100;BOT_MAKER;BOT_TAKER;VELVETFRUIT_EXTRACT;XIRECS;5190.0;4
130200;BOT_TAKER;BOT_MAKER;HYDROGEL_PACK;XIRECS;10049.0;4
130200;BOT_MAKER;BOT_TAKER;VELVETFRUIT_EXTRACT;XIRECS;5189.0;5
130300;BOT_TAKER;BOT_MAKER;VELVETFRUIT_EXTRACT;XIRECS;5196.0;5
130400;BOT_MAKER;BOT_TAKER;VELVETFRUIT_EXTRACT;XIRECS;5189.0;4
130500;BOT_MAKER;BOT_TAKER;VELVETFRUIT_EXTRACT;XIRECS;5190.0;10
130600;BOT_TAKER;BOT_MAKER;VELVETFRUIT_EXTRACT;XIRECS;5194.0;13
130600;BOT_MAKER;BOT_TAKER;VELVETFRUIT_EXTRACT;XIRECS;5188.0;5
130800;BOT_MAKER;BOT_TAKER;HYDROGEL_PACK;XIRECS;10027.0;2
130800;BOT_MAKER;BOT_TAKER;VELVETFRUIT_EXTRACT;XIRECS;5189.0;5
130800;BOT_TAKER;BOT_MAKER;VEV_6000;XIRECS;1.0;2
130900;BOT_MAKER;BOT_TAKER;VEV_6000;XIRECS;0.0;4
131000;BOT_TAKER;BOT_MAKER;HYDROGEL_PACK;XIRECS;10044.0;5
131000;BOT_TAKER;BOT_MAKER;VELVETFRUIT_EXTRACT;XIRECS;5194.0;8
131100;BOT_TAKER;BOT_MAKER;VEV_4000;XIRECS;1291.0;2
131100;BOT_TAKER;BOT_MAKER;VEV_5400;XIRECS;13.0;4
131200;BOT_TAKER;BOT_MAKER;VEV_5400;XIRECS;14.0;4
131300;BOT_TAKER;BOT_MAKER;VELVETFRUIT_EXTRACT;XIRECS;5196.0;5
131600;BOT_MAKER;BOT_TAKER;VELVETFRUIT_EXTRACT;XIRECS;5189.0;8
131600;BOT_TAKER;BOT_MAKER;VEV_6000;XIRECS;1.0;4
131700;BOT_MAKER;BOT_TAKER;VEV_4000;XIRECS;1270.0;2
131900;BOT_MAKER;BOT_TAKER;VELVETFRUIT_EXTRACT;XIRECS;5188.0;8
132000;BOT_MAKER;BOT_TAKER;HYDROGEL_PACK;XIRECS;10023.0;3
132100;BOT_TAKER;BOT_MAKER;VELVETFRUIT_EXTRACT;XIRECS;5194.0;5
132100;BOT_MAKER;BOT_TAKER;VELVETFRUIT_EXTRACT;XIRECS;5188.0;3
132100;BOT_MAKER;BOT_TAKER;VEV_4000;XIRECS;1272.0;1
132200;BOT_MAKER;BOT_TAKER;VEV_4000;XIRECS;1273.0;2
132300;BOT_MAKER;BOT_TAKER;HYDROGEL_PACK;XIRECS;10024.0;5
132500;BOT_TAKER;BOT_MAKER;HYDROGEL_PACK;XIRECS;10040.0;6
132600;BOT_TAKER;BOT_MAKER;VELVETFRUIT_EXTRACT;XIRECS;5190.0;5
132900;BOT_MAKER;BOT_TAKER;VEV_4000;XIRECS;1275.0;3
133000;BOT_TAKER;BOT_MAKER;HYDROGEL_PACK;XIRECS;10041.0;4
133000;BOT_TAKER;BOT_MAKER;VELVETFRUIT_EXTRACT;XIRECS;5193.0;6
133100;BOT_MAKER;BOT_TAKER;VEV_4000;XIRECS;1276.0;3
133200;BOT_MAKER;BOT_TAKER;VEV_6500;XIRECS;0.0;2
133300;BOT_MAKER;BOT_TAKER;VELVETFRUIT_EXTRACT;XIRECS;5187.0;6
133300;BOT_TAKER;BOT_MAKER;VEV_5400;XIRECS;14.0;4
133400;BOT_MAKER;BOT_TAKER;HYDROGEL_PACK;XIRECS;10023.0;5
133400;BOT_TAKER;BOT_MAKER;VEV_4000;XIRECS;1297.0;3
133600;BOT_MAKER;BOT_TAKER;VEV_5500;XIRECS;1.0;5
133700;BOT_MAKER;BOT_TAKER;VEV_5500;XIRECS;1.0;4
133800;BOT_TAKER;BOT_MAKER;VEV_5500;XIRECS;2.0;3
133900;BOT_TAKER;BOT_MAKER;HYDROGEL_PACK;XIRECS;10041.0;6
133900;BOT_MAKER;BOT_TAKER;VELVETFRUIT_EXTRACT;XIRECS;5186.0;4
134000;BOT_TAKER;BOT_MAKER;VELVETFRUIT_EXTRACT;XIRECS;5190.0;7
134000;BOT_TAKER;BOT_MAKER;VEV_5400;XIRECS;15.0;2
134100;BOT_TAKER;BOT_MAKER;VELVETFRUIT_EXTRACT;XIRECS;5192.0;3
134100;BOT_MAKER;BOT_TAKER;VEV_4000;XIRECS;1277.0;2
134100;BOT_TAKER;BOT_MAKER;VEV_4000;XIRECS;1299.0;3
134200;BOT_TAKER;BOT_MAKER;VELVETFRUIT_EXTRACT;XIRECS;5191.0;3
134300;BOT_TAKER;BOT_MAKER;HYDROGEL_PACK;XIRECS;10040.0;6
134300;BOT_TAKER;BOT_MAKER;VELVETFRUIT_EXTRACT;XIRECS;5191.0;7
134400;BOT_TAKER;BOT_MAKER;VELVETFRUIT_EXTRACT;XIRECS;5192.0;8
134600;BOT_MAKER;BOT_TAKER;HYDROGEL_PACK;XIRECS;10024.0;5
134600;BOT_MAKER;BOT_TAKER;VELVETFRUIT_EXTRACT;XIRECS;5186.0;3
134600;BOT_TAKER;BOT_MAKER;VELVETFRUIT_EXTRACT;XIRECS;5192.0;6
134600;BOT_MAKER;BOT_TAKER;VEV_6500;XIRECS;0.0;4
134700;BOT_TAKER;BOT_MAKER;VELVETFRUIT_EXTRACT;XIRECS;5192.0;7
134700;BOT_TAKER;BOT_MAKER;VEV_4000;XIRECS;1298.0;1
134800;BOT_MAKER;BOT_TAKER;VELVETFRUIT_EXTRACT;XIRECS;5187.0;9
134900;BOT_TAKER;BOT_MAKER;VELVETFRUIT_EXTRACT;XIRECS;5193.0;7
135000;BOT_TAKER;BOT_MAKER;VELVETFRUIT_EXTRACT;XIRECS;5193.0;6
135100;BOT_TAKER;BOT_MAKER;VEV_6500;XIRECS;1.0;5
135300;BOT_MAKER;BOT_TAKER;HYDROGEL_PACK;XIRECS;10028.0;6
135400;BOT_MAKER;BOT_TAKER;VELVETFRUIT_EXTRACT;XIRECS;5186.0;5
135400;BOT_TAKER;BOT_MAKER;VEV_4000;XIRECS;1300.0;1
135600;BOT_TAKER;BOT_MAKER;HYDROGEL_PACK;XIRECS;10049.0;4
135700;BOT_TAKER;BOT_MAKER;VEV_5500;XIRECS;3.0;3
135800;BOT_TAKER;BOT_MAKER;HYDROGEL_PACK;XIRECS;10047.0;6
135800;BOT_MAKER;BOT_TAKER;VELVETFRUIT_EXTRACT;XIRECS;5185.0;6
135900;BOT_TAKER;BOT_MAKER;VEV_6500;XIRECS;1.0;5
136200;BOT_MAKER;BOT_TAKER;VELVETFRUIT_EXTRACT;XIRECS;5184.0;8
136200;BOT_TAKER;BOT_MAKER;VEV_6000;XIRECS;1.0;3
136400;BOT_TAKER;BOT_MAKER;HYDROGEL_PACK;XIRECS;10054.0;5
136500;BOT_TAKER;BOT_MAKER;VELVETFRUIT_EXTRACT;XIRECS;5190.0;4
136800;BOT_MAKER;BOT_TAKER;HYDROGEL_PACK;XIRECS;10041.0;3
136800;BOT_MAKER;BOT_TAKER;VELVETFRUIT_EXTRACT;XIRECS;5185.0;7
136900;BOT_MAKER;BOT_TAKER;HYDROGEL_PACK;XIRECS;10040.0;6
136900;BOT_MAKER;BOT_TAKER;VELVETFRUIT_EXTRACT;XIRECS;5185.0;6
136900;BOT_MAKER;BOT_TAKER;VEV_6500;XIRECS;0.0;4
137000;BOT_TAKER;BOT_MAKER;VELVETFRUIT_EXTRACT;XIRECS;5191.0;3
137100;BOT_MAKER;BOT_TAKER;HYDROGEL_PACK;XIRECS;10036.0;4
137100;BOT_TAKER;BOT_MAKER;HYDROGEL_PACK;XIRECS;10052.0;2
137100;BOT_TAKER;BOT_MAKER;VELVETFRUIT_EXTRACT;XIRECS;5192.0;6
137200;BOT_MAKER;BOT_TAKER;VELVETFRUIT_EXTRACT;XIRECS;5185.0;3
137400;BOT_MAKER;BOT_TAKER;VEV_6000;XIRECS;0.0;2
137500;BOT_MAKER;BOT_TAKER;HYDROGEL_PACK;XIRECS;10034.0;4
137500;BOT_MAKER;BOT_TAKER;VELVETFRUIT_EXTRACT;XIRECS;5187.0;3
137600;BOT_TAKER;BOT_MAKER;VEV_5400;XIRECS;16.0;5
137800;BOT_MAKER;BOT_TAKER;VEV_6500;XIRECS;0.0;5
138000;BOT_MAKER;BOT_TAKER;HYDROGEL_PACK;XIRECS;10031.0;6
138000;BOT_MAKER;BOT_TAKER;VELVETFRUIT_EXTRACT;XIRECS;5190.0;3
138100;BOT_TAKER;BOT_MAKER;VELVETFRUIT_EXTRACT;XIRECS;5195.0;3
138200;BOT_TAKER;BOT_MAKER;VELVETFRUIT_EXTRACT;XIRECS;5194.0;5
