timestamp;buyer;seller;symbol;currency;price;quantity
100;BOT_TAKER;BOT_MAKER;VELVETFRUIT_EXTRACT;XIRECS;5266.0;7
200;BOT_MAKER;BOT_TAKER;VELVETFRUIT_EXTRACT;XIRECS;5260.0;4
200;BOT_TAKER;BOT_MAKER;VEV_4000;XIRECS;1272.0;2
400;BOT_TAKER;BOT_MAKER;VELVETFRUIT_EXTRACT;XIRECS;5264.0;3
400;BOT_TAKER;BOT_MAKER;VEV_4000;XIRECS;1272.0;2
600;BOT_MAKER;BOT_TAKER;HYDROGEL_PACK;XIRECS;9969.0;2
700;BOT_MAKER;BOT_TAKER;HYDROGEL_PACK;XIRECS;9972.0;4
700;BOT_TAKER;BOT_MAKER;VEV_5400;XIRECS;17.0;4
800;BOT_TAKER;BOT_MAKER;VELVETFRUIT_EXTRACT;XIRECS;5265.0;15
800;BOT_TAKER;BOT_MAKER;VEV_6000;XIRECS;1.0;2
900;BOT_MAKER;BOT_TAKER;HYDROGEL_PACK;XIRECS;9978.0;5
1000;BOT_TAKER;BOT_MAKER;HYDROGEL_PACK;XIRECS;9996.0;4
1000;BOT_TAKER;BOT_MAKER;VELVETFRUIT_EXTRACT;XIRECS;5265.0;10
1100;BOT_MAKER;BOT_TAKER;VELVETFRUIT_EXTRACT;XIRECS;5256.0;6
1100;BOT_MAKER;BOT_TAKER;VELVETFRUIT_EXTRACT;XIRECS;5256.0;5
1300;BOT_TAKER;BOT_MAKER;VELVETFRUIT_EXTRACT;XIRECS;5260.0;5
1400;BOT_TAKER;BOT_MAKER;HYDROGEL_PACK;XIRECS;10001.0;3
1400;BOT_TAKER;BOT_MAKER;VELVETFRUIT_EXTRACT;XIRECS;5261.0;5
1600;BOT_TAKER;BOT_MAKER;HYDROGEL_PACK;XIRECS;10002.0;4
1700;BOT_MAKER;BOT_TAKER;HYDROGEL_PACK;XIRECS;9989.0;4
1800;BOT_TAKER;BOT_MAKER;HYDROGEL_PACK;XIRECS;10006.0;3
1800;BOT_MAKER;BOT_TAKER;VEV_5500;XIRECS;6.0;5
1900;BOT_TAKER;BOT_MAKER;VELVETFRUIT_EXTRACT;XIRECS;5259.0;4
1900;BOT_TAKER;BOT_MAKER;VELVETFRUIT_EXTRACT;XIRECS;5259.0;15
1900;BOT_MAKER;BOT_TAKER;VEV_6000;XIRECS;0.0;2
2000;BOT_MAKER;BOT_TAKER;VELVETFRUIT_EXTRACT;XIRECS;5257.0;5
2100;BOT_TAKER;BOT_MAKER;HYDROGEL_PACK;XIRECS;10009.0;6
2100;BOT_TAKER;BOT_MAKER;VELVETFRUIT_EXTRACT;XIRECS;5263.0;8
2100;BOT_MAKER;BOT_TAKER;VEV_4000;XIRECS;1250.0;2
2200;BOT_TAKER;BOT_MAKER;HYDROGEL_PACK;XIRECS;10010.0;4
2200;BOT_MAKER;BOT_TAKER;VELVETFRUIT_EXTRACT;XIRECS;5258.0;3
2400;BOT_TAKER;BOT_MAKER;VELVETFRUIT_EXTRACT;XIRECS;5262.0;3
2500;BOT_MAKER;BOT_TAKER;VELVETFRUIT_EXTRACT;XIRECS;5255.0;7
2500;BOT_MAKER;BOT_TAKER;VEV_4000;XIRECS;1245.0;1
2600;BOT_TAKER;BOT_MAKER;VEV_6000;XIRECS;1.0;4
2700;BOT_TAKER;BOT_MAKER;VEV_5400;XIRECS;16.0;2
2700;BOT_TAKER;BOT_MAKER;VEV_6000;XIRECS;1.0;3
2800;BOT_TAKER;BOT_MAKER;HYDROGEL_PACK;XIRECS;10000.0;2
2800;BOT_TAKER;BOT_MAKER;VEV_4000;XIRECS;1269.0;3
2800;BOT_MAKER;BOT_TAKER;VEV_5500;XIRECS;6.0;4
2900;BOT_MAKER;BOT_TAKER;VEV_5500;XIRECS;6.0;3
3000;BOT_TAKER;BOT_MAKER;HYDROGEL_PACK;XIRECS;10000.0;5
3100;BOT_MAKER;BOT_TAKER;VELVETFRUIT_EXTRACT;XIRECS;5259.0;6
3400;BOT_MAKER;BOT_TAKER;VELVETFRUIT_EXTRACT;XIRECS;5258.0;4
3400;BOT_MAKER;BOT_TAKER;VEV_6000;XIRECS;0.0;2
3500;BOT_MAKER;BOT_TAKER;HYDROGEL_PACK;XIRECS;9981.0;6
3500;BOT_MAKER;BOT_TAKER;VELVETFRUIT_EXTRACT;XIRECS;5259.0;8
3600;BOT_TAKER;BOT_MAKER;VELVETFRUIT_EXTRACT;XIRECS;5265.0;3
3700;BOT_MAKER;BOT_TAKER;HYDROGEL_PACK;XIRECS;9985.0;5
3700;BOT_TAKER;BOT_MAKER;VELVETFRUIT_EXTRACT;XIRECS;5264.0;4
3800;BOT_MAKER;BOT_TAKER;HYDROGEL_PACK;XIRECS;9985.0;4
3800;BOT_TAKER;BOT_MAKER;VELVETFRUIT_EXTRACT;XIRECS;5264.0;4
3900;BOT_MAKER;BOT_TAKER;VELVETFRUIT_EXTRACT;XIRECS;5259.0;7
3900;BOT_TAKER;BOT_MAKER;VEV_5300;XIRECS;49.0;3
4000;BOT_MAKER;BOT_TAKER;HYDROGEL_PACK;XIRECS;9985.0;6
4100;BOT_MAKER;BOT_TAKER;HYDROGEL_PACK;XIRECS;9985.0;5
4100;BOT_TAKER;BOT_MAKER;VELVETFRUIT_EXTRACT;XIRECS;5263.0;8
4100;BOT_MAKER;BOT_TAKER;VEV_6500;XIRECS;0.0;4
4200;BOT_TAKER;BOT_MAKER;VEV_6500;XIRECS;1.0;5
4300;BOT_MAKER;BOT_TAKER;HYDROGEL_PACK;XIRECS;9985.0;5
4500;BOT_TAKER;BOT_MAKER;VELVETFRUIT_EXTRACT;XIRECS;5261.0;7
4600;BOT_TAKER;BOT_MAKER;HYDROGEL_PACK;XIRECS;10000.0;6
4800;BOT_MAKER;BOT_TAKER;HYDROGEL_PACK;XIRECS;9985.0;6
4800;BOT_MAKER;BOT_TAKER;VELVETFRUIT_EXTRACT;XIRECS;5256.0;8
5000;BOT_MAKER;BOT_TAKER;VEV_5400;XIRECS;14.0;3
5000;BOT_MAKER;BOT_TAKER;VEV_5500;XIRECS;6.0;3
5100;BOT_MAKER;BOT_TAKER;HYDROGEL_PACK;XIRECS;9988.0;6
5300;BOT_TAKER;BOT_MAKER;HYDROGEL_PACK;XIRECS;10002.0;2
5300;BOT_TAKER;BOT_MAKER;VEV_4000;XIRECS;1270.0;3
5300;BOT_MAKER;BOT_TAKER;VEV_6500;XIRECS;0.0;5
5400;BOT_MAKER;BOT_TAKER;VELVETFRUIT_EXTRACT;XIRECS;5255.0;5
5500;BOT_TAKER;BOT_MAKER;VELVETFRUIT_EXTRACT;XIRECS;5260.0;10
5500;BOT_TAKER;BOT_MAKER;VEV_6000;XIRECS;1.0;3
5600;BOT_MAKER;BOT_TAKER;VEV_4000;XIRECS;1249.0;2
5700;BOT_TAKER;BOT_MAKER;VELVETFRUIT_EXTRACT;XIRECS;5258.0;4
5800;BOT_TAKER;BOT_MAKER;VELVETFRUIT_EXTRACT;XIRECS;5258.0;9
5800;BOT_MAKER;BOT_TAKER;VEV_6000;XIRECS;0.0;5
5900;BOT_MAKER;BOT_TAKER;VEV_4000;XIRECS;1246.0;1
6000;BOT_MAKER;BOT_TAKER;VELVETFRUIT_EXTRACT;XIRECS;5255.0;5
6200;BOT_TAKER;BOT_MAKER;VELVETFRUIT_EXTRACT;XIRECS;5260.0;7
6200;BOT_TAKER;BOT_MAKER;VEV_6500;XIRECS;1.0;4
6300;BOT_MAKER;BOT_TAKER;HYDROGEL_PACK;XIRECS;9977.0;5
6400;BOT_MAKER;BOT_TAKER;VELVETFRUIT_EXTRACT;XIRECS;5254.0;8
6400;BOT_MAKER;BOT_TAKER;VEV_6000;XIRECS;0.0;3
6500;BOT_TAKER;BOT_MAKER;VELVETFRUIT_EXTRACT;XIRECS;5259.0;7
6500;BOT_MAKER;BOT_TAKER;VEV_6000;XIRECS;0.0;3
6600;BOT_TAKER;BOT_MAKER;HYDROGEL_PACK;XIRECS;9992.0;2
6600;BOT_TAKER;BOT_MAKER;VEV_5500;XIRECS;8.0;4
6700;BOT_TAKER;BOT_MAKER;VELVETFRUIT_EXTRACT;XIRECS;5257.0;5
6700;BOT_MAKER;BOT_TAKER;VEV_5400;XIRECS;13.0;2
6800;BOT_TAKER;BOT_MAKER;VEV_4000;XIRECS;1270.0;3
6900;BOT_TAKER;BOT_MAKER;VELVETFRUIT_EXTRACT;XIRECS;5260.0;4
6900;BOT_MAKER;BOT_TAKER;VEV_4000;XIRECS;1248.0;2
7000;BOT_TAKER;BOT_MAKER;HYDROGEL_PACK;XIRECS;9994.0;5
7000;BOT_TAKER;BOT_MAKER;VEV_5400;XIRECS;14.0;3
7100;BOT_MAKER;BOT_TAKER;VEV_5400;XIRECS;14.0;3
7100;BOT_MAKER;BOT_TAKER;VEV_6000;XIRECS;0.0;4
7300;BOT_TAKER;BOT_MAKER;HYDROGEL_PACK;XIRECS;9994.0;5
7500;BOT_TAKER;BOT_MAKER;HYDROGEL_PACK;XIRECS;9997.0;3
7500;BOT_MAKER;BOT_TAKER;VELVETFRUIT_EXTRACT;XIRECS;5256.0;3
7600;BOT_MAKER;BOT_TAKER;VEV_6500;XIRECS;0.0;2
7700;BOT_TAKER;BOT_MAKER;VEV_6500;XIRECS;1.0;3
7800;BOT_MAKER;BOT_TAKER;VELVETFRUIT_EXTRACT;XIRECS;5253.0;5
7900;BOT_TAKER;BOT_MAKER;VEV_4000;XIRECS;1267.0;1
8000;BOT_MAKER;BOT_TAKER;HYDROGEL_PACK;XIRECS;9984.0;3
8100;BOT_MAKER;BOT_TAKER;VEV_5400;XIRECS;14.0;4
8200;BOT_TAKER;BOT_MAKER;HYDROGEL_PACK;XIRECS;10002.0;4
8200;BOT_MAKER;BOT_TAKER;VELVETFRUIT_EXTRACT;XIRECS;5252.0;4
8200;BOT_MAKER;BOT_TAKER;VEV_6000;XIRECS;0.0;5
8300;BOT_MAKER;BOT_TAKER;VELVETFRUIT_EXTRACT;XIRECS;5252.0;6
8400;BOT_MAKER;BOT_TAKER;VELVETFRUIT_EXTRACT;XIRECS;5254.0;3
8500;BOT_TAKER;BOT_MAKER;VEV_6000;XIRECS;1.0;4
8600;BOT_TAKER;BOT_MAKER;HYDROGEL_PACK;XIRECS;10003.0;5
8600;BOT_TAKER;BOT_MAKER;VELVETFRUIT_EXTRACT;XIRECS;5256.0;7
8700;BOT_TAKER;BOT_MAKER;VELVETFRUIT_EXTRACT;XIRECS;5256.0;10
8700;BOT_TAKER;BOT_MAKER;VEV_5500;XIRECS;8.0;5
8800;BOT_TAKER;BOT_MAKER;VELVETFRUIT_EXTRACT;XIRECS;5256.0;4
8800;BOT_MAKER;BOT_TAKER;VEV_6000;XIRECS;0.0;2
8900;BOT_MAKER;BOT_TAKER;HYDROGEL_PACK;XIRECS;9988.0;3
9000;BOT_TAKER;BOT_MAKER;VELVETFRUIT_EXTRACT;XIRECS;5256.0;13
9100;BOT_MAKER;BOT_TAKER;VEV_5400;XIRECS;13.0;5
9100;BOT_MAKER;BOT_TAKER;VEV_5500;XIRECS;6.0;3
9200;BOT_MAKER;BOT_TAKER;VELVETFRUIT_EXTRACT;XIRECS;5252.0;6
9200;BOT_MAKER;BOT_TAKER;VEV_6500;XIRECS;0.0;3
9500;BOT_MAKER;BOT_TAKER;VELVETFRUIT_EXTRACT;XIRECS;5252.0;3
9700;BOT_MAKER;BOT_TAKER;HYDROGEL_PACK;XIRECS;9992.0;2
9800;BOT_MAKER;BOT_TAKER;VELVETFRUIT_EXTRACT;XIRECS;5256.0;6
9900;BOT_TAKER;BOT_MAKER;HYDROGEL_PACK;XIRECS;10009.0;2
9900;BOT_TAKER;BOT_MAKER;VELVETFRUIT_EXTRACT;XIRECS;5262.0;9
10000;BOT_MAKER;BOT_TAKER;VEV_5400;XIRECS;13.0;2
10100;BOT_TAKER;BOT_MAKER;VELVETFRUIT_EXTRACT;XIRECS;5259.0;6
10100;BOT_MAKER;BOT_TAKER;VEV_4000;XIRECS;1246.0;2
10100;BOT_TAKER;BOT_MAKER;VEV_6000;XIRECS;1.0;4
10200;BOT_TAKER;BOT_MAKER;HYDROGEL_PACK;XIRECS;10007.0;5
10200;BOT_TAKER;BOT_MAKER;VELVETFRUIT_EXTRACT;XIRECS;5260.0;4
10300;BOT_TAKER;BOT_MAKER;VEV_4000;XIRECS;1267.0;2
10400;BOT_MAKER;BOT_TAKER;VELVETFRUIT_EXTRACT;XIRECS;5253.0;8
10400;BOT_TAKER;BOT_MAKER;VEV_4000;XIRECS;1266.0;2
10500;BOT_TAKER;BOT_MAKER;VELVETFRUIT_EXTRACT;XIRECS;5259.0;5
10500;BOT_MAKER;BOT_TAKER;VELVETFRUIT_EXTRACT;XIRECS;5254.0;3
10600;BOT_MAKER;BOT_TAKER;HYDROGEL_PACK;XIRECS;9983.0;5
10700;BOT_TAKER;BOT_MAKER;HYDROGEL_PACK;XIRECS;10000.0;6
10800;BOT_TAKER;BOT_MAKER;VELVETFRUIT_EXTRACT;XIRECS;5260.0;6
10900;BOT_TAKER;BOT_MAKER;VELVETFRUIT_EXTRACT;XIRECS;5260.0;3
11000;BOT_MAKER;BOT_TAKER;VELVETFRUIT_EXTRACT;XIRECS;5253.0;6
11000;BOT_TAKER;BOT_MAKER;VEV_4000;XIRECS;1265.0;3
11100;BOT_TAKER;BOT_MAKER;HYDROGEL_PACK;XIRECS;10005.0;3
11200;BOT_TAKER;BOT_MAKER;VELVETFRUIT_EXTRACT;XIRECS;5256.0;4
11200;BOT_MAKER;BOT_TAKER;VEV_6500;XIRECS;0.0;4
11400;BOT_MAKER;BOT_TAKER;HYDROGEL_PACK;XIRECS;9991.0;4
11400;BOT_TAKER;BOT_MAKER;VELVETFRUIT_EXTRACT;XIRECS;5254.0;3
11400;BOT_TAKER;BOT_MAKER;VELVETFRUIT_EXTRACT;XIRECS;5254.0;4
11400;BOT_TAKER;BOT_MAKER;VEV_5400;XIRECS;13.0;3
11500;BOT_MAKER;BOT_TAKER;VEV_4000;XIRECS;1246.0;2
11500;BOT_TAKER;BOT_MAKER;VEV_6000;XIRECS;1.0;2
11600;BOT_TAKER;BOT_MAKER;VELVETFRUIT_EXTRACT;XIRECS;5255.0;6
11600;BOT_MAKER;BOT_TAKER;VEV_5500;XIRECS;6.0;5
11600;BOT_TAKER;BOT_MAKER;VEV_6500;XIRECS;1.0;4
11800;BOT_MAKER;BOT_TAKER;HYDROGEL_PACK;XIRECS;9992.0;5
11800;BOT_MAKER;BOT_TAKER;VELVETFRUIT_EXTRACT;XIRECS;5251.0;3
11800;BOT_MAKER;BOT_TAKER;VEV_6500;XIRECS;0.0;2
11900;BOT_MAKER;BOT_TAKER;VELVETFRUIT_EXTRACT;XIRECS;5251.0;6
12100;BOT_MAKER;BOT_TAKER;HYDROGEL_PACK;XIRECS;9990.0;5
12100;BOT_MAKER;BOT_TAKER;VEV_4000;XIRECS;1245.0;2
12100;BOT_MAKER;BOT_TAKER;VEV_6000;XIRECS;0.0;2
12300;BOT_TAKER;BOT_MAKER;VELVETFRUIT_EXTRACT;XIRECS;5258.0;5
12400;BOT_MAKER;BOT_TAKER;VELVETFRUIT_EXTRACT;XIRECS;5255.0;6
12500;BOT_TAKER;BOT_MAKER;VELVETFRUIT_EXTRACT;XIRECS;5260.0;5
12600;BOT_MAKER;BOT_TAKER;HYDROGEL_PACK;XIRECS;9985.0;3
12700;BOT_MAKER;BOT_TAKER;VEV_4000;XIRECS;1245.0;2
12800;BOT_MAKER;BOT_TAKER;VELVETFRUIT_EXTRACT;XIRECS;5256.0;5
13100;BOT_TAKER;BOT_MAKER;HYDROGEL_PACK;XIRECS;9994.0;5
13100;BOT_MAKER;BOT_TAKER;VELVETFRUIT_EXTRACT;XIRECS;5257.0;12
13300;BOT_MAKER;BOT_TAKER;HYDROGEL_PACK;XIRECS;9976.0;4
13300;BOT_MAKER;BOT_TAKER;VELVETFRUIT_EXTRACT;XIRECS;5255.0;4
13400;BOT_TAKER;BOT_MAKER;VELVETFRUIT_EXTRACT;XIRECS;5261.0;6
13500;BOT_TAKER;BOT_MAKER;HYDROGEL_PACK;XIRECS;9988.0;4
13500;BOT_MAKER;BOT_TAKER;VELVETFRUIT_EXTRACT;XIRECS;5256.0;6
13500;BOT_MAKER;BOT_TAKER;VEV_5500;XIRECS;6.0;4
13600;BOT_TAKER;BOT_MAKER;VELVETFRUIT_EXTRACT;XIRECS;5260.0;3
13600;BOT_TAKER;BOT_MAKER;VELVETFRUIT_EXTRACT;XIRECS;5260.0;13
13700;BOT_TAKER;BOT_MAKER;HYDROGEL_PACK;XIRECS;9985.0;6
13700;BOT_TAKER;BOT_MAKER;VELVETFRUIT_EXTRACT;XIRECS;5262.0;6
13700;BOT_TAKER;BOT_MAKER;VEV_4000;XIRECS;1269.0;2
14000;BOT_MAKER;BOT_TAKER;VELVETFRUIT_EXTRACT;XIRECS;5257.0;5
14100;BOT_TAKER;BOT_MAKER;VELVETFRUIT_EXTRACT;XIRECS;5262.0;5
14200;BOT_MAKER;BOT_TAKER;VEV_4000;XIRECS;1246.0;2
14200;BOT_MAKER;BOT_TAKER;VEV_6500;XIRECS;0.0;4
14300;BOT_MAKER;BOT_TAKER;HYDROGEL_PACK;XIRECS;9966.0;2
14400;BOT_MAKER;BOT_TAKER;VELVETFRUIT_EXTRACT;XIRECS;5257.0;5
14500;BOT_MAKER;BOT_TAKER;HYDROGEL_PACK;XIRECS;9967.0;6
14500;BOT_TAKER;BOT_MAKER;VEV_5500;XIRECS;8.0;4
14700;BOT_TAKER;BOT_MAKER;HYDROGEL_PACK;XIRECS;9979.0;2
14700;BOT_MAKER;BOT_TAKER;VEV_5500;XIRECS;6.0;2
14800;BOT_MAKER;BOT_TAKER;VELVETFRUIT_EXTRACT;XIRECS;5258.0;4
14800;BOT_MAKER;BOT_TAKER;VEV_6000;XIRECS;0.0;2
14900;BOT_MAKER;BOT_TAKER;HYDROGEL_PACK;XIRECS;9961.0;5
15100;BOT_MAKER;BOT_TAKER;VEV_5500;XIRECS;7.0;2
15100;BOT_TAKER;BOT_MAKER;VEV_6500;XIRECS;1.0;3
15200;BOT_MAKER;BOT_TAKER;HYDROGEL_PACK;XIRECS;9963.0;5
15200;BOT_TAKER;BOT_MAKER;VEV_6000;XIRECS;1.0;3
15300;BOT_TAKER;BOT_MAKER;VEV_5400;XIRECS;13.0;5
15300;BOT_MAKER;BOT_TAKER;VEV_5500;XIRECS;7.0;2
15300;BOT_TAKER;BOT_MAKER;VEV_6500;XIRECS;1.0;3
15300;BOT_TAKER;BOT_MAKER;VEV_6500;XIRECS;1.0;2
15400;BOT_TAKER;BOT_MAKER;VEV_6500;XIRECS;1.0;2
15500;BOT_MAKER;BOT_TAKER;HYDROGEL_PACK;XIRECS;9967.0;3
15600;BOT_TAKER;BOT_MAKER;VELVETFRUIT_EXTRACT;XIRECS;5263.0;7
15600;BOT_MAKER;BOT_TAKER;VEV_6500;XIRECS;0.0;2
15700;BOT_TAKER;BOT_MAKER;VEV_4000;XIRECS;1269.0;2
15800;BOT_TAKER;BOT_MAKER;HYDROGEL_PACK;XIRECS;9975.0;2
15800;BOT_MAKER;BOT_TAKER;VELVETFRUIT_EXTRACT;XIRECS;5258.0;3
15800;BOT_TAKER;BOT_MAKER;VEV_4000;XIRECS;1271.0;3
15900;BOT_TAKER;BOT_MAKER;VELVETFRUIT_EXTRACT;XIRECS;5261.0;4
15900;BOT_TAKER;BOT_MAKER;VEV_4000;XIRECS;1270.0;3
16000;BOT_MAKER;BOT_TAKER;VEV_5500;XIRECS;7.0;5
16300;BOT_MAKER;BOT_TAKER;VELVETFRUIT_EXTRACT;XIRECS;5256.0;9
16300;BOT_MAKER;BOT_TAKER;VEV_4000;XIRECS;1245.0;2
16500;BOT_TAKER;BOT_MAKER;HYDROGEL_PACK;XIRECS;9975.0;5
16500;BOT_TAKER;BOT_MAKER;HYDROGEL_PACK;XIRECS;9975.0;4
16600;BOT_TAKER;BOT_MAKER;HYDROGEL_PACK;XIRECS;9978.0;5
16600;BOT_TAKER;BOT_MAKER;VELVETFRUIT_EXTRACT;XIRECS;5262.0;7
16600;BOT_MAKER;BOT_TAKER;VEV_5500;XIRECS;7.0;4
16700;BOT_MAKER;BOT_TAKER;VELVETFRUIT_EXTRACT;XIRECS;5258.0;4
16800;BOT_TAKER;BOT_MAKER;HYDROGEL_PACK;XIRECS;9975.0;4
16800;BOT_MAKER;BOT_TAKER;VELVETFRUIT_EXTRACT;XIRECS;5259.0;6
16900;BOT_TAKER;BOT_MAKER;VEV_5200;XIRECS;99.0;5
16900;BOT_TAKER;BOT_MAKER;VEV_6500;XIRECS;1.0;5
17100;BOT_TAKER;BOT_MAKER;HYDROGEL_PACK;XIRECS;9973.0;6
17100;BOT_MAKER;BOT_TAKER;VELVETFRUIT_EXTRACT;XIRECS;5258.0;14
17100;BOT_MAKER;BOT_TAKER;VEV_5500;XIRECS;7.0;4
17200;BOT_TAKER;BOT_MAKER;VELVETFRUIT_EXTRACT;XIRECS;5262.0;6
17400;BOT_MAKER;BOT_TAKER;HYDROGEL_PACK;XIRECS;9959.0;3
17400;BOT_TAKER;BOT_MAKER;VELVETFRUIT_EXTRACT;XIRECS;5265.0;6
17500;BOT_MAKER;BOT_TAKER;VELVETFRUIT_EXTRACT;XIRECS;5260.0;8
17500;BOT_MAKER;BOT_TAKER;VEV_5400;XIRECS;12.0;4
17600;BOT_TAKER;BOT_MAKER;VEV_6000;XIRECS;1.0;2
17700;BOT_MAKER;BOT_TAKER;VELVETFRUIT_EXTRACT;XIRECS;5262.0;5
17700;BOT_MAKER;BOT_TAKER;VEV_6500;XIRECS;0.0;2
17900;BOT_MAKER;BOT_TAKER;HYDROGEL_PACK;XIRECS;9961.0;2
17900;BOT_MAKER;BOT_TAKER;VEV_4000;XIRECS;1249.0;2
17900;BOT_MAKER;BOT_TAKER;VEV_6000;XIRECS;0.0;4
18000;BOT_MAKER;BOT_TAKER;VELVETFRUIT_EXTRACT;XIRECS;5262.0;8
18200;BOT_MAKER;BOT_TAKER;VELVETFRUIT_EXTRACT;XIRECS;5259.0;10
18200;BOT_TAKER;BOT_MAKER;VEV_4000;XIRECS;1272.0;1
18300;BOT_MAKER;BOT_TAKER;VEV_4000;XIRECS;1251.0;3
18400;BOT_MAKER;BOT_TAKER;VELVETFRUIT_EXTRACT;XIRECS;5261.0;7
18400;BOT_TAKER;BOT_MAKER;VEV_6500;XIRECS;1.0;3
18500;BOT_MAKER;BOT_TAKER;VELVETFRUIT_EXTRACT;XIRECS;5262.0;7
18800;BOT_MAKER;BOT_TAKER;HYDROGEL_PACK;XIRECS;9954.0;3
18900;BOT_MAKER;BOT_TAKER;HYDROGEL_PACK;XIRECS;9954.0;4
18900;BOT_TAKER;BOT_MAKER;VEV_4000;XIRECS;1273.0;1
19000;BOT_TAKER;BOT_MAKER;VELVETFRUIT_EXTRACT;XIRECS;5268.0;4
19100;BOT_MAKER;BOT_TAKER;HYDROGEL_PACK;XIRECS;9955.0;3
19200;BOT_TAKER;BOT_MAKER;HYDROGEL_PACK;XIRECS;9972.0;4
19200;BOT_MAKER;BOT_TAKER;VEV_5500;XIRECS;7.0;4
19300;BOT_TAKER;BOT_MAKER;HYDROGEL_PACK;XIRECS;9978.0;2
19300;BOT_MAKER;BOT_TAKER;VELVETFRUIT_EXTRACT;XIRECS;5262.0;7
19300;BOT_TAKER;BOT_MAKER;VEV_5200;XIRECS;96.0;1
19400;BOT_TAKER;BOT_MAKER;HYDROGEL_PACK;XIRECS;9977.0;5
19500;BOT_MAKER;BOT_TAKER;HYDROGEL_PACK;XIRECS;9964.0;6
19500;BOT_MAKER;BOT_TAKER;VELVETFRUIT_EXTRACT;XIRECS;5259.0;3
19600;BOT_MAKER;BOT_TAKER;VELVETFRUIT_EXTRACT;XIRECS;5259.0;5
19900;BOT_TAKER;BOT_MAKER;VELVETFRUIT_EXTRACT;XIRECS;5264.0;5
20000;BOT_TAKER;BOT_MAKER;VEV_4000;XIRECS;1272.0;3
20100;BOT_MAKER;BOT_TAKER;VELVETFRUIT_EXTRACT;XIRECS;5259.0;3
20200;BOT_MAKER;BOT_TAKER;HYDROGEL_PACK;XIRECS;9967.0;5
20300;BOT_MAKER;BOT_TAKER;VELVETFRUIT_EXTRACT;XIRECS;5261.0;3
20400;BOT_TAKER;BOT_MAKER;VELVETFRUIT_EXTRACT;XIRECS;5266.0;5
20400;BOT_TAKER;BOT_MAKER;VEV_5500;XIRECS;8.0;5
20500;BOT_TAKER;BOT_MAKER;HYDROGEL_PACK;XIRECS;9980.0;4
20600;BOT_MAKER;BOT_TAKER;VEV_6000;XIRECS;0.0;3
20700;BOT_TAKER;BOT_MAKER;HYDROGEL_PACK;XIRECS;9985.0;6
20700;BOT_MAKER;BOT_TAKER;VEV_5200;XIRECS;92.0;3
20900;BOT_TAKER;BOT_MAKER;HYDROGEL_PACK;XIRECS;9984.0;4
20900;BOT_TAKER;BOT_MAKER;VELVETFRUIT_EXTRACT;XIRECS;5265.0;4
21000;BOT_MAKER;BOT_TAKER;VELVETFRUIT_EXTRACT;XIRECS;5260.0;8
21000;BOT_MAKER;BOT_TAKER;VEV_4000;XIRECS;1253.0;3
21100;BOT_MAKER;BOT_TAKER;HYDROGEL_PACK;XIRECS;9971.0;2
21100;BOT_MAKER;BOT_TAKER;VEV_4000;XIRECS;1253.0;3
21200;BOT_TAKER;BOT_MAKER;VEV_4000;XIRECS;1274.0;2
21400;BOT_TAKER;BOT_MAKER;VEV_5300;XIRECS;45.0;2
21500;BOT_TAKER;BOT_MAKER;HYDROGEL_PACK;XIRECS;9983.0;2
21600;BOT_TAKER;BOT_MAKER;HYDROGEL_PACK;XIRECS;9982.0;4
21600;BOT_MAKER;BOT_TAKER;VEV_6500;XIRECS;0.0;4
21600;BOT_TAKER;BOT_MAKER;VEV_6500;XIRECS;1.0;2
21800;BOT_MAKER;BOT_TAKER;VELVETFRUIT_EXTRACT;XIRECS;5260.0;8
21900;BOT_MAKER;BOT_TAKER;HYDROGEL_PACK;XIRECS;9966.0;5
21900;BOT_TAKER;BOT_MAKER;VEV_5300;XIRECS;46.0;3
21900;BOT_MAKER;BOT_TAKER;VEV_5400;XIRECS;13.0;5
22100;BOT_TAKER;BOT_MAKER;HYDROGEL_PACK;XIRECS;9980.0;3
22100;BOT_MAKER;BOT_TAKER;VELVETFRUIT_EXTRACT;XIRECS;5260.0;8
22200;BOT_MAKER;BOT_TAKER;HYDROGEL_PACK;XIRECS;9964.0;4
22300;BOT_MAKER;BOT_TAKER;VELVETFRUIT_EXTRACT;XIRECS;5262.0;6
22300;BOT_TAKER;BOT_MAKER;VEV_4000;XIRECS;1269.0;3
22400;BOT_TAKER;BOT_MAKER;VELVETFRUIT_EXTRACT;XIRECS;5266.0;3
22400;BOT_TAKER;BOT_MAKER;VEV_5500;XIRECS;8.0;2
22400;BOT_TAKER;BOT_MAKER;VEV_6000;XIRECS;1.0;5
22500;BOT_MAKER;BOT_TAKER;HYDROGEL_PACK;XIRECS;9961.0;2
22600;BOT_TAKER;BOT_MAKER;HYDROGEL_PACK;XIRECS;9979.0;3
22700;BOT_TAKER;BOT_MAKER;HYDROGEL_PACK;XIRECS;9977.0;6
22800;BOT_TAKER;BOT_MAKER;HYDROGEL_PACK;XIRECS;9977.0;3
22800;BOT_MAKER;BOT_TAKER;VELVETFRUIT_EXTRACT;XIRECS;5262.0;8
23000;BOT_MAKER;BOT_TAKER;HYDROGEL_PACK;XIRECS;9960.0;4
23000;BOT_TAKER;BOT_MAKER;VEV_4000;XIRECS;1268.0;2
23100;BOT_MAKER;BOT_TAKER;HYDROGEL_PACK;XIRECS;9960.0;5
23100;BOT_TAKER;BOT_MAKER;VELVETFRUIT_EXTRACT;XIRECS;5268.0;6
23200;BOT_MAKER;BOT_TAKER;VELVETFRUIT_EXTRACT;XIRECS;5263.0;7
23300;BOT_TAKER;BOT_MAKER;VELVETFRUIT_EXTRACT;XIRECS;5267.0;6
23300;BOT_MAKER;BOT_TAKER;VEV_4000;XIRECS;1248.0;2
23300;BOT_TAKER;BOT_MAKER;VEV_5500;XIRECS;9.0;4
23500;BOT_TAKER;BOT_MAKER;HYDROGEL_PACK;XIRECS;9976.0;6
23500;BOT_MAKER;BOT_TAKER;VELVETFRUIT_EXTRACT;XIRECS;5262.0;6
23700;BOT_MAKER;BOT_TAKER;VELVETFRUIT_EXTRACT;XIRECS;5263.0;7
23900;BOT_MAKER;BOT_TAKER;HYDROGEL_PACK;XIRECS;9966.0;4
23900;BOT_MAKER;BOT_TAKER;VELVETFRUIT_EXTRACT;XIRECS;5265.0;8
23900;BOT_MAKER;BOT_TAKER;VEV_6500;XIRECS;0.0;2
24000;BOT_MAKER;BOT_TAKER;VELVETFRUIT_EXTRACT;XIRECS;5264.0;8
24000;BOT_MAKER;BOT_TAKER;VEV_4000;XIRECS;1246.0;3
24100;BOT_TAKER;BOT_MAKER;HYDROGEL_PACK;XIRECS;9978.0;5
24300;BOT_TAKER;BOT_MAKER;VELVETFRUIT_EXTRACT;XIRECS;5270.0;3
24300;BOT_MAKER;BOT_TAKER;VEV_4000;XIRECS;1247.0;1
24400;BOT_MAKER;BOT_TAKER;HYDROGEL_PACK;XIRECS;9964.0;2
24500;BOT_TAKER;BOT_MAKER;VELVETFRUIT_EXTRACT;XIRECS;5269.0;5
24600;BOT_MAKER;BOT_TAKER;VEV_5500;XIRECS;7.0;4
24700;BOT_TAKER;BOT_MAKER;VELVETFRUIT_EXTRACT;XIRECS;5271.0;7
24800;BOT_TAKER;BOT_MAKER;VELVETFRUIT_EXTRACT;XIRECS;5269.0;6
25000;BOT_MAKER;BOT_TAKER;VELVETFRUIT_EXTRACT;XIRECS;5264.0;4
25100;BOT_TAKER;BOT_MAKER;VELVETFRUIT_EXTRACT;XIRECS;5267.0;8
25100;BOT_TAKER;BOT_MAKER;VEV_6000;XIRECS;1.0;4
25200;BOT_MAKER;BOT_TAKER;HYDROGEL_PACK;XIRECS;9968.0;5
25300;BOT_MAKER;BOT_TAKER;HYDROGEL_PACK;XIRECS;9967.0;6
25400;BOT_MAKER;BOT_TAKER;HYDROGEL_PACK;XIRECS;9967.0;4
25500;BOT_TAKER;BOT_MAKER;VELVETFRUIT_EXTRACT;XIRECS;5270.0;4
25500;BOT_TAKER;BOT_MAKER;VEV_6500;XIRECS;1.0;5
25600;BOT_MAKER;BOT_TAKER;HYDROGEL_PACK;XIRECS;9964.0;2
25600;BOT_MAKER;BOT_TAKER;VEV_5500;XIRECS;7.0;4
25700;BOT_TAKER;BOT_MAKER;VELVETFRUIT_EXTRACT;XIRECS;5269.0;7
25800;BOT_MAKER;BOT_TAKER;HYDROGEL_PACK;XIRECS;9970.0;6
25800;BOT_MAKER;BOT_TAKER;VEV_6000;XIRECS;0.0;2
25900;BOT_MAKER;BOT_TAKER;VELVETFRUIT_EXTRACT;XIRECS;5261.0;3
25900;BOT_MAKER;BOT_TAKER;VEV_6000;XIRECS;0.0;2
26000;BOT_MAKER;BOT_TAKER;HYDROGEL_PACK;XIRECS;9967.0;3
26000;BOT_TAKER;BOT_MAKER;VEV_6500;XIRECS;1.0;4
26100;BOT_MAKER;BOT_TAKER;VEV_5500;XIRECS;7.0;3
26200;BOT_TAKER;BOT_MAKER;VELVETFRUIT_EXTRACT;XIRECS;5268.0;7
26200;BOT_TAKER;BOT_MAKER;VEV_5400;XIRECS;17.0;4
26300;BOT_TAKER;BOT_MAKER;HYDROGEL_PACK;XIRECS;9983.0;4
26400;BOT_MAKER;BOT_TAKER;VELVETFRUIT_EXTRACT;XIRECS;5263.0;4
26400;BOT_MAKER;BOT_TAKER;VEV_4000;XIRECS;1240.0;3
26400;BOT_MAKER;BOT_TAKER;VEV_6500;XIRECS;0.0;3
26600;BOT_MAKER;BOT_TAKER;VELVETFRUIT_EXTRACT;XIRECS;5266.0;4
26600;BOT_TAKER;BOT_MAKER;VEV_4000;XIRECS;1260.0;2
26700;BOT_MAKER;BOT_TAKER;VELVETFRUIT_EXTRACT;XIRECS;5267.0;3
26800;BOT_MAKER;BOT_TAKER;VEV_6500;XIRECS;0.0;2
26900;BOT_MAKER;BOT_TAKER;HYDROGEL_PACK;XIRECS;9972.0;6
26900;BOT_TAKER;BOT_MAKER;VELVETFRUIT_EXTRACT;XIRECS;5273.0;3
26900;BOT_TAKER;BOT_MAKER;VEV_6500;XIRECS;1.0;2
27000;BOT_TAKER;BOT_MAKER;HYDROGEL_PACK;XIRECS;9989.0;6
27000;BOT_TAKER;BOT_MAKER;VELVETFRUIT_EXTRACT;XIRECS;5274.0;8
27100;BOT_MAKER;BOT_TAKER;VELVETFRUIT_EXTRACT;XIRECS;5267.0;9
27200;BOT_TAKER;BOT_MAKER;VELVETFRUIT_EXTRACT;XIRECS;5272.0;7
27300;BOT_TAKER;BOT_MAKER;VELVETFRUIT_EXTRACT;XIRECS;5273.0;8
27300;BOT_MAKER;BOT_TAKER;VELVETFRUIT_EXTRACT;XIRECS;5267.0;8
27400;BOT_TAKER;BOT_MAKER;HYDROGEL_PACK;XIRECS;9994.0;6
27400;BOT_TAKER;BOT_MAKER;VEV_4000;XIRECS;1259.0;1
27500;BOT_TAKER;BOT_MAKER;VELVETFRUIT_EXTRACT;XIRECS;5272.0;5
27500;BOT_MAKER;BOT_TAKER;VEV_4000;XIRECS;1238.0;1
27500;BOT_MAKER;BOT_TAKER;VEV_5500;XIRECS;7.0;4
27600;BOT_MAKER;BOT_TAKER;VEV_6500;XIRECS;0.0;2
27700;BOT_TAKER;BOT_MAKER;HYDROGEL_PACK;XIRECS;9999.0;4
27700;BOT_TAKER;BOT_MAKER;VELVETFRUIT_EXTRACT;XIRECS;5270.0;8
27900;BOT_MAKER;BOT_TAKER;VELVETFRUIT_EXTRACT;XIRECS;5265.0;5
28000;BOT_TAKER;BOT_MAKER;HYDROGEL_PACK;XIRECS;9995.0;3
28100;BOT_MAKER;BOT_TAKER;HYDROGEL_PACK;XIRECS;9977.0;6
28100;BOT_MAKER;BOT_TAKER;VELVETFRUIT_EXTRACT;XIRECS;5267.0;3
28200;BOT_MAKER;BOT_TAKER;VELVETFRUIT_EXTRACT;XIRECS;5268.0;3
28300;BOT_TAKER;BOT_MAKER;HYDROGEL_PACK;XIRECS;9992.0;5
28300;BOT_MAKER;BOT_TAKER;VEV_6000;XIRECS;0.0;4
28500;BOT_MAKER;BOT_TAKER;VEV_6000;XIRECS;0.0;2
28600;BOT_MAKER;BOT_TAKER;VELVETFRUIT_EXTRACT;XIRECS;5266.0;8
28600;BOT_MAKER;BOT_TAKER;VEV_6000;XIRECS;0.0;5
28800;BOT_TAKER;BOT_MAKER;VELVETFRUIT_EXTRACT;XIRECS;5273.0;8
28800;BOT_MAKER;BOT_TAKER;VEV_5400;XIRECS;16.0;2
29000;BOT_MAKER;BOT_TAKER;VELVETFRUIT_EXTRACT;XIRECS;5270.0;8
29000;BOT_TAKER;BOT_MAKER;VEV_5500;XIRECS;8.0;2
29100;BOT_MAKER;BOT_TAKER;VELVETFRUIT_EXTRACT;XIRECS;5271.0;5
29200;BOT_MAKER;BOT_TAKER;VELVETFRUIT_EXTRACT;XIRECS;5270.0;6
29200;BOT_TAKER;BOT_MAKER;VEV_5300;XIRECS;48.0;1
29300;BOT_MAKER;BOT_TAKER;HYDROGEL_PACK;XIRECS;9978.0;6
29300;BOT_MAKER;BOT_TAKER;VELVETFRUIT_EXTRACT;XIRECS;5272.0;8
29300;BOT_MAKER;BOT_TAKER;VEV_6000;XIRECS;0.0;5
29300;BOT_TAKER;BOT_MAKER;VEV_6500;XIRECS;1.0;4
29400;BOT_MAKER;BOT_TAKER;VELVETFRUIT_EXTRACT;XIRECS;5273.0;3
29400;BOT_MAKER;BOT_TAKER;VEV_5400;XIRECS;15.0;5
29500;BOT_MAKER;BOT_TAKER;VELVETFRUIT_EXTRACT;XIRECS;5273.0;8
29600;BOT_MAKER;BOT_TAKER;VELVETFRUIT_EXTRACT;XIRECS;5273.0;7
29600;BOT_MAKER;BOT_TAKER;VEV_4000;XIRECS;1234.0;1
29600;BOT_TAKER;BOT_MAKER;VEV_5500;XIRECS;8.0;5
29600;BOT_TAKER;BOT_MAKER;VEV_6500;XIRECS;1.0;4
29700;BOT_TAKER;BOT_MAKER;VELVETFRUIT_EXTRACT;XIRECS;5279.0;8
29800;BOT_TAKER;BOT_MAKER;VELVETFRUIT_EXTRACT;XIRECS;5280.0;8
30100;BOT_MAKER;BOT_TAKER;VELVETFRUIT_EXTRACT;XIRECS;5272.0;6
30100;BOT_MAKER;BOT_TAKER;VEV_5500;XIRECS;6.0;5
30200;BOT_MAKER;BOT_TAKER;HYDROGEL_PACK;XIRECS;9974.0;6
30400;BOT_TAKER;BOT_MAKER;HYDROGEL_PACK;XIRECS;9985.0;5
30400;BOT_MAKER;BOT_TAKER;VELVETFRUIT_EXTRACT;XIRECS;5275.0;3
30400;BOT_MAKER;BOT_TAKER;VEV_6500;XIRECS;0.0;4
30500;BOT_TAKER;BOT_MAKER;HYDROGEL_PACK;XIRECS;9987.0;3
30600;BOT_TAKER;BOT_MAKER;HYDROGEL_PACK;XIRECS;9985.0;4
30600;BOT_MAKER;BOT_TAKER;VELVETFRUIT_EXTRACT;XIRECS;5271.0;8
30700;BOT_TAKER;BOT_MAKER;HYDROGEL_PACK;XIRECS;9985.0;2
30700;BOT_TAKER;BOT_MAKER;VELVETFRUIT_EXTRACT;XIRECS;5277.0;3
30800;BOT_TAKER;BOT_MAKER;VELVETFRUIT_EXTRACT;XIRECS;5276.0;3
30800;BOT_TAKER;BOT_MAKER;VEV_4000;XIRECS;1255.0;2
31200;BOT_MAKER;BOT_TAKER;VEV_6500;XIRECS;0.0;5
31600;BOT_TAKER;BOT_MAKER;VELVETFRUIT_EXTRACT;XIRECS;5278.0;6
31700;BOT_MAKER;BOT_TAKER;HYDROGEL_PACK;XIRECS;9979.0;3
31800;BOT_TAKER;BOT_MAKER;VEV_5300;XIRECS;49.0;3
31900;BOT_TAKER;BOT_MAKER;HYDROGEL_PACK;XIRECS;9994.0;3
31900;BOT_TAKER;BOT_MAKER;VEV_6000;XIRECS;1.0;3
32000;BOT_TAKER;BOT_MAKER;HYDROGEL_PACK;XIRECS;9995.0;4
32100;BOT_MAKER;BOT_TAKER;HYDROGEL_PACK;XIRECS;9974.0;4
32100;BOT_MAKER;BOT_TAKER;VEV_5400;XIRECS;13.0;5
32100;BOT_TAKER;BOT_MAKER;VEV_6500;XIRECS;1.0;2
32300;BOT_TAKER;BOT_MAKER;VELVETFRUIT_EXTRACT;XIRECS;5277.0;4
32400;BOT_TAKER;BOT_MAKER;VELVETFRUIT_EXTRACT;XIRECS;5276.0;7
32600;BOT_MAKER;BOT_TAKER;HYDROGEL_PACK;XIRECS;9977.0;2
32600;BOT_TAKER;BOT_MAKER;VEV_4000;XIRECS;1250.0;1
32600;BOT_MAKER;BOT_TAKER;VEV_6500;XIRECS;0.0;5
32800;BOT_TAKER;BOT_MAKER;HYDROGEL_PACK;XIRECS;9990.0;5
32900;BOT_TAKER;BOT_MAKER;VEV_6500;XIRECS;1.0;2
33000;BOT_MAKER;BOT_TAKER;VEV_5500;XIRECS;6.0;5
33000;BOT_TAKER;BOT_MAKER;VEV_6500;XIRECS;1.0;3
33100;BOT_TAKER;BOT_MAKER;HYDROGEL_PACK;XIRECS;9989.0;6
33100;BOT_MAKER;BOT_TAKER;VELVETFRUIT_EXTRACT;XIRECS;5271.0;5
33100;BOT_TAKER;BOT_MAKER;VEV_4000;XIRECS;1250.0;1
33300;BOT_TAKER;BOT_MAKER;VELVETFRUIT_EXTRACT;XIRECS;5276.0;7
33400;BOT_TAKER;BOT_MAKER;HYDROGEL_PACK;XIRECS;9994.0;3
33500;BOT_TAKER;BOT_MAKER;VEV_6000;XIRECS;1.0;4
33600;BOT_TAKER;BOT_MAKER;HYDROGEL_PACK;XIRECS;9996.0;5
33600;BOT_TAKER;BOT_MAKER;VEV_6000;XIRECS;1.0;2
33700;BOT_MAKER;BOT_TAKER;VEV_4000;XIRECS;1228.0;2
33800;BOT_MAKER;BOT_TAKER;HYDROGEL_PACK;XIRECS;9983.0;4
33800;BOT_MAKER;BOT_TAKER;VEV_4000;XIRECS;1229.0;1
33900;BOT_MAKER;BOT_TAKER;VELVETFRUIT_EXTRACT;XIRECS;5275.0;7
33900;BOT_MAKER;BOT_TAKER;VEV_5200;XIRECS;90.0;2
34200;BOT_MAKER;BOT_TAKER;HYDROGEL_PACK;XIRECS;9989.0;4
34300;BOT_MAKER;BOT_TAKER;VELVETFRUIT_EXTRACT;XIRECS;5273.0;3
34400;BOT_MAKER;BOT_TAKER;VELVETFRUIT_EXTRACT;XIRECS;5274.0;3
34500;BOT_TAKER;BOT_MAKER;VELVETFRUIT_EXTRACT;XIRECS;5280.0;4
34500;BOT_MAKER;BOT_TAKER;VEV_5500;XIRECS;6.0;5
34600;BOT_TAKER;BOT_MAKER;HYDROGEL_PACK;XIRECS;10008.0;6
34600;BOT_MAKER;BOT_TAKER;VELVETFRUIT_EXTRACT;XIRECS;5275.0;3
34800;BOT_MAKER;BOT_TAKER;HYDROGEL_PACK;XIRECS;9995.0;6
34800;BOT_MAKER;BOT_TAKER;VEV_4000;XIRECS;1230.0;1
34800;BOT_MAKER;BOT_TAKER;VEV_5500;XIRECS;6.0;5
34900;BOT_MAKER;BOT_TAKER;VELVETFRUIT_EXTRACT;XIRECS;5273.0;7
34900;BOT_MAKER;BOT_TAKER;VELVETFRUIT_EXTRACT;XIRECS;5273.0;6
34900;BOT_MAKER;BOT_TAKER;VEV_4000;XIRECS;1229.0;2
34900;BOT_MAKER;BOT_TAKER;VEV_6000;XIRECS;0.0;5
35000;BOT_MAKER;BOT_TAKER;VELVETFRUIT_EXTRACT;XIRECS;5272.0;8
35000;BOT_TAKER;BOT_MAKER;VEV_6500;XIRECS;1.0;2
35100;BOT_TAKER;BOT_MAKER;VEV_4000;XIRECS;1250.0;1
35100;BOT_TAKER;BOT_MAKER;VEV_5300;XIRECS;49.0;3
35200;BOT_TAKER;BOT_MAKER;HYDROGEL_PACK;XIRECS;10012.0;5
35300;BOT_MAKER;BOT_TAKER;VELVETFRUIT_EXTRACT;XIRECS;5271.0;8
35300;BOT_TAKER;BOT_MAKER;VEV_4000;XIRECS;1249.0;2
35300;BOT_MAKER;BOT_TAKER;VEV_5500;XIRECS;6.0;2
35300;BOT_MAKER;BOT_TAKER;VEV_6000;XIRECS;0.0;2
35500;BOT_MAKER;BOT_TAKER;VELVETFRUIT_EXTRACT;XIRECS;5270.0;5
35500;BOT_MAKER;BOT_TAKER;VEV_5300;XIRECS;48.0;5
35700;BOT_TAKER;BOT_MAKER;HYDROGEL_PACK;XIRECS;10015.0;5
35700;BOT_TAKER;BOT_MAKER;VELVETFRUIT_EXTRACT;XIRECS;5274.0;7
35900;BOT_MAKER;BOT_TAKER;VEV_4000;XIRECS;1228.0;3
35900;BOT_TAKER;BOT_MAKER;VEV_6000;XIRECS;1.0;5
36000;BOT_MAKER;BOT_TAKER;VELVETFRUIT_EXTRACT;XIRECS;5268.0;8
36100;BOT_TAKER;BOT_MAKER;HYDROGEL_PACK;XIRECS;10003.0;4
36200;BOT_TAKER;BOT_MAKER;HYDROGEL_PACK;XIRECS;10005.0;5
36200;BOT_TAKER;BOT_MAKER;VEV_5300;XIRECS;51.0;4
36300;BOT_TAKER;BOT_MAKER;HYDROGEL_PACK;XIRECS;10008.0;3
36300;BOT_TAKER;BOT_MAKER;VELVETFRUIT_EXTRACT;XIRECS;5271.0;5
36300;BOT_MAKER;BOT_TAKER;VEV_5300;XIRECS;49.0;4
36400;BOT_TAKER;BOT_MAKER;HYDROGEL_PACK;XIRECS;10008.0;3
36500;BOT_MAKER;BOT_TAKER;HYDROGEL_PACK;XIRECS;9989.0;3
36500;BOT_MAKER;BOT_TAKER;VELVETFRUIT_EXTRACT;XIRECS;5265.0;3
36500;BOT_TAKER;BOT_MAKER;VEV_5400;XIRECS;15.0;5
36700;BOT_TAKER;BOT_MAKER;HYDROGEL_PACK;XIRECS;10014.0;3
36800;BOT_TAKER;BOT_MAKER;VELVETFRUIT_EXTRACT;XIRECS;5269.0;8
36900;BOT_TAKER;BOT_MAKER;HYDROGEL_PACK;XIRECS;10011.0;6
36900;BOT_TAKER;BOT_MAKER;VELVETFRUIT_EXTRACT;XIRECS;5269.0;8
36900;BOT_TAKER;BOT_MAKER;VEV_5500;XIRECS;7.0;5
37000;BOT_TAKER;BOT_MAKER;HYDROGEL_PACK;XIRECS;10012.0;3
37100;BOT_MAKER;BOT_TAKER;VELVETFRUIT_EXTRACT;XIRECS;5262.0;6
37100;BOT_TAKER;BOT_MAKER;VEV_5500;XIRECS;7.0;4
37200;BOT_MAKER;BOT_TAKER;HYDROGEL_PACK;XIRECS;9992.0;4
37400;BOT_MAKER;BOT_TAKER;HYDROGEL_PACK;XIRECS;9993.0;6
37400;BOT_MAKER;BOT_TAKER;VELVETFRUIT_EXTRACT;XIRECS;5263.0;7
37400;BOT_TAKER;BOT_MAKER;VEV_5400;XIRECS;16.0;5
37500;BOT_TAKER;BOT_MAKER;VELVETFRUIT_EXTRACT;XIRECS;5270.0;3
37500;BOT_TAKER;BOT_MAKER;VEV_5500;XIRECS;7.0;5
37700;BOT_TAKER;BOT_MAKER;HYDROGEL_PACK;XIRECS;10008.0;2
37700;BOT_MAKER;BOT_TAKER;VELVETFRUIT_EXTRACT;XIRECS;5266.0;7
37900;BOT_MAKER;BOT_TAKER;VELVETFRUIT_EXTRACT;XIRECS;5264.0;4
38100;BOT_MAKER;BOT_TAKER;VELVETFRUIT_EXTRACT;XIRECS;5264.0;5
38200;BOT_TAKER;BOT_MAKER;HYDROGEL_PACK;XIRECS;10004.0;5
38200;BOT_MAKER;BOT_TAKER;VELVETFRUIT_EXTRACT;XIRECS;5266.0;7
38200;BOT_TAKER;BOT_MAKER;VEV_5400;XIRECS;16.0;2
38400;BOT_MAKER;BOT_TAKER;VELVETFRUIT_EXTRACT;XIRECS;5266.0;3
38400;BOT_TAKER;BOT_MAKER;VEV_5400;XIRECS;15.0;2
38400;BOT_MAKER;BOT_TAKER;VEV_6500;XIRECS;0.0;3
38500;BOT_TAKER;BOT_MAKER;HYDROGEL_PACK;XIRECS;10003.0;6
38600;BOT_TAKER;BOT_MAKER;VEV_6000;XIRECS;1.0;2
38700;BOT_TAKER;BOT_MAKER;HYDROGEL_PACK;XIRECS;10002.0;6
38700;BOT_MAKER;BOT_TAKER;VELVETFRUIT_EXTRACT;XIRECS;5265.0;6
38900;BOT_TAKER;BOT_MAKER;VELVETFRUIT_EXTRACT;XIRECS;5272.0;7
39000;BOT_TAKER;BOT_MAKER;VEV_5500;XIRECS;7.0;4
39000;BOT_MAKER;BOT_TAKER;VEV_6000;XIRECS;0.0;4
39100;BOT_TAKER;BOT_MAKER;VELVETFRUIT_EXTRACT;XIRECS;5270.0;8
39100;BOT_MAKER;BOT_TAKER;VEV_6500;XIRECS;0.0;2
39200;BOT_TAKER;BOT_MAKER;VEV_5500;XIRECS;7.0;5
39300;BOT_MAKER;BOT_TAKER;HYDROGEL_PACK;XIRECS;9984.0;5
39300;BOT_MAKER;BOT_TAKER;VELVETFRUIT_EXTRACT;XIRECS;5264.0;5
39400;BOT_MAKER;BOT_TAKER;HYDROGEL_PACK;XIRECS;9985.0;6
39400;BOT_MAKER;BOT_TAKER;VELVETFRUIT_EXTRACT;XIRECS;5263.0;5
39600;BOT_TAKER;BOT_MAKER;VELVETFRUIT_EXTRACT;XIRECS;5270.0;6
39800;BOT_TAKER;BOT_MAKER;HYDROGEL_PACK;XIRECS;9999.0;5
39800;BOT_TAKER;BOT_MAKER;VELVETFRUIT_EXTRACT;XIRECS;5269.0;8
39800;BOT_TAKER;BOT_MAKER;VEV_4000;XIRECS;1236.0;3
39900;BOT_TAKER;BOT_MAKER;VELVETFRUIT_EXTRACT;XIRECS;5270.0;8
40000;BOT_TAKER;BOT_MAKER;HYDROGEL_PACK;XIRECS;9997.0;6
40100;BOT_MAKER;BOT_TAKER;HYDROGEL_PACK;XIRECS;9983.0;4
40100;BOT_MAKER;BOT_TAKER;VEV_6000;XIRECS;0.0;4
40200;BOT_TAKER;BOT_MAKER;HYDROGEL_PACK;XIRECS;10000.0;5
40200;BOT_MAKER;BOT_TAKER;VELVETFRUIT_EXTRACT;XIRECS;5266.0;8
40200;BOT_TAKER;BOT_MAKER;VEV_4000;XIRECS;1236.0;1
40300;BOT_MAKER;BOT_TAKER;HYDROGEL_PACK;XIRECS;9984.0;6
40300;BOT_TAKER;BOT_MAKER;VELVETFRUIT_EXTRACT;XIRECS;5269.0;4
40300;BOT_TAKER;BOT_MAKER;VEV_6000;XIRECS;1.0;5
40400;BOT_MAKER;BOT_TAKER;HYDROGEL_PACK;XIRECS;9983.0;6
40400;BOT_TAKER;BOT_MAKER;HYDROGEL_PACK;XIRECS;9999.0;3
40400;BOT_TAKER;BOT_MAKER;VEV_4000;XIRECS;1234.0;1
40500;BOT_MAKER;BOT_TAKER;VELVETFRUIT_EXTRACT;XIRECS;5264.0;8
40600;BOT_TAKER;BOT_MAKER;VELVETFRUIT_EXTRACT;XIRECS;5270.0;5
40600;BOT_TAKER;BOT_MAKER;VEV_5300;XIRECS;53.0;5
40700;BOT_TAKER;BOT_MAKER;HYDROGEL_PACK;XIRECS;9993.0;4
40700;BOT_TAKER;BOT_MAKER;VELVETFRUIT_EXTRACT;XIRECS;5270.0;6
40700;BOT_TAKER;BOT_MAKER;VELVETFRUIT_EXTRACT;XIRECS;5270.0;8
40800;BOT_MAKER;BOT_TAKER;VELVETFRUIT_EXTRACT;XIRECS;5264.0;5
40800;BOT_TAKER;BOT_MAKER;VEV_4000;XIRECS;1234.0;2
40900;BOT_TAKER;BOT_MAKER;VEV_5500;XIRECS;7.0;3
41000;BOT_MAKER;BOT_TAKER;VELVETFRUIT_EXTRACT;XIRECS;5263.0;4
41000;BOT_TAKER;BOT_MAKER;VEV_6500;XIRECS;1.0;4
41100;BOT_MAKER;BOT_TAKER;VELVETFRUIT_EXTRACT;XIRECS;5263.0;6
41200;BOT_MAKER;BOT_TAKER;HYDROGEL_PACK;XIRECS;9975.0;5
41300;BOT_TAKER;BOT_MAKER;VELVETFRUIT_EXTRACT;XIRECS;5268.0;10
41500;BOT_TAKER;BOT_MAKER;HYDROGEL_PACK;XIRECS;9992.0;4
41500;BOT_TAKER;BOT_MAKER;VELVETFRUIT_EXTRACT;XIRECS;5270.0;8
41500;BOT_TAKER;BOT_MAKER;VEV_5300;XIRECS;51.0;5
41500;BOT_TAKER;BOT_MAKER;VEV_6500;XIRECS;1.0;2
41600;BOT_TAKER;BOT_MAKER;VEV_5400;XIRECS;14.0;3
41600;BOT_TAKER;BOT_MAKER;VEV_5500;XIRECS;7.0;2
41700;BOT_TAKER;BOT_MAKER;VELVETFRUIT_EXTRACT;XIRECS;5271.0;4
41800;BOT_MAKER;BOT_TAKER;VEV_5500;XIRECS;6.0;5
41900;BOT_TAKER;BOT_MAKER;HYDROGEL_PACK;XIRECS;9991.0;4
41900;BOT_MAKER;BOT_TAKER;VELVETFRUIT_EXTRACT;XIRECS;5266.0;3
42000;BOT_TAKER;BOT_MAKER;HYDROGEL_PACK;XIRECS;9993.0;3
42000;BOT_MAKER;BOT_TAKER;VELVETFRUIT_EXTRACT;XIRECS;5268.0;8
42000;BOT_TAKER;BOT_MAKER;VEV_5200;XIRECS;98.0;4
42100;BOT_MAKER;BOT_TAKER;VELVETFRUIT_EXTRACT;XIRECS;5267.0;4
42100;BOT_MAKER;BOT_TAKER;VEV_6000;XIRECS;0.0;3
42200;BOT_TAKER;BOT_MAKER;VELVETFRUIT_EXTRACT;XIRECS;5274.0;7
42200;BOT_TAKER;BOT_MAKER;VELVETFRUIT_EXTRACT;XIRECS;5274.0;7
42200;BOT_MAKER;BOT_TAKER;VEV_4000;XIRECS;1213.0;2
42300;BOT_MAKER;BOT_TAKER;HYDROGEL_PACK;XIRECS;9979.0;2
42700;BOT_MAKER;BOT_TAKER;VELVETFRUIT_EXTRACT;XIRECS;5266.0;8
42700;BOT_MAKER;BOT_TAKER;VEV_6000;XIRECS;0.0;5
42800;BOT_MAKER;BOT_TAKER;VEV_5500;XIRECS;6.0;5
42900;BOT_MAKER;BOT_TAKER;VELVETFRUIT_EXTRACT;XIRECS;5266.0;8
43000;BOT_MAKER;BOT_TAKER;VEV_4000;XIRECS;1216.0;1
43200;BOT_MAKER;BOT_TAKER;VELVETFRUIT_EXTRACT;XIRECS;5264.0;4
43200;BOT_MAKER;BOT_TAKER;VEV_5200;XIRECS;96.0;1
43300;BOT_TAKER;BOT_MAKER;VELVETFRUIT_EXTRACT;XIRECS;5270.0;7
43300;BOT_TAKER;BOT_MAKER;VEV_5300;XIRECS;51.0;4
43500;BOT_TAKER;BOT_MAKER;HYDROGEL_PACK;XIRECS;10000.0;6
43500;BOT_MAKER;BOT_TAKER;VEV_6500;XIRECS;0.0;3
43600;BOT_TAKER;BOT_MAKER;HYDROGEL_PACK;XIRECS;10001.0;3
43700;BOT_TAKER;BOT_MAKER;HYDROGEL_PACK;XIRECS;9999.0;3
43700;BOT_MAKER;BOT_TAKER;HYDROGEL_PACK;XIRECS;9983.0;4
43900;BOT_MAKER;BOT_TAKER;HYDROGEL_PACK;XIRECS;9982.0;5
44000;BOT_MAKER;BOT_TAKER;HYDROGEL_PACK;XIRECS;9982.0;5
44400;BOT_MAKER;BOT_TAKER;HYDROGEL_PACK;XIRECS;9983.0;6
44400;BOT_TAKER;BOT_MAKER;VEV_5500;XIRECS;7.0;2
44500;BOT_MAKER;BOT_TAKER;VEV_4000;XIRECS;1222.0;2
44600;BOT_TAKER;BOT_MAKER;VEV_4000;XIRECS;1243.0;1
44700;BOT_TAKER;BOT_MAKER;HYDROGEL_PACK;XIRECS;9998.0;6
44800;BOT_TAKER;BOT_MAKER;VELVETFRUIT_EXTRACT;XIRECS;5267.0;5
44800;BOT_TAKER;BOT_MAKER;VEV_5500;XIRECS;7.0;4
44900;BOT_MAKER;BOT_TAKER;VELVETFRUIT_EXTRACT;XIRECS;5260.0;10
45000;BOT_TAKER;BOT_MAKER;VELVETFRUIT_EXTRACT;XIRECS;5265.0;8
45000;BOT_MAKER;BOT_TAKER;VEV_5500;XIRECS;6.0;2
45200;BOT_TAKER;BOT_MAKER;VELVETFRUIT_EXTRACT;XIRECS;5267.0;4
45200;BOT_MAKER;BOT_TAKER;VEV_5400;XIRECS;15.0;3
45200;BOT_MAKER;BOT_TAKER;VEV_5400;XIRECS;14.0;1
45200;BOT_MAKER;BOT_TAKER;VEV_5500;XIRECS;6.0;3
45400;BOT_MAKER;BOT_TAKER;VELVETFRUIT_EXTRACT;XIRECS;5261.0;5
45500;BOT_MAKER;BOT_TAKER;VELVETFRUIT_EXTRACT;XIRECS;5260.0;7
45600;BOT_MAKER;BOT_TAKER;VEV_5500;XIRECS;6.0;3
45800;BOT_MAKER;BOT_TAKER;VEV_4000;XIRECS;1225.0;2
46000;BOT_TAKER;BOT_MAKER;HYDROGEL_PACK;XIRECS;9997.0;4
46000;BOT_TAKER;BOT_MAKER;VELVETFRUIT_EXTRACT;XIRECS;5264.0;4
46000;BOT_MAKER;BOT_TAKER;VELVETFRUIT_EXTRACT;XIRECS;5259.0;8
46000;BOT_MAKER;BOT_TAKER;VEV_6000;XIRECS;0.0;3
46200;BOT_TAKER;BOT_MAKER;HYDROGEL_PACK;XIRECS;9998.0;3
46200;BOT_MAKER;BOT_TAKER;VELVETFRUIT_EXTRACT;XIRECS;5257.0;4
46200;BOT_MAKER;BOT_TAKER;VEV_4000;XIRECS;1224.0;1
46200;BOT_MAKER;BOT_TAKER;VEV_6500;XIRECS;0.0;5
46300;BOT_MAKER;BOT_TAKER;VELVETFRUIT_EXTRACT;XIRECS;5258.0;3
46300;BOT_MAKER;BOT_TAKER;VEV_5500;XIRECS;5.0;5
46300;BOT_TAKER;BOT_MAKER;VEV_6000;XIRECS;1.0;2
46400;BOT_TAKER;BOT_MAKER;VEV_6500;XIRECS;1.0;2
46500;BOT_MAKER;BOT_TAKER;VELVETFRUIT_EXTRACT;XIRECS;5258.0;10
46600;BOT_MAKER;BOT_TAKER;VEV_6000;XIRECS;0.0;5
46700;BOT_TAKER;BOT_MAKER;VELVETFRUIT_EXTRACT;XIRECS;5267.0;7
46800;BOT_MAKER;BOT_TAKER;VELVETFRUIT_EXTRACT;XIRECS;5263.0;11
46900;BOT_TAKER;BOT_MAKER;VELVETFRUIT_EXTRACT;XIRECS;5269.0;3
47000;BOT_TAKER;BOT_MAKER;VELVETFRUIT_EXTRACT;XIRECS;5269.0;3
47000;BOT_MAKER;BOT_TAKER;VEV_4000;XIRECS;1222.0;3
47200;BOT_MAKER;BOT_TAKER;VEV_5300;XIRECS;54.0;2
47200;BOT_TAKER;BOT_MAKER;VEV_5500;XIRECS;7.0;4
47300;BOT_TAKER;BOT_MAKER;VELVETFRUIT_EXTRACT;XIRECS;5271.0;7
47400;BOT_MAKER;BOT_TAKER;VELVETFRUIT_EXTRACT;XIRECS;5268.0;4
47500;BOT_TAKER;BOT_MAKER;VEV_5300;XIRECS;56.0;2
47600;BOT_MAKER;BOT_TAKER;VELVETFRUIT_EXTRACT;XIRECS;5267.0;3
47600;BOT_MAKER;BOT_TAKER;VEV_6000;XIRECS;0.0;4
47700;BOT_MAKER;BOT_TAKER;HYDROGEL_PACK;XIRECS;9977.0;2
47800;BOT_TAKER;BOT_MAKER;HYDROGEL_PACK;XIRECS;9990.0;2
47900;BOT_TAKER;BOT_MAKER;HYDROGEL_PACK;XIRECS;9990.0;6
47900;BOT_MAKER;BOT_TAKER;VELVETFRUIT_EXTRACT;XIRECS;5268.0;7
48000;BOT_TAKER;BOT_MAKER;VELVETFRUIT_EXTRACT;XIRECS;5274.0;8
48100;BOT_MAKER;BOT_TAKER;VEV_4000;XIRECS;1217.0;1
48100;BOT_TAKER;BOT_MAKER;VEV_6000;XIRECS;1.0;5
48300;BOT_MAKER;BOT_TAKER;HYDROGEL_PACK;XIRECS;9978.0;4
48300;BOT_TAKER;BOT_MAKER;VEV_4000;XIRECS;1237.0;1
48300;BOT_MAKER;BOT_TAKER;VEV_5300;XIRECS;55.0;3
48300;BOT_MAKER;BOT_TAKER;VEV_5500;XIRECS;5.0;4
48400;BOT_MAKER;BOT_TAKER;VELVETFRUIT_EXTRACT;XIRECS;5267.0;4
48400;BOT_TAKER;BOT_MAKER;VEV_5400;XIRECS;18.0;4
48500;BOT_MAKER;BOT_TAKER;HYDROGEL_PACK;XIRECS;9981.0;3
48500;BOT_TAKER;BOT_MAKER;VEV_5500;XIRECS;6.0;4
48700;BOT_MAKER;BOT_TAKER;VEV_5400;XIRECS;16.0;2
48900;BOT_MAKER;BOT_TAKER;VELVETFRUIT_EXTRACT;XIRECS;5263.0;12
49000;BOT_TAKER;BOT_MAKER;VELVETFRUIT_EXTRACT;XIRECS;5268.0;6
49000;BOT_MAKER;BOT_TAKER;VEV_5500;XIRECS;5.0;4
49100;BOT_TAKER;BOT_MAKER;HYDROGEL_PACK;XIRECS;9999.0;4
49100;BOT_TAKER;BOT_MAKER;VELVETFRUIT_EXTRACT;XIRECS;5270.0;5
49100;BOT_TAKER;BOT_MAKER;VEV_6500;XIRECS;1.0;5
49200;BOT_TAKER;BOT_MAKER;HYDROGEL_PACK;XIRECS;9999.0;2
49200;BOT_MAKER;BOT_TAKER;VELVETFRUIT_EXTRACT;XIRECS;5265.0;7
49200;BOT_TAKER;BOT_MAKER;VEV_5500;XIRECS;7.0;5
49300;BOT_TAKER;BOT_MAKER;VELVETFRUIT_EXTRACT;XIRECS;5269.0;7
49300;BOT_TAKER;BOT_MAKER;VEV_5300;XIRECS;56.0;4
49300;BOT_TAKER;BOT_MAKER;VEV_5500;XIRECS;7.0;4
49700;BOT_MAKER;BOT_TAKER;VELVETFRUIT_EXTRACT;XIRECS;5264.0;5
49800;BOT_MAKER;BOT_TAKER;VELVETFRUIT_EXTRACT;XIRECS;5265.0;4
49900;BOT_TAKER;BOT_MAKER;HYDROGEL_PACK;XIRECS;9997.0;6
49900;BOT_MAKER;BOT_TAKER;VEV_5500;XIRECS;5.0;5
50000;BOT_TAKER;BOT_MAKER;HYDROGEL_PACK;XIRECS;9998.0;2
50000;BOT_MAKER;BOT_TAKER;VELVETFRUIT_EXTRACT;XIRECS;5269.0;7
50200;BOT_TAKER;BOT_MAKER;HYDROGEL_PACK;XIRECS;9998.0;6
50300;BOT_MAKER;BOT_TAKER;HYDROGEL_PACK;XIRECS;9980.0;5
50500;BOT_MAKER;BOT_TAKER;VELVETFRUIT_EXTRACT;XIRECS;5270.0;8
50500;BOT_TAKER;BOT_MAKER;VEV_4000;XIRECS;1235.0;1
50500;BOT_MAKER;BOT_TAKER;VEV_5500;XIRECS;5.0;3
50500;BOT_MAKER;BOT_TAKER;VEV_6500;XIRECS;0.0;4
50700;BOT_MAKER;BOT_TAKER;HYDROGEL_PACK;XIRECS;9978.0;5
50800;BOT_MAKER;BOT_TAKER;VELVETFRUIT_EXTRACT;XIRECS;5269.0;4
50900;BOT_MAKER;BOT_TAKER;VEV_4000;XIRECS;1215.0;1
50900;BOT_MAKER;BOT_TAKER;VEV_6500;XIRECS;0.0;4
51000;BOT_MAKER;BOT_TAKER;VELVETFRUIT_EXTRACT;XIRECS;5273.0;5
51000;BOT_MAKER;BOT_TAKER;VEV_6000;XIRECS;0.0;2
51100;BOT_TAKER;BOT_MAKER;HYDROGEL_PACK;XIRECS;9994.0;4
51200;BOT_MAKER;BOT_TAKER;HYDROGEL_PACK;XIRECS;9979.0;6
51200;BOT_TAKER;BOT_MAKER;VELVETFRUIT_EXTRACT;XIRECS;5279.0;8
51200;BOT_MAKER;BOT_TAKER;VEV_5400;XIRECS;15.0;2
51300;BOT_MAKER;BOT_TAKER;VELVETFRUIT_EXTRACT;XIRECS;5271.0;7
51400;BOT_TAKER;BOT_MAKER;HYDROGEL_PACK;XIRECS;9993.0;5
51400;BOT_MAKER;BOT_TAKER;VEV_5500;XIRECS;5.0;2
51600;BOT_TAKER;BOT_MAKER;HYDROGEL_PACK;XIRECS;9993.0;5
51800;BOT_MAKER;BOT_TAKER;HYDROGEL_PACK;XIRECS;9978.0;3
51800;BOT_TAKER;BOT_MAKER;VEV_4000;XIRECS;1237.0;1
51900;BOT_TAKER;BOT_MAKER;HYDROGEL_PACK;XIRECS;9993.0;4
51900;BOT_TAKER;BOT_MAKER;VELVETFRUIT_EXTRACT;XIRECS;5273.0;4
52000;BOT_MAKER;BOT_TAKER;HYDROGEL_PACK;XIRECS;9979.0;5
52100;BOT_TAKER;BOT_MAKER;HYDROGEL_PACK;XIRECS;10001.0;3
52200;BOT_MAKER;BOT_TAKER;VELVETFRUIT_EXTRACT;XIRECS;5268.0;8
52200;BOT_MAKER;BOT_TAKER;VEV_6500;XIRECS;0.0;4
52400;BOT_MAKER;BOT_TAKER;HYDROGEL_PACK;XIRECS;9988.0;4
52500;BOT_MAKER;BOT_TAKER;VELVETFRUIT_EXTRACT;XIRECS;5269.0;7
52600;BOT_MAKER;BOT_TAKER;VELVETFRUIT_EXTRACT;XIRECS;5269.0;6
52800;BOT_TAKER;BOT_MAKER;VELVETFRUIT_EXTRACT;XIRECS;5271.0;7
52900;BOT_TAKER;BOT_MAKER;VELVETFRUIT_EXTRACT;XIRECS;5272.0;5
53100;BOT_MAKER;BOT_TAKER;HYDROGEL_PACK;XIRECS;9991.0;4
53200;BOT_TAKER;BOT_MAKER;VEV_6500;XIRECS;1.0;5
53300;BOT_MAKER;BOT_TAKER;VELVETFRUIT_EXTRACT;XIRECS;5268.0;4
53400;BOT_TAKER;BOT_MAKER;HYDROGEL_PACK;XIRECS;10003.0;3
53500;BOT_TAKER;BOT_MAKER;VEV_4000;XIRECS;1234.0;2
53700;BOT_TAKER;BOT_MAKER;VEV_6000;XIRECS;1.0;4
53800;BOT_MAKER;BOT_TAKER;HYDROGEL_PACK;XIRECS;9983.0;4
53800;BOT_TAKER;BOT_MAKER;VEV_5400;XIRECS;16.0;4
53800;BOT_MAKER;BOT_TAKER;VEV_6500;XIRECS;0.0;3
53900;BOT_TAKER;BOT_MAKER;HYDROGEL_PACK;XIRECS;9999.0;5
53900;BOT_MAKER;BOT_TAKER;VELVETFRUIT_EXTRACT;XIRECS;5269.0;7
54000;BOT_MAKER;BOT_TAKER;HYDROGEL_PACK;XIRECS;9984.0;6
54100;BOT_MAKER;BOT_TAKER;VEV_5400;XIRECS;15.0;2
54200;BOT_TAKER;BOT_MAKER;VELVETFRUIT_EXTRACT;XIRECS;5271.0;7
54200;BOT_TAKER;BOT_MAKER;VEV_5500;XIRECS;6.0;4
54300;BOT_MAKER;BOT_TAKER;VELVETFRUIT_EXTRACT;XIRECS;5266.0;4
54400;BOT_TAKER;BOT_MAKER;HYDROGEL_PACK;XIRECS;10006.0;5
54500;BOT_TAKER;BOT_MAKER;VELVETFRUIT_EXTRACT;XIRECS;5271.0;5
54500;BOT_TAKER;BOT_MAKER;VEV_4000;XIRECS;1233.0;1
54600;BOT_MAKER;BOT_TAKER;VEV_5500;XIRECS;5.0;4
54700;BOT_TAKER;BOT_MAKER;VEV_6500;XIRECS;1.0;4
54800;BOT_MAKER;BOT_TAKER;VELVETFRUIT_EXTRACT;XIRECS;5265.0;7
54900;BOT_TAKER;BOT_MAKER;VEV_5400;XIRECS;15.0;3
55000;BOT_TAKER;BOT_MAKER;HYDROGEL_PACK;XIRECS;10007.0;4
55300;BOT_MAKER;BOT_TAKER;VELVETFRUIT_EXTRACT;XIRECS;5266.0;6
55300;BOT_MAKER;BOT_TAKER;VEV_6000;XIRECS;0.0;3
55400;BOT_TAKER;BOT_MAKER;VEV_5500;XIRECS;6.0;4
55500;BOT_MAKER;BOT_TAKER;HYDROGEL_PACK;XIRECS;9986.0;6
55500;BOT_TAKER;BOT_MAKER;VEV_4000;XIRECS;1233.0;3
55600;BOT_TAKER;BOT_MAKER;VELVETFRUIT_EXTRACT;XIRECS;5269.0;10
55700;BOT_TAKER;BOT_MAKER;HYDROGEL_PACK;XIRECS;10001.0;5
55700;BOT_MAKER;BOT_TAKER;VELVETFRUIT_EXTRACT;XIRECS;5263.0;7
55800;BOT_MAKER;BOT_TAKER;VEV_6500;XIRECS;0.0;2
55900;BOT_MAKER;BOT_TAKER;VEV_4000;XIRECS;1212.0;2
56000;BOT_TAKER;BOT_MAKER;VELVETFRUIT_EXTRACT;XIRECS;5267.0;12
56100;BOT_TAKER;BOT_MAKER;VELVETFRUIT_EXTRACT;XIRECS;5267.0;12
56300;BOT_TAKER;BOT_MAKER;VEV_6500;XIRECS;1.0;4
56400;BOT_MAKER;BOT_TAKER;HYDROGEL_PACK;XIRECS;9975.0;6
56400;BOT_TAKER;BOT_MAKER;VELVETFRUIT_EXTRACT;XIRECS;5268.0;5
56500;BOT_TAKER;BOT_MAKER;VELVETFRUIT_EXTRACT;XIRECS;5269.0;6
56600;BOT_TAKER;BOT_MAKER;VEV_5400;XIRECS;16.0;3
56800;BOT_MAKER;BOT_TAKER;VEV_5300;XIRECS;58.0;5
56900;BOT_MAKER;BOT_TAKER;VELVETFRUIT_EXTRACT;XIRECS;5266.0;8
57000;BOT_MAKER;BOT_TAKER;HYDROGEL_PACK;XIRECS;9975.0;6
57000;BOT_TAKER;BOT_MAKER;VELVETFRUIT_EXTRACT;XIRECS;5271.0;8
57100;BOT_MAKER;BOT_TAKER;VEV_6000;XIRECS;0.0;2
57200;BOT_MAKER;BOT_TAKER;VEV_6000;XIRECS;0.0;5
57300;BOT_TAKER;BOT_MAKER;HYDROGEL_PACK;XIRECS;9994.0;6
57300;BOT_TAKER;BOT_MAKER;VELVETFRUIT_EXTRACT;XIRECS;5272.0;4
57300;BOT_TAKER;BOT_MAKER;VEV_6500;XIRECS;1.0;5
57600;BOT_MAKER;BOT_TAKER;HYDROGEL_PACK;XIRECS;9977.0;2
57600;BOT_TAKER;BOT_MAKER;VELVETFRUIT_EXTRACT;XIRECS;5271.0;8
57700;BOT_TAKER;BOT_MAKER;VEV_5400;XIRECS;14.0;5
57700;BOT_MAKER;BOT_TAKER;VEV_5500;XIRECS;5.0;4
57800;BOT_TAKER;BOT_MAKER;HYDROGEL_PACK;XIRECS;9989.0;5
57900;BOT_MAKER;BOT_TAKER;HYDROGEL_PACK;XIRECS;9973.0;2
58000;BOT_TAKER;BOT_MAKER;VELVETFRUIT_EXTRACT;XIRECS;5273.0;6
58100;BOT_TAKER;BOT_MAKER;VELVETFRUIT_EXTRACT;XIRECS;5273.0;10
58200;BOT_TAKER;BOT_MAKER;HYDROGEL_PACK;XIRECS;9988.0;3
58200;BOT_MAKER;BOT_TAKER;VEV_4000;XIRECS;1216.0;1
58300;BOT_MAKER;BOT_TAKER;VELVETFRUIT_EXTRACT;XIRECS;5270.0;5
58500;BOT_MAKER;BOT_TAKER;VEV_6000;XIRECS;0.0;4
58600;BOT_MAKER;BOT_TAKER;VEV_5500;XIRECS;5.0;2
58700;BOT_MAKER;BOT_TAKER;HYDROGEL_PACK;XIRECS;9975.0;2
58800;BOT_MAKER;BOT_TAKER;VEV_5400;XIRECS;14.0;2
59000;BOT_TAKER;BOT_MAKER;HYDROGEL_PACK;XIRECS;9986.0;5
59000;BOT_TAKER;BOT_MAKER;VEV_4000;XIRECS;1239.0;3
59300;BOT_TAKER;BOT_MAKER;HYDROGEL_PACK;XIRECS;9981.0;6
59300;BOT_MAKER;BOT_TAKER;VELVETFRUIT_EXTRACT;XIRECS;5268.0;5
59300;BOT_TAKER;BOT_MAKER;VEV_5400;XIRECS;15.0;2
59300;BOT_TAKER;BOT_MAKER;VEV_5400;XIRECS;15.0;2
59400;BOT_MAKER;BOT_TAKER;VELVETFRUIT_EXTRACT;XIRECS;5267.0;5
59400;BOT_MAKER;BOT_TAKER;VEV_5300;XIRECS;62.0;5
59500;BOT_TAKER;BOT_MAKER;VEV_4000;XIRECS;1241.0;1
59500;BOT_MAKER;BOT_TAKER;VEV_5400;XIRECS;15.0;4
59500;BOT_MAKER;BOT_TAKER;VEV_6000;XIRECS;0.0;4
59600;BOT_MAKER;BOT_TAKER;VELVETFRUIT_EXTRACT;XIRECS;5266.0;10
59700;BOT_TAKER;BOT_MAKER;HYDROGEL_PACK;XIRECS;9977.0;3
59700;BOT_TAKER;BOT_MAKER;VELVETFRUIT_EXTRACT;XIRECS;5271.0;8
59800;BOT_MAKER;BOT_TAKER;VEV_6500;XIRECS;0.0;4
59900;BOT_MAKER;BOT_TAKER;HYDROGEL_PACK;XIRECS;9958.0;6
59900;BOT_MAKER;BOT_TAKER;VELVETFRUIT_EXTRACT;XIRECS;5264.0;3
59900;BOT_TAKER;BOT_MAKER;VEV_4000;XIRECS;1242.0;3
60000;BOT_MAKER;BOT_TAKER;HYDROGEL_PACK;XIRECS;9959.0;5
60100;BOT_TAKER;BOT_MAKER;HYDROGEL_PACK;XIRECS;9973.0;2
60100;BOT_TAKER;BOT_MAKER;VELVETFRUIT_EXTRACT;XIRECS;5270.0;5
60200;BOT_TAKER;BOT_MAKER;VELVETFRUIT_EXTRACT;XIRECS;5270.0;3
60300;BOT_TAKER;BOT_MAKER;VEV_6500;XIRECS;1.0;3
60400;BOT_TAKER;BOT_MAKER;HYDROGEL_PACK;XIRECS;9971.0;3
60500;BOT_MAKER;BOT_TAKER;HYDROGEL_PACK;XIRECS;9955.0;3
60500;BOT_MAKER;BOT_TAKER;VEV_4000;XIRECS;1221.0;1
60600;BOT_MAKER;BOT_TAKER;VELVETFRUIT_EXTRACT;XIRECS;5263.0;6
60700;BOT_MAKER;BOT_TAKER;VEV_5500;XIRECS;5.0;2
60700;BOT_TAKER;BOT_MAKER;VEV_6000;XIRECS;1.0;5
60900;BOT_MAKER;BOT_TAKER;VELVETFRUIT_EXTRACT;XIRECS;5261.0;10
61100;BOT_MAKER;BOT_TAKER;HYDROGEL_PACK;XIRECS;9954.0;2
61100;BOT_TAKER;BOT_MAKER;VELVETFRUIT_EXTRACT;XIRECS;5267.0;8
61200;BOT_TAKER;BOT_MAKER;HYDROGEL_PACK;XIRECS;9972.0;6
61200;BOT_MAKER;BOT_TAKER;VEV_4000;XIRECS;1218.0;2
61300;BOT_TAKER;BOT_MAKER;HYDROGEL_PACK;XIRECS;9971.0;3
61300;BOT_MAKER;BOT_TAKER;VELVETFRUIT_EXTRACT;XIRECS;5263.0;6
61300;BOT_TAKER;BOT_MAKER;VEV_6500;XIRECS;1.0;2
61400;BOT_MAKER;BOT_TAKER;HYDROGEL_PACK;XIRECS;9957.0;5
61400;BOT_TAKER;BOT_MAKER;VELVETFRUIT_EXTRACT;XIRECS;5266.0;5
61500;BOT_TAKER;BOT_MAKER;HYDROGEL_PACK;XIRECS;9972.0;4
61500;BOT_MAKER;BOT_TAKER;VELVETFRUIT_EXTRACT;XIRECS;5263.0;5
61600;BOT_TAKER;BOT_MAKER;HYDROGEL_PACK;XIRECS;9973.0;2
61700;BOT_TAKER;BOT_MAKER;VEV_6000;XIRECS;1.0;3
61800;BOT_MAKER;BOT_TAKER;VELVETFRUIT_EXTRACT;XIRECS;5262.0;15
61900;BOT_MAKER;BOT_TAKER;VELVETFRUIT_EXTRACT;XIRECS;5262.0;6
61900;BOT_MAKER;BOT_TAKER;VEV_6000;XIRECS;0.0;4
62200;BOT_MAKER;BOT_TAKER;VEV_6000;XIRECS;0.0;4
62300;BOT_TAKER;BOT_MAKER;HYDROGEL_PACK;XIRECS;9973.0;2
62300;BOT_MAKER;BOT_TAKER;VEV_5500;XIRECS;6.0;5
62400;BOT_TAKER;BOT_MAKER;HYDROGEL_PACK;XIRECS;9973.0;2
62400;BOT_TAKER;BOT_MAKER;VELVETFRUIT_EXTRACT;XIRECS;5270.0;4
62400;BOT_TAKER;BOT_MAKER;VEV_5400;XIRECS;17.0;3
62400;BOT_MAKER;BOT_TAKER;VEV_5400;XIRECS;16.0;4
62500;BOT_MAKER;BOT_TAKER;VELVETFRUIT_EXTRACT;XIRECS;5263.0;14
62600;BOT_MAKER;BOT_TAKER;HYDROGEL_PACK;XIRECS;9951.0;5
62600;BOT_MAKER;BOT_TAKER;VEV_6000;XIRECS;0.0;3
62800;BOT_MAKER;BOT_TAKER;HYDROGEL_PACK;XIRECS;9951.0;3
62800;BOT_TAKER;BOT_MAKER;VELVETFRUIT_EXTRACT;XIRECS;5269.0;5
62900;BOT_TAKER;BOT_MAKER;VELVETFRUIT_EXTRACT;XIRECS;5269.0;6
62900;BOT_MAKER;BOT_TAKER;VEV_6500;XIRECS;0.0;5
63000;BOT_MAKER;BOT_TAKER;VEV_4000;XIRECS;1215.0;1
63100;BOT_MAKER;BOT_TAKER;VELVETFRUIT_EXTRACT;XIRECS;5262.0;6
63100;BOT_MAKER;BOT_TAKER;VEV_6500;XIRECS;0.0;4
63200;BOT_MAKER;BOT_TAKER;HYDROGEL_PACK;XIRECS;9950.0;2
63200;BOT_MAKER;BOT_TAKER;VELVETFRUIT_EXTRACT;XIRECS;5263.0;6
63400;BOT_TAKER;BOT_MAKER;VELVETFRUIT_EXTRACT;XIRECS;5264.0;4
63400;BOT_MAKER;BOT_TAKER;VEV_5500;XIRECS;6.0;3
63500;BOT_MAKER;BOT_TAKER;VELVETFRUIT_EXTRACT;XIRECS;5260.0;4
63600;BOT_MAKER;BOT_TAKER;HYDROGEL_PACK;XIRECS;9951.0;5
63600;BOT_MAKER;BOT_TAKER;VEV_4000;XIRECS;1213.0;1
63700;BOT_TAKER;BOT_MAKER;HYDROGEL_PACK;XIRECS;9969.0;5
63700;BOT_MAKER;BOT_TAKER;VELVETFRUIT_EXTRACT;XIRECS;5262.0;4
63800;BOT_TAKER;BOT_MAKER;VEV_6000;XIRECS;1.0;5
64000;BOT_TAKER;BOT_MAKER;VEV_5500;XIRECS;7.0;3
64100;BOT_MAKER;BOT_TAKER;VELVETFRUIT_EXTRACT;XIRECS;5264.0;3
64300;BOT_MAKER;BOT_TAKER;HYDROGEL_PACK;XIRECS;9956.0;3
64300;BOT_MAKER;BOT_TAKER;VEV_4000;XIRECS;1211.0;2
64300;BOT_MAKER;BOT_TAKER;VEV_6500;XIRECS;0.0;4
64500;BOT_TAKER;BOT_MAKER;HYDROGEL_PACK;XIRECS;9971.0;3
64600;BOT_MAKER;BOT_TAKER;HYDROGEL_PACK;XIRECS;9957.0;5
64800;BOT_TAKER;BOT_MAKER;VEV_5100;XIRECS;176.0;1
64900;BOT_TAKER;BOT_MAKER;HYDROGEL_PACK;XIRECS;9980.0;6
64900;BOT_TAKER;BOT_MAKER;VELVETFRUIT_EXTRACT;XIRECS;5266.0;3
65100;BOT_MAKER;BOT_TAKER;VELVETFRUIT_EXTRACT;XIRECS;5258.0;8
65100;BOT_TAKER;BOT_MAKER;VEV_6500;XIRECS;1.0;4
65200;BOT_MAKER;BOT_TAKER;HYDROGEL_PACK;XIRECS;9958.0;4
65300;BOT_MAKER;BOT_TAKER;VEV_5500;XIRECS;6.0;2
65400;BOT_TAKER;BOT_MAKER;VELVETFRUIT_EXTRACT;XIRECS;5259.0;5
65400;BOT_MAKER;BOT_TAKER;VEV_6000;XIRECS;0.0;3
65500;BOT_MAKER;BOT_TAKER;HYDROGEL_PACK;XIRECS;9959.0;3
65600;BOT_MAKER;BOT_TAKER;VELVETFRUIT_EXTRACT;XIRECS;5256.0;7
65700;BOT_MAKER;BOT_TAKER;HYDROGEL_PACK;XIRECS;9960.0;5
65700;BOT_MAKER;BOT_TAKER;VELVETFRUIT_EXTRACT;XIRECS;5254.0;3
65700;BOT_MAKER;BOT_TAKER;VEV_6500;XIRECS;0.0;4
65800;BOT_TAKER;BOT_MAKER;HYDROGEL_PACK;XIRECS;9976.0;2
65800;BOT_TAKER;BOT_MAKER;VELVETFRUIT_EXTRACT;XIRECS;5259.0;6
65800;BOT_TAKER;BOT_MAKER;VEV_5500;XIRECS;7.0;3
65900;BOT_MAKER;BOT_TAKER;HYDROGEL_PACK;XIRECS;9958.0;4
65900;BOT_MAKER;BOT_TAKER;VELVETFRUIT_EXTRACT;XIRECS;5252.0;3
66200;BOT_TAKER;BOT_MAKER;VEV_4000;XIRECS;1233.0;2
66200;BOT_MAKER;BOT_TAKER;VEV_4000;XIRECS;1212.0;1
66300;BOT_MAKER;BOT_TAKER;HYDROGEL_PACK;XIRECS;9956.0;5
66400;BOT_MAKER;BOT_TAKER;HYDROGEL_PACK;XIRECS;9953.0;6
66600;BOT_MAKER;BOT_TAKER;HYDROGEL_PACK;XIRECS;9955.0;6
66600;BOT_TAKER;BOT_MAKER;VEV_5400;XIRECS;16.0;2
66600;BOT_MAKER;BOT_TAKER;VEV_5500;XIRECS;6.0;3
66600;BOT_TAKER;BOT_MAKER;VEV_6000;XIRECS;1.0;5
66600;BOT_MAKER;BOT_TAKER;VEV_6000;XIRECS;0.0;2
66700;BOT_TAKER;BOT_MAKER;VEV_4000;XIRECS;1235.0;2
66800;BOT_MAKER;BOT_TAKER;VEV_6500;XIRECS;0.0;4
66900;BOT_TAKER;BOT_MAKER;HYDROGEL_PACK;XIRECS;9973.0;5
67000;BOT_MAKER;BOT_TAKER;HYDROGEL_PACK;XIRECS;9956.0;6
67000;BOT_MAKER;BOT_TAKER;VEV_4000;XIRECS;1213.0;2
67000;BOT_TAKER;BOT_MAKER;VEV_5500;XIRECS;7.0;3
67100;BOT_TAKER;BOT_MAKER;HYDROGEL_PACK;XIRECS;9971.0;5
67100;BOT_MAKER;BOT_TAKER;VEV_4000;XIRECS;1213.0;2
67100;BOT_TAKER;BOT_MAKER;VEV_5300;XIRECS;68.0;4
67100;BOT_MAKER;BOT_TAKER;VEV_5400;XIRECS;14.0;2
67100;BOT_MAKER;BOT_TAKER;VEV_5500;XIRECS;5.0;5
67200;BOT_MAKER;BOT_TAKER;VEV_5500;XIRECS;5.0;3
67200;BOT_MAKER;BOT_TAKER;VEV_6000;XIRECS;0.0;5
67300;BOT_MAKER;BOT_TAKER;HYDROGEL_PACK;XIRECS;9952.0;3
67300;BOT_MAKER;BOT_TAKER;VEV_5500;XIRECS;5.0;5
67300;BOT_MAKER;BOT_TAKER;VEV_6000;XIRECS;0.0;5
67500;BOT_MAKER;BOT_TAKER;VEV_4000;XIRECS;1210.0;2
67600;BOT_MAKER;BOT_TAKER;HYDROGEL_PACK;XIRECS;9952.0;5
67600;BOT_MAKER;BOT_TAKER;VELVETFRUIT_EXTRACT;XIRECS;5255.0;7
67700;BOT_MAKER;BOT_TAKER;HYDROGEL_PACK;XIRECS;9955.0;6
67700;BOT_TAKER;BOT_MAKER;VELVETFRUIT_EXTRACT;XIRECS;5260.0;8
67700;BOT_MAKER;BOT_TAKER;VEV_5500;XIRECS;6.0;5
67800;BOT_MAKER;BOT_TAKER;VEV_4000;XIRECS;1210.0;3
67800;BOT_MAKER;BOT_TAKER;VEV_5400;XIRECS;14.0;2
67900;BOT_TAKER;BOT_MAKER;HYDROGEL_PACK;XIRECS;9970.0;2
67900;BOT_MAKER;BOT_TAKER;VEV_5400;XIRECS;15.0;4
68000;BOT_MAKER;BOT_TAKER;VEV_6000;XIRECS;0.0;4
68100;BOT_TAKER;BOT_MAKER;VELVETFRUIT_EXTRACT;XIRECS;5258.0;12
68200;BOT_MAKER;BOT_TAKER;VELVETFRUIT_EXTRACT;XIRECS;5254.0;12
68300;BOT_TAKER;BOT_MAKER;VELVETFRUIT_EXTRACT;XIRECS;5260.0;4
68300;BOT_TAKER;BOT_MAKER;VEV_6500;XIRECS;1.0;2
68400;BOT_TAKER;BOT_MAKER;VELVETFRUIT_EXTRACT;XIRECS;5259.0;6
68500;BOT_TAKER;BOT_MAKER;VELVETFRUIT_EXTRACT;XIRECS;5258.0;3
68600;BOT_TAKER;BOT_MAKER;HYDROGEL_PACK;XIRECS;9977.0;6
68700;BOT_MAKER;BOT_TAKER;HYDROGEL_PACK;XIRECS;9965.0;2
68700;BOT_TAKER;BOT_MAKER;VEV_6500;XIRECS;1.0;2
68800;BOT_TAKER;BOT_MAKER;HYDROGEL_PACK;XIRECS;9978.0;5
69000;BOT_TAKER;BOT_MAKER;VELVETFRUIT_EXTRACT;XIRECS;5261.0;7
69100;BOT_MAKER;BOT_TAKER;HYDROGEL_PACK;XIRECS;9965.0;5
69100;BOT_MAKER;BOT_TAKER;VELVETFRUIT_EXTRACT;XIRECS;5257.0;7
69200;BOT_MAKER;BOT_TAKER;VEV_4000;XIRECS;1207.0;1
69300;BOT_MAKER;BOT_TAKER;VELVETFRUIT_EXTRACT;XIRECS;5260.0;7
69300;BOT_MAKER;BOT_TAKER;VEV_4000;XIRECS;1208.0;1
69500;BOT_TAKER;BOT_MAKER;VEV_4000;XIRECS;1227.0;3
69600;BOT_MAKER;BOT_TAKER;VELVETFRUIT_EXTRACT;XIRECS;5258.0;8
69600;BOT_MAKER;BOT_TAKER;VEV_5500;XIRECS;6.0;3
69700;BOT_MAKER;BOT_TAKER;VELVETFRUIT_EXTRACT;XIRECS;5258.0;7
69700;BOT_TAKER;BOT_MAKER;VEV_6000;XIRECS;1.0;2
69800;BOT_MAKER;BOT_TAKER;VEV_5500;XIRECS;6.0;5
69900;BOT_TAKER;BOT_MAKER;HYDROGEL_PACK;XIRECS;9980.0;2
69900;BOT_MAKER;BOT_TAKER;VEV_4000;XIRECS;1205.0;1
69900;BOT_MAKER;BOT_TAKER;VEV_5500;XIRECS;6.0;5
69900;BOT_MAKER;BOT_TAKER;VEV_6500;XIRECS;0.0;2
70000;BOT_TAKER;BOT_MAKER;HYDROGEL_PACK;XIRECS;9979.0;6
70000;BOT_TAKER;BOT_MAKER;VELVETFRUIT_EXTRACT;XIRECS;5260.0;3
70000;BOT_TAKER;BOT_MAKER;VEV_5300;XIRECS;69.0;3
70200;BOT_MAKER;BOT_TAKER;HYDROGEL_PACK;XIRECS;9963.0;6
70200;BOT_TAKER;BOT_MAKER;VEV_4000;XIRECS;1223.0;2
70200;BOT_MAKER;BOT_TAKER;VEV_6500;XIRECS;0.0;5
70300;BOT_TAKER;BOT_MAKER;VEV_6500;XIRECS;1.0;5
70400;BOT_MAKER;BOT_TAKER;VELVETFRUIT_EXTRACT;XIRECS;5258.0;6
70500;BOT_MAKER;BOT_TAKER;HYDROGEL_PACK;XIRECS;9968.0;2
70500;BOT_TAKER;BOT_MAKER;VELVETFRUIT_EXTRACT;XIRECS;5264.0;5
70500;BOT_MAKER;BOT_TAKER;VEV_5400;XIRECS;13.0;3
70600;BOT_MAKER;BOT_TAKER;HYDROGEL_PACK;XIRECS;9967.0;2
70600;BOT_TAKER;BOT_MAKER;VELVETFRUIT_EXTRACT;XIRECS;5264.0;8
70700;BOT_TAKER;BOT_MAKER;HYDROGEL_PACK;XIRECS;9984.0;5
70900;BOT_TAKER;BOT_MAKER;VELVETFRUIT_EXTRACT;XIRECS;5261.0;4
71100;BOT_MAKER;BOT_TAKER;VELVETFRUIT_EXTRACT;XIRECS;5255.0;4
71100;BOT_TAKER;BOT_MAKER;VEV_4000;XIRECS;1221.0;2
71200;BOT_MAKER;BOT_TAKER;VELVETFRUIT_EXTRACT;XIRECS;5254.0;4
71200;BOT_MAKER;BOT_TAKER;VEV_6500;XIRECS;0.0;4
71300;BOT_MAKER;BOT_TAKER;VELVETFRUIT_EXTRACT;XIRECS;5254.0;5
71300;BOT_TAKER;BOT_MAKER;VEV_4000;XIRECS;1221.0;2
71300;BOT_TAKER;BOT_MAKER;VEV_5300;XIRECS;71.0;4
71400;BOT_MAKER;BOT_TAKER;HYDROGEL_PACK;XIRECS;9976.0;6
71400;BOT_TAKER;BOT_MAKER;VELVETFRUIT_EXTRACT;XIRECS;5260.0;6
71500;BOT_TAKER;BOT_MAKER;VEV_5500;XIRECS;7.0;4
71500;BOT_MAKER;BOT_TAKER;VEV_6500;XIRECS;0.0;5
71600;BOT_TAKER;BOT_MAKER;VEV_4000;XIRECS;1222.0;2
71700;BOT_TAKER;BOT_MAKER;HYDROGEL_PACK;XIRECS;9991.0;4
71700;BOT_TAKER;BOT_MAKER;VEV_4000;XIRECS;1222.0;2
71700;BOT_TAKER;BOT_MAKER;VEV_5500;XIRECS;7.0;4
71800;BOT_MAKER;BOT_TAKER;HYDROGEL_PACK;XIRECS;9978.0;6
71900;BOT_MAKER;BOT_TAKER;HYDROGEL_PACK;XIRECS;9976.0;6
71900;BOT_MAKER;BOT_TAKER;HYDROGEL_PACK;XIRECS;9976.0;4
72100;BOT_TAKER;BOT_MAKER;HYDROGEL_PACK;XIRECS;9991.0;2
72200;BOT_TAKER;BOT_MAKER;HYDROGEL_PACK;XIRECS;9991.0;5
72200;BOT_TAKER;BOT_MAKER;VEV_5300;XIRECS;70.0;2
72300;BOT_MAKER;BOT_TAKER;HYDROGEL_PACK;XIRECS;9973.0;3
72300;BOT_MAKER;BOT_TAKER;VEV_5500;XIRECS;6.0;3
72400;BOT_MAKER;BOT_TAKER;VELVETFRUIT_EXTRACT;XIRECS;5252.0;3
72500;BOT_TAKER;BOT_MAKER;HYDROGEL_PACK;XIRECS;9987.0;6
72600;BOT_TAKER;BOT_MAKER;VELVETFRUIT_EXTRACT;XIRECS;5255.0;3
72600;BOT_MAKER;BOT_TAKER;VEV_5400;XIRECS;13.0;4
72800;BOT_MAKER;BOT_TAKER;VELVETFRUIT_EXTRACT;XIRECS;5249.0;7
72900;BOT_TAKER;BOT_MAKER;VELVETFRUIT_EXTRACT;XIRECS;5254.0;3
72900;BOT_MAKER;BOT_TAKER;VEV_5300;XIRECS;69.0;2
72900;BOT_MAKER;BOT_TAKER;VEV_6000;XIRECS;0.0;2
73000;BOT_TAKER;BOT_MAKER;VELVETFRUIT_EXTRACT;XIRECS;5255.0;3
73100;BOT_MAKER;BOT_TAKER;HYDROGEL_PACK;XIRECS;9978.0;2
73200;BOT_TAKER;BOT_MAKER;VELVETFRUIT_EXTRACT;XIRECS;5256.0;4
73300;BOT_MAKER;BOT_TAKER;HYDROGEL_PACK;XIRECS;9982.0;3
73300;BOT_MAKER;BOT_TAKER;VELVETFRUIT_EXTRACT;XIRECS;5251.0;5
73400;BOT_TAKER;BOT_MAKER;VEV_5400;XIRECS;14.0;3
73400;BOT_TAKER;BOT_MAKER;VEV_5500;XIRECS;7.0;4
73500;BOT_TAKER;BOT_MAKER;HYDROGEL_PACK;XIRECS;10000.0;5
73600;BOT_TAKER;BOT_MAKER;VELVETFRUIT_EXTRACT;XIRECS;5253.0;5
73700;BOT_MAKER;BOT_TAKER;VEV_6500;XIRECS;0.0;4
73900;BOT_TAKER;BOT_MAKER;VEV_6500;XIRECS;1.0;3
74000;BOT_MAKER;BOT_TAKER;HYDROGEL_PACK;XIRECS;9986.0;3
74000;BOT_MAKER;BOT_TAKER;VELVETFRUIT_EXTRACT;XIRECS;5249.0;8
74000;BOT_MAKER;BOT_TAKER;VEV_5500;XIRECS;6.0;3
74300;BOT_MAKER;BOT_TAKER;VELVETFRUIT_EXTRACT;XIRECS;5247.0;5
74300;BOT_MAKER;BOT_TAKER;VEV_4000;XIRECS;1199.0;1
74400;BOT_TAKER;BOT_MAKER;HYDROGEL_PACK;XIRECS;9996.0;4
74400;BOT_MAKER;BOT_TAKER;VELVETFRUIT_EXTRACT;XIRECS;5248.0;8
74400;BOT_MAKER;BOT_TAKER;VEV_4000;XIRECS;1198.0;2
74500;BOT_TAKER;BOT_MAKER;HYDROGEL_PACK;XIRECS;9996.0;6
74500;BOT_TAKER;BOT_MAKER;VEV_6000;XIRECS;1.0;4
74600;BOT_TAKER;BOT_MAKER;HYDROGEL_PACK;XIRECS;9995.0;5
74600;BOT_MAKER;BOT_TAKER;VEV_5400;XIRECS;14.0;4
74700;BOT_MAKER;BOT_TAKER;VEV_4000;XIRECS;1202.0;1
74700;BOT_TAKER;BOT_MAKER;VEV_5500;XIRECS;7.0;5
74800;BOT_MAKER;BOT_TAKER;VELVETFRUIT_EXTRACT;XIRECS;5249.0;7
74800;BOT_MAKER;BOT_TAKER;VEV_5500;XIRECS;6.0;3
74800;BOT_MAKER;BOT_TAKER;VEV_5500;XIRECS;6.0;2
74900;BOT_TAKER;BOT_MAKER;VELVETFRUIT_EXTRACT;XIRECS;5254.0;3
75000;BOT_TAKER;BOT_MAKER;VELVETFRUIT_EXTRACT;XIRECS;5254.0;3
75100;BOT_MAKER;BOT_TAKER;HYDROGEL_PACK;XIRECS;9969.0;2
75100;BOT_TAKER;BOT_MAKER;VEV_4000;XIRECS;1226.0;3
75100;BOT_TAKER;BOT_MAKER;VEV_6500;XIRECS;1.0;4
75200;BOT_TAKER;BOT_MAKER;HYDROGEL_PACK;XIRECS;9985.0;3
75400;BOT_MAKER;BOT_TAKER;VEV_5400;XIRECS;14.0;4
75500;BOT_TAKER;BOT_MAKER;VEV_5500;XIRECS;7.0;5
75500;BOT_TAKER;BOT_MAKER;VEV_6000;XIRECS;1.0;5
75500;BOT_MAKER;BOT_TAKER;VEV_6500;XIRECS;0.0;2
75600;BOT_MAKER;BOT_TAKER;HYDROGEL_PACK;XIRECS;9971.0;6
75600;BOT_MAKER;BOT_TAKER;VELVETFRUIT_EXTRACT;XIRECS;5252.0;4
75600;BOT_TAKER;BOT_MAKER;VEV_6500;XIRECS;1.0;5
75700;BOT_MAKER;BOT_TAKER;HYDROGEL_PACK;XIRECS;9970.0;2
75800;BOT_TAKER;BOT_MAKER;VELVETFRUIT_EXTRACT;XIRECS;5256.0;3
75800;BOT_MAKER;BOT_TAKER;VEV_6500;XIRECS;0.0;2
75900;BOT_TAKER;BOT_MAKER;VEV_5300;XIRECS;74.0;4
75900;BOT_TAKER;BOT_MAKER;VEV_6500;XIRECS;1.0;4
76100;BOT_MAKER;BOT_TAKER;VELVETFRUIT_EXTRACT;XIRECS;5250.0;4
76200;BOT_MAKER;BOT_TAKER;VEV_5500;XIRECS;6.0;5
76400;BOT_MAKER;BOT_TAKER;VELVETFRUIT_EXTRACT;XIRECS;5250.0;15
76400;BOT_TAKER;BOT_MAKER;VEV_5500;XIRECS;7.0;2
76500;BOT_MAKER;BOT_TAKER;HYDROGEL_PACK;XIRECS;9974.0;3
76500;BOT_MAKER;BOT_TAKER;VELVETFRUIT_EXTRACT;XIRECS;5250.0;7
76500;BOT_TAKER;BOT_MAKER;VELVETFRUIT_EXTRACT;XIRECS;5255.0;4
76600;BOT_TAKER;BOT_MAKER;HYDROGEL_PACK;XIRECS;9990.0;5
76700;BOT_MAKER;BOT_TAKER;HYDROGEL_PACK;XIRECS;9973.0;4
76700;BOT_TAKER;BOT_MAKER;VEV_5500;XIRECS;7.0;3
77000;BOT_MAKER;BOT_TAKER;VELVETFRUIT_EXTRACT;XIRECS;5249.0;6
77100;BOT_MAKER;BOT_TAKER;VELVETFRUIT_EXTRACT;XIRECS;5250.0;6
77100;BOT_MAKER;BOT_TAKER;VEV_6000;XIRECS;0.0;2
77200;BOT_MAKER;BOT_TAKER;VEV_4000;XIRECS;1206.0;2
77400;BOT_MAKER;BOT_TAKER;VELVETFRUIT_EXTRACT;XIRECS;5248.0;7
77500;BOT_TAKER;BOT_MAKER;HYDROGEL_PACK;XIRECS;9988.0;2
77500;BOT_TAKER;BOT_MAKER;VEV_4000;XIRECS;1226.0;3
77600;BOT_TAKER;BOT_MAKER;HYDROGEL_PACK;XIRECS;9988.0;3
77700;BOT_TAKER;BOT_MAKER;VELVETFRUIT_EXTRACT;XIRECS;5252.0;5
77700;BOT_TAKER;BOT_MAKER;VEV_4000;XIRECS;1226.0;2
77700;BOT_TAKER;BOT_MAKER;VEV_6500;XIRECS;1.0;2
77800;BOT_MAKER;BOT_TAKER;HYDROGEL_PACK;XIRECS;9976.0;5
77800;BOT_TAKER;BOT_MAKER;VELVETFRUIT_EXTRACT;XIRECS;5255.0;4
77800;BOT_MAKER;BOT_TAKER;VEV_5300;XIRECS;71.0;4
78000;BOT_MAKER;BOT_TAKER;VELVETFRUIT_EXTRACT;XIRECS;5247.0;4
78200;BOT_MAKER;BOT_TAKER;VELVETFRUIT_EXTRACT;XIRECS;5245.0;6
78300;BOT_TAKER;BOT_MAKER;VELVETFRUIT_EXTRACT;XIRECS;5250.0;8
78300;BOT_MAKER;BOT_TAKER;VEV_5300;XIRECS;70.0;2
78400;BOT_MAKER;BOT_TAKER;VELVETFRUIT_EXTRACT;XIRECS;5243.0;8
78400;BOT_TAKER;BOT_MAKER;VEV_5400;XIRECS;16.0;5
78500;BOT_TAKER;BOT_MAKER;HYDROGEL_PACK;XIRECS;9998.0;2
78500;BOT_TAKER;BOT_MAKER;HYDROGEL_PACK;XIRECS;9998.0;4
78500;BOT_TAKER;BOT_MAKER;VELVETFRUIT_EXTRACT;XIRECS;5247.0;6
78600;BOT_MAKER;BOT_TAKER;HYDROGEL_PACK;XIRECS;9983.0;6
78700;BOT_TAKER;BOT_MAKER;VELVETFRUIT_EXTRACT;XIRECS;5247.0;9
78800;BOT_TAKER;BOT_MAKER;VEV_4000;XIRECS;1227.0;1
78900;BOT_MAKER;BOT_TAKER;VEV_6000;XIRECS;0.0;4
79100;BOT_MAKER;BOT_TAKER;VELVETFRUIT_EXTRACT;XIRECS;5239.0;3
79100;BOT_MAKER;BOT_TAKER;VEV_6000;XIRECS;0.0;5
79200;BOT_MAKER;BOT_TAKER;VELVETFRUIT_EXTRACT;XIRECS;5240.0;8
79300;BOT_TAKER;BOT_MAKER;HYDROGEL_PACK;XIRECS;9991.0;3
79300;BOT_TAKER;BOT_MAKER;VELVETFRUIT_EXTRACT;XIRECS;5245.0;5
79300;BOT_TAKER;BOT_MAKER;VEV_6000;XIRECS;1.0;2
79400;BOT_MAKER;BOT_TAKER;VEV_6000;XIRECS;0.0;5
79600;BOT_TAKER;BOT_MAKER;HYDROGEL_PACK;XIRECS;9995.0;6
79700;BOT_MAKER;BOT_TAKER;VELVETFRUIT_EXTRACT;XIRECS;5236.0;7
79800;BOT_MAKER;BOT_TAKER;VELVETFRUIT_EXTRACT;XIRECS;5236.0;14
79900;BOT_TAKER;BOT_MAKER;HYDROGEL_PACK;XIRECS;9993.0;5
79900;BOT_MAKER;BOT_TAKER;VELVETFRUIT_EXTRACT;XIRECS;5236.0;11
80000;BOT_MAKER;BOT_TAKER;VELVETFRUIT_EXTRACT;XIRECS;5238.0;4
80100;BOT_TAKER;BOT_MAKER;VELVETFRUIT_EXTRACT;XIRECS;5244.0;5
80100;BOT_MAKER;BOT_TAKER;VEV_4000;XIRECS;1207.0;2
80200;BOT_TAKER;BOT_MAKER;HYDROGEL_PACK;XIRECS;9994.0;6
80200;BOT_MAKER;BOT_TAKER;VEV_4000;XIRECS;1206.0;2
80300;BOT_TAKER;BOT_MAKER;VELVETFRUIT_EXTRACT;XIRECS;5241.0;3
80500;BOT_TAKER;BOT_MAKER;VELVETFRUIT_EXTRACT;XIRECS;5244.0;12
80600;BOT_TAKER;BOT_MAKER;VEV_6000;XIRECS;1.0;4
80800;BOT_MAKER;BOT_TAKER;VELVETFRUIT_EXTRACT;XIRECS;5240.0;4
80800;BOT_TAKER;BOT_MAKER;VEV_6000;XIRECS;1.0;2
80900;BOT_MAKER;BOT_TAKER;VELVETFRUIT_EXTRACT;XIRECS;5240.0;5
80900;BOT_TAKER;BOT_MAKER;VEV_4000;XIRECS;1227.0;3
80900;BOT_MAKER;BOT_TAKER;VEV_6500;XIRECS;0.0;4
81000;BOT_MAKER;BOT_TAKER;HYDROGEL_PACK;XIRECS;9981.0;5
81100;BOT_MAKER;BOT_TAKER;HYDROGEL_PACK;XIRECS;9979.0;4
81100;BOT_TAKER;BOT_MAKER;VELVETFRUIT_EXTRACT;XIRECS;5246.0;4
81200;BOT_TAKER;BOT_MAKER;VELVETFRUIT_EXTRACT;XIRECS;5245.0;7
81200;BOT_TAKER;BOT_MAKER;VEV_5300;XIRECS;75.0;5
81500;BOT_TAKER;BOT_MAKER;VELVETFRUIT_EXTRACT;XIRECS;5244.0;3
81500;BOT_TAKER;BOT_MAKER;VEV_4000;XIRECS;1227.0;3
81600;BOT_MAKER;BOT_TAKER;HYDROGEL_PACK;XIRECS;9980.0;2
81800;BOT_TAKER;BOT_MAKER;VELVETFRUIT_EXTRACT;XIRECS;5242.0;6
81900;BOT_MAKER;BOT_TAKER;HYDROGEL_PACK;XIRECS;9985.0;4
81900;BOT_MAKER;BOT_TAKER;VEV_4000;XIRECS;1207.0;3
82000;BOT_MAKER;BOT_TAKER;VELVETFRUIT_EXTRACT;XIRECS;5237.0;7
82000;BOT_MAKER;BOT_TAKER;VEV_4000;XIRECS;1207.0;2
82100;BOT_MAKER;BOT_TAKER;VEV_4000;XIRECS;1207.0;1
82200;BOT_TAKER;BOT_MAKER;HYDROGEL_PACK;XIRECS;10000.0;2
82200;BOT_TAKER;BOT_MAKER;VELVETFRUIT_EXTRACT;XIRECS;5242.0;3
82300;BOT_TAKER;BOT_MAKER;VELVETFRUIT_EXTRACT;XIRECS;5243.0;5
82300;BOT_TAKER;BOT_MAKER;VEV_4000;XIRECS;1226.0;1
82300;BOT_MAKER;BOT_TAKER;VEV_5400;XIRECS;14.0;5
82300;BOT_MAKER;BOT_TAKER;VEV_5500;XIRECS;5.0;4
82300;BOT_TAKER;BOT_MAKER;VEV_6500;XIRECS;1.0;3
82400;BOT_TAKER;BOT_MAKER;VELVETFRUIT_EXTRACT;XIRECS;5243.0;3
82500;BOT_TAKER;BOT_MAKER;VELVETFRUIT_EXTRACT;XIRECS;5243.0;5
82500;BOT_MAKER;BOT_TAKER;VEV_5400;XIRECS;14.0;3
82500;BOT_MAKER;BOT_TAKER;VEV_5500;XIRECS;5.0;5
82500;BOT_MAKER;BOT_TAKER;VEV_6000;XIRECS;0.0;4
82600;BOT_TAKER;BOT_MAKER;HYDROGEL_PACK;XIRECS;9997.0;2
82600;BOT_TAKER;BOT_MAKER;VELVETFRUIT_EXTRACT;XIRECS;5241.0;3
82700;BOT_MAKER;BOT_TAKER;HYDROGEL_PACK;XIRECS;9981.0;3
82900;BOT_TAKER;BOT_MAKER;VELVETFRUIT_EXTRACT;XIRECS;5241.0;7
83000;BOT_TAKER;BOT_MAKER;HYDROGEL_PACK;XIRECS;10000.0;6
83100;BOT_TAKER;BOT_MAKER;VEV_4000;XIRECS;1230.0;3
83100;BOT_TAKER;BOT_MAKER;VEV_6000;XIRECS;1.0;4
83200;BOT_TAKER;BOT_MAKER;HYDROGEL_PACK;XIRECS;10003.0;6
83200;BOT_TAKER;BOT_MAKER;VELVETFRUIT_EXTRACT;XIRECS;5243.0;7
83400;BOT_TAKER;BOT_MAKER;VEV_4000;XIRECS;1231.0;3
83500;BOT_MAKER;BOT_TAKER;VELVETFRUIT_EXTRACT;XIRECS;5235.0;7
83600;BOT_MAKER;BOT_TAKER;VEV_4000;XIRECS;1212.0;2
83600;BOT_MAKER;BOT_TAKER;VEV_6500;XIRECS;0.0;5
83700;BOT_TAKER;BOT_MAKER;HYDROGEL_PACK;XIRECS;10004.0;3
83700;BOT_TAKER;BOT_MAKER;VEV_5300;XIRECS;76.0;2
83800;BOT_TAKER;BOT_MAKER;VEV_6500;XIRECS;1.0;5
83900;BOT_MAKER;BOT_TAKER;VELVETFRUIT_EXTRACT;XIRECS;5234.0;6
83900;BOT_MAKER;BOT_TAKER;VEV_5400;XIRECS;13.0;4
84100;BOT_MAKER;BOT_TAKER;VEV_4000;XIRECS;1210.0;3
84300;BOT_MAKER;BOT_TAKER;VELVETFRUIT_EXTRACT;XIRECS;5234.0;6
84400;BOT_MAKER;BOT_TAKER;VELVETFRUIT_EXTRACT;XIRECS;5233.0;5
84400;BOT_TAKER;BOT_MAKER;VEV_5400;XIRECS;14.0;5
84500;BOT_TAKER;BOT_MAKER;VELVETFRUIT_EXTRACT;XIRECS;5239.0;4
84500;BOT_TAKER;BOT_MAKER;VEV_5500;XIRECS;6.0;2
84500;BOT_TAKER;BOT_MAKER;VEV_6000;XIRECS;1.0;5
84600;BOT_MAKER;BOT_TAKER;HYDROGEL_PACK;XIRECS;9997.0;5
84600;BOT_TAKER;BOT_MAKER;VELVETFRUIT_EXTRACT;XIRECS;5236.0;5
84700;BOT_MAKER;BOT_TAKER;VELVETFRUIT_EXTRACT;XIRECS;5232.0;7
84700;BOT_MAKER;BOT_TAKER;VELVETFRUIT_EXTRACT;XIRECS;5232.0;8
84800;BOT_TAKER;BOT_MAKER;HYDROGEL_PACK;XIRECS;10013.0;5
84800;BOT_TAKER;BOT_MAKER;VELVETFRUIT_EXTRACT;XIRECS;5238.0;5
84900;BOT_MAKER;BOT_TAKER;HYDROGEL_PACK;XIRECS;9997.0;6
84900;BOT_MAKER;BOT_TAKER;VEV_5400;XIRECS;12.0;2
84900;BOT_TAKER;BOT_MAKER;VEV_5500;XIRECS;6.0;5
85100;BOT_TAKER;BOT_MAKER;HYDROGEL_PACK;XIRECS;10011.0;5
85300;BOT_TAKER;BOT_MAKER;VELVETFRUIT_EXTRACT;XIRECS;5237.0;5
85300;BOT_MAKER;BOT_TAKER;VEV_4000;XIRECS;1210.0;3
85400;BOT_TAKER;BOT_MAKER;VEV_6500;XIRECS;1.0;2
85500;BOT_MAKER;BOT_TAKER;HYDROGEL_PACK;XIRECS;9999.0;4
85600;BOT_MAKER;BOT_TAKER;VEV_4000;XIRECS;1210.0;3
85700;BOT_TAKER;BOT_MAKER;VELVETFRUIT_EXTRACT;XIRECS;5232.0;4
85800;BOT_TAKER;BOT_MAKER;HYDROGEL_PACK;XIRECS;10016.0;6
85800;BOT_MAKER;BOT_TAKER;VEV_5300;XIRECS;74.0;4
85800;BOT_MAKER;BOT_TAKER;VEV_5300;XIRECS;74.0;4
86000;BOT_TAKER;BOT_MAKER;HYDROGEL_PACK;XIRECS;10019.0;4
86100;BOT_TAKER;BOT_MAKER;VELVETFRUIT_EXTRACT;XIRECS;5231.0;6
86100;BOT_MAKER;BOT_TAKER;VEV_5300;XIRECS;73.0;3
86200;BOT_TAKER;BOT_MAKER;HYDROGEL_PACK;XIRECS;10020.0;6
86200;BOT_TAKER;BOT_MAKER;VEV_4000;XIRECS;1229.0;3
86300;BOT_MAKER;BOT_TAKER;HYDROGEL_PACK;XIRECS;10005.0;3
86300;BOT_TAKER;BOT_MAKER;VELVETFRUIT_EXTRACT;XIRECS;5234.0;4
86500;BOT_MAKER;BOT_TAKER;VEV_5400;XIRECS;13.0;4
86600;BOT_TAKER;BOT_MAKER;HYDROGEL_PACK;XIRECS;10024.0;2
86600;BOT_TAKER;BOT_MAKER;VEV_5300;XIRECS;74.0;2
86800;BOT_TAKER;BOT_MAKER;VEV_4000;XIRECS;1234.0;3
86900;BOT_TAKER;BOT_MAKER;VELVETFRUIT_EXTRACT;XIRECS;5232.0;8
86900;BOT_TAKER;BOT_MAKER;VEV_4000;XIRECS;1234.0;1
87000;BOT_TAKER;BOT_MAKER;VELVETFRUIT_EXTRACT;XIRECS;5233.0;5
87300;BOT_MAKER;BOT_TAKER;HYDROGEL_PACK;XIRECS;10008.0;5
87300;BOT_TAKER;BOT_MAKER;VELVETFRUIT_EXTRACT;XIRECS;5232.0;6
87300;BOT_MAKER;BOT_TAKER;VEV_5400;XIRECS;13.0;2
87300;BOT_TAKER;BOT_MAKER;VEV_5400;XIRECS;14.0;4
87400;BOT_MAKER;BOT_TAKER;VELVETFRUIT_EXTRACT;XIRECS;5228.0;8
87400;BOT_MAKER;BOT_TAKER;VEV_6000;XIRECS;0.0;2
87500;BOT_TAKER;BOT_MAKER;VELVETFRUIT_EXTRACT;XIRECS;5235.0;3
87600;BOT_MAKER;BOT_TAKER;VEV_6500;XIRECS;0.0;2
87700;BOT_TAKER;BOT_MAKER;HYDROGEL_PACK;XIRECS;10024.0;5
87700;BOT_TAKER;BOT_MAKER;VELVETFRUIT_EXTRACT;XIRECS;5234.0;7
87800;BOT_MAKER;BOT_TAKER;VEV_6500;XIRECS;0.0;2
87900;BOT_TAKER;BOT_MAKER;HYDROGEL_PACK;XIRECS;10020.0;4
87900;BOT_MAKER;BOT_TAKER;VELVETFRUIT_EXTRACT;XIRECS;5226.0;3
88000;BOT_MAKER;BOT_TAKER;VEV_6500;XIRECS;0.0;5
88100;BOT_TAKER;BOT_MAKER;VELVETFRUIT_EXTRACT;XIRECS;5234.0;7
88200;BOT_TAKER;BOT_MAKER;VELVETFRUIT_EXTRACT;XIRECS;5233.0;7
88200;BOT_MAKER;BOT_TAKER;VEV_4000;XIRECS;1218.0;1
88400;BOT_TAKER;BOT_MAKER;VELVETFRUIT_EXTRACT;XIRECS;5232.0;4
88400;BOT_MAKER;BOT_TAKER;VEV_6500;XIRECS;0.0;2
88600;BOT_MAKER;BOT_TAKER;HYDROGEL_PACK;XIRECS;10002.0;4
88600;BOT_MAKER;BOT_TAKER;VELVETFRUIT_EXTRACT;XIRECS;5227.0;6
88600;BOT_MAKER;BOT_TAKER;VEV_6500;XIRECS;0.0;2
88800;BOT_TAKER;BOT_MAKER;VELVETFRUIT_EXTRACT;XIRECS;5235.0;6
88900;BOT_MAKER;BOT_TAKER;HYDROGEL_PACK;XIRECS;10001.0;6
88900;BOT_TAKER;BOT_MAKER;VELVETFRUIT_EXTRACT;XIRECS;5235.0;7
88900;BOT_MAKER;BOT_TAKER;VEV_4000;XIRECS;1219.0;1
89000;BOT_MAKER;BOT_TAKER;VELVETFRUIT_EXTRACT;XIRECS;5228.0;3
89000;BOT_MAKER;BOT_TAKER;VELVETFRUIT_EXTRACT;XIRECS;5228.0;4
89000;BOT_MAKER;BOT_TAKER;VEV_6000;XIRECS;0.0;5
89200;BOT_TAKER;BOT_MAKER;VELVETFRUIT_EXTRACT;XIRECS;5234.0;3
89300;BOT_TAKER;BOT_MAKER;VEV_5400;XIRECS;14.0;2
89400;BOT_MAKER;BOT_TAKER;HYDROGEL_PACK;XIRECS;10004.0;5
89400;BOT_MAKER;BOT_TAKER;VEV_4000;XIRECS;1221.0;3
89500;BOT_MAKER;BOT_TAKER;VELVETFRUIT_EXTRACT;XIRECS;5228.0;4
89600;BOT_TAKER;BOT_MAKER;VELVETFRUIT_EXTRACT;XIRECS;5234.0;7
89600;BOT_MAKER;BOT_TAKER;VEV_4000;XIRECS;1218.0;2
89600;BOT_TAKER;BOT_MAKER;VEV_5500;XIRECS;6.0;3
89700;BOT_TAKER;BOT_MAKER;HYDROGEL_PACK;XIRECS;10022.0;3
89700;BOT_MAKER;BOT_TAKER;VELVETFRUIT_EXTRACT;XIRECS;5229.0;7
89800;BOT_TAKER;BOT_MAKER;VEV_6000;XIRECS;1.0;5
89900;BOT_TAKER;BOT_MAKER;VELVETFRUIT_EXTRACT;XIRECS;5235.0;6
90000;BOT_TAKER;BOT_MAKER;HYDROGEL_PACK;XIRECS;10024.0;2
90000;BOT_TAKER;BOT_MAKER;VELVETFRUIT_EXTRACT;XIRECS;5235.0;13
90000;BOT_MAKER;BOT_TAKER;VEV_4000;XIRECS;1214.0;3
90200;BOT_MAKER;BOT_TAKER;HYDROGEL_PACK;XIRECS;10005.0;3
90200;BOT_TAKER;BOT_MAKER;VELVETFRUIT_EXTRACT;XIRECS;5237.0;7
90400;BOT_MAKER;BOT_TAKER;VELVETFRUIT_EXTRACT;XIRECS;5233.0;4
90500;BOT_MAKER;BOT_TAKER;HYDROGEL_PACK;XIRECS;10004.0;6
90500;BOT_MAKER;BOT_TAKER;VELVETFRUIT_EXTRACT;XIRECS;5234.0;4
90500;BOT_TAKER;BOT_MAKER;VEV_4000;XIRECS;1232.0;2
90600;BOT_TAKER;BOT_MAKER;HYDROGEL_PACK;XIRECS;10022.0;4
90700;BOT_MAKER;BOT_TAKER;HYDROGEL_PACK;XIRECS;10007.0;6
90800;BOT_TAKER;BOT_MAKER;HYDROGEL_PACK;XIRECS;10022.0;2
91100;BOT_MAKER;BOT_TAKER;VEV_5400;XIRECS;14.0;4
91400;BOT_TAKER;BOT_MAKER;VEV_5500;XIRECS;5.0;2
91400;BOT_MAKER;BOT_TAKER;VEV_6500;XIRECS;0.0;5
91600;BOT_MAKER;BOT_TAKER;HYDROGEL_PACK;XIRECS;10000.0;3
91600;BOT_TAKER;BOT_MAKER;VELVETFRUIT_EXTRACT;XIRECS;5246.0;8
91700;BOT_TAKER;BOT_MAKER;VELVETFRUIT_EXTRACT;XIRECS;5246.0;5
91800;BOT_TAKER;BOT_MAKER;VEV_4000;XIRECS;1232.0;2
91800;BOT_TAKER;BOT_MAKER;VEV_5400;XIRECS;16.0;2
91900;BOT_MAKER;BOT_TAKER;VELVETFRUIT_EXTRACT;XIRECS;5242.0;6
91900;BOT_TAKER;BOT_MAKER;VEV_4000;XIRECS;1233.0;1
91900;BOT_TAKER;BOT_MAKER;VEV_6500;XIRECS;1.0;5
92000;BOT_TAKER;BOT_MAKER;VEV_4000;XIRECS;1232.0;3
92000;BOT_MAKER;BOT_TAKER;VEV_5500;XIRECS;4.0;3
92100;BOT_MAKER;BOT_TAKER;HYDROGEL_PACK;XIRECS;10002.0;3
92100;BOT_MAKER;BOT_TAKER;VELVETFRUIT_EXTRACT;XIRECS;5241.0;7
92200;BOT_TAKER;BOT_MAKER;VELVETFRUIT_EXTRACT;XIRECS;5245.0;5
92300;BOT_TAKER;BOT_MAKER;VEV_6000;XIRECS;1.0;2
92400;BOT_TAKER;BOT_MAKER;HYDROGEL_PACK;XIRECS;10017.0;5
92500;BOT_TAKER;BOT_MAKER;HYDROGEL_PACK;XIRECS;10018.0;2
92500;BOT_TAKER;BOT_MAKER;VELVETFRUIT_EXTRACT;XIRECS;5245.0;3
92500;BOT_TAKER;BOT_MAKER;VEV_4000;XIRECS;1235.0;2
92600;BOT_TAKER;BOT_MAKER;HYDROGEL_PACK;XIRECS;10018.0;5
92700;BOT_MAKER;BOT_TAKER;HYDROGEL_PACK;XIRECS;10002.0;5
92700;BOT_MAKER;BOT_TAKER;VELVETFRUIT_EXTRACT;XIRECS;5239.0;6
92900;BOT_MAKER;BOT_TAKER;HYDROGEL_PACK;XIRECS;10003.0;5
93100;BOT_MAKER;BOT_TAKER;VEV_6500;XIRECS;0.0;5
93300;BOT_TAKER;BOT_MAKER;HYDROGEL_PACK;XIRECS;10015.0;5
93500;BOT_TAKER;BOT_MAKER;HYDROGEL_PACK;XIRECS;10017.0;5
93600;BOT_TAKER;BOT_MAKER;HYDROGEL_PACK;XIRECS;10019.0;4
93600;BOT_MAKER;BOT_TAKER;VELVETFRUIT_EXTRACT;XIRECS;5237.0;3
93700;BOT_MAKER;BOT_TAKER;HYDROGEL_PACK;XIRECS;10002.0;4
93700;BOT_TAKER;BOT_MAKER;VELVETFRUIT_EXTRACT;XIRECS;5244.0;7
93800;BOT_MAKER;BOT_TAKER;HYDROGEL_PACK;XIRECS;9999.0;2
93800;BOT_MAKER;BOT_TAKER;VELVETFRUIT_EXTRACT;XIRECS;5237.0;7
93900;BOT_MAKER;BOT_TAKER;HYDROGEL_PACK;XIRECS;10001.0;4
93900;BOT_TAKER;BOT_MAKER;VELVETFRUIT_EXTRACT;XIRECS;5243.0;4
94000;BOT_MAKER;BOT_TAKER;VELVETFRUIT_EXTRACT;XIRECS;5237.0;5
94000;BOT_MAKER;BOT_TAKER;VEV_6500;XIRECS;0.0;5
94100;BOT_MAKER;BOT_TAKER;VEV_5500;XIRECS;4.0;2
94200;BOT_TAKER;BOT_MAKER;VEV_6500;XIRECS;1.0;4
94300;BOT_TAKER;BOT_MAKER;HYDROGEL_PACK;XIRECS;10022.0;5
94300;BOT_TAKER;BOT_MAKER;VEV_6000;XIRECS;1.0;2
94400;BOT_TAKER;BOT_MAKER;HYDROGEL_PACK;XIRECS;10023.0;3
94400;BOT_TAKER;BOT_MAKER;VEV_4000;XIRECS;1237.0;2
94500;BOT_TAKER;BOT_MAKER;VELVETFRUIT_EXTRACT;XIRECS;5243.0;11
94600;BOT_MAKER;BOT_TAKER;HYDROGEL_PACK;XIRECS;10010.0;4
94600;BOT_MAKER;BOT_TAKER;VELVETFRUIT_EXTRACT;XIRECS;5237.0;7
94700;BOT_TAKER;BOT_MAKER;VELVETFRUIT_EXTRACT;XIRECS;5244.0;4
94700;BOT_MAKER;BOT_TAKER;VEV_6000;XIRECS;0.0;5
94900;BOT_TAKER;BOT_MAKER;HYDROGEL_PACK;XIRECS;10021.0;4
95000;BOT_MAKER;BOT_TAKER;HYDROGEL_PACK;XIRECS;10005.0;2
95000;BOT_TAKER;BOT_MAKER;VEV_5500;XIRECS;5.0;4
95200;BOT_TAKER;BOT_MAKER;VELVETFRUIT_EXTRACT;XIRECS;5241.0;3
95300;BOT_MAKER;BOT_TAKER;VEV_4000;XIRECS;1221.0;3
95400;BOT_MAKER;BOT_TAKER;VEV_4000;XIRECS;1221.0;3
95600;BOT_TAKER;BOT_MAKER;VELVETFRUIT_EXTRACT;XIRECS;5241.0;5
95700;BOT_MAKER;BOT_TAKER;VELVETFRUIT_EXTRACT;XIRECS;5236.0;8
95700;BOT_TAKER;BOT_MAKER;VEV_6000;XIRECS;1.0;2
95800;BOT_TAKER;BOT_MAKER;VEV_5500;XIRECS;5.0;2
95900;BOT_TAKER;BOT_MAKER;HYDROGEL_PACK;XIRECS;10017.0;5
95900;BOT_TAKER;BOT_MAKER;VELVETFRUIT_EXTRACT;XIRECS;5238.0;3
95900;BOT_TAKER;BOT_MAKER;VEV_5400;XIRECS;15.0;4
96000;BOT_TAKER;BOT_MAKER;VELVETFRUIT_EXTRACT;XIRECS;5238.0;13
96200;BOT_TAKER;BOT_MAKER;VELVETFRUIT_EXTRACT;XIRECS;5237.0;5
96200;BOT_MAKER;BOT_TAKER;VEV_6500;XIRECS;0.0;4
96300;BOT_TAKER;BOT_MAKER;VEV_6500;XIRECS;1.0;2
96400;BOT_MAKER;BOT_TAKER;HYDROGEL_PACK;XIRECS;10005.0;6
96400;BOT_TAKER;BOT_MAKER;VEV_6000;XIRECS;1.0;5
96500;BOT_MAKER;BOT_TAKER;VEV_5400;XIRECS;15.0;4
96600;BOT_TAKER;BOT_MAKER;VELVETFRUIT_EXTRACT;XIRECS;5234.0;6
96800;BOT_TAKER;BOT_MAKER;HYDROGEL_PACK;XIRECS;10024.0;6
96900;BOT_MAKER;BOT_TAKER;HYDROGEL_PACK;XIRECS;10011.0;5
96900;BOT_TAKER;BOT_MAKER;VELVETFRUIT_EXTRACT;XIRECS;5230.0;6
96900;BOT_TAKER;BOT_MAKER;VEV_6000;XIRECS;1.0;3
97000;BOT_MAKER;BOT_TAKER;VELVETFRUIT_EXTRACT;XIRECS;5225.0;5
97000;BOT_MAKER;BOT_TAKER;VEV_4000;XIRECS;1222.0;2
97100;BOT_MAKER;BOT_TAKER;VELVETFRUIT_EXTRACT;XIRECS;5225.0;8
97200;BOT_MAKER;BOT_TAKER;HYDROGEL_PACK;XIRECS;10011.0;4
97200;BOT_TAKER;BOT_MAKER;VELVETFRUIT_EXTRACT;XIRECS;5229.0;8
97400;BOT_MAKER;BOT_TAKER;HYDROGEL_PACK;XIRECS;10012.0;3
97400;BOT_TAKER;BOT_MAKER;VELVETFRUIT_EXTRACT;XIRECS;5229.0;6
97400;BOT_TAKER;BOT_MAKER;VEV_5400;XIRECS;16.0;3
97500;BOT_MAKER;BOT_TAKER;HYDROGEL_PACK;XIRECS;10011.0;6
97600;BOT_MAKER;BOT_TAKER;HYDROGEL_PACK;XIRECS;10010.0;5
97600;BOT_TAKER;BOT_MAKER;VEV_5300;XIRECS;76.0;3
97700;BOT_MAKER;BOT_TAKER;HYDROGEL_PACK;XIRECS;10010.0;4
97800;BOT_TAKER;BOT_MAKER;HYDROGEL_PACK;XIRECS;10026.0;4
97900;BOT_TAKER;BOT_MAKER;HYDROGEL_PACK;XIRECS;10026.0;4
97900;BOT_TAKER;BOT_MAKER;VELVETFRUIT_EXTRACT;XIRECS;5230.0;8
98000;BOT_TAKER;BOT_MAKER;HYDROGEL_PACK;XIRECS;10026.0;5
98000;BOT_MAKER;BOT_TAKER;VELVETFRUIT_EXTRACT;XIRECS;5223.0;4
98200;BOT_MAKER;BOT_TAKER;VELVETFRUIT_EXTRACT;XIRECS;5224.0;4
98300;BOT_MAKER;BOT_TAKER;HYDROGEL_PACK;XIRECS;10006.0;5
98300;BOT_MAKER;BOT_TAKER;VELVETFRUIT_EXTRACT;XIRECS;5224.0;10
98300;BOT_MAKER;BOT_TAKER;VELVETFRUIT_EXTRACT;XIRECS;5224.0;5
98400;BOT_TAKER;BOT_MAKER;VELVETFRUIT_EXTRACT;XIRECS;5229.0;3
98500;BOT_TAKER;BOT_MAKER;VELVETFRUIT_EXTRACT;XIRECS;5231.0;4
98500;BOT_TAKER;BOT_MAKER;VEV_5500;XIRECS;5.0;4
98500;BOT_TAKER;BOT_MAKER;VEV_6500;XIRECS;1.0;3
98600;BOT_MAKER;BOT_TAKER;VELVETFRUIT_EXTRACT;XIRECS;5223.0;7
98700;BOT_TAKER;BOT_MAKER;HYDROGEL_PACK;XIRECS;10027.0;2
98700;BOT_MAKER;BOT_TAKER;VELVETFRUIT_EXTRACT;XIRECS;5223.0;5
99000;BOT_TAKER;BOT_MAKER;HYDROGEL_PACK;XIRECS;10033.0;2
99100;BOT_TAKER;BOT_MAKER;VELVETFRUIT_EXTRACT;XIRECS;5231.0;3
99100;BOT_TAKER;BOT_MAKER;VEV_5500;XIRECS;5.0;3
99200;BOT_TAKER;BOT_MAKER;HYDROGEL_PACK;XIRECS;10034.0;6
99400;BOT_TAKER;BOT_MAKER;HYDROGEL_PACK;XIRECS;10034.0;4
99500;BOT_TAKER;BOT_MAKER;HYDROGEL_PACK;XIRECS;10035.0;2
99500;BOT_MAKER;BOT_TAKER;VEV_4000;XIRECS;1217.0;1
99600;BOT_MAKER;BOT_TAKER;VELVETFRUIT_EXTRACT;XIRECS;5227.0;3
99600;BOT_MAKER;BOT_TAKER;VEV_6500;XIRECS;0.0;2
99800;BOT_TAKER;BOT_MAKER;VELVETFRUIT_EXTRACT;XIRECS;5233.0;7
99800;BOT_MAKER;BOT_TAKER;VEV_4000;XIRECS;1217.0;1
100000;BOT_MAKER;BOT_TAKER;HYDROGEL_PACK;XIRECS;10013.0;4
100100;BOT_TAKER;BOT_MAKER;VEV_4000;XIRECS;1241.0;1
100100;BOT_MAKER;BOT_TAKER;VEV_6000;XIRECS;0.0;2
100100;BOT_MAKER;BOT_TAKER;VEV_6500;XIRECS;0.0;2
100200;BOT_MAKER;BOT_TAKER;VEV_6500;XIRECS;0.0;5
100500;BOT_TAKER;BOT_MAKER;HYDROGEL_PACK;XIRECS;10035.0;2
100500;BOT_TAKER;BOT_MAKER;VELVETFRUIT_EXTRACT;XIRECS;5232.0;7
100500;BOT_MAKER;BOT_TAKER;VEV_4000;XIRECS;1221.0;2
100500;BOT_MAKER;BOT_TAKER;VEV_5500;XIRECS;3.0;5
100700;BOT_TAKER;BOT_MAKER;HYDROGEL_PACK;XIRECS;10040.0;6
100800;BOT_MAKER;BOT_TAKER;VEV_5400;XIRECS;14.0;2
101000;BOT_MAKER;BOT_TAKER;VEV_6500;XIRECS;0.0;2
101100;BOT_MAKER;BOT_TAKER;HYDROGEL_PACK;XIRECS;10027.0;4
101100;BOT_TAKER;BOT_MAKER;VELVETFRUIT_EXTRACT;XIRECS;5230.0;5
101200;BOT_TAKER;BOT_MAKER;VEV_5500;XIRECS;4.0;5
101300;BOT_TAKER;BOT_MAKER;VELVETFRUIT_EXTRACT;XIRECS;5229.0;4
101400;BOT_MAKER;BOT_TAKER;VEV_6000;XIRECS;0.0;4
101500;BOT_MAKER;BOT_TAKER;HYDROGEL_PACK;XIRECS;10024.0;3
101500;BOT_MAKER;BOT_TAKER;VELVETFRUIT_EXTRACT;XIRECS;5223.0;7
101600;BOT_MAKER;BOT_TAKER;VEV_6000;XIRECS;0.0;4
101700;BOT_TAKER;BOT_MAKER;HYDROGEL_PACK;XIRECS;10036.0;2
101700;BOT_TAKER;BOT_MAKER;VELVETFRUIT_EXTRACT;XIRECS;5231.0;5
101700;BOT_MAKER;BOT_TAKER;VELVETFRUIT_EXTRACT;XIRECS;5226.0;7
101700;BOT_MAKER;BOT_TAKER;VEV_6500;XIRECS;0.0;4
101900;BOT_TAKER;BOT_MAKER;HYDROGEL_PACK;XIRECS;10038.0;4
101900;BOT_TAKER;BOT_MAKER;VELVETFRUIT_EXTRACT;XIRECS;5228.0;4
101900;BOT_TAKER;BOT_MAKER;VEV_6000;XIRECS;1.0;3
101900;BOT_TAKER;BOT_MAKER;VEV_6500;XIRECS;1.0;3
102000;BOT_MAKER;BOT_TAKER;VEV_4000;XIRECS;1217.0;3
102100;BOT_MAKER;BOT_TAKER;VELVETFRUIT_EXTRACT;XIRECS;5224.0;7
102200;BOT_MAKER;BOT_TAKER;VELVETFRUIT_EXTRACT;XIRECS;5224.0;13
102300;BOT_TAKER;BOT_MAKER;HYDROGEL_PACK;XIRECS;10037.0;3
102300;BOT_TAKER;BOT_MAKER;VELVETFRUIT_EXTRACT;XIRECS;5229.0;7
102300;BOT_TAKER;BOT_MAKER;VEV_6500;XIRECS;1.0;2
102400;BOT_TAKER;BOT_MAKER;HYDROGEL_PACK;XIRECS;10034.0;5
102400;BOT_TAKER;BOT_MAKER;VELVETFRUIT_EXTRACT;XIRECS;5229.0;7
102400;BOT_MAKER;BOT_TAKER;VELVETFRUIT_EXTRACT;XIRECS;5224.0;8
102500;BOT_TAKER;BOT_MAKER;VEV_4000;XIRECS;1235.0;2
102500;BOT_MAKER;BOT_TAKER;VEV_5400;XIRECS;14.0;4
102500;BOT_TAKER;BOT_MAKER;VEV_6000;XIRECS;1.0;5
102600;BOT_MAKER;BOT_TAKER;HYDROGEL_PACK;XIRECS;10017.0;3
102600;BOT_MAKER;BOT_TAKER;VELVETFRUIT_EXTRACT;XIRECS;5226.0;4
102900;BOT_MAKER;BOT_TAKER;VELVETFRUIT_EXTRACT;XIRECS;5229.0;5
102900;BOT_TAKER;BOT_MAKER;VEV_6500;XIRECS;1.0;3
103000;BOT_MAKER;BOT_TAKER;VEV_6500;XIRECS;0.0;4
103200;BOT_MAKER;BOT_TAKER;VELVETFRUIT_EXTRACT;XIRECS;5233.0;6
103300;BOT_MAKER;BOT_TAKER;HYDROGEL_PACK;XIRECS;10024.0;4
103400;BOT_TAKER;BOT_MAKER;VELVETFRUIT_EXTRACT;XIRECS;5238.0;5
103500;BOT_MAKER;BOT_TAKER;VELVETFRUIT_EXTRACT;XIRECS;5231.0;6
103600;BOT_MAKER;BOT_TAKER;HYDROGEL_PACK;XIRECS;10020.0;4
103600;BOT_TAKER;BOT_MAKER;VELVETFRUIT_EXTRACT;XIRECS;5236.0;3
103800;BOT_TAKER;BOT_MAKER;VEV_6000;XIRECS;1.0;3
103900;BOT_MAKER;BOT_TAKER;VEV_4000;XIRECS;1214.0;2
104000;BOT_MAKER;BOT_TAKER;HYDROGEL_PACK;XIRECS;10016.0;6
104000;BOT_TAKER;BOT_MAKER;VELVETFRUIT_EXTRACT;XIRECS;5236.0;5
104000;BOT_MAKER;BOT_TAKER;VEV_6500;XIRECS;0.0;4
104100;BOT_MAKER;BOT_TAKER;HYDROGEL_PACK;XIRECS;10016.0;6
104100;BOT_TAKER;BOT_MAKER;VELVETFRUIT_EXTRACT;XIRECS;5236.0;9
104200;BOT_MAKER;BOT_TAKER;VEV_4000;XIRECS;1215.0;1
104300;BOT_MAKER;BOT_TAKER;VEV_6500;XIRECS;0.0;5
104600;BOT_MAKER;BOT_TAKER;HYDROGEL_PACK;XIRECS;10015.0;5
104600;BOT_TAKER;BOT_MAKER;VELVETFRUIT_EXTRACT;XIRECS;5236.0;3
104700;BOT_TAKER;BOT_MAKER;VEV_5300;XIRECS;67.0;4
104800;BOT_TAKER;BOT_MAKER;VELVETFRUIT_EXTRACT;XIRECS;5235.0;6
104900;BOT_MAKER;BOT_TAKER;HYDROGEL_PACK;XIRECS;10021.0;6
105000;BOT_TAKER;BOT_MAKER;HYDROGEL_PACK;XIRECS;10037.0;6
105000;BOT_TAKER;BOT_MAKER;VEV_5500;XIRECS;4.0;2
105100;BOT_MAKER;BOT_TAKER;VELVETFRUIT_EXTRACT;XIRECS;5231.0;7
105100;BOT_MAKER;BOT_TAKER;VELVETFRUIT_EXTRACT;XIRECS;5231.0;9
105100;BOT_MAKER;BOT_TAKER;VEV_5500;XIRECS;3.0;2
105200;BOT_TAKER;BOT_MAKER;VELVETFRUIT_EXTRACT;XIRECS;5237.0;8
105300;BOT_TAKER;BOT_MAKER;HYDROGEL_PACK;XIRECS;10043.0;4
105300;BOT_TAKER;BOT_MAKER;VELVETFRUIT_EXTRACT;XIRECS;5239.0;6
105600;BOT_MAKER;BOT_TAKER;VELVETFRUIT_EXTRACT;XIRECS;5235.0;4
105600;BOT_MAKER;BOT_TAKER;VEV_5500;XIRECS;3.0;4
105700;BOT_TAKER;BOT_MAKER;HYDROGEL_PACK;XIRECS;10039.0;6
105700;BOT_TAKER;BOT_MAKER;VELVETFRUIT_EXTRACT;XIRECS;5239.0;3
105800;BOT_TAKER;BOT_MAKER;VELVETFRUIT_EXTRACT;XIRECS;5239.0;8
105800;BOT_MAKER;BOT_TAKER;VEV_6000;XIRECS;0.0;4
105900;BOT_MAKER;BOT_TAKER;VEV_4000;XIRECS;1214.0;2
105900;BOT_TAKER;BOT_MAKER;VEV_6500;XIRECS;1.0;2
106100;BOT_TAKER;BOT_MAKER;VELVETFRUIT_EXTRACT;XIRECS;5240.0;6
106200;BOT_MAKER;BOT_TAKER;VELVETFRUIT_EXTRACT;XIRECS;5236.0;15
106400;BOT_MAKER;BOT_TAKER;HYDROGEL_PACK;XIRECS;10030.0;5
106400;BOT_MAKER;BOT_TAKER;VEV_4000;XIRECS;1212.0;1
106500;BOT_TAKER;BOT_MAKER;HYDROGEL_PACK;XIRECS;10046.0;3
106500;BOT_MAKER;BOT_TAKER;VELVETFRUIT_EXTRACT;XIRECS;5237.0;5
106500;BOT_TAKER;BOT_MAKER;VEV_5500;XIRECS;4.0;4
106600;BOT_TAKER;BOT_MAKER;VEV_4000;XIRECS;1233.0;2
106700;BOT_TAKER;BOT_MAKER;VELVETFRUIT_EXTRACT;XIRECS;5242.0;6
106700;BOT_MAKER;BOT_TAKER;VEV_6000;XIRECS;0.0;2
106800;BOT_MAKER;BOT_TAKER;VEV_5400;XIRECS;12.0;3
107000;BOT_TAKER;BOT_MAKER;VELVETFRUIT_EXTRACT;XIRECS;5243.0;4
107300;BOT_MAKER;BOT_TAKER;VELVETFRUIT_EXTRACT;XIRECS;5240.0;4
107500;BOT_MAKER;BOT_TAKER;HYDROGEL_PACK;XIRECS;10031.0;6
107500;BOT_TAKER;BOT_MAKER;VEV_6000;XIRECS;1.0;5
107500;BOT_TAKER;BOT_MAKER;VEV_6000;XIRECS;1.0;3
107600;BOT_MAKER;BOT_TAKER;VELVETFRUIT_EXTRACT;XIRECS;5239.0;5
107600;BOT_MAKER;BOT_TAKER;VEV_4000;XIRECS;1216.0;2
107600;BOT_MAKER;BOT_TAKER;VEV_6000;XIRECS;0.0;2
107700;BOT_TAKER;BOT_MAKER;HYDROGEL_PACK;XIRECS;10050.0;5
107700;BOT_TAKER;BOT_MAKER;VEV_4000;XIRECS;1237.0;2
107700;BOT_TAKER;BOT_MAKER;VEV_6000;XIRECS;1.0;4
107800;BOT_TAKER;BOT_MAKER;VELVETFRUIT_EXTRACT;XIRECS;5245.0;5
107900;BOT_MAKER;BOT_TAKER;HYDROGEL_PACK;XIRECS;10032.0;3
107900;BOT_TAKER;BOT_MAKER;VELVETFRUIT_EXTRACT;XIRECS;5246.0;7
107900;BOT_TAKER;BOT_MAKER;VEV_6000;XIRECS;1.0;2
108000;BOT_MAKER;BOT_TAKER;VEV_6500;XIRECS;0.0;4
108200;BOT_MAKER;BOT_TAKER;HYDROGEL_PACK;XIRECS;10034.0;6
108300;BOT_TAKER;BOT_MAKER;VEV_4000;XIRECS;1242.0;1
108300;BOT_MAKER;BOT_TAKER;VEV_6500;XIRECS;0.0;3
108500;BOT_MAKER;BOT_TAKER;VELVETFRUIT_EXTRACT;XIRECS;5240.0;8
108500;BOT_MAKER;BOT_TAKER;VEV_5300;XIRECS;68.0;4
108600;BOT_TAKER;BOT_MAKER;VEV_6000;XIRECS;1.0;2
108700;BOT_TAKER;BOT_MAKER;HYDROGEL_PACK;XIRECS;10053.0;2
108700;BOT_MAKER;BOT_TAKER;HYDROGEL_PACK;XIRECS;10037.0;3
108700;BOT_MAKER;BOT_TAKER;VEV_6000;XIRECS;0.0;2
108800;BOT_TAKER;BOT_MAKER;VELVETFRUIT_EXTRACT;XIRECS;5244.0;6
108800;BOT_TAKER;BOT_MAKER;VEV_4000;XIRECS;1242.0;1
109100;BOT_TAKER;BOT_MAKER;VEV_4000;XIRECS;1240.0;2
109100;BOT_MAKER;BOT_TAKER;VEV_6500;XIRECS;0.0;4
109400;BOT_TAKER;BOT_MAKER;VEV_5500;XIRECS;4.0;2
109500;BOT_TAKER;BOT_MAKER;VELVETFRUIT_EXTRACT;XIRECS;5246.0;5
109500;BOT_MAKER;BOT_TAKER;VEV_4000;XIRECS;1219.0;3
109500;BOT_MAKER;BOT_TAKER;VEV_4000;XIRECS;1219.0;1
109600;BOT_MAKER;BOT_TAKER;VEV_4000;XIRECS;1219.0;3
109700;BOT_MAKER;BOT_TAKER;VEV_6000;XIRECS;0.0;3
109900;BOT_TAKER;BOT_MAKER;VELVETFRUIT_EXTRACT;XIRECS;5244.0;5
109900;BOT_TAKER;BOT_MAKER;VEV_6000;XIRECS;1.0;4
110000;BOT_TAKER;BOT_MAKER;VEV_5500;XIRECS;4.0;4
110000;BOT_TAKER;BOT_MAKER;VEV_6500;XIRECS;1.0;2
110100;BOT_TAKER;BOT_MAKER;HYDROGEL_PACK;XIRECS;10055.0;2
110200;BOT_TAKER;BOT_MAKER;VELVETFRUIT_EXTRACT;XIRECS;5245.0;7
110200;BOT_TAKER;BOT_MAKER;VEV_4000;XIRECS;1239.0;2
110300;BOT_TAKER;BOT_MAKER;VELVETFRUIT_EXTRACT;XIRECS;5245.0;6
110300;BOT_MAKER;BOT_TAKER;VEV_4000;XIRECS;1218.0;2
110300;BOT_TAKER;BOT_MAKER;VEV_6000;XIRECS;1.0;5
110400;BOT_MAKER;BOT_TAKER;VELVETFRUIT_EXTRACT;XIRECS;5240.0;3
110600;BOT_MAKER;BOT_TAKER;HYDROGEL_PACK;XIRECS;10044.0;6
110600;BOT_MAKER;BOT_TAKER;VELVETFRUIT_EXTRACT;XIRECS;5240.0;9
110600;BOT_MAKER;BOT_TAKER;VEV_6500;XIRECS;0.0;2
110700;BOT_MAKER;BOT_TAKER;HYDROGEL_PACK;XIRECS;10043.0;4
110700;BOT_TAKER;BOT_MAKER;VELVETFRUIT_EXTRACT;XIRECS;5242.0;8
110800;BOT_MAKER;BOT_TAKER;VELVETFRUIT_EXTRACT;XIRECS;5238.0;5
110900;BOT_TAKER;BOT_MAKER;HYDROGEL_PACK;XIRECS;10067.0;3
110900;BOT_TAKER;BOT_MAKER;VELVETFRUIT_EXTRACT;XIRECS;5244.0;7
111000;BOT_MAKER;BOT_TAKER;VEV_4000;XIRECS;1215.0;1
111100;BOT_TAKER;BOT_MAKER;VELVETFRUIT_EXTRACT;XIRECS;5242.0;6
111100;BOT_MAKER;BOT_TAKER;VEV_4000;XIRECS;1215.0;2
111200;BOT_TAKER;BOT_MAKER;HYDROGEL_PACK;XIRECS;10069.0;4
111400;BOT_MAKER;BOT_TAKER;HYDROGEL_PACK;XIRECS;10051.0;2
111400;BOT_MAKER;BOT_TAKER;VELVETFRUIT_EXTRACT;XIRECS;5236.0;5
111400;BOT_TAKER;BOT_MAKER;VEV_5300;XIRECS;70.0;4
111400;BOT_TAKER;BOT_MAKER;VEV_5500;XIRECS;4.0;4
111400;BOT_MAKER;BOT_TAKER;VEV_6000;XIRECS;0.0;5
111500;BOT_MAKER;BOT_TAKER;VELVETFRUIT_EXTRACT;XIRECS;5237.0;8
111600;BOT_MAKER;BOT_TAKER;VEV_6500;XIRECS;0.0;4
111800;BOT_MAKER;BOT_TAKER;VELVETFRUIT_EXTRACT;XIRECS;5235.0;7
111900;BOT_TAKER;BOT_MAKER;VEV_4000;XIRECS;1233.0;3
111900;BOT_TAKER;BOT_MAKER;VEV_5400;XIRECS;12.0;3
111900;BOT_MAKER;BOT_TAKER;VEV_6500;XIRECS;0.0;2
112000;BOT_MAKER;BOT_TAKER;HYDROGEL_PACK;XIRECS;10052.0;6
112000;BOT_TAKER;BOT_MAKER;VELVETFRUIT_EXTRACT;XIRECS;5242.0;3
112000;BOT_MAKER;BOT_TAKER;VEV_6500;XIRECS;0.0;2
112100;BOT_TAKER;BOT_MAKER;HYDROGEL_PACK;XIRECS;10069.0;5
112100;BOT_MAKER;BOT_TAKER;VELVETFRUIT_EXTRACT;XIRECS;5236.0;4
112200;BOT_TAKER;BOT_MAKER;VELVETFRUIT_EXTRACT;XIRECS;5241.0;3
112600;BOT_MAKER;BOT_TAKER;VELVETFRUIT_EXTRACT;XIRECS;5241.0;3
112700;BOT_MAKER;BOT_TAKER;HYDROGEL_PACK;XIRECS;10044.0;5
112800;BOT_MAKER;BOT_TAKER;HYDROGEL_PACK;XIRECS;10044.0;2
112900;BOT_TAKER;BOT_MAKER;VEV_5500;XIRECS;5.0;4
113000;BOT_MAKER;BOT_TAKER;HYDROGEL_PACK;XIRECS;10045.0;2
113100;BOT_TAKER;BOT_MAKER;VELVETFRUIT_EXTRACT;XIRECS;5247.0;5
113200;BOT_MAKER;BOT_TAKER;VEV_5400;XIRECS;12.0;5
113300;BOT_MAKER;BOT_TAKER;VELVETFRUIT_EXTRACT;XIRECS;5242.0;4
113400;BOT_TAKER;BOT_MAKER;VELVETFRUIT_EXTRACT;XIRECS;5250.0;8
113400;BOT_MAKER;BOT_TAKER;VEV_5300;XIRECS;64.0;4
113500;BOT_TAKER;BOT_MAKER;VEV_5300;XIRECS;67.0;4
113600;BOT_MAKER;BOT_TAKER;VELVETFRUIT_EXTRACT;XIRECS;5244.0;11
113600;BOT_TAKER;BOT_MAKER;VEV_5400;XIRECS;14.0;2
113800;BOT_MAKER;BOT_TAKER;HYDROGEL_PACK;XIRECS;10043.0;2
113800;BOT_TAKER;BOT_MAKER;VELVETFRUIT_EXTRACT;XIRECS;5250.0;6
113900;BOT_TAKER;BOT_MAKER;VEV_5400;XIRECS;14.0;4
113900;BOT_MAKER;BOT_TAKER;VEV_6500;XIRECS;0.0;2
114000;BOT_MAKER;BOT_TAKER;VELVETFRUIT_EXTRACT;XIRECS;5242.0;5
114200;BOT_TAKER;BOT_MAKER;HYDROGEL_PACK;XIRECS;10064.0;5
114200;BOT_TAKER;BOT_MAKER;VELVETFRUIT_EXTRACT;XIRECS;5251.0;3
114200;BOT_MAKER;BOT_TAKER;VEV_4000;XIRECS;1213.0;2
114200;BOT_MAKER;BOT_TAKER;VEV_6000;XIRECS;0.0;5
114400;BOT_TAKER;BOT_MAKER;VELVETFRUIT_EXTRACT;XIRECS;5250.0;9
114400;BOT_MAKER;BOT_TAKER;VEV_4000;XIRECS;1215.0;1
114400;BOT_MAKER;BOT_TAKER;VEV_5400;XIRECS;12.0;3
114500;BOT_TAKER;BOT_MAKER;HYDROGEL_PACK;XIRECS;10063.0;3
114500;BOT_MAKER;BOT_TAKER;VELVETFRUIT_EXTRACT;XIRECS;5243.0;4
114500;BOT_TAKER;BOT_MAKER;VEV_5500;XIRECS;4.0;2
114600;BOT_MAKER;BOT_TAKER;VELVETFRUIT_EXTRACT;XIRECS;5243.0;8
114700;BOT_TAKER;BOT_MAKER;VELVETFRUIT_EXTRACT;XIRECS;5248.0;4
114800;BOT_TAKER;BOT_MAKER;VEV_5300;XIRECS;67.0;4
114800;BOT_TAKER;BOT_MAKER;VEV_6000;XIRECS;1.0;2
114900;BOT_TAKER;BOT_MAKER;VEV_5500;XIRECS;4.0;5
114900;BOT_TAKER;BOT_MAKER;VEV_6000;XIRECS;1.0;2
115100;BOT_MAKER;BOT_TAKER;VEV_5300;XIRECS;64.0;2
115200;BOT_MAKER;BOT_TAKER;HYDROGEL_PACK;XIRECS;10053.0;3
115300;BOT_TAKER;BOT_MAKER;HYDROGEL_PACK;XIRECS;10066.0;5
115400;BOT_MAKER;BOT_TAKER;HYDROGEL_PACK;XIRECS;10049.0;6
115400;BOT_MAKER;BOT_TAKER;VELVETFRUIT_EXTRACT;XIRECS;5242.0;8
115500;BOT_MAKER;BOT_TAKER;HYDROGEL_PACK;XIRECS;10050.0;5
115500;BOT_MAKER;BOT_TAKER;VEV_5400;XIRECS;12.0;2
115500;BOT_TAKER;BOT_MAKER;VEV_5500;XIRECS;4.0;5
115700;BOT_TAKER;BOT_MAKER;VELVETFRUIT_EXTRACT;XIRECS;5248.0;6
115800;BOT_TAKER;BOT_MAKER;HYDROGEL_PACK;XIRECS;10064.0;3
115800;BOT_MAKER;BOT_TAKER;VEV_4000;XIRECS;1217.0;1
115800;BOT_TAKER;BOT_MAKER;VEV_5500;XIRECS;4.0;3
115800;BOT_MAKER;BOT_TAKER;VEV_6000;XIRECS;0.0;4
115900;BOT_TAKER;BOT_MAKER;VELVETFRUIT_EXTRACT;XIRECS;5247.0;15
116000;BOT_MAKER;BOT_TAKER;HYDROGEL_PACK;XIRECS;10047.0;5
116000;BOT_MAKER;BOT_TAKER;VELVETFRUIT_EXTRACT;XIRECS;5243.0;4
116000;BOT_MAKER;BOT_TAKER;VEV_4000;XIRECS;1215.0;2
116000;BOT_TAKER;BOT_MAKER;VEV_6500;XIRECS;1.0;4
116100;BOT_TAKER;BOT_MAKER;HYDROGEL_PACK;XIRECS;10062.0;5
116100;BOT_MAKER;BOT_TAKER;VELVETFRUIT_EXTRACT;XIRECS;5244.0;6
116200;BOT_MAKER;BOT_TAKER;VELVETFRUIT_EXTRACT;XIRECS;5244.0;6
116300;BOT_TAKER;BOT_MAKER;HYDROGEL_PACK;XIRECS;10061.0;5
116300;BOT_MAKER;BOT_TAKER;VELVETFRUIT_EXTRACT;XIRECS;5243.0;7
116400;BOT_TAKER;BOT_MAKER;HYDROGEL_PACK;XIRECS;10064.0;5
116500;BOT_MAKER;BOT_TAKER;HYDROGEL_PACK;XIRECS;10048.0;4
116500;BOT_MAKER;BOT_TAKER;VELVETFRUIT_EXTRACT;XIRECS;5244.0;4
116500;BOT_TAKER;BOT_MAKER;VEV_4000;XIRECS;1234.0;3
116600;BOT_TAKER;BOT_MAKER;HYDROGEL_PACK;XIRECS;10064.0;2
116800;BOT_TAKER;BOT_MAKER;HYDROGEL_PACK;XIRECS;10069.0;5
116800;BOT_TAKER;BOT_MAKER;VELVETFRUIT_EXTRACT;XIRECS;5248.0;5
116900;BOT_MAKER;BOT_TAKER;VEV_4000;XIRECS;1215.0;2
117200;BOT_TAKER;BOT_MAKER;HYDROGEL_PACK;XIRECS;10072.0;3
117200;BOT_MAKER;BOT_TAKER;VELVETFRUIT_EXTRACT;XIRECS;5241.0;5
117200;BOT_MAKER;BOT_TAKER;VEV_5300;XIRECS;63.0;2
117300;BOT_TAKER;BOT_MAKER;HYDROGEL_PACK;XIRECS;10071.0;3
117400;BOT_TAKER;BOT_MAKER;HYDROGEL_PACK;XIRECS;10069.0;4
117400;BOT_TAKER;BOT_MAKER;VELVETFRUIT_EXTRACT;XIRECS;5248.0;5
117600;BOT_MAKER;BOT_TAKER;VELVETFRUIT_EXTRACT;XIRECS;5244.0;5
117600;BOT_TAKER;BOT_MAKER;VEV_4000;XIRECS;1234.0;3
117600;BOT_MAKER;BOT_TAKER;VEV_5500;XIRECS;3.0;3
117600;BOT_MAKER;BOT_TAKER;VEV_6500;XIRECS;0.0;4
117700;BOT_MAKER;BOT_TAKER;VELVETFRUIT_EXTRACT;XIRECS;5243.0;8
117800;BOT_MAKER;BOT_TAKER;VELVETFRUIT_EXTRACT;XIRECS;5241.0;5
117800;BOT_MAKER;BOT_TAKER;VEV_6500;XIRECS;0.0;5
118000;BOT_TAKER;BOT_MAKER;HYDROGEL_PACK;XIRECS;10068.0;6
118000;BOT_MAKER;BOT_TAKER;VEV_5500;XIRECS;3.0;5
118100;BOT_MAKER;BOT_TAKER;VEV_4000;XIRECS;1214.0;1
118300;BOT_MAKER;BOT_TAKER;HYDROGEL_PACK;XIRECS;10046.0;5
118600;BOT_MAKER;BOT_TAKER;HYDROGEL_PACK;XIRECS;10047.0;5
118600;BOT_TAKER;BOT_MAKER;VELVETFRUIT_EXTRACT;XIRECS;5243.0;3
118700;BOT_MAKER;BOT_TAKER;VELVETFRUIT_EXTRACT;XIRECS;5238.0;4
118900;BOT_TAKER;BOT_MAKER;VELVETFRUIT_EXTRACT;XIRECS;5242.0;4
118900;BOT_TAKER;BOT_MAKER;VELVETFRUIT_EXTRACT;XIRECS;5242.0;4
119000;BOT_MAKER;BOT_TAKER;HYDROGEL_PACK;XIRECS;10048.0;4
119000;BOT_TAKER;BOT_MAKER;VELVETFRUIT_EXTRACT;XIRECS;5244.0;3
119000;BOT_MAKER;BOT_TAKER;VEV_4000;XIRECS;1210.0;2
119000;BOT_TAKER;BOT_MAKER;VEV_6000;XIRECS;1.0;5
119200;BOT_TAKER;BOT_MAKER;VEV_5300;XIRECS;65.0;5
119300;BOT_MAKER;BOT_TAKER;HYDROGEL_PACK;XIRECS;10047.0;4
119300;BOT_TAKER;BOT_MAKER;VELVETFRUIT_EXTRACT;XIRECS;5243.0;8
119300;BOT_TAKER;BOT_MAKER;VEV_5400;XIRECS;14.0;4
119400;BOT_MAKER;BOT_TAKER;HYDROGEL_PACK;XIRECS;10050.0;4
119400;BOT_MAKER;BOT_TAKER;VELVETFRUIT_EXTRACT;XIRECS;5237.0;6
119500;BOT_TAKER;BOT_MAKER;VELVETFRUIT_EXTRACT;XIRECS;5242.0;4
119700;BOT_MAKER;BOT_TAKER;VEV_5400;XIRECS;12.0;2
119800;BOT_TAKER;BOT_MAKER;VELVETFRUIT_EXTRACT;XIRECS;5244.0;8
119800;BOT_MAKER;BOT_TAKER;VEV_6000;XIRECS;0.0;4
119900;BOT_TAKER;BOT_MAKER;HYDROGEL_PACK;XIRECS;10063.0;5
119900;BOT_TAKER;BOT_MAKER;VELVETFRUIT_EXTRACT;XIRECS;5244.0;6
119900;BOT_MAKER;BOT_TAKER;VEV_6500;XIRECS;0.0;4
120000;BOT_TAKER;BOT_MAKER;VELVETFRUIT_EXTRACT;XIRECS;5244.0;11
120000;BOT_MAKER;BOT_TAKER;VEV_6500;XIRECS;0.0;2
120100;BOT_TAKER;BOT_MAKER;VELVETFRUIT_EXTRACT;XIRECS;5244.0;6
120100;BOT_MAKER;BOT_TAKER;VELVETFRUIT_EXTRACT;XIRECS;5239.0;4
120300;BOT_TAKER;BOT_MAKER;VELVETFRUIT_EXTRACT;XIRECS;5245.0;4
120300;BOT_MAKER;BOT_TAKER;VELVETFRUIT_EXTRACT;XIRECS;5240.0;4
120300;BOT_TAKER;BOT_MAKER;VEV_6000;XIRECS;1.0;2
120400;BOT_MAKER;BOT_TAKER;VELVETFRUIT_EXTRACT;XIRECS;5241.0;4
120600;BOT_MAKER;BOT_TAKER;HYDROGEL_PACK;XIRECS;10052.0;2
120600;BOT_TAKER;BOT_MAKER;VELVETFRUIT_EXTRACT;XIRECS;5248.0;3
120600;BOT_MAKER;BOT_TAKER;VEV_4000;XIRECS;1214.0;2
120600;BOT_MAKER;BOT_TAKER;VEV_6000;XIRECS;0.0;2
120700;BOT_MAKER;BOT_TAKER;VEV_4000;XIRECS;1214.0;1
120800;BOT_MAKER;BOT_TAKER;VEV_5500;XIRECS;3.0;4
120800;BOT_TAKER;BOT_MAKER;VEV_6500;XIRECS;1.0;5
121200;BOT_TAKER;BOT_MAKER;HYDROGEL_PACK;XIRECS;10060.0;3
121200;BOT_MAKER;BOT_TAKER;VELVETFRUIT_EXTRACT;XIRECS;5243.0;6
121200;BOT_TAKER;BOT_MAKER;VEV_6500;XIRECS;1.0;4
121300;BOT_MAKER;BOT_TAKER;HYDROGEL_PACK;XIRECS;10040.0;5
121300;BOT_TAKER;BOT_MAKER;VELVETFRUIT_EXTRACT;XIRECS;5249.0;6
121300;BOT_MAKER;BOT_TAKER;VEV_4000;XIRECS;1215.0;2
121400;BOT_MAKER;BOT_TAKER;VELVETFRUIT_EXTRACT;XIRECS;5243.0;4
121400;BOT_MAKER;BOT_TAKER;VEV_6500;XIRECS;0.0;5
121500;BOT_MAKER;BOT_TAKER;HYDROGEL_PACK;XIRECS;10044.0;6
121500;BOT_MAKER;BOT_TAKER;VELVETFRUIT_EXTRACT;XIRECS;5244.0;6
121600;BOT_TAKER;BOT_MAKER;VELVETFRUIT_EXTRACT;XIRECS;5248.0;5
121700;BOT_TAKER;BOT_MAKER;VEV_6500;XIRECS;1.0;2
121800;BOT_MAKER;BOT_TAKER;HYDROGEL_PACK;XIRECS;10048.0;2
121900;BOT_TAKER;BOT_MAKER;HYDROGEL_PACK;XIRECS;10067.0;4
121900;BOT_TAKER;BOT_MAKER;HYDROGEL_PACK;XIRECS;10067.0;3
121900;BOT_TAKER;BOT_MAKER;VELVETFRUIT_EXTRACT;XIRECS;5249.0;7
122000;BOT_MAKER;BOT_TAKER;HYDROGEL_PACK;XIRECS;10053.0;5
122100;BOT_TAKER;BOT_MAKER;VELVETFRUIT_EXTRACT;XIRECS;5247.0;8
122300;BOT_MAKER;BOT_TAKER;HYDROGEL_PACK;XIRECS;10048.0;4
122300;BOT_MAKER;BOT_TAKER;HYDROGEL_PACK;XIRECS;10048.0;3
122300;BOT_TAKER;BOT_MAKER;VEV_4000;XIRECS;1239.0;3
122500;BOT_MAKER;BOT_TAKER;HYDROGEL_PACK;XIRECS;10046.0;5
122600;BOT_MAKER;BOT_TAKER;VELVETFRUIT_EXTRACT;XIRECS;5241.0;7
122600;BOT_MAKER;BOT_TAKER;VEV_6500;XIRECS;0.0;3
122700;BOT_TAKER;BOT_MAKER;VELVETFRUIT_EXTRACT;XIRECS;5245.0;6
122700;BOT_MAKER;BOT_TAKER;VEV_5200;XIRECS;108.0;5
122700;BOT_TAKER;BOT_MAKER;VEV_5500;XIRECS;5.0;2
122800;BOT_TAKER;BOT_MAKER;VELVETFRUIT_EXTRACT;XIRECS;5247.0;5
123000;BOT_MAKER;BOT_TAKER;VELVETFRUIT_EXTRACT;XIRECS;5237.0;3
123000;BOT_TAKER;BOT_MAKER;VEV_4000;XIRECS;1239.0;2
123200;BOT_TAKER;BOT_MAKER;HYDROGEL_PACK;XIRECS;10065.0;4
123200;BOT_TAKER;BOT_MAKER;VELVETFRUIT_EXTRACT;XIRECS;5241.0;3
123200;BOT_MAKER;BOT_TAKER;VEV_5400;XIRECS;12.0;5
123300;BOT_TAKER;BOT_MAKER;HYDROGEL_PACK;XIRECS;10062.0;6
123300;BOT_MAKER;BOT_TAKER;VELVETFRUIT_EXTRACT;XIRECS;5236.0;7
123400;BOT_MAKER;BOT_TAKER;VEV_6500;XIRECS;0.0;4
123500;BOT_MAKER;BOT_TAKER;VELVETFRUIT_EXTRACT;XIRECS;5237.0;8
123500;BOT_MAKER;BOT_TAKER;VEV_5500;XIRECS;3.0;2
123700;BOT_MAKER;BOT_TAKER;VELVETFRUIT_EXTRACT;XIRECS;5238.0;10
123700;BOT_TAKER;BOT_MAKER;VEV_5300;XIRECS;63.0;5
123800;BOT_MAKER;BOT_TAKER;HYDROGEL_PACK;XIRECS;10044.0;6
123800;BOT_TAKER;BOT_MAKER;VEV_5500;XIRECS;5.0;2
123900;BOT_MAKER;BOT_TAKER;VELVETFRUIT_EXTRACT;XIRECS;5237.0;10
123900;BOT_TAKER;BOT_MAKER;VEV_4000;XIRECS;1236.0;3
123900;BOT_MAKER;BOT_TAKER;VEV_6000;XIRECS;0.0;2
124000;BOT_TAKER;BOT_MAKER;VEV_5500;XIRECS;4.0;5
124100;BOT_TAKER;BOT_MAKER;HYDROGEL_PACK;XIRECS;10058.0;4
124100;BOT_MAKER;BOT_TAKER;VEV_6000;XIRECS;0.0;2
124200;BOT_TAKER;BOT_MAKER;VELVETFRUIT_EXTRACT;XIRECS;5243.0;6
124300;BOT_MAKER;BOT_TAKER;VEV_4000;XIRECS;1209.0;3
124400;BOT_MAKER;BOT_TAKER;HYDROGEL_PACK;XIRECS;10035.0;6
124500;BOT_TAKER;BOT_MAKER;HYDROGEL_PACK;XIRECS;10053.0;3
124600;BOT_MAKER;BOT_TAKER;VELVETFRUIT_EXTRACT;XIRECS;5242.0;3
124700;BOT_TAKER;BOT_MAKER;HYDROGEL_PACK;XIRECS;10055.0;4
124700;BOT_MAKER;BOT_TAKER;VELVETFRUIT_EXTRACT;XIRECS;5241.0;5
124800;BOT_MAKER;BOT_TAKER;VELVETFRUIT_EXTRACT;XIRECS;5240.0;4
124800;BOT_TAKER;BOT_MAKER;VEV_6500;XIRECS;1.0;4
124900;BOT_MAKER;BOT_TAKER;HYDROGEL_PACK;XIRECS;10032.0;2
124900;BOT_TAKER;BOT_MAKER;VELVETFRUIT_EXTRACT;XIRECS;5246.0;3
125000;BOT_MAKER;BOT_TAKER;VEV_6500;XIRECS;0.0;5
125100;BOT_TAKER;BOT_MAKER;HYDROGEL_PACK;XIRECS;10051.0;4
125200;BOT_TAKER;BOT_MAKER;HYDROGEL_PACK;XIRECS;10052.0;5
125200;BOT_TAKER;BOT_MAKER;VELVETFRUIT_EXTRACT;XIRECS;5244.0;4
125200;BOT_TAKER;BOT_MAKER;VELVETFRUIT_EXTRACT;XIRECS;5244.0;7
125400;BOT_MAKER;BOT_TAKER;VEV_6500;XIRECS;0.0;5
125800;BOT_MAKER;BOT_TAKER;HYDROGEL_PACK;XIRECS;10038.0;2
125900;BOT_TAKER;BOT_MAKER;HYDROGEL_PACK;XIRECS;10056.0;3
125900;BOT_MAKER;BOT_TAKER;VELVETFRUIT_EXTRACT;XIRECS;5241.0;8
126000;BOT_TAKER;BOT_MAKER;HYDROGEL_PACK;XIRECS;10055.0;4
126000;BOT_TAKER;BOT_MAKER;VEV_4000;XIRECS;1227.0;1
126100;BOT_TAKER;BOT_MAKER;VELVETFRUIT_EXTRACT;XIRECS;5246.0;7
126100;BOT_MAKER;BOT_TAKER;VEV_4000;XIRECS;1205.0;1
126100;BOT_TAKER;BOT_MAKER;VEV_5500;XIRECS;5.0;2
126200;BOT_MAKER;BOT_TAKER;HYDROGEL_PACK;XIRECS;10042.0;3
126200;BOT_MAKER;BOT_TAKER;HYDROGEL_PACK;XIRECS;10042.0;6
126200;BOT_MAKER;BOT_TAKER;VELVETFRUIT_EXTRACT;XIRECS;5241.0;5
126300;BOT_MAKER;BOT_TAKER;HYDROGEL_PACK;XIRECS;10043.0;4
126400;BOT_TAKER;BOT_MAKER;VELVETFRUIT_EXTRACT;XIRECS;5245.0;4
126400;BOT_MAKER;BOT_TAKER;VEV_6500;XIRECS;0.0;4
126600;BOT_TAKER;BOT_MAKER;HYDROGEL_PACK;XIRECS;10059.0;2
126600;BOT_TAKER;BOT_MAKER;VELVETFRUIT_EXTRACT;XIRECS;5245.0;5
126600;BOT_TAKER;BOT_MAKER;VEV_4000;XIRECS;1226.0;1
126700;BOT_MAKER;BOT_TAKER;HYDROGEL_PACK;XIRECS;10041.0;2
126700;BOT_TAKER;BOT_MAKER;VELVETFRUIT_EXTRACT;XIRECS;5244.0;10
126700;BOT_MAKER;BOT_TAKER;VEV_4000;XIRECS;1208.0;2
126700;BOT_MAKER;BOT_TAKER;VEV_5500;XIRECS;4.0;4
126800;BOT_TAKER;BOT_MAKER;VEV_5400;XIRECS;15.0;3
126900;BOT_MAKER;BOT_TAKER;VELVETFRUIT_EXTRACT;XIRECS;5239.0;8
127000;BOT_MAKER;BOT_TAKER;VEV_4000;XIRECS;1209.0;2
127000;BOT_TAKER;BOT_MAKER;VEV_5500;XIRECS;4.0;4
127100;BOT_MAKER;BOT_TAKER;VELVETFRUIT_EXTRACT;XIRECS;5241.0;8
127100;BOT_TAKER;BOT_MAKER;VEV_5400;XIRECS;15.0;3
127100;BOT_TAKER;BOT_MAKER;VEV_5500;XIRECS;4.0;3
127200;BOT_MAKER;BOT_TAKER;VELVETFRUIT_EXTRACT;XIRECS;5242.0;6
127400;BOT_TAKER;BOT_MAKER;HYDROGEL_PACK;XIRECS;10051.0;2
127400;BOT_TAKER;BOT_MAKER;VELVETFRUIT_EXTRACT;XIRECS;5248.0;8
127500;BOT_MAKER;BOT_TAKER;VEV_6500;XIRECS;0.0;4
127600;BOT_MAKER;BOT_TAKER;VELVETFRUIT_EXTRACT;XIRECS;5241.0;4
127600;BOT_TAKER;BOT_MAKER;VEV_4000;XIRECS;1229.0;3
127900;BOT_MAKER;BOT_TAKER;HYDROGEL_PACK;XIRECS;10043.0;2
127900;BOT_MAKER;BOT_TAKER;VEV_4000;XIRECS;1209.0;2
128000;BOT_TAKER;BOT_MAKER;VEV_4000;XIRECS;1230.0;1
128000;BOT_MAKER;BOT_TAKER;VEV_5300;XIRECS;58.0;2
128100;BOT_TAKER;BOT_MAKER;VEV_6000;XIRECS;1.0;5
128300;BOT_TAKER;BOT_MAKER;HYDROGEL_PACK;XIRECS;10058.0;6
128300;BOT_TAKER;BOT_MAKER;VEV_5500;XIRECS;5.0;3
128400;BOT_TAKER;BOT_MAKER;VELVETFRUIT_EXTRACT;XIRECS;5250.0;6
128500;BOT_TAKER;BOT_MAKER;VELVETFRUIT_EXTRACT;XIRECS;5250.0;4
128700;BOT_MAKER;BOT_TAKER;HYDROGEL_PACK;XIRECS;10039.0;5
128700;BOT_TAKER;BOT_MAKER;VELVETFRUIT_EXTRACT;XIRECS;5250.0;5
128800;BOT_TAKER;BOT_MAKER;HYDROGEL_PACK;XIRECS;10053.0;4
128900;BOT_TAKER;BOT_MAKER;VEV_6500;XIRECS;1.0;4
129100;BOT_TAKER;BOT_MAKER;HYDROGEL_PACK;XIRECS;10055.0;6
129100;BOT_MAKER;BOT_TAKER;VELVETFRUIT_EXTRACT;XIRECS;5245.0;4
129300;BOT_MAKER;BOT_TAKER;VELVETFRUIT_EXTRACT;XIRECS;5247.0;10
129300;BOT_TAKER;BOT_MAKER;VEV_5500;XIRECS;6.0;4
129400;BOT_TAKER;BOT_MAKER;VELVETFRUIT_EXTRACT;XIRECS;5252.0;3
129500;BOT_MAKER;BOT_TAKER;HYDROGEL_PACK;XIRECS;10043.0;2
129600;BOT_MAKER;BOT_TAKER;VELVETFRUIT_EXTRACT;XIRECS;5247.0;6
129600;BOT_TAKER;BOT_MAKER;VEV_5500;XIRECS;6.0;2
129700;BOT_MAKER;BOT_TAKER;HYDROGEL_PACK;XIRECS;10044.0;6
129700;BOT_TAKER;BOT_MAKER;VEV_6500;XIRECS;1.0;5
129800;BOT_MAKER;BOT_TAKER;VELVETFRUIT_EXTRACT;XIRECS;5247.0;8
129900;BOT_TAKER;BOT_MAKER;VELVETFRUIT_EXTRACT;XIRECS;5251.0;8
129900;BOT_MAKER;BOT_TAKER;VEV_5500;XIRECS;5.0;2
129900;BOT_MAKER;BOT_TAKER;VEV_6000;XIRECS;0.0;5
130000;BOT_TAKER;BOT_MAKER;HYDROGEL_PACK;XIRECS;10061.0;5
130100;BOT_MAKER;BOT_TAKER;VELVETFRUIT_EXTRACT;XIRECS;5247.0;6
130200;BOT_MAKER;BOT_TAKER;HYDROGEL_PACK;XIRECS;10048.0;3
130200;BOT_MAKER;BOT_TAKER;VELVETFRUIT_EXTRACT;XIRECS;5246.0;7
130200;BOT_MAKER;BOT_TAKER;VEV_6500;XIRECS;0.0;3
130300;BOT_MAKER;BOT_TAKER;VELVETFRUIT_EXTRACT;XIRECS;5247.0;7
130400;BOT_MAKER;BOT_TAKER;VELVETFRUIT_EXTRACT;XIRECS;5248.0;8
130400;BOT_TAKER;BOT_MAKER;VEV_4000;XIRECS;1230.0;3
130500;BOT_MAKER;BOT_TAKER;VELVETFRUIT_EXTRACT;XIRECS;5247.0;4
130600;BOT_MAKER;BOT_TAKER;VELVETFRUIT_EXTRACT;XIRECS;5246.0;7
130600;BOT_MAKER;BOT_TAKER;VEV_5400;XIRECS;12.0;3
130800;BOT_MAKER;BOT_TAKER;VEV_6500;XIRECS;0.0;2
130900;BOT_MAKER;BOT_TAKER;HYDROGEL_PACK;XIRECS;10046.0;2
130900;BOT_TAKER;BOT_MAKER;VELVETFRUIT_EXTRACT;XIRECS;5252.0;5
130900;BOT_MAKER;BOT_TAKER;VEV_5500;XIRECS;5.0;5
131100;BOT_MAKER;BOT_TAKER;HYDROGEL_PACK;XIRECS;10048.0;2
131100;BOT_MAKER;BOT_TAKER;VELVETFRUIT_EXTRACT;XIRECS;5248.0;7
131100;BOT_TAKER;BOT_MAKER;VEV_5200;XIRECS;110.0;5
131300;BOT_TAKER;BOT_MAKER;VELVETFRUIT_EXTRACT;XIRECS;5254.0;8
131300;BOT_TAKER;BOT_MAKER;VEV_5300;XIRECS;63.0;5
131400;BOT_MAKER;BOT_TAKER;HYDROGEL_PACK;XIRECS;10051.0;2
131400;BOT_MAKER;BOT_TAKER;VELVETFRUIT_EXTRACT;XIRECS;5249.0;6
131500;BOT_TAKER;BOT_MAKER;HYDROGEL_PACK;XIRECS;10066.0;4
131500;BOT_TAKER;BOT_MAKER;VELVETFRUIT_EXTRACT;XIRECS;5255.0;5
131600;BOT_TAKER;BOT_MAKER;HYDROGEL_PACK;XIRECS;10066.0;6
131600;BOT_TAKER;BOT_MAKER;VELVETFRUIT_EXTRACT;XIRECS;5254.0;11
131800;BOT_TAKER;BOT_MAKER;HYDROGEL_PACK;XIRECS;10064.0;2
131800;BOT_TAKER;BOT_MAKER;VELVETFRUIT_EXTRACT;XIRECS;5255.0;3
131800;BOT_MAKER;BOT_TAKER;VELVETFRUIT_EXTRACT;XIRECS;5250.0;7
131800;BOT_MAKER;BOT_TAKER;VEV_4000;XIRECS;1208.0;1
131800;BOT_MAKER;BOT_TAKER;VEV_6000;XIRECS;0.0;4
131900;BOT_TAKER;BOT_MAKER;HYDROGEL_PACK;XIRECS;10063.0;4
132100;BOT_TAKER;BOT_MAKER;VELVETFRUIT_EXTRACT;XIRECS;5254.0;7
132100;BOT_TAKER;BOT_MAKER;VELVETFRUIT_EXTRACT;XIRECS;5254.0;4
132100;BOT_TAKER;BOT_MAKER;VEV_5400;XIRECS;15.0;3
132300;BOT_TAKER;BOT_MAKER;VELVETFRUIT_EXTRACT;XIRECS;5253.0;9
132400;BOT_TAKER;BOT_MAKER;VEV_4000;XIRECS;1230.0;1
132400;BOT_TAKER;BOT_MAKER;VEV_6500;XIRECS;1.0;5
132500;BOT_TAKER;BOT_MAKER;VEV_4000;XIRECS;1230.0;3
132500;BOT_MAKER;BOT_TAKER;VEV_5300;XIRECS;60.0;2
132500;BOT_MAKER;BOT_TAKER;VEV_6500;XIRECS;0.0;4
132600;BOT_TAKER;BOT_MAKER;VEV_5500;XIRECS;6.0;3
132700;BOT_TAKER;BOT_MAKER;HYDROGEL_PACK;XIRECS;10063.0;4
132700;BOT_MAKER;BOT_TAKER;VEV_6500;XIRECS;0.0;2
132800;BOT_MAKER;BOT_TAKER;VELVETFRUIT_EXTRACT;XIRECS;5250.0;4
133000;BOT_TAKER;BOT_MAKER;HYDROGEL_PACK;XIRECS;10061.0;5
133200;BOT_MAKER;BOT_TAKER;VEV_6500;XIRECS;0.0;5
133400;BOT_TAKER;BOT_MAKER;VELVETFRUIT_EXTRACT;XIRECS;5261.0;6
133400;BOT_MAKER;BOT_TAKER;VEV_5300;XIRECS;60.0;3
133500;BOT_TAKER;BOT_MAKER;VEV_4000;XIRECS;1233.0;1
133600;BOT_MAKER;BOT_TAKER;HYDROGEL_PACK;XIRECS;10043.0;6
133600;BOT_TAKER;BOT_MAKER;VELVETFRUIT_EXTRACT;XIRECS;5262.0;8
133700;BOT_TAKER;BOT_MAKER;VELVETFRUIT_EXTRACT;XIRECS;5260.0;5
