timestamp;buyer;seller;symbol;currency;price;quantity
0;BOT_TAKER;BOT_MAKER;HYDROGEL_PACK;XIRECS;9987.0;2
0;BOT_MAKER;BOT_TAKER;VELVETFRUIT_EXTRACT;XIRECS;5260.0;4
0;BOT_MAKER;BOT_TAKER;VEV_5300;XIRECS;49.0;4
0;BOT_MAKER;BOT_TAKER;VEV_6000;XIRECS;0.0;3
300;BOT_MAKER;BOT_TAKER;VELVETFRUIT_EXTRACT;XIRECS;5260.0;5
400;BOT_MAKER;BOT_TAKER;VEV_6000;XIRECS;0.0;3
500;BOT_TAKER;BOT_MAKER;VEV_4000;XIRECS;1273.0;3
600;BOT_MAKER;BOT_TAKER;VELVETFRUIT_EXTRACT;XIRECS;5261.0;9
700;BOT_MAKER;BOT_TAKER;VELVETFRUIT_EXTRACT;XIRECS;5262.0;5
800;BOT_TAKER;BOT_MAKER;VELVETFRUIT_EXTRACT;XIRECS;5268.0;7
800;BOT_TAKER;BOT_MAKER;VEV_5300;XIRECS;52.0;4
900;BOT_MAKER;BOT_TAKER;VELVETFRUIT_EXTRACT;XIRECS;5262.0;13
1000;BOT_MAKER;BOT_TAKER;HYDROGEL_PACK;XIRECS;9972.0;5
1100;BOT_MAKER;BOT_TAKER;HYDROGEL_PACK;XIRECS;9973.0;5
1100;BOT_MAKER;BOT_TAKER;VELVETFRUIT_EXTRACT;XIRECS;5263.0;6
1100;BOT_MAKER;BOT_TAKER;VEV_5400;XIRECS;16.0;3
1200;BOT_MAKER;BOT_TAKER;HYDROGEL_PACK;XIRECS;9978.0;2
1400;BOT_TAKER;BOT_MAKER;HYDROGEL_PACK;XIRECS;9993.0;2
1400;BOT_TAKER;BOT_MAKER;VELVETFRUIT_EXTRACT;XIRECS;5270.0;5
1400;BOT_MAKER;BOT_TAKER;VEV_5300;XIRECS;50.0;3
1500;BOT_MAKER;BOT_TAKER;HYDROGEL_PACK;XIRECS;9976.0;4
1500;BOT_MAKER;BOT_TAKER;VELVETFRUIT_EXTRACT;XIRECS;5265.0;7
1600;BOT_MAKER;BOT_TAKER;VELVETFRUIT_EXTRACT;XIRECS;5265.0;6
1700;BOT_TAKER;BOT_MAKER;HYDROGEL_PACK;XIRECS;9998.0;6
1700;BOT_TAKER;BOT_MAKER;VELVETFRUIT_EXTRACT;XIRECS;5269.0;3
1700;BOT_MAKER;BOT_TAKER;VEV_5400;XIRECS;16.0;5
1800;BOT_TAKER;BOT_MAKER;VELVETFRUIT_EXTRACT;XIRECS;5270.0;4
1900;BOT_TAKER;BOT_MAKER;VELVETFRUIT_EXTRACT;XIRECS;5269.0;8
1900;BOT_TAKER;BOT_MAKER;VEV_6000;XIRECS;1.0;2
2000;BOT_TAKER;BOT_MAKER;VEV_6000;XIRECS;1.0;5
2100;BOT_MAKER;BOT_TAKER;HYDROGEL_PACK;XIRECS;9979.0;6
2100;BOT_TAKER;BOT_MAKER;VELVETFRUIT_EXTRACT;XIRECS;5269.0;8
2100;BOT_MAKER;BOT_TAKER;VEV_4000;XIRECS;1254.0;1
2200;BOT_MAKER;BOT_TAKER;VELVETFRUIT_EXTRACT;XIRECS;5261.0;8
2200;BOT_MAKER;BOT_TAKER;VEV_6500;XIRECS;0.0;5
2300;BOT_MAKER;BOT_TAKER;HYDROGEL_PACK;XIRECS;9982.0;4
2300;BOT_MAKER;BOT_TAKER;VEV_4000;XIRECS;1253.0;3
2400;BOT_MAKER;BOT_TAKER;HYDROGEL_PACK;XIRECS;9982.0;6
2500;BOT_TAKER;BOT_MAKER;HYDROGEL_PACK;XIRECS;9999.0;4
2500;BOT_TAKER;BOT_MAKER;VELVETFRUIT_EXTRACT;XIRECS;5266.0;6
2500;BOT_MAKER;BOT_TAKER;VEV_6000;XIRECS;0.0;2
2600;BOT_MAKER;BOT_TAKER;VELVETFRUIT_EXTRACT;XIRECS;5260.0;6
2700;BOT_MAKER;BOT_TAKER;VEV_4000;XIRECS;1253.0;2
2800;BOT_TAKER;BOT_MAKER;VEV_6000;XIRECS;1.0;5
2900;BOT_TAKER;BOT_MAKER;HYDROGEL_PACK;XIRECS;9999.0;6
2900;BOT_MAKER;BOT_TAKER;VELVETFRUIT_EXTRACT;XIRECS;5261.0;7
3000;BOT_MAKER;BOT_TAKER;VEV_5500;XIRECS;5.0;4
3100;BOT_MAKER;BOT_TAKER;HYDROGEL_PACK;XIRECS;9986.0;3
3300;BOT_TAKER;BOT_MAKER;VELVETFRUIT_EXTRACT;XIRECS;5264.0;4
3300;BOT_TAKER;BOT_MAKER;VEV_5400;XIRECS;19.0;4
3400;BOT_MAKER;BOT_TAKER;HYDROGEL_PACK;XIRECS;9985.0;5
3400;BOT_MAKER;BOT_TAKER;VEV_4000;XIRECS;1251.0;3
3500;BOT_TAKER;BOT_MAKER;VELVETFRUIT_EXTRACT;XIRECS;5264.0;5
3600;BOT_TAKER;BOT_MAKER;VELVETFRUIT_EXTRACT;XIRECS;5265.0;9
3700;BOT_MAKER;BOT_TAKER;VELVETFRUIT_EXTRACT;XIRECS;5259.0;3
3800;BOT_TAKER;BOT_MAKER;VEV_4000;XIRECS;1268.0;1
3800;BOT_MAKER;BOT_TAKER;VEV_6500;XIRECS;0.0;4
3900;BOT_TAKER;BOT_MAKER;HYDROGEL_PACK;XIRECS;9996.0;4
3900;BOT_TAKER;BOT_MAKER;HYDROGEL_PACK;XIRECS;9996.0;5
3900;BOT_MAKER;BOT_TAKER;VELVETFRUIT_EXTRACT;XIRECS;5259.0;8
3900;BOT_MAKER;BOT_TAKER;VEV_6000;XIRECS;0.0;5
4000;BOT_TAKER;BOT_MAKER;HYDROGEL_PACK;XIRECS;9996.0;2
4000;BOT_MAKER;BOT_TAKER;VELVETFRUIT_EXTRACT;XIRECS;5260.0;5
4000;BOT_TAKER;BOT_MAKER;VEV_4000;XIRECS;1268.0;3
4200;BOT_TAKER;BOT_MAKER;VELVETFRUIT_EXTRACT;XIRECS;5266.0;5
4300;BOT_MAKER;BOT_TAKER;HYDROGEL_PACK;XIRECS;9980.0;3
4300;BOT_MAKER;BOT_TAKER;VEV_4000;XIRECS;1247.0;1
4300;BOT_TAKER;BOT_MAKER;VEV_5300;XIRECS;51.0;3
4400;BOT_TAKER;BOT_MAKER;HYDROGEL_PACK;XIRECS;9996.0;3
4400;BOT_TAKER;BOT_MAKER;VELVETFRUIT_EXTRACT;XIRECS;5263.0;5
4500;BOT_TAKER;BOT_MAKER;VEV_6500;XIRECS;1.0;2
4600;BOT_MAKER;BOT_TAKER;VELVETFRUIT_EXTRACT;XIRECS;5257.0;8
4700;BOT_MAKER;BOT_TAKER;HYDROGEL_PACK;XIRECS;9984.0;5
4700;BOT_MAKER;BOT_TAKER;VELVETFRUIT_EXTRACT;XIRECS;5258.0;8
4800;BOT_MAKER;BOT_TAKER;VEV_4000;XIRECS;1244.0;3
4900;BOT_TAKER;BOT_MAKER;VELVETFRUIT_EXTRACT;XIRECS;5263.0;6
4900;BOT_MAKER;BOT_TAKER;VEV_6000;XIRECS;0.0;2
5100;BOT_TAKER;BOT_MAKER;VEV_6000;XIRECS;1.0;5
5200;BOT_TAKER;BOT_MAKER;VELVETFRUIT_EXTRACT;XIRECS;5261.0;8
5300;BOT_MAKER;BOT_TAKER;VEV_6000;XIRECS;0.0;5
5300;BOT_MAKER;BOT_TAKER;VEV_6500;XIRECS;0.0;2
5500;BOT_TAKER;BOT_MAKER;VEV_5300;XIRECS;54.0;3
5600;BOT_MAKER;BOT_TAKER;VEV_4000;XIRECS;1246.0;3
5600;BOT_TAKER;BOT_MAKER;VEV_5400;XIRECS;19.0;3
5700;BOT_MAKER;BOT_TAKER;HYDROGEL_PACK;XIRECS;9991.0;3
5700;BOT_MAKER;BOT_TAKER;VELVETFRUIT_EXTRACT;XIRECS;5258.0;7
5800;BOT_MAKER;BOT_TAKER;HYDROGEL_PACK;XIRECS;9991.0;3
5800;BOT_TAKER;BOT_MAKER;VELVETFRUIT_EXTRACT;XIRECS;5263.0;3
5900;BOT_TAKER;BOT_MAKER;VELVETFRUIT_EXTRACT;XIRECS;5263.0;7
5900;BOT_TAKER;BOT_MAKER;VEV_4000;XIRECS;1269.0;3
5900;BOT_MAKER;BOT_TAKER;VEV_6000;XIRECS;0.0;5
6100;BOT_TAKER;BOT_MAKER;VELVETFRUIT_EXTRACT;XIRECS;5263.0;4
6200;BOT_MAKER;BOT_TAKER;HYDROGEL_PACK;XIRECS;9996.0;6
6300;BOT_TAKER;BOT_MAKER;VEV_4000;XIRECS;1265.0;1
6400;BOT_MAKER;BOT_TAKER;HYDROGEL_PACK;XIRECS;9994.0;5
6400;BOT_MAKER;BOT_TAKER;VEV_4000;XIRECS;1244.0;2
6500;BOT_MAKER;BOT_TAKER;VELVETFRUIT_EXTRACT;XIRECS;5258.0;4
6500;BOT_MAKER;BOT_TAKER;VEV_4000;XIRECS;1243.0;3
6600;BOT_TAKER;BOT_MAKER;HYDROGEL_PACK;XIRECS;10008.0;3
6700;BOT_MAKER;BOT_TAKER;HYDROGEL_PACK;XIRECS;9993.0;5
6700;BOT_TAKER;BOT_MAKER;VEV_5500;XIRECS;7.0;2
6900;BOT_MAKER;BOT_TAKER;VEV_5400;XIRECS;18.0;4
6900;BOT_TAKER;BOT_MAKER;VEV_6000;XIRECS;1.0;4
7100;BOT_TAKER;BOT_MAKER;HYDROGEL_PACK;XIRECS;10003.0;5
7200;BOT_TAKER;BOT_MAKER;VELVETFRUIT_EXTRACT;XIRECS;5263.0;5
7400;BOT_MAKER;BOT_TAKER;HYDROGEL_PACK;XIRECS;9986.0;3
7500;BOT_MAKER;BOT_TAKER;HYDROGEL_PACK;XIRECS;9984.0;2
7500;BOT_TAKER;BOT_MAKER;VELVETFRUIT_EXTRACT;XIRECS;5263.0;9
7500;BOT_MAKER;BOT_TAKER;VEV_6500;XIRECS;0.0;5
7600;BOT_MAKER;BOT_TAKER;HYDROGEL_PACK;XIRECS;9987.0;5
7700;BOT_MAKER;BOT_TAKER;VEV_5400;XIRECS;18.0;4
7800;BOT_MAKER;BOT_TAKER;VEV_6000;XIRECS;0.0;5
8000;BOT_MAKER;BOT_TAKER;HYDROGEL_PACK;XIRECS;9986.0;5
8000;BOT_MAKER;BOT_TAKER;VELVETFRUIT_EXTRACT;XIRECS;5258.0;7
8000;BOT_TAKER;BOT_MAKER;VEV_5400;XIRECS;20.0;4
8100;BOT_TAKER;BOT_MAKER;VELVETFRUIT_EXTRACT;XIRECS;5261.0;6
8200;BOT_TAKER;BOT_MAKER;VELVETFRUIT_EXTRACT;XIRECS;5262.0;6
8200;BOT_TAKER;BOT_MAKER;VEV_5300;XIRECS;55.0;4
8300;BOT_MAKER;BOT_TAKER;VELVETFRUIT_EXTRACT;XIRECS;5257.0;8
8400;BOT_MAKER;BOT_TAKER;HYDROGEL_PACK;XIRECS;9987.0;5
8400;BOT_TAKER;BOT_MAKER;VELVETFRUIT_EXTRACT;XIRECS;5263.0;4
8400;BOT_MAKER;BOT_TAKER;VEV_4000;XIRECS;1237.0;2
8500;BOT_MAKER;BOT_TAKER;HYDROGEL_PACK;XIRECS;9989.0;5
8600;BOT_MAKER;BOT_TAKER;VELVETFRUIT_EXTRACT;XIRECS;5256.0;3
8800;BOT_TAKER;BOT_MAKER;HYDROGEL_PACK;XIRECS;10000.0;4
9000;BOT_TAKER;BOT_MAKER;HYDROGEL_PACK;XIRECS;10005.0;6
9200;BOT_MAKER;BOT_TAKER;VEV_4000;XIRECS;1237.0;3
9400;BOT_MAKER;BOT_TAKER;HYDROGEL_PACK;XIRECS;9984.0;3
9400;BOT_TAKER;BOT_MAKER;VELVETFRUIT_EXTRACT;XIRECS;5259.0;7
9400;BOT_TAKER;BOT_MAKER;VELVETFRUIT_EXTRACT;XIRECS;5259.0;6
9400;BOT_TAKER;BOT_MAKER;VEV_5500;XIRECS;8.0;5
9700;BOT_MAKER;BOT_TAKER;VELVETFRUIT_EXTRACT;XIRECS;5253.0;6
9700;BOT_TAKER;BOT_MAKER;VEV_5400;XIRECS;20.0;5
9700;BOT_MAKER;BOT_TAKER;VEV_6000;XIRECS;0.0;2
9800;BOT_MAKER;BOT_TAKER;HYDROGEL_PACK;XIRECS;9987.0;5
9800;BOT_TAKER;BOT_MAKER;VEV_6500;XIRECS;1.0;2
9900;BOT_TAKER;BOT_MAKER;HYDROGEL_PACK;XIRECS;10000.0;2
9900;BOT_MAKER;BOT_TAKER;VEV_5500;XIRECS;7.0;3
10100;BOT_MAKER;BOT_TAKER;VELVETFRUIT_EXTRACT;XIRECS;5255.0;4
10100;BOT_TAKER;BOT_MAKER;VEV_5500;XIRECS;8.0;4
10200;BOT_TAKER;BOT_MAKER;VELVETFRUIT_EXTRACT;XIRECS;5261.0;5
10400;BOT_MAKER;BOT_TAKER;VELVETFRUIT_EXTRACT;XIRECS;5255.0;9
10400;BOT_TAKER;BOT_MAKER;VEV_6000;XIRECS;1.0;5
10500;BOT_MAKER;BOT_TAKER;HYDROGEL_PACK;XIRECS;9991.0;4
10500;BOT_TAKER;BOT_MAKER;VEV_4000;XIRECS;1260.0;1
10600;BOT_TAKER;BOT_MAKER;VELVETFRUIT_EXTRACT;XIRECS;5260.0;6
10800;BOT_TAKER;BOT_MAKER;VEV_6500;XIRECS;1.0;2
10900;BOT_TAKER;BOT_MAKER;VEV_6000;XIRECS;1.0;4
11000;BOT_MAKER;BOT_TAKER;VELVETFRUIT_EXTRACT;XIRECS;5254.0;8
11200;BOT_TAKER;BOT_MAKER;HYDROGEL_PACK;XIRECS;10011.0;3
11200;BOT_MAKER;BOT_TAKER;VELVETFRUIT_EXTRACT;XIRECS;5255.0;3
11300;BOT_TAKER;BOT_MAKER;VELVETFRUIT_EXTRACT;XIRECS;5260.0;7
11400;BOT_TAKER;BOT_MAKER;VEV_5500;XIRECS;8.0;3
11400;BOT_TAKER;BOT_MAKER;VEV_6500;XIRECS;1.0;3
11500;BOT_MAKER;BOT_TAKER;HYDROGEL_PACK;XIRECS;9996.0;5
11600;BOT_MAKER;BOT_TAKER;HYDROGEL_PACK;XIRECS;9999.0;6
11600;BOT_TAKER;BOT_MAKER;VELVETFRUIT_EXTRACT;XIRECS;5261.0;5
11700;BOT_MAKER;BOT_TAKER;HYDROGEL_PACK;XIRECS;10001.0;4
11700;BOT_MAKER;BOT_TAKER;VEV_5400;XIRECS;19.0;4
11800;BOT_TAKER;BOT_MAKER;VELVETFRUIT_EXTRACT;XIRECS;5261.0;13
11900;BOT_TAKER;BOT_MAKER;HYDROGEL_PACK;XIRECS;10016.0;4
11900;BOT_MAKER;BOT_TAKER;VELVETFRUIT_EXTRACT;XIRECS;5256.0;10
11900;BOT_TAKER;BOT_MAKER;VEV_6500;XIRECS;1.0;2
12000;BOT_MAKER;BOT_TAKER;VELVETFRUIT_EXTRACT;XIRECS;5256.0;8
12000;BOT_TAKER;BOT_MAKER;VEV_6500;XIRECS;1.0;4
12100;BOT_MAKER;BOT_TAKER;HYDROGEL_PACK;XIRECS;10002.0;5
12200;BOT_TAKER;BOT_MAKER;HYDROGEL_PACK;XIRECS;10017.0;2
12200;BOT_MAKER;BOT_TAKER;VELVETFRUIT_EXTRACT;XIRECS;5256.0;6
12200;BOT_TAKER;BOT_MAKER;VEV_4000;XIRECS;1258.0;1
12300;BOT_TAKER;BOT_MAKER;VELVETFRUIT_EXTRACT;XIRECS;5262.0;7
12400;BOT_TAKER;BOT_MAKER;HYDROGEL_PACK;XIRECS;10017.0;6
12400;BOT_TAKER;BOT_MAKER;VELVETFRUIT_EXTRACT;XIRECS;5262.0;6
12500;BOT_MAKER;BOT_TAKER;VELVETFRUIT_EXTRACT;XIRECS;5256.0;4
12500;BOT_MAKER;BOT_TAKER;VEV_5400;XIRECS;19.0;2
12600;BOT_MAKER;BOT_TAKER;HYDROGEL_PACK;XIRECS;10000.0;5
12700;BOT_MAKER;BOT_TAKER;HYDROGEL_PACK;XIRECS;10000.0;4
12800;BOT_TAKER;BOT_MAKER;VEV_5400;XIRECS;21.0;2
12800;BOT_MAKER;BOT_TAKER;VEV_5500;XIRECS;6.0;4
13000;BOT_MAKER;BOT_TAKER;VELVETFRUIT_EXTRACT;XIRECS;5257.0;7
13000;BOT_TAKER;BOT_MAKER;VEV_6500;XIRECS;1.0;3
13100;BOT_MAKER;BOT_TAKER;VELVETFRUIT_EXTRACT;XIRECS;5258.0;8
13200;BOT_TAKER;BOT_MAKER;VELVETFRUIT_EXTRACT;XIRECS;5262.0;6
13200;BOT_TAKER;BOT_MAKER;VEV_4000;XIRECS;1260.0;1
13300;BOT_TAKER;BOT_MAKER;HYDROGEL_PACK;XIRECS;10025.0;5
13400;BOT_MAKER;BOT_TAKER;HYDROGEL_PACK;XIRECS;10010.0;3
13500;BOT_TAKER;BOT_MAKER;VELVETFRUIT_EXTRACT;XIRECS;5263.0;4
13500;BOT_TAKER;BOT_MAKER;VEV_5400;XIRECS;20.0;4
13500;BOT_TAKER;BOT_MAKER;VEV_5500;XIRECS;7.0;5
13500;BOT_TAKER;BOT_MAKER;VEV_6500;XIRECS;1.0;2
13700;BOT_TAKER;BOT_MAKER;VELVETFRUIT_EXTRACT;XIRECS;5264.0;4
13700;BOT_MAKER;BOT_TAKER;VEV_4000;XIRECS;1240.0;1
13800;BOT_MAKER;BOT_TAKER;HYDROGEL_PACK;XIRECS;10000.0;3
13800;BOT_TAKER;BOT_MAKER;VEV_4000;XIRECS;1260.0;2
14100;BOT_MAKER;BOT_TAKER;HYDROGEL_PACK;XIRECS;9996.0;6
14100;BOT_TAKER;BOT_MAKER;VELVETFRUIT_EXTRACT;XIRECS;5268.0;5
14100;BOT_MAKER;BOT_TAKER;VEV_4000;XIRECS;1239.0;1
14200;BOT_TAKER;BOT_MAKER;VEV_6500;XIRECS;1.0;3
14300;BOT_MAKER;BOT_TAKER;HYDROGEL_PACK;XIRECS;9991.0;6
14300;BOT_MAKER;BOT_TAKER;VELVETFRUIT_EXTRACT;XIRECS;5262.0;8
14400;BOT_TAKER;BOT_MAKER;VELVETFRUIT_EXTRACT;XIRECS;5266.0;3
14400;BOT_MAKER;BOT_TAKER;VEV_6500;XIRECS;0.0;4
14600;BOT_MAKER;BOT_TAKER;HYDROGEL_PACK;XIRECS;9989.0;5
14700;BOT_TAKER;BOT_MAKER;VELVETFRUIT_EXTRACT;XIRECS;5268.0;8
14700;BOT_MAKER;BOT_TAKER;VEV_6500;XIRECS;0.0;2
14800;BOT_MAKER;BOT_TAKER;HYDROGEL_PACK;XIRECS;9987.0;5
14800;BOT_TAKER;BOT_MAKER;VELVETFRUIT_EXTRACT;XIRECS;5267.0;7
14900;BOT_MAKER;BOT_TAKER;VELVETFRUIT_EXTRACT;XIRECS;5263.0;8
15000;BOT_MAKER;BOT_TAKER;HYDROGEL_PACK;XIRECS;9984.0;3
15100;BOT_MAKER;BOT_TAKER;HYDROGEL_PACK;XIRECS;9984.0;2
15100;BOT_MAKER;BOT_TAKER;VEV_5500;XIRECS;6.0;2
15100;BOT_MAKER;BOT_TAKER;VEV_6000;XIRECS;0.0;3
15200;BOT_MAKER;BOT_TAKER;VELVETFRUIT_EXTRACT;XIRECS;5264.0;5
15200;BOT_TAKER;BOT_MAKER;VEV_4000;XIRECS;1262.0;3
15300;BOT_MAKER;BOT_TAKER;HYDROGEL_PACK;XIRECS;9981.0;3
15300;BOT_MAKER;BOT_TAKER;VELVETFRUIT_EXTRACT;XIRECS;5265.0;5
15400;BOT_MAKER;BOT_TAKER;VEV_5400;XIRECS;19.0;2
15500;BOT_TAKER;BOT_MAKER;HYDROGEL_PACK;XIRECS;10004.0;5
15700;BOT_MAKER;BOT_TAKER;HYDROGEL_PACK;XIRECS;9993.0;2
15700;BOT_MAKER;BOT_TAKER;VELVETFRUIT_EXTRACT;XIRECS;5266.0;10
15700;BOT_MAKER;BOT_TAKER;VEV_6500;XIRECS;0.0;2
15800;BOT_TAKER;BOT_MAKER;VELVETFRUIT_EXTRACT;XIRECS;5272.0;8
15800;BOT_MAKER;BOT_TAKER;VELVETFRUIT_EXTRACT;XIRECS;5266.0;6
15900;BOT_TAKER;BOT_MAKER;HYDROGEL_PACK;XIRECS;10012.0;5
15900;BOT_MAKER;BOT_TAKER;VELVETFRUIT_EXTRACT;XIRECS;5264.0;9
15900;BOT_MAKER;BOT_TAKER;VEV_5500;XIRECS;7.0;4
16000;BOT_MAKER;BOT_TAKER;VELVETFRUIT_EXTRACT;XIRECS;5263.0;6
16100;BOT_TAKER;BOT_MAKER;VELVETFRUIT_EXTRACT;XIRECS;5269.0;10
16100;BOT_MAKER;BOT_TAKER;VEV_5500;XIRECS;7.0;4
16100;BOT_TAKER;BOT_MAKER;VEV_6500;XIRECS;1.0;5
16200;BOT_MAKER;BOT_TAKER;HYDROGEL_PACK;XIRECS;9992.0;6
16200;BOT_MAKER;BOT_TAKER;VELVETFRUIT_EXTRACT;XIRECS;5262.0;7
16200;BOT_TAKER;BOT_MAKER;VEV_4000;XIRECS;1260.0;2
16300;BOT_TAKER;BOT_MAKER;HYDROGEL_PACK;XIRECS;10009.0;2
16300;BOT_TAKER;BOT_MAKER;VEV_4000;XIRECS;1261.0;2
16300;BOT_TAKER;BOT_MAKER;VEV_6000;XIRECS;1.0;4
16400;BOT_TAKER;BOT_MAKER;HYDROGEL_PACK;XIRECS;10009.0;5
16400;BOT_MAKER;BOT_TAKER;VELVETFRUIT_EXTRACT;XIRECS;5261.0;5
16500;BOT_MAKER;BOT_TAKER;VELVETFRUIT_EXTRACT;XIRECS;5262.0;5
16600;BOT_MAKER;BOT_TAKER;HYDROGEL_PACK;XIRECS;9991.0;3
16600;BOT_MAKER;BOT_TAKER;VEV_5500;XIRECS;7.0;5
16700;BOT_MAKER;BOT_TAKER;HYDROGEL_PACK;XIRECS;9992.0;5
16700;BOT_MAKER;BOT_TAKER;VELVETFRUIT_EXTRACT;XIRECS;5261.0;7
16700;BOT_TAKER;BOT_MAKER;VEV_4000;XIRECS;1263.0;1
16800;BOT_TAKER;BOT_MAKER;VELVETFRUIT_EXTRACT;XIRECS;5266.0;7
16900;BOT_MAKER;BOT_TAKER;VELVETFRUIT_EXTRACT;XIRECS;5260.0;7
17000;BOT_TAKER;BOT_MAKER;VELVETFRUIT_EXTRACT;XIRECS;5266.0;7
17100;BOT_TAKER;BOT_MAKER;HYDROGEL_PACK;XIRECS;10001.0;4
17100;BOT_MAKER;BOT_TAKER;VELVETFRUIT_EXTRACT;XIRECS;5259.0;7
17100;BOT_TAKER;BOT_MAKER;VEV_6000;XIRECS;1.0;4
17300;BOT_MAKER;BOT_TAKER;HYDROGEL_PACK;XIRECS;9985.0;5
17300;BOT_TAKER;BOT_MAKER;VEV_4000;XIRECS;1265.0;1
17400;BOT_MAKER;BOT_TAKER;HYDROGEL_PACK;XIRECS;9988.0;2
17400;BOT_MAKER;BOT_TAKER;VELVETFRUIT_EXTRACT;XIRECS;5258.0;10
17500;BOT_TAKER;BOT_MAKER;VELVETFRUIT_EXTRACT;XIRECS;5263.0;9
17600;BOT_MAKER;BOT_TAKER;VELVETFRUIT_EXTRACT;XIRECS;5259.0;8
17700;BOT_TAKER;BOT_MAKER;VELVETFRUIT_EXTRACT;XIRECS;5264.0;3
17700;BOT_TAKER;BOT_MAKER;VELVETFRUIT_EXTRACT;XIRECS;5264.0;8
17700;BOT_MAKER;BOT_TAKER;VEV_5500;XIRECS;6.0;4
17800;BOT_TAKER;BOT_MAKER;VELVETFRUIT_EXTRACT;XIRECS;5263.0;5
17800;BOT_TAKER;BOT_MAKER;VELVETFRUIT_EXTRACT;XIRECS;5263.0;4
17900;BOT_TAKER;BOT_MAKER;VEV_5300;XIRECS;56.0;5
17900;BOT_TAKER;BOT_MAKER;VEV_5500;XIRECS;8.0;4
18100;BOT_MAKER;BOT_TAKER;VELVETFRUIT_EXTRACT;XIRECS;5256.0;4
18200;BOT_TAKER;BOT_MAKER;HYDROGEL_PACK;XIRECS;10004.0;5
18200;BOT_MAKER;BOT_TAKER;VELVETFRUIT_EXTRACT;XIRECS;5256.0;5
18200;BOT_MAKER;BOT_TAKER;VELVETFRUIT_EXTRACT;XIRECS;5256.0;3
18400;BOT_MAKER;BOT_TAKER;VEV_6000;XIRECS;0.0;3
18500;BOT_MAKER;BOT_TAKER;VEV_6000;XIRECS;0.0;2
18600;BOT_MAKER;BOT_TAKER;HYDROGEL_PACK;XIRECS;9992.0;2
18600;BOT_TAKER;BOT_MAKER;VELVETFRUIT_EXTRACT;XIRECS;5261.0;4
18600;BOT_TAKER;BOT_MAKER;VEV_5500;XIRECS;7.0;2
18700;BOT_MAKER;BOT_TAKER;VELVETFRUIT_EXTRACT;XIRECS;5257.0;6
18700;BOT_TAKER;BOT_MAKER;VEV_5400;XIRECS;19.0;5
18700;BOT_TAKER;BOT_MAKER;VEV_5500;XIRECS;7.0;3
18700;BOT_TAKER;BOT_MAKER;VEV_5500;XIRECS;7.0;2
18800;BOT_TAKER;BOT_MAKER;HYDROGEL_PACK;XIRECS;10017.0;5
18800;BOT_MAKER;BOT_TAKER;HYDROGEL_PACK;XIRECS;10001.0;5
18800;BOT_MAKER;BOT_TAKER;VEV_6000;XIRECS;0.0;3
18900;BOT_TAKER;BOT_MAKER;VELVETFRUIT_EXTRACT;XIRECS;5263.0;5
19000;BOT_TAKER;BOT_MAKER;VELVETFRUIT_EXTRACT;XIRECS;5262.0;4
19100;BOT_TAKER;BOT_MAKER;HYDROGEL_PACK;XIRECS;10017.0;2
19100;BOT_TAKER;BOT_MAKER;VELVETFRUIT_EXTRACT;XIRECS;5262.0;6
19200;BOT_TAKER;BOT_MAKER;VELVETFRUIT_EXTRACT;XIRECS;5263.0;3
19200;BOT_MAKER;BOT_TAKER;VEV_6500;XIRECS;0.0;2
19300;BOT_TAKER;BOT_MAKER;HYDROGEL_PACK;XIRECS;10011.0;4
19300;BOT_TAKER;BOT_MAKER;VELVETFRUIT_EXTRACT;XIRECS;5261.0;8
19300;BOT_MAKER;BOT_TAKER;VEV_5500;XIRECS;6.0;2
19300;BOT_TAKER;BOT_MAKER;VEV_6000;XIRECS;1.0;3
19400;BOT_TAKER;BOT_MAKER;HYDROGEL_PACK;XIRECS;10010.0;4
19400;BOT_TAKER;BOT_MAKER;VEV_5500;XIRECS;7.0;3
19400;BOT_TAKER;BOT_MAKER;VEV_6500;XIRECS;1.0;5
19500;BOT_TAKER;BOT_MAKER;VEV_4000;XIRECS;1260.0;2
19600;BOT_MAKER;BOT_TAKER;VEV_5400;XIRECS;18.0;3
19800;BOT_MAKER;BOT_TAKER;HYDROGEL_PACK;XIRECS;9998.0;2
19900;BOT_MAKER;BOT_TAKER;VEV_6500;XIRECS;0.0;5
20000;BOT_MAKER;BOT_TAKER;VEV_4000;XIRECS;1239.0;1
20000;BOT_TAKER;BOT_MAKER;VEV_6500;XIRECS;1.0;5
20100;BOT_TAKER;BOT_MAKER;HYDROGEL_PACK;XIRECS;10024.0;2
20100;BOT_MAKER;BOT_TAKER;VELVETFRUIT_EXTRACT;XIRECS;5259.0;3
20100;BOT_MAKER;BOT_TAKER;VEV_4000;XIRECS;1238.0;3
20200;BOT_MAKER;BOT_TAKER;VEV_4000;XIRECS;1238.0;3
20200;BOT_TAKER;BOT_MAKER;VEV_6500;XIRECS;1.0;2
20300;BOT_TAKER;BOT_MAKER;VELVETFRUIT_EXTRACT;XIRECS;5265.0;7
20300;BOT_MAKER;BOT_TAKER;VEV_5300;XIRECS;56.0;5
20300;BOT_MAKER;BOT_TAKER;VEV_5300;XIRECS;56.0;3
20300;BOT_TAKER;BOT_MAKER;VEV_5500;XIRECS;7.0;3
20400;BOT_MAKER;BOT_TAKER;VELVETFRUIT_EXTRACT;XIRECS;5258.0;4
20400;BOT_TAKER;BOT_MAKER;VEV_5500;XIRECS;7.0;5
20500;BOT_TAKER;BOT_MAKER;HYDROGEL_PACK;XIRECS;10026.0;6
20500;BOT_TAKER;BOT_MAKER;VELVETFRUIT_EXTRACT;XIRECS;5265.0;4
20600;BOT_TAKER;BOT_MAKER;VELVETFRUIT_EXTRACT;XIRECS;5263.0;5
20700;BOT_MAKER;BOT_TAKER;VELVETFRUIT_EXTRACT;XIRECS;5257.0;15
21000;BOT_MAKER;BOT_TAKER;VELVETFRUIT_EXTRACT;XIRECS;5256.0;8
21000;BOT_TAKER;BOT_MAKER;VEV_5500;XIRECS;7.0;3
21000;BOT_TAKER;BOT_MAKER;VEV_6500;XIRECS;1.0;4
21200;BOT_TAKER;BOT_MAKER;HYDROGEL_PACK;XIRECS;10023.0;5
21300;BOT_TAKER;BOT_MAKER;HYDROGEL_PACK;XIRECS;10022.0;6
21400;BOT_TAKER;BOT_MAKER;VELVETFRUIT_EXTRACT;XIRECS;5260.0;4
21400;BOT_MAKER;BOT_TAKER;VEV_6000;XIRECS;0.0;5
21500;BOT_TAKER;BOT_MAKER;VELVETFRUIT_EXTRACT;XIRECS;5261.0;10
21500;BOT_MAKER;BOT_TAKER;VEV_5500;XIRECS;7.0;5
21600;BOT_TAKER;BOT_MAKER;VELVETFRUIT_EXTRACT;XIRECS;5261.0;4
21700;BOT_TAKER;BOT_MAKER;HYDROGEL_PACK;XIRECS;10026.0;4
21800;BOT_MAKER;BOT_TAKER;VELVETFRUIT_EXTRACT;XIRECS;5256.0;6
21800;BOT_TAKER;BOT_MAKER;VEV_4000;XIRECS;1258.0;3
22000;BOT_TAKER;BOT_MAKER;VELVETFRUIT_EXTRACT;XIRECS;5263.0;8
22100;BOT_TAKER;BOT_MAKER;VELVETFRUIT_EXTRACT;XIRECS;5262.0;7
22100;BOT_MAKER;BOT_TAKER;VEV_5400;XIRECS;19.0;4
22100;BOT_MAKER;BOT_TAKER;VEV_6500;XIRECS;0.0;2
22200;BOT_TAKER;BOT_MAKER;HYDROGEL_PACK;XIRECS;10027.0;4
22300;BOT_MAKER;BOT_TAKER;HYDROGEL_PACK;XIRECS;10012.0;4
22300;BOT_TAKER;BOT_MAKER;VELVETFRUIT_EXTRACT;XIRECS;5262.0;3
22300;BOT_MAKER;BOT_TAKER;VEV_6500;XIRECS;0.0;3
22400;BOT_MAKER;BOT_TAKER;HYDROGEL_PACK;XIRECS;10007.0;4
22400;BOT_MAKER;BOT_TAKER;VEV_5300;XIRECS;56.0;3
22500;BOT_TAKER;BOT_MAKER;VELVETFRUIT_EXTRACT;XIRECS;5262.0;3
22500;BOT_MAKER;BOT_TAKER;VEV_6500;XIRECS;0.0;3
22600;BOT_MAKER;BOT_TAKER;VELVETFRUIT_EXTRACT;XIRECS;5256.0;13
22700;BOT_TAKER;BOT_MAKER;VEV_4000;XIRECS;1260.0;3
22700;BOT_TAKER;BOT_MAKER;VEV_5400;XIRECS;20.0;3
22800;BOT_TAKER;BOT_MAKER;VEV_5400;XIRECS;20.0;5
22900;BOT_TAKER;BOT_MAKER;VEV_4000;XIRECS;1260.0;2
22900;BOT_TAKER;BOT_MAKER;VEV_6000;XIRECS;1.0;4
23000;BOT_TAKER;BOT_MAKER;HYDROGEL_PACK;XIRECS;10023.0;3
23000;BOT_TAKER;BOT_MAKER;VELVETFRUIT_EXTRACT;XIRECS;5263.0;7
23100;BOT_TAKER;BOT_MAKER;VEV_4000;XIRECS;1260.0;1
23200;BOT_MAKER;BOT_TAKER;VEV_5500;XIRECS;6.0;4
23300;BOT_TAKER;BOT_MAKER;HYDROGEL_PACK;XIRECS;10020.0;3
23300;BOT_TAKER;BOT_MAKER;VELVETFRUIT_EXTRACT;XIRECS;5261.0;4
23300;BOT_MAKER;BOT_TAKER;VEV_6000;XIRECS;0.0;2
23400;BOT_MAKER;BOT_TAKER;HYDROGEL_PACK;XIRECS;10005.0;5
23400;BOT_MAKER;BOT_TAKER;VELVETFRUIT_EXTRACT;XIRECS;5257.0;10
23500;BOT_MAKER;BOT_TAKER;VELVETFRUIT_EXTRACT;XIRECS;5257.0;5
23500;BOT_MAKER;BOT_TAKER;VEV_6500;XIRECS;0.0;4
23700;BOT_TAKER;BOT_MAKER;VEV_4000;XIRECS;1261.0;1
23900;BOT_TAKER;BOT_MAKER;VEV_5400;XIRECS;21.0;5
24000;BOT_MAKER;BOT_TAKER;VELVETFRUIT_EXTRACT;XIRECS;5256.0;5
24100;BOT_MAKER;BOT_TAKER;VELVETFRUIT_EXTRACT;XIRECS;5257.0;3
24200;BOT_TAKER;BOT_MAKER;HYDROGEL_PACK;XIRECS;10020.0;2
24200;BOT_TAKER;BOT_MAKER;VEV_6000;XIRECS;1.0;4
24400;BOT_MAKER;BOT_TAKER;VEV_5400;XIRECS;19.0;5
24500;BOT_TAKER;BOT_MAKER;VELVETFRUIT_EXTRACT;XIRECS;5263.0;3
24700;BOT_MAKER;BOT_TAKER;VELVETFRUIT_EXTRACT;XIRECS;5260.0;6
24900;BOT_MAKER;BOT_TAKER;VEV_4000;XIRECS;1243.0;3
24900;BOT_TAKER;BOT_MAKER;VEV_5400;XIRECS;22.0;3
25000;BOT_TAKER;BOT_MAKER;VEV_4000;XIRECS;1263.0;3
25000;BOT_TAKER;BOT_MAKER;VEV_5400;XIRECS;22.0;5
25100;BOT_TAKER;BOT_MAKER;HYDROGEL_PACK;XIRECS;10022.0;3
25500;BOT_TAKER;BOT_MAKER;VEV_4000;XIRECS;1264.0;1
25500;BOT_MAKER;BOT_TAKER;VEV_5300;XIRECS;56.0;2
25600;BOT_TAKER;BOT_MAKER;VEV_5500;XIRECS;8.0;2
25700;BOT_MAKER;BOT_TAKER;HYDROGEL_PACK;XIRECS;10005.0;3
25700;BOT_TAKER;BOT_MAKER;VELVETFRUIT_EXTRACT;XIRECS;5264.0;7
25700;BOT_TAKER;BOT_MAKER;VEV_4000;XIRECS;1264.0;2
25700;BOT_TAKER;BOT_MAKER;VEV_5500;XIRECS;7.0;3
25800;BOT_MAKER;BOT_TAKER;HYDROGEL_PACK;XIRECS;10007.0;6
25800;BOT_TAKER;BOT_MAKER;VEV_5500;XIRECS;7.0;4
25800;BOT_TAKER;BOT_MAKER;VEV_6000;XIRECS;1.0;3
25900;BOT_TAKER;BOT_MAKER;VEV_6500;XIRECS;1.0;4
26000;BOT_TAKER;BOT_MAKER;HYDROGEL_PACK;XIRECS;10022.0;5
26000;BOT_MAKER;BOT_TAKER;VEV_6500;XIRECS;0.0;5
26100;BOT_TAKER;BOT_MAKER;HYDROGEL_PACK;XIRECS;10021.0;3
26100;BOT_TAKER;BOT_MAKER;VEV_4000;XIRECS;1267.0;3
26200;BOT_MAKER;BOT_TAKER;VEV_4000;XIRECS;1247.0;2
26300;BOT_MAKER;BOT_TAKER;VEV_6500;XIRECS;0.0;5
26400;BOT_MAKER;BOT_TAKER;VELVETFRUIT_EXTRACT;XIRECS;5260.0;6
26400;BOT_MAKER;BOT_TAKER;VEV_6000;XIRECS;0.0;3
26500;BOT_TAKER;BOT_MAKER;HYDROGEL_PACK;XIRECS;10026.0;2
26500;BOT_TAKER;BOT_MAKER;VELVETFRUIT_EXTRACT;XIRECS;5265.0;9
26500;BOT_TAKER;BOT_MAKER;VEV_6000;XIRECS;1.0;3
26700;BOT_MAKER;BOT_TAKER;VELVETFRUIT_EXTRACT;XIRECS;5261.0;8
26800;BOT_MAKER;BOT_TAKER;VEV_6500;XIRECS;0.0;4
27000;BOT_MAKER;BOT_TAKER;VELVETFRUIT_EXTRACT;XIRECS;5261.0;6
27100;BOT_MAKER;BOT_TAKER;VELVETFRUIT_EXTRACT;XIRECS;5261.0;8
27200;BOT_TAKER;BOT_MAKER;VELVETFRUIT_EXTRACT;XIRECS;5266.0;6
27300;BOT_MAKER;BOT_TAKER;VELVETFRUIT_EXTRACT;XIRECS;5261.0;3
27300;BOT_MAKER;BOT_TAKER;VEV_4000;XIRECS;1246.0;2
27400;BOT_TAKER;BOT_MAKER;HYDROGEL_PACK;XIRECS;10031.0;3
27400;BOT_MAKER;BOT_TAKER;VEV_5500;XIRECS;6.0;2
27500;BOT_TAKER;BOT_MAKER;VELVETFRUIT_EXTRACT;XIRECS;5266.0;4
27500;BOT_MAKER;BOT_TAKER;VEV_5500;XIRECS;6.0;4
27600;BOT_MAKER;BOT_TAKER;VEV_4000;XIRECS;1247.0;3
27600;BOT_MAKER;BOT_TAKER;VEV_6500;XIRECS;0.0;5
27800;BOT_MAKER;BOT_TAKER;VEV_5400;XIRECS;19.0;4
27900;BOT_MAKER;BOT_TAKER;VELVETFRUIT_EXTRACT;XIRECS;5262.0;6
28000;BOT_TAKER;BOT_MAKER;VEV_5400;XIRECS;21.0;2
28100;BOT_MAKER;BOT_TAKER;HYDROGEL_PACK;XIRECS;10013.0;6
28200;BOT_TAKER;BOT_MAKER;VELVETFRUIT_EXTRACT;XIRECS;5268.0;14
28200;BOT_MAKER;BOT_TAKER;VEV_4000;XIRECS;1248.0;3
28400;BOT_TAKER;BOT_MAKER;HYDROGEL_PACK;XIRECS;10026.0;2
28400;BOT_TAKER;BOT_MAKER;VELVETFRUIT_EXTRACT;XIRECS;5269.0;7
28400;BOT_MAKER;BOT_TAKER;VEV_6000;XIRECS;0.0;5
28500;BOT_MAKER;BOT_TAKER;HYDROGEL_PACK;XIRECS;10011.0;5
28500;BOT_TAKER;BOT_MAKER;VEV_6500;XIRECS;1.0;5
28600;BOT_TAKER;BOT_MAKER;VELVETFRUIT_EXTRACT;XIRECS;5270.0;7
28700;BOT_MAKER;BOT_TAKER;VEV_5400;XIRECS;19.0;2
28700;BOT_TAKER;BOT_MAKER;VEV_6000;XIRECS;1.0;2
28800;BOT_TAKER;BOT_MAKER;HYDROGEL_PACK;XIRECS;10025.0;6
28800;BOT_MAKER;BOT_TAKER;VELVETFRUIT_EXTRACT;XIRECS;5263.0;8
28900;BOT_TAKER;BOT_MAKER;HYDROGEL_PACK;XIRECS;10028.0;6
29000;BOT_TAKER;BOT_MAKER;VEV_5300;XIRECS;59.0;4
29100;BOT_MAKER;BOT_TAKER;HYDROGEL_PACK;XIRECS;10010.0;5
29100;BOT_MAKER;BOT_TAKER;VEV_5400;XIRECS;19.0;4
29200;BOT_TAKER;BOT_MAKER;VELVETFRUIT_EXTRACT;XIRECS;5271.0;9
29400;BOT_TAKER;BOT_MAKER;HYDROGEL_PACK;XIRECS;10027.0;5
29500;BOT_MAKER;BOT_TAKER;HYDROGEL_PACK;XIRECS;10014.0;2
29500;BOT_TAKER;BOT_MAKER;VELVETFRUIT_EXTRACT;XIRECS;5270.0;4
29600;BOT_MAKER;BOT_TAKER;VELVETFRUIT_EXTRACT;XIRECS;5267.0;5
29700;BOT_TAKER;BOT_MAKER;HYDROGEL_PACK;XIRECS;10029.0;4
29700;BOT_MAKER;BOT_TAKER;VELVETFRUIT_EXTRACT;XIRECS;5266.0;7
29800;BOT_MAKER;BOT_TAKER;VELVETFRUIT_EXTRACT;XIRECS;5268.0;7
29800;BOT_MAKER;BOT_TAKER;VEV_4000;XIRECS;1248.0;2
29900;BOT_TAKER;BOT_MAKER;HYDROGEL_PACK;XIRECS;10028.0;5
29900;BOT_MAKER;BOT_TAKER;VELVETFRUIT_EXTRACT;XIRECS;5268.0;6
30000;BOT_MAKER;BOT_TAKER;VELVETFRUIT_EXTRACT;XIRECS;5269.0;4
30000;BOT_MAKER;BOT_TAKER;VEV_4000;XIRECS;1249.0;1
30000;BOT_MAKER;BOT_TAKER;VEV_6000;XIRECS;0.0;5
30100;BOT_MAKER;BOT_TAKER;HYDROGEL_PACK;XIRECS;10013.0;2
30100;BOT_TAKER;BOT_MAKER;VELVETFRUIT_EXTRACT;XIRECS;5273.0;6
30300;BOT_MAKER;BOT_TAKER;VEV_4000;XIRECS;1250.0;3
30400;BOT_MAKER;BOT_TAKER;VEV_4000;XIRECS;1251.0;2
30500;BOT_TAKER;BOT_MAKER;HYDROGEL_PACK;XIRECS;10023.0;3
30500;BOT_MAKER;BOT_TAKER;VELVETFRUIT_EXTRACT;XIRECS;5268.0;4
30600;BOT_TAKER;BOT_MAKER;VEV_4000;XIRECS;1272.0;3
30800;BOT_MAKER;BOT_TAKER;HYDROGEL_PACK;XIRECS;10005.0;4
30900;BOT_MAKER;BOT_TAKER;HYDROGEL_PACK;XIRECS;10007.0;6
31000;BOT_MAKER;BOT_TAKER;VELVETFRUIT_EXTRACT;XIRECS;5269.0;5
31000;BOT_TAKER;BOT_MAKER;VEV_5300;XIRECS;60.0;3
31300;BOT_MAKER;BOT_TAKER;VELVETFRUIT_EXTRACT;XIRECS;5269.0;8
31300;BOT_TAKER;BOT_MAKER;VEV_5500;XIRECS;7.0;4
31400;BOT_TAKER;BOT_MAKER;HYDROGEL_PACK;XIRECS;10027.0;6
31500;BOT_TAKER;BOT_MAKER;VEV_6500;XIRECS;1.0;4
31700;BOT_MAKER;BOT_TAKER;VEV_4000;XIRECS;1251.0;1
31700;BOT_TAKER;BOT_MAKER;VEV_6000;XIRECS;1.0;3
31800;BOT_MAKER;BOT_TAKER;VELVETFRUIT_EXTRACT;XIRECS;5268.0;8
31800;BOT_TAKER;BOT_MAKER;VEV_5400;XIRECS;20.0;2
31900;BOT_MAKER;BOT_TAKER;HYDROGEL_PACK;XIRECS;10001.0;3
31900;BOT_TAKER;BOT_MAKER;VEV_5300;XIRECS;60.0;3
32000;BOT_MAKER;BOT_TAKER;HYDROGEL_PACK;XIRECS;10002.0;3
32100;BOT_MAKER;BOT_TAKER;VELVETFRUIT_EXTRACT;XIRECS;5270.0;6
32200;BOT_MAKER;BOT_TAKER;HYDROGEL_PACK;XIRECS;10004.0;2
32200;BOT_MAKER;BOT_TAKER;VEV_6000;XIRECS;0.0;4
32300;BOT_MAKER;BOT_TAKER;HYDROGEL_PACK;XIRECS;10009.0;5
32300;BOT_TAKER;BOT_MAKER;VEV_5400;XIRECS;20.0;4
32400;BOT_TAKER;BOT_MAKER;VELVETFRUIT_EXTRACT;XIRECS;5274.0;6
32400;BOT_MAKER;BOT_TAKER;VEV_6000;XIRECS;0.0;2
32500;BOT_MAKER;BOT_TAKER;VELVETFRUIT_EXTRACT;XIRECS;5270.0;6
32500;BOT_MAKER;BOT_TAKER;VEV_4000;XIRECS;1251.0;1
32600;BOT_TAKER;BOT_MAKER;VELVETFRUIT_EXTRACT;XIRECS;5276.0;8
32600;BOT_MAKER;BOT_TAKER;VEV_4000;XIRECS;1251.0;3
32700;BOT_TAKER;BOT_MAKER;HYDROGEL_PACK;XIRECS;10017.0;2
32800;BOT_TAKER;BOT_MAKER;HYDROGEL_PACK;XIRECS;10020.0;4
32800;BOT_TAKER;BOT_MAKER;VELVETFRUIT_EXTRACT;XIRECS;5276.0;3
33000;BOT_MAKER;BOT_TAKER;VEV_4000;XIRECS;1250.0;3
33000;BOT_MAKER;BOT_TAKER;VEV_5300;XIRECS;61.0;5
33100;BOT_MAKER;BOT_TAKER;VEV_4000;XIRECS;1250.0;1
33300;BOT_MAKER;BOT_TAKER;VELVETFRUIT_EXTRACT;XIRECS;5268.0;8
33300;BOT_MAKER;BOT_TAKER;VEV_4000;XIRECS;1252.0;2
33300;BOT_TAKER;BOT_MAKER;VEV_6500;XIRECS;1.0;2
33400;BOT_TAKER;BOT_MAKER;VELVETFRUIT_EXTRACT;XIRECS;5273.0;4
33600;BOT_MAKER;BOT_TAKER;VELVETFRUIT_EXTRACT;XIRECS;5268.0;4
33600;BOT_MAKER;BOT_TAKER;VEV_6500;XIRECS;0.0;2
33700;BOT_MAKER;BOT_TAKER;VELVETFRUIT_EXTRACT;XIRECS;5268.0;6
33700;BOT_MAKER;BOT_TAKER;VEV_4000;XIRECS;1249.0;2
33800;BOT_MAKER;BOT_TAKER;VELVETFRUIT_EXTRACT;XIRECS;5266.0;10
33800;BOT_TAKER;BOT_MAKER;VEV_4000;XIRECS;1270.0;3
33900;BOT_MAKER;BOT_TAKER;HYDROGEL_PACK;XIRECS;9994.0;3
34000;BOT_MAKER;BOT_TAKER;VELVETFRUIT_EXTRACT;XIRECS;5267.0;8
34100;BOT_TAKER;BOT_MAKER;VELVETFRUIT_EXTRACT;XIRECS;5273.0;6
34200;BOT_TAKER;BOT_MAKER;HYDROGEL_PACK;XIRECS;10009.0;6
34300;BOT_MAKER;BOT_TAKER;VELVETFRUIT_EXTRACT;XIRECS;5269.0;8
34400;BOT_TAKER;BOT_MAKER;VEV_5400;XIRECS;22.0;4
34500;BOT_TAKER;BOT_MAKER;VELVETFRUIT_EXTRACT;XIRECS;5274.0;5
34500;BOT_TAKER;BOT_MAKER;VEV_6000;XIRECS;1.0;3
34600;BOT_MAKER;BOT_TAKER;VELVETFRUIT_EXTRACT;XIRECS;5268.0;6
34600;BOT_MAKER;BOT_TAKER;VEV_4000;XIRECS;1247.0;3
34800;BOT_TAKER;BOT_MAKER;VELVETFRUIT_EXTRACT;XIRECS;5274.0;4
34800;BOT_MAKER;BOT_TAKER;VELVETFRUIT_EXTRACT;XIRECS;5269.0;8
34900;BOT_MAKER;BOT_TAKER;HYDROGEL_PACK;XIRECS;9987.0;2
34900;BOT_MAKER;BOT_TAKER;VELVETFRUIT_EXTRACT;XIRECS;5269.0;7
35100;BOT_TAKER;BOT_MAKER;VELVETFRUIT_EXTRACT;XIRECS;5276.0;8
35200;BOT_TAKER;BOT_MAKER;HYDROGEL_PACK;XIRECS;10004.0;2
35300;BOT_TAKER;BOT_MAKER;HYDROGEL_PACK;XIRECS;10003.0;4
35300;BOT_MAKER;BOT_TAKER;VEV_4000;XIRECS;1252.0;3
35600;BOT_MAKER;BOT_TAKER;HYDROGEL_PACK;XIRECS;9989.0;2
35600;BOT_TAKER;BOT_MAKER;VELVETFRUIT_EXTRACT;XIRECS;5275.0;6
35700;BOT_TAKER;BOT_MAKER;VEV_6500;XIRECS;1.0;5
35800;BOT_MAKER;BOT_TAKER;VELVETFRUIT_EXTRACT;XIRECS;5268.0;7
35800;BOT_MAKER;BOT_TAKER;VEV_4000;XIRECS;1252.0;3
36000;BOT_TAKER;BOT_MAKER;VELVETFRUIT_EXTRACT;XIRECS;5275.0;5
36100;BOT_MAKER;BOT_TAKER;VELVETFRUIT_EXTRACT;XIRECS;5268.0;7
36300;BOT_TAKER;BOT_MAKER;HYDROGEL_PACK;XIRECS;10000.0;5
36300;BOT_TAKER;BOT_MAKER;VELVETFRUIT_EXTRACT;XIRECS;5272.0;5
36300;BOT_TAKER;BOT_MAKER;VEV_5500;XIRECS;7.0;4
36300;BOT_MAKER;BOT_TAKER;VEV_6000;XIRECS;0.0;3
36300;BOT_TAKER;BOT_MAKER;VEV_6500;XIRECS;1.0;2
36400;BOT_MAKER;BOT_TAKER;VEV_5500;XIRECS;6.0;4
36500;BOT_TAKER;BOT_MAKER;VELVETFRUIT_EXTRACT;XIRECS;5271.0;6
36600;BOT_TAKER;BOT_MAKER;VELVETFRUIT_EXTRACT;XIRECS;5272.0;6
36800;BOT_TAKER;BOT_MAKER;HYDROGEL_PACK;XIRECS;9996.0;6
36800;BOT_TAKER;BOT_MAKER;VEV_5300;XIRECS;65.0;5
37000;BOT_MAKER;BOT_TAKER;VELVETFRUIT_EXTRACT;XIRECS;5269.0;3
37100;BOT_MAKER;BOT_TAKER;VELVETFRUIT_EXTRACT;XIRECS;5269.0;7
37400;BOT_MAKER;BOT_TAKER;HYDROGEL_PACK;XIRECS;9987.0;4
37500;BOT_TAKER;BOT_MAKER;HYDROGEL_PACK;XIRECS;10003.0;6
37600;BOT_MAKER;BOT_TAKER;HYDROGEL_PACK;XIRECS;9983.0;5
37600;BOT_TAKER;BOT_MAKER;VELVETFRUIT_EXTRACT;XIRECS;5275.0;6
37600;BOT_TAKER;BOT_MAKER;VEV_6500;XIRECS;1.0;4
37700;BOT_TAKER;BOT_MAKER;HYDROGEL_PACK;XIRECS;10001.0;6
37700;BOT_MAKER;BOT_TAKER;VELVETFRUIT_EXTRACT;XIRECS;5268.0;4
37700;BOT_TAKER;BOT_MAKER;VEV_6500;XIRECS;1.0;4
37900;BOT_TAKER;BOT_MAKER;VELVETFRUIT_EXTRACT;XIRECS;5273.0;7
37900;BOT_TAKER;BOT_MAKER;VEV_5500;XIRECS;7.0;3
38000;BOT_TAKER;BOT_MAKER;VELVETFRUIT_EXTRACT;XIRECS;5273.0;4
38000;BOT_MAKER;BOT_TAKER;VEV_6500;XIRECS;0.0;3
38100;BOT_TAKER;BOT_MAKER;VELVETFRUIT_EXTRACT;XIRECS;5274.0;6
38300;BOT_MAKER;BOT_TAKER;HYDROGEL_PACK;XIRECS;9976.0;2
38400;BOT_TAKER;BOT_MAKER;HYDROGEL_PACK;XIRECS;9991.0;5
38600;BOT_MAKER;BOT_TAKER;VEV_5400;XIRECS;21.0;2
38600;BOT_TAKER;BOT_MAKER;VEV_5400;XIRECS;22.0;5
38700;BOT_MAKER;BOT_TAKER;VEV_5500;XIRECS;5.0;2
38800;BOT_TAKER;BOT_MAKER;VELVETFRUIT_EXTRACT;XIRECS;5270.0;7
38800;BOT_TAKER;BOT_MAKER;VEV_6500;XIRECS;1.0;3
38900;BOT_MAKER;BOT_TAKER;HYDROGEL_PACK;XIRECS;9974.0;5
38900;BOT_MAKER;BOT_TAKER;VELVETFRUIT_EXTRACT;XIRECS;5265.0;5
39000;BOT_MAKER;BOT_TAKER;VEV_6000;XIRECS;0.0;2
39100;BOT_MAKER;BOT_TAKER;VELVETFRUIT_EXTRACT;XIRECS;5265.0;5
39200;BOT_MAKER;BOT_TAKER;VEV_5500;XIRECS;5.0;2
39400;BOT_MAKER;BOT_TAKER;VELVETFRUIT_EXTRACT;XIRECS;5263.0;4
39600;BOT_MAKER;BOT_TAKER;VEV_5500;XIRECS;5.0;3
39700;BOT_TAKER;BOT_MAKER;VELVETFRUIT_EXTRACT;XIRECS;5270.0;5
39800;BOT_MAKER;BOT_TAKER;VELVETFRUIT_EXTRACT;XIRECS;5265.0;6
39900;BOT_TAKER;BOT_MAKER;VEV_5300;XIRECS;65.0;4
40000;BOT_MAKER;BOT_TAKER;VELVETFRUIT_EXTRACT;XIRECS;5266.0;4
40100;BOT_TAKER;BOT_MAKER;VELVETFRUIT_EXTRACT;XIRECS;5271.0;4
40100;BOT_MAKER;BOT_TAKER;VEV_6500;XIRECS;0.0;5
40200;BOT_TAKER;BOT_MAKER;VELVETFRUIT_EXTRACT;XIRECS;5275.0;8
40200;BOT_TAKER;BOT_MAKER;VEV_4000;XIRECS;1273.0;3
40400;BOT_MAKER;BOT_TAKER;VEV_6000;XIRECS;0.0;4
40400;BOT_MAKER;BOT_TAKER;VEV_6500;XIRECS;0.0;2
40500;BOT_MAKER;BOT_TAKER;HYDROGEL_PACK;XIRECS;9989.0;2
40500;BOT_MAKER;BOT_TAKER;VELVETFRUIT_EXTRACT;XIRECS;5269.0;7
40500;BOT_TAKER;BOT_MAKER;VEV_4000;XIRECS;1273.0;1
40600;BOT_MAKER;BOT_TAKER;VEV_5400;XIRECS;22.0;5
40600;BOT_MAKER;BOT_TAKER;VEV_6000;XIRECS;0.0;3
40800;BOT_MAKER;BOT_TAKER;HYDROGEL_PACK;XIRECS;9995.0;4
40800;BOT_MAKER;BOT_TAKER;VELVETFRUIT_EXTRACT;XIRECS;5270.0;8
40800;BOT_MAKER;BOT_TAKER;VEV_6000;XIRECS;0.0;5
40800;BOT_TAKER;BOT_MAKER;VEV_6000;XIRECS;1.0;5
40900;BOT_MAKER;BOT_TAKER;VELVETFRUIT_EXTRACT;XIRECS;5270.0;4
41000;BOT_MAKER;BOT_TAKER;HYDROGEL_PACK;XIRECS;9996.0;6
41000;BOT_TAKER;BOT_MAKER;VELVETFRUIT_EXTRACT;XIRECS;5278.0;4
41000;BOT_MAKER;BOT_TAKER;VEV_6500;XIRECS;0.0;5
41400;BOT_MAKER;BOT_TAKER;HYDROGEL_PACK;XIRECS;9989.0;2
41400;BOT_TAKER;BOT_MAKER;VELVETFRUIT_EXTRACT;XIRECS;5279.0;8
41400;BOT_TAKER;BOT_MAKER;VEV_4000;XIRECS;1275.0;3
41400;BOT_MAKER;BOT_TAKER;VEV_5300;XIRECS;62.0;4
41400;BOT_MAKER;BOT_TAKER;VEV_5500;XIRECS;5.0;5
41500;BOT_MAKER;BOT_TAKER;HYDROGEL_PACK;XIRECS;9991.0;2
41500;BOT_TAKER;BOT_MAKER;VEV_4000;XIRECS;1275.0;2
41500;BOT_MAKER;BOT_TAKER;VEV_5400;XIRECS;21.0;2
41600;BOT_MAKER;BOT_TAKER;HYDROGEL_PACK;XIRECS;9987.0;2
41600;BOT_TAKER;BOT_MAKER;VEV_4000;XIRECS;1276.0;1
41600;BOT_MAKER;BOT_TAKER;VEV_5500;XIRECS;5.0;2
41700;BOT_TAKER;BOT_MAKER;HYDROGEL_PACK;XIRECS;10005.0;2
41700;BOT_TAKER;BOT_MAKER;VELVETFRUIT_EXTRACT;XIRECS;5280.0;7
41700;BOT_TAKER;BOT_MAKER;VEV_6500;XIRECS;1.0;4
42000;BOT_TAKER;BOT_MAKER;VELVETFRUIT_EXTRACT;XIRECS;5280.0;7
42100;BOT_TAKER;BOT_MAKER;VELVETFRUIT_EXTRACT;XIRECS;5279.0;5
42200;BOT_TAKER;BOT_MAKER;VELVETFRUIT_EXTRACT;XIRECS;5277.0;7
42200;BOT_MAKER;BOT_TAKER;VEV_6000;XIRECS;0.0;2
42500;BOT_TAKER;BOT_MAKER;HYDROGEL_PACK;XIRECS;10001.0;2
42500;BOT_TAKER;BOT_MAKER;VELVETFRUIT_EXTRACT;XIRECS;5278.0;6
42600;BOT_TAKER;BOT_MAKER;HYDROGEL_PACK;XIRECS;10001.0;3
42700;BOT_MAKER;BOT_TAKER;VEV_6000;XIRECS;0.0;3
42900;BOT_TAKER;BOT_MAKER;HYDROGEL_PACK;XIRECS;9999.0;4
42900;BOT_MAKER;BOT_TAKER;VELVETFRUIT_EXTRACT;XIRECS;5275.0;7
42900;BOT_TAKER;BOT_MAKER;VEV_4000;XIRECS;1284.0;1
43200;BOT_MAKER;BOT_TAKER;VELVETFRUIT_EXTRACT;XIRECS;5274.0;3
43400;BOT_MAKER;BOT_TAKER;VELVETFRUIT_EXTRACT;XIRECS;5275.0;5
43400;BOT_TAKER;BOT_MAKER;VEV_4000;XIRECS;1281.0;3
43500;BOT_TAKER;BOT_MAKER;HYDROGEL_PACK;XIRECS;10000.0;6
43800;BOT_MAKER;BOT_TAKER;VEV_4000;XIRECS;1264.0;2
43800;BOT_MAKER;BOT_TAKER;VEV_6000;XIRECS;0.0;2
43900;BOT_MAKER;BOT_TAKER;HYDROGEL_PACK;XIRECS;9983.0;3
43900;BOT_TAKER;BOT_MAKER;VEV_4000;XIRECS;1286.0;2
44100;BOT_MAKER;BOT_TAKER;VEV_5500;XIRECS;5.0;3
44100;BOT_MAKER;BOT_TAKER;VEV_6000;XIRECS;0.0;5
44200;BOT_TAKER;BOT_MAKER;HYDROGEL_PACK;XIRECS;9997.0;6
44300;BOT_MAKER;BOT_TAKER;VEV_5400;XIRECS;20.0;2
44500;BOT_MAKER;BOT_TAKER;VEV_4000;XIRECS;1266.0;1
44500;BOT_MAKER;BOT_TAKER;VEV_5400;XIRECS;20.0;4
44600;BOT_TAKER;BOT_MAKER;HYDROGEL_PACK;XIRECS;9996.0;3
44600;BOT_TAKER;BOT_MAKER;VEV_5000;XIRECS;266.0;1
44600;BOT_MAKER;BOT_TAKER;VEV_5500;XIRECS;5.0;3
44700;BOT_TAKER;BOT_MAKER;VELVETFRUIT_EXTRACT;XIRECS;5283.0;6
44800;BOT_TAKER;BOT_MAKER;VEV_5500;XIRECS;6.0;2
44900;BOT_MAKER;BOT_TAKER;VELVETFRUIT_EXTRACT;XIRECS;5277.0;7
44900;BOT_TAKER;BOT_MAKER;VEV_6000;XIRECS;1.0;5
45000;BOT_TAKER;BOT_MAKER;HYDROGEL_PACK;XIRECS;9996.0;6
45000;BOT_TAKER;BOT_MAKER;VEV_5400;XIRECS;22.0;2
45000;BOT_MAKER;BOT_TAKER;VEV_5500;XIRECS;5.0;3
45100;BOT_TAKER;BOT_MAKER;HYDROGEL_PACK;XIRECS;9999.0;4
45100;BOT_MAKER;BOT_TAKER;VEV_5500;XIRECS;5.0;3
45200;BOT_MAKER;BOT_TAKER;VELVETFRUIT_EXTRACT;XIRECS;5275.0;4
45200;BOT_TAKER;BOT_MAKER;VEV_4000;XIRECS;1285.0;1
45200;BOT_TAKER;BOT_MAKER;VEV_6500;XIRECS;1.0;5
45300;BOT_TAKER;BOT_MAKER;HYDROGEL_PACK;XIRECS;9997.0;2
45300;BOT_TAKER;BOT_MAKER;VELVETFRUIT_EXTRACT;XIRECS;5281.0;5
45300;BOT_TAKER;BOT_MAKER;VEV_5500;XIRECS;6.0;2
45400;BOT_TAKER;BOT_MAKER;VEV_5400;XIRECS;20.0;3
45500;BOT_MAKER;BOT_TAKER;VEV_6500;XIRECS;0.0;4
45700;BOT_TAKER;BOT_MAKER;VEV_5500;XIRECS;6.0;2
46000;BOT_TAKER;BOT_MAKER;HYDROGEL_PACK;XIRECS;9991.0;2
46100;BOT_MAKER;BOT_TAKER;VELVETFRUIT_EXTRACT;XIRECS;5270.0;7
46300;BOT_TAKER;BOT_MAKER;VEV_4000;XIRECS;1287.0;1
46400;BOT_MAKER;BOT_TAKER;HYDROGEL_PACK;XIRECS;9974.0;3
46400;BOT_MAKER;BOT_TAKER;VELVETFRUIT_EXTRACT;XIRECS;5267.0;8
46400;BOT_MAKER;BOT_TAKER;VEV_6500;XIRECS;0.0;2
46600;BOT_TAKER;BOT_MAKER;HYDROGEL_PACK;XIRECS;9990.0;6
46600;BOT_MAKER;BOT_TAKER;VELVETFRUIT_EXTRACT;XIRECS;5268.0;3
46700;BOT_MAKER;BOT_TAKER;HYDROGEL_PACK;XIRECS;9977.0;2
46700;BOT_MAKER;BOT_TAKER;VELVETFRUIT_EXTRACT;XIRECS;5269.0;6
46800;BOT_TAKER;BOT_MAKER;HYDROGEL_PACK;XIRECS;9995.0;6
46900;BOT_MAKER;BOT_TAKER;HYDROGEL_PACK;XIRECS;9979.0;5
47000;BOT_TAKER;BOT_MAKER;HYDROGEL_PACK;XIRECS;9996.0;2
47100;BOT_TAKER;BOT_MAKER;VELVETFRUIT_EXTRACT;XIRECS;5273.0;8
47200;BOT_MAKER;BOT_TAKER;VELVETFRUIT_EXTRACT;XIRECS;5267.0;7
47300;BOT_TAKER;BOT_MAKER;VELVETFRUIT_EXTRACT;XIRECS;5273.0;6
47500;BOT_MAKER;BOT_TAKER;VELVETFRUIT_EXTRACT;XIRECS;5269.0;6
47600;BOT_MAKER;BOT_TAKER;VELVETFRUIT_EXTRACT;XIRECS;5268.0;6
47600;BOT_TAKER;BOT_MAKER;VEV_5300;XIRECS;61.0;4
47600;BOT_TAKER;BOT_MAKER;VEV_6000;XIRECS;1.0;3
47600;BOT_TAKER;BOT_MAKER;VEV_6500;XIRECS;1.0;4
47700;BOT_MAKER;BOT_TAKER;HYDROGEL_PACK;XIRECS;9982.0;3
47700;BOT_TAKER;BOT_MAKER;VEV_5500;XIRECS;6.0;2
48100;BOT_TAKER;BOT_MAKER;HYDROGEL_PACK;XIRECS;9995.0;2
48200;BOT_TAKER;BOT_MAKER;HYDROGEL_PACK;XIRECS;9995.0;5
48200;BOT_MAKER;BOT_TAKER;VEV_5200;XIRECS;117.0;2
48200;BOT_MAKER;BOT_TAKER;VEV_5500;XIRECS;5.0;4
48300;BOT_TAKER;BOT_MAKER;VELVETFRUIT_EXTRACT;XIRECS;5274.0;7
48400;BOT_TAKER;BOT_MAKER;VELVETFRUIT_EXTRACT;XIRECS;5272.0;7
48500;BOT_TAKER;BOT_MAKER;VELVETFRUIT_EXTRACT;XIRECS;5274.0;7
48600;BOT_MAKER;BOT_TAKER;VEV_4000;XIRECS;1266.0;1
48600;BOT_TAKER;BOT_MAKER;VEV_6500;XIRECS;1.0;3
48700;BOT_MAKER;BOT_TAKER;VELVETFRUIT_EXTRACT;XIRECS;5270.0;15
48700;BOT_TAKER;BOT_MAKER;VEV_4000;XIRECS;1286.0;1
48700;BOT_TAKER;BOT_MAKER;VEV_6000;XIRECS;1.0;5
48800;BOT_MAKER;BOT_TAKER;VELVETFRUIT_EXTRACT;XIRECS;5270.0;8
48900;BOT_MAKER;BOT_TAKER;VELVETFRUIT_EXTRACT;XIRECS;5271.0;4
48900;BOT_MAKER;BOT_TAKER;VEV_6000;XIRECS;0.0;2
49100;BOT_MAKER;BOT_TAKER;VEV_6000;XIRECS;0.0;4
49300;BOT_MAKER;BOT_TAKER;HYDROGEL_PACK;XIRECS;9986.0;5
49300;BOT_MAKER;BOT_TAKER;VEV_6000;XIRECS;0.0;3
49400;BOT_TAKER;BOT_MAKER;HYDROGEL_PACK;XIRECS;10002.0;5
49400;BOT_TAKER;BOT_MAKER;VELVETFRUIT_EXTRACT;XIRECS;5276.0;5
49500;BOT_TAKER;BOT_MAKER;VEV_5400;XIRECS;20.0;3
49600;BOT_TAKER;BOT_MAKER;HYDROGEL_PACK;XIRECS;10001.0;2
49600;BOT_TAKER;BOT_MAKER;VELVETFRUIT_EXTRACT;XIRECS;5275.0;6
49600;BOT_MAKER;BOT_TAKER;VEV_4000;XIRECS;1264.0;1
49700;BOT_TAKER;BOT_MAKER;HYDROGEL_PACK;XIRECS;9999.0;6
49700;BOT_TAKER;BOT_MAKER;VELVETFRUIT_EXTRACT;XIRECS;5276.0;4
49700;BOT_TAKER;BOT_MAKER;VEV_4000;XIRECS;1286.0;2
49800;BOT_MAKER;BOT_TAKER;VELVETFRUIT_EXTRACT;XIRECS;5269.0;7
50000;BOT_MAKER;BOT_TAKER;VELVETFRUIT_EXTRACT;XIRECS;5272.0;8
50200;BOT_MAKER;BOT_TAKER;VEV_6500;XIRECS;0.0;4
50700;BOT_TAKER;BOT_MAKER;VEV_6500;XIRECS;1.0;4
50900;BOT_MAKER;BOT_TAKER;VELVETFRUIT_EXTRACT;XIRECS;5268.0;8
51000;BOT_MAKER;BOT_TAKER;VELVETFRUIT_EXTRACT;XIRECS;5270.0;5
51200;BOT_TAKER;BOT_MAKER;VELVETFRUIT_EXTRACT;XIRECS;5273.0;3
51200;BOT_MAKER;BOT_TAKER;VEV_5400;XIRECS;18.0;5
51300;BOT_MAKER;BOT_TAKER;HYDROGEL_PACK;XIRECS;9972.0;4
51400;BOT_MAKER;BOT_TAKER;HYDROGEL_PACK;XIRECS;9968.0;3
51400;BOT_TAKER;BOT_MAKER;VELVETFRUIT_EXTRACT;XIRECS;5274.0;5
51400;BOT_MAKER;BOT_TAKER;VEV_4000;XIRECS;1267.0;2
51400;BOT_MAKER;BOT_TAKER;VEV_5500;XIRECS;5.0;2
51500;BOT_TAKER;BOT_MAKER;VELVETFRUIT_EXTRACT;XIRECS;5275.0;8
51500;BOT_MAKER;BOT_TAKER;VELVETFRUIT_EXTRACT;XIRECS;5269.0;6
51500;BOT_TAKER;BOT_MAKER;VEV_5400;XIRECS;20.0;5
51500;BOT_TAKER;BOT_MAKER;VEV_6500;XIRECS;1.0;4
51700;BOT_MAKER;BOT_TAKER;VELVETFRUIT_EXTRACT;XIRECS;5271.0;5
51800;BOT_MAKER;BOT_TAKER;VEV_5300;XIRECS;55.0;2
52000;BOT_TAKER;BOT_MAKER;HYDROGEL_PACK;XIRECS;9984.0;3
52100;BOT_MAKER;BOT_TAKER;HYDROGEL_PACK;XIRECS;9965.0;6
52100;BOT_MAKER;BOT_TAKER;VELVETFRUIT_EXTRACT;XIRECS;5268.0;4
52100;BOT_MAKER;BOT_TAKER;VEV_5500;XIRECS;5.0;2
52200;BOT_MAKER;BOT_TAKER;HYDROGEL_PACK;XIRECS;9966.0;5
52300;BOT_MAKER;BOT_TAKER;HYDROGEL_PACK;XIRECS;9964.0;4
52300;BOT_TAKER;BOT_MAKER;VELVETFRUIT_EXTRACT;XIRECS;5276.0;7
52500;BOT_TAKER;BOT_MAKER;VELVETFRUIT_EXTRACT;XIRECS;5273.0;8
52500;BOT_TAKER;BOT_MAKER;VELVETFRUIT_EXTRACT;XIRECS;5273.0;6
52600;BOT_MAKER;BOT_TAKER;VEV_6500;XIRECS;0.0;4
52700;BOT_TAKER;BOT_MAKER;VELVETFRUIT_EXTRACT;XIRECS;5273.0;8
52700;BOT_TAKER;BOT_MAKER;VEV_6500;XIRECS;1.0;3
52800;BOT_MAKER;BOT_TAKER;VEV_6500;XIRECS;0.0;3
52900;BOT_MAKER;BOT_TAKER;HYDROGEL_PACK;XIRECS;9968.0;5
52900;BOT_MAKER;BOT_TAKER;VELVETFRUIT_EXTRACT;XIRECS;5268.0;6
53100;BOT_TAKER;BOT_MAKER;VEV_6500;XIRECS;1.0;5
53200;BOT_MAKER;BOT_TAKER;HYDROGEL_PACK;XIRECS;9966.0;4
53300;BOT_MAKER;BOT_TAKER;VELVETFRUIT_EXTRACT;XIRECS;5268.0;6
53400;BOT_TAKER;BOT_MAKER;VEV_6000;XIRECS;1.0;3
53400;BOT_MAKER;BOT_TAKER;VEV_6500;XIRECS;0.0;4
53500;BOT_MAKER;BOT_TAKER;VEV_4000;XIRECS;1266.0;3
53600;BOT_MAKER;BOT_TAKER;VELVETFRUIT_EXTRACT;XIRECS;5268.0;7
53600;BOT_TAKER;BOT_MAKER;VEV_4000;XIRECS;1290.0;2
53800;BOT_MAKER;BOT_TAKER;VELVETFRUIT_EXTRACT;XIRECS;5268.0;8
53900;BOT_MAKER;BOT_TAKER;VELVETFRUIT_EXTRACT;XIRECS;5270.0;3
54000;BOT_MAKER;BOT_TAKER;HYDROGEL_PACK;XIRECS;9963.0;4
54100;BOT_MAKER;BOT_TAKER;HYDROGEL_PACK;XIRECS;9960.0;5
54100;BOT_MAKER;BOT_TAKER;HYDROGEL_PACK;XIRECS;9960.0;2
54100;BOT_TAKER;BOT_MAKER;VEV_6000;XIRECS;1.0;5
54200;BOT_MAKER;BOT_TAKER;VELVETFRUIT_EXTRACT;XIRECS;5272.0;13
54200;BOT_MAKER;BOT_TAKER;VEV_4000;XIRECS;1269.0;1
54300;BOT_MAKER;BOT_TAKER;VELVETFRUIT_EXTRACT;XIRECS;5273.0;7
54300;BOT_MAKER;BOT_TAKER;VEV_4000;XIRECS;1269.0;1
54400;BOT_TAKER;BOT_MAKER;VELVETFRUIT_EXTRACT;XIRECS;5277.0;3
54500;BOT_TAKER;BOT_MAKER;VELVETFRUIT_EXTRACT;XIRECS;5279.0;7
54700;BOT_TAKER;BOT_MAKER;VELVETFRUIT_EXTRACT;XIRECS;5278.0;7
54700;BOT_TAKER;BOT_MAKER;VEV_4000;XIRECS;1293.0;3
54900;BOT_MAKER;BOT_TAKER;HYDROGEL_PACK;XIRECS;9961.0;4
55000;BOT_TAKER;BOT_MAKER;VELVETFRUIT_EXTRACT;XIRECS;5278.0;5
55000;BOT_TAKER;BOT_MAKER;VEV_6000;XIRECS;1.0;5
55200;BOT_MAKER;BOT_TAKER;VELVETFRUIT_EXTRACT;XIRECS;5274.0;15
55300;BOT_MAKER;BOT_TAKER;VELVETFRUIT_EXTRACT;XIRECS;5275.0;7
55400;BOT_TAKER;BOT_MAKER;VELVETFRUIT_EXTRACT;XIRECS;5281.0;4
55500;BOT_TAKER;BOT_MAKER;VELVETFRUIT_EXTRACT;XIRECS;5280.0;6
55500;BOT_MAKER;BOT_TAKER;VEV_5300;XIRECS;54.0;2
55500;BOT_TAKER;BOT_MAKER;VEV_5300;XIRECS;56.0;4
55600;BOT_TAKER;BOT_MAKER;VELVETFRUIT_EXTRACT;XIRECS;5282.0;3
55600;BOT_MAKER;BOT_TAKER;VEV_5500;XIRECS;5.0;3
55700;BOT_TAKER;BOT_MAKER;VEV_4000;XIRECS;1293.0;2
55800;BOT_TAKER;BOT_MAKER;VELVETFRUIT_EXTRACT;XIRECS;5281.0;5
55800;BOT_TAKER;BOT_MAKER;VEV_4000;XIRECS;1293.0;2
55800;BOT_TAKER;BOT_MAKER;VEV_6500;XIRECS;1.0;4
55900;BOT_TAKER;BOT_MAKER;VELVETFRUIT_EXTRACT;XIRECS;5282.0;3
55900;BOT_TAKER;BOT_MAKER;VELVETFRUIT_EXTRACT;XIRECS;5282.0;8
55900;BOT_TAKER;BOT_MAKER;VEV_6500;XIRECS;1.0;5
56000;BOT_TAKER;BOT_MAKER;VEV_6500;XIRECS;1.0;2
56100;BOT_TAKER;BOT_MAKER;VELVETFRUIT_EXTRACT;XIRECS;5280.0;3
56300;BOT_MAKER;BOT_TAKER;VELVETFRUIT_EXTRACT;XIRECS;5273.0;10
56300;BOT_TAKER;BOT_MAKER;VEV_6500;XIRECS;1.0;2
56500;BOT_TAKER;BOT_MAKER;VELVETFRUIT_EXTRACT;XIRECS;5277.0;4
57000;BOT_MAKER;BOT_TAKER;VELVETFRUIT_EXTRACT;XIRECS;5273.0;3
57100;BOT_MAKER;BOT_TAKER;HYDROGEL_PACK;XIRECS;9964.0;3
57100;BOT_TAKER;BOT_MAKER;VEV_5500;XIRECS;6.0;3
57200;BOT_MAKER;BOT_TAKER;VELVETFRUIT_EXTRACT;XIRECS;5274.0;8
57400;BOT_TAKER;BOT_MAKER;HYDROGEL_PACK;XIRECS;9988.0;3
57400;BOT_TAKER;BOT_MAKER;VEV_6500;XIRECS;1.0;2
57600;BOT_MAKER;BOT_TAKER;VEV_4000;XIRECS;1280.0;1
57700;BOT_MAKER;BOT_TAKER;VELVETFRUIT_EXTRACT;XIRECS;5270.0;4
57800;BOT_TAKER;BOT_MAKER;VELVETFRUIT_EXTRACT;XIRECS;5275.0;7
57800;BOT_TAKER;BOT_MAKER;VEV_6500;XIRECS;1.0;2
57900;BOT_TAKER;BOT_MAKER;VELVETFRUIT_EXTRACT;XIRECS;5275.0;8
57900;BOT_MAKER;BOT_TAKER;VEV_5400;XIRECS;20.0;5
57900;BOT_MAKER;BOT_TAKER;VEV_6000;XIRECS;0.0;3
58000;BOT_TAKER;BOT_MAKER;VELVETFRUIT_EXTRACT;XIRECS;5277.0;3
58100;BOT_MAKER;BOT_TAKER;VELVETFRUIT_EXTRACT;XIRECS;5270.0;6
58200;BOT_TAKER;BOT_MAKER;VELVETFRUIT_EXTRACT;XIRECS;5275.0;7
58200;BOT_MAKER;BOT_TAKER;VELVETFRUIT_EXTRACT;XIRECS;5269.0;7
58200;BOT_TAKER;BOT_MAKER;VEV_5500;XIRECS;6.0;2
58300;BOT_MAKER;BOT_TAKER;VELVETFRUIT_EXTRACT;XIRECS;5270.0;4
58500;BOT_MAKER;BOT_TAKER;VELVETFRUIT_EXTRACT;XIRECS;5269.0;6
58700;BOT_MAKER;BOT_TAKER;VEV_4000;XIRECS;1287.0;2
58800;BOT_TAKER;BOT_MAKER;HYDROGEL_PACK;XIRECS;9988.0;3
58800;BOT_MAKER;BOT_TAKER;VELVETFRUIT_EXTRACT;XIRECS;5268.0;8
58900;BOT_MAKER;BOT_TAKER;VELVETFRUIT_EXTRACT;XIRECS;5269.0;5
59000;BOT_TAKER;BOT_MAKER;HYDROGEL_PACK;XIRECS;9983.0;3
59000;BOT_MAKER;BOT_TAKER;VEV_6500;XIRECS;0.0;4
59100;BOT_TAKER;BOT_MAKER;VELVETFRUIT_EXTRACT;XIRECS;5276.0;7
59200;BOT_TAKER;BOT_MAKER;HYDROGEL_PACK;XIRECS;9984.0;3
59200;BOT_MAKER;BOT_TAKER;VELVETFRUIT_EXTRACT;XIRECS;5271.0;6
59200;BOT_MAKER;BOT_TAKER;VEV_4000;XIRECS;1288.0;2
59400;BOT_TAKER;BOT_MAKER;VELVETFRUIT_EXTRACT;XIRECS;5274.0;6
59500;BOT_MAKER;BOT_TAKER;VEV_5400;XIRECS;19.0;3
59700;BOT_TAKER;BOT_MAKER;VEV_4000;XIRECS;1309.0;3
59800;BOT_TAKER;BOT_MAKER;VELVETFRUIT_EXTRACT;XIRECS;5276.0;6
59900;BOT_MAKER;BOT_TAKER;HYDROGEL_PACK;XIRECS;9970.0;3
59900;BOT_MAKER;BOT_TAKER;VEV_5400;XIRECS;20.0;4
60100;BOT_TAKER;BOT_MAKER;HYDROGEL_PACK;XIRECS;9986.0;6
60100;BOT_MAKER;BOT_TAKER;VELVETFRUIT_EXTRACT;XIRECS;5271.0;8
60200;BOT_TAKER;BOT_MAKER;HYDROGEL_PACK;XIRECS;9987.0;2
60300;BOT_MAKER;BOT_TAKER;HYDROGEL_PACK;XIRECS;9970.0;4
60400;BOT_TAKER;BOT_MAKER;VEV_6000;XIRECS;1.0;5
60600;BOT_MAKER;BOT_TAKER;VEV_6000;XIRECS;0.0;2
60700;BOT_TAKER;BOT_MAKER;VELVETFRUIT_EXTRACT;XIRECS;5278.0;5
60800;BOT_TAKER;BOT_MAKER;VELVETFRUIT_EXTRACT;XIRECS;5278.0;6
60800;BOT_TAKER;BOT_MAKER;VEV_5200;XIRECS;127.0;2
60900;BOT_TAKER;BOT_MAKER;HYDROGEL_PACK;XIRECS;9992.0;4
60900;BOT_MAKER;BOT_TAKER;VEV_5400;XIRECS;19.0;5
61000;BOT_TAKER;BOT_MAKER;HYDROGEL_PACK;XIRECS;9992.0;2
61100;BOT_MAKER;BOT_TAKER;HYDROGEL_PACK;XIRECS;9977.0;5
61100;BOT_TAKER;BOT_MAKER;VELVETFRUIT_EXTRACT;XIRECS;5279.0;4
61100;BOT_TAKER;BOT_MAKER;VEV_4000;XIRECS;1309.0;3
61200;BOT_MAKER;BOT_TAKER;VELVETFRUIT_EXTRACT;XIRECS;5275.0;6
61300;BOT_MAKER;BOT_TAKER;VEV_5500;XIRECS;5.0;4
61400;BOT_MAKER;BOT_TAKER;VELVETFRUIT_EXTRACT;XIRECS;5276.0;7
61500;BOT_MAKER;BOT_TAKER;VEV_5400;XIRECS;20.0;3
61600;BOT_TAKER;BOT_MAKER;HYDROGEL_PACK;XIRECS;9996.0;4
61600;BOT_TAKER;BOT_MAKER;VELVETFRUIT_EXTRACT;XIRECS;5279.0;3
61700;BOT_MAKER;BOT_TAKER;VELVETFRUIT_EXTRACT;XIRECS;5275.0;4
61700;BOT_MAKER;BOT_TAKER;VEV_6500;XIRECS;0.0;2
61800;BOT_MAKER;BOT_TAKER;VEV_5500;XIRECS;5.0;4
62000;BOT_MAKER;BOT_TAKER;VELVETFRUIT_EXTRACT;XIRECS;5273.0;3
62100;BOT_MAKER;BOT_TAKER;VELVETFRUIT_EXTRACT;XIRECS;5273.0;11
62200;BOT_TAKER;BOT_MAKER;HYDROGEL_PACK;XIRECS;9995.0;6
62200;BOT_MAKER;BOT_TAKER;VELVETFRUIT_EXTRACT;XIRECS;5273.0;6
62200;BOT_TAKER;BOT_MAKER;VEV_5300;XIRECS;52.0;3
62300;BOT_TAKER;BOT_MAKER;VELVETFRUIT_EXTRACT;XIRECS;5281.0;4
62300;BOT_TAKER;BOT_MAKER;VEV_4000;XIRECS;1307.0;2
62400;BOT_TAKER;BOT_MAKER;VEV_6000;XIRECS;1.0;2
62600;BOT_TAKER;BOT_MAKER;HYDROGEL_PACK;XIRECS;9999.0;6
62600;BOT_MAKER;BOT_TAKER;VELVETFRUIT_EXTRACT;XIRECS;5276.0;7
62700;BOT_TAKER;BOT_MAKER;HYDROGEL_PACK;XIRECS;9996.0;3
62700;BOT_TAKER;BOT_MAKER;VEV_4000;XIRECS;1305.0;1
62800;BOT_MAKER;BOT_TAKER;VELVETFRUIT_EXTRACT;XIRECS;5277.0;6
63000;BOT_MAKER;BOT_TAKER;HYDROGEL_PACK;XIRECS;9985.0;2
63100;BOT_MAKER;BOT_TAKER;VEV_5300;XIRECS;49.0;4
63200;BOT_MAKER;BOT_TAKER;VELVETFRUIT_EXTRACT;XIRECS;5277.0;6
63300;BOT_TAKER;BOT_MAKER;VELVETFRUIT_EXTRACT;XIRECS;5281.0;4
63300;BOT_MAKER;BOT_TAKER;VEV_4000;XIRECS;1284.0;3
63500;BOT_TAKER;BOT_MAKER;VEV_5500;XIRECS;6.0;4
63600;BOT_MAKER;BOT_TAKER;HYDROGEL_PACK;XIRECS;9982.0;6
63600;BOT_TAKER;BOT_MAKER;VELVETFRUIT_EXTRACT;XIRECS;5282.0;6
63700;BOT_TAKER;BOT_MAKER;HYDROGEL_PACK;XIRECS;9999.0;2
63700;BOT_TAKER;BOT_MAKER;VELVETFRUIT_EXTRACT;XIRECS;5281.0;5
63800;BOT_TAKER;BOT_MAKER;VELVETFRUIT_EXTRACT;XIRECS;5281.0;5
63900;BOT_MAKER;BOT_TAKER;VELVETFRUIT_EXTRACT;XIRECS;5275.0;6
64000;BOT_MAKER;BOT_TAKER;VELVETFRUIT_EXTRACT;XIRECS;5276.0;5
64000;BOT_TAKER;BOT_MAKER;VEV_6500;XIRECS;1.0;4
64100;BOT_TAKER;BOT_MAKER;VELVETFRUIT_EXTRACT;XIRECS;5282.0;8
64300;BOT_MAKER;BOT_TAKER;VEV_4000;XIRECS;1287.0;2
64300;BOT_MAKER;BOT_TAKER;VEV_5400;XIRECS;21.0;5
64600;BOT_MAKER;BOT_TAKER;VEV_5500;XIRECS;5.0;3
64600;BOT_TAKER;BOT_MAKER;VEV_6000;XIRECS;1.0;5
64700;BOT_TAKER;BOT_MAKER;HYDROGEL_PACK;XIRECS;10002.0;2
64700;BOT_MAKER;BOT_TAKER;VELVETFRUIT_EXTRACT;XIRECS;5277.0;3
64800;BOT_MAKER;BOT_TAKER;HYDROGEL_PACK;XIRECS;9988.0;4
64800;BOT_TAKER;BOT_MAKER;VELVETFRUIT_EXTRACT;XIRECS;5283.0;4
64800;BOT_MAKER;BOT_TAKER;VELVETFRUIT_EXTRACT;XIRECS;5277.0;5
65000;BOT_MAKER;BOT_TAKER;VEV_5500;XIRECS;5.0;2
65000;BOT_MAKER;BOT_TAKER;VEV_6000;XIRECS;0.0;4
65100;BOT_TAKER;BOT_MAKER;HYDROGEL_PACK;XIRECS;10002.0;4
65200;BOT_MAKER;BOT_TAKER;VELVETFRUIT_EXTRACT;XIRECS;5280.0;4
65300;BOT_MAKER;BOT_TAKER;VELVETFRUIT_EXTRACT;XIRECS;5280.0;3
65500;BOT_TAKER;BOT_MAKER;VELVETFRUIT_EXTRACT;XIRECS;5289.0;8
65500;BOT_TAKER;BOT_MAKER;VELVETFRUIT_EXTRACT;XIRECS;5289.0;5
65500;BOT_MAKER;BOT_TAKER;VEV_6000;XIRECS;0.0;4
65700;BOT_MAKER;BOT_TAKER;VELVETFRUIT_EXTRACT;XIRECS;5282.0;7
65700;BOT_MAKER;BOT_TAKER;VEV_5500;XIRECS;5.0;3
65700;BOT_MAKER;BOT_TAKER;VEV_6000;XIRECS;0.0;4
65900;BOT_MAKER;BOT_TAKER;VEV_4000;XIRECS;1288.0;2
65900;BOT_TAKER;BOT_MAKER;VEV_5300;XIRECS;50.0;5
66100;BOT_MAKER;BOT_TAKER;HYDROGEL_PACK;XIRECS;9978.0;2
66100;BOT_MAKER;BOT_TAKER;VELVETFRUIT_EXTRACT;XIRECS;5282.0;6
66200;BOT_TAKER;BOT_MAKER;HYDROGEL_PACK;XIRECS;9997.0;6
66200;BOT_TAKER;BOT_MAKER;VEV_4000;XIRECS;1309.0;3
66300;BOT_MAKER;BOT_TAKER;VEV_6500;XIRECS;0.0;2
66400;BOT_TAKER;BOT_MAKER;VELVETFRUIT_EXTRACT;XIRECS;5291.0;3
66400;BOT_MAKER;BOT_TAKER;VEV_5500;XIRECS;6.0;5
66600;BOT_MAKER;BOT_TAKER;VELVETFRUIT_EXTRACT;XIRECS;5287.0;3
66700;BOT_MAKER;BOT_TAKER;HYDROGEL_PACK;XIRECS;9978.0;6
66700;BOT_TAKER;BOT_MAKER;VEV_6000;XIRECS;1.0;4
66800;BOT_MAKER;BOT_TAKER;VEV_6000;XIRECS;0.0;2
66900;BOT_TAKER;BOT_MAKER;HYDROGEL_PACK;XIRECS;9998.0;4
66900;BOT_MAKER;BOT_TAKER;VELVETFRUIT_EXTRACT;XIRECS;5287.0;9
67000;BOT_TAKER;BOT_MAKER;VELVETFRUIT_EXTRACT;XIRECS;5294.0;6
67000;BOT_MAKER;BOT_TAKER;VEV_4000;XIRECS;1282.0;2
67400;BOT_TAKER;BOT_MAKER;HYDROGEL_PACK;XIRECS;10004.0;6
67500;BOT_TAKER;BOT_MAKER;HYDROGEL_PACK;XIRECS;10004.0;3
67600;BOT_MAKER;BOT_TAKER;HYDROGEL_PACK;XIRECS;9988.0;5
67600;BOT_MAKER;BOT_TAKER;VEV_4000;XIRECS;1282.0;1
67700;BOT_TAKER;BOT_MAKER;HYDROGEL_PACK;XIRECS;10004.0;5
67700;BOT_TAKER;BOT_MAKER;VELVETFRUIT_EXTRACT;XIRECS;5295.0;4
67700;BOT_MAKER;BOT_TAKER;VEV_4000;XIRECS;1283.0;1
67900;BOT_TAKER;BOT_MAKER;HYDROGEL_PACK;XIRECS;10004.0;2
67900;BOT_MAKER;BOT_TAKER;VELVETFRUIT_EXTRACT;XIRECS;5289.0;3
67900;BOT_MAKER;BOT_TAKER;VEV_5500;XIRECS;5.0;3
68100;BOT_TAKER;BOT_MAKER;HYDROGEL_PACK;XIRECS;10003.0;6
68100;BOT_MAKER;BOT_TAKER;VELVETFRUIT_EXTRACT;XIRECS;5286.0;3
68200;BOT_TAKER;BOT_MAKER;VEV_5500;XIRECS;7.0;3
68300;BOT_MAKER;BOT_TAKER;VELVETFRUIT_EXTRACT;XIRECS;5283.0;6
68400;BOT_TAKER;BOT_MAKER;VEV_6000;XIRECS;1.0;3
68600;BOT_TAKER;BOT_MAKER;HYDROGEL_PACK;XIRECS;9995.0;5
68700;BOT_TAKER;BOT_MAKER;HYDROGEL_PACK;XIRECS;9992.0;4
68700;BOT_TAKER;BOT_MAKER;VEV_5400;XIRECS;22.0;3
68900;BOT_TAKER;BOT_MAKER;VELVETFRUIT_EXTRACT;XIRECS;5288.0;6
69000;BOT_TAKER;BOT_MAKER;VEV_4000;XIRECS;1302.0;2
69200;BOT_TAKER;BOT_MAKER;VEV_5300;XIRECS;48.0;2
69300;BOT_TAKER;BOT_MAKER;HYDROGEL_PACK;XIRECS;9992.0;5
69400;BOT_TAKER;BOT_MAKER;HYDROGEL_PACK;XIRECS;9992.0;5
69400;BOT_MAKER;BOT_TAKER;VELVETFRUIT_EXTRACT;XIRECS;5282.0;3
69400;BOT_MAKER;BOT_TAKER;VEV_4000;XIRECS;1278.0;3
69500;BOT_TAKER;BOT_MAKER;VELVETFRUIT_EXTRACT;XIRECS;5289.0;4
69600;BOT_MAKER;BOT_TAKER;HYDROGEL_PACK;XIRECS;9979.0;2
69700;BOT_TAKER;BOT_MAKER;VELVETFRUIT_EXTRACT;XIRECS;5289.0;7
69800;BOT_TAKER;BOT_MAKER;HYDROGEL_PACK;XIRECS;9996.0;5
69800;BOT_MAKER;BOT_TAKER;VEV_5500;XIRECS;5.0;4
69900;BOT_TAKER;BOT_MAKER;HYDROGEL_PACK;XIRECS;9995.0;4
69900;BOT_TAKER;BOT_MAKER;VELVETFRUIT_EXTRACT;XIRECS;5290.0;4
70000;BOT_TAKER;BOT_MAKER;VELVETFRUIT_EXTRACT;XIRECS;5290.0;6
70000;BOT_TAKER;BOT_MAKER;VELVETFRUIT_EXTRACT;XIRECS;5290.0;3
70200;BOT_MAKER;BOT_TAKER;VELVETFRUIT_EXTRACT;XIRECS;5285.0;5
70200;BOT_MAKER;BOT_TAKER;VEV_5300;XIRECS;48.0;2
70200;BOT_TAKER;BOT_MAKER;VEV_5300;XIRECS;50.0;5
70300;BOT_TAKER;BOT_MAKER;HYDROGEL_PACK;XIRECS;9993.0;2
70300;BOT_TAKER;BOT_MAKER;VEV_4000;XIRECS;1301.0;2
70400;BOT_TAKER;BOT_MAKER;HYDROGEL_PACK;XIRECS;9993.0;6
70400;BOT_TAKER;BOT_MAKER;VEV_5500;XIRECS;7.0;4
70500;BOT_MAKER;BOT_TAKER;HYDROGEL_PACK;XIRECS;9976.0;6
70500;BOT_TAKER;BOT_MAKER;VELVETFRUIT_EXTRACT;XIRECS;5290.0;4
70500;BOT_TAKER;BOT_MAKER;VEV_4000;XIRECS;1302.0;3
70600;BOT_TAKER;BOT_MAKER;HYDROGEL_PACK;XIRECS;9991.0;6
70600;BOT_MAKER;BOT_TAKER;VEV_4000;XIRECS;1281.0;1
70600;BOT_TAKER;BOT_MAKER;VEV_6500;XIRECS;1.0;5
70700;BOT_MAKER;BOT_TAKER;VEV_5400;XIRECS;22.0;2
70700;BOT_TAKER;BOT_MAKER;VEV_5500;XIRECS;7.0;4
71000;BOT_TAKER;BOT_MAKER;VELVETFRUIT_EXTRACT;XIRECS;5288.0;6
71100;BOT_TAKER;BOT_MAKER;VEV_5500;XIRECS;7.0;4
71100;BOT_MAKER;BOT_TAKER;VEV_5500;XIRECS;6.0;2
71300;BOT_TAKER;BOT_MAKER;HYDROGEL_PACK;XIRECS;9995.0;2
71300;BOT_MAKER;BOT_TAKER;VELVETFRUIT_EXTRACT;XIRECS;5279.0;4
71400;BOT_TAKER;BOT_MAKER;HYDROGEL_PACK;XIRECS;9994.0;3
71400;BOT_MAKER;BOT_TAKER;VELVETFRUIT_EXTRACT;XIRECS;5278.0;9
71400;BOT_TAKER;BOT_MAKER;VEV_4000;XIRECS;1303.0;1
71400;BOT_TAKER;BOT_MAKER;VEV_5500;XIRECS;7.0;4
71500;BOT_MAKER;BOT_TAKER;VELVETFRUIT_EXTRACT;XIRECS;5279.0;8
71500;BOT_MAKER;BOT_TAKER;VEV_5400;XIRECS;21.0;3
71500;BOT_MAKER;BOT_TAKER;VEV_5500;XIRECS;6.0;4
71700;BOT_MAKER;BOT_TAKER;VEV_5500;XIRECS;6.0;4
71800;BOT_TAKER;BOT_MAKER;HYDROGEL_PACK;XIRECS;10000.0;4
71800;BOT_TAKER;BOT_MAKER;VELVETFRUIT_EXTRACT;XIRECS;5285.0;5
71800;BOT_MAKER;BOT_TAKER;VEV_4000;XIRECS;1283.0;1
71900;BOT_MAKER;BOT_TAKER;VELVETFRUIT_EXTRACT;XIRECS;5278.0;7
71900;BOT_MAKER;BOT_TAKER;VEV_4000;XIRECS;1281.0;3
72000;BOT_TAKER;BOT_MAKER;VELVETFRUIT_EXTRACT;XIRECS;5282.0;5
72300;BOT_TAKER;BOT_MAKER;VEV_4000;XIRECS;1304.0;1
72300;BOT_TAKER;BOT_MAKER;VEV_6500;XIRECS;1.0;4
72400;BOT_TAKER;BOT_MAKER;VELVETFRUIT_EXTRACT;XIRECS;5281.0;3
72400;BOT_MAKER;BOT_TAKER;VELVETFRUIT_EXTRACT;XIRECS;5276.0;7
72400;BOT_MAKER;BOT_TAKER;VEV_4000;XIRECS;1282.0;2
72400;BOT_TAKER;BOT_MAKER;VEV_5500;XIRECS;7.0;4
72500;BOT_MAKER;BOT_TAKER;HYDROGEL_PACK;XIRECS;9991.0;3
72600;BOT_MAKER;BOT_TAKER;HYDROGEL_PACK;XIRECS;9992.0;5
72600;BOT_MAKER;BOT_TAKER;VELVETFRUIT_EXTRACT;XIRECS;5278.0;4
72600;BOT_TAKER;BOT_MAKER;VEV_6500;XIRECS;1.0;5
72700;BOT_MAKER;BOT_TAKER;VELVETFRUIT_EXTRACT;XIRECS;5276.0;9
72800;BOT_MAKER;BOT_TAKER;VELVETFRUIT_EXTRACT;XIRECS;5278.0;6
72800;BOT_TAKER;BOT_MAKER;VEV_4000;XIRECS;1307.0;2
73000;BOT_MAKER;BOT_TAKER;VELVETFRUIT_EXTRACT;XIRECS;5276.0;7
73100;BOT_TAKER;BOT_MAKER;VEV_6500;XIRECS;1.0;3
73200;BOT_MAKER;BOT_TAKER;HYDROGEL_PACK;XIRECS;9991.0;2
73200;BOT_MAKER;BOT_TAKER;VELVETFRUIT_EXTRACT;XIRECS;5276.0;11
73200;BOT_MAKER;BOT_TAKER;VEV_5500;XIRECS;6.0;4
73300;BOT_TAKER;BOT_MAKER;VELVETFRUIT_EXTRACT;XIRECS;5282.0;8
73400;BOT_TAKER;BOT_MAKER;VEV_6500;XIRECS;1.0;4
73600;BOT_TAKER;BOT_MAKER;HYDROGEL_PACK;XIRECS;10006.0;3
73800;BOT_MAKER;BOT_TAKER;VEV_5500;XIRECS;6.0;4
73900;BOT_TAKER;BOT_MAKER;VELVETFRUIT_EXTRACT;XIRECS;5280.0;3
74000;BOT_TAKER;BOT_MAKER;HYDROGEL_PACK;XIRECS;10000.0;3
74200;BOT_TAKER;BOT_MAKER;VELVETFRUIT_EXTRACT;XIRECS;5281.0;5
74300;BOT_MAKER;BOT_TAKER;VEV_6500;XIRECS;0.0;2
74400;BOT_MAKER;BOT_TAKER;VEV_6500;XIRECS;0.0;5
74500;BOT_TAKER;BOT_MAKER;HYDROGEL_PACK;XIRECS;10001.0;3
74700;BOT_TAKER;BOT_MAKER;VELVETFRUIT_EXTRACT;XIRECS;5283.0;5
74800;BOT_TAKER;BOT_MAKER;VELVETFRUIT_EXTRACT;XIRECS;5283.0;5
75000;BOT_TAKER;BOT_MAKER;VELVETFRUIT_EXTRACT;XIRECS;5284.0;3
75100;BOT_TAKER;BOT_MAKER;VELVETFRUIT_EXTRACT;XIRECS;5283.0;6
75100;BOT_TAKER;BOT_MAKER;VEV_6500;XIRECS;1.0;2
75200;BOT_TAKER;BOT_MAKER;HYDROGEL_PACK;XIRECS;10012.0;6
75200;BOT_MAKER;BOT_TAKER;VELVETFRUIT_EXTRACT;XIRECS;5278.0;6
75400;BOT_TAKER;BOT_MAKER;VELVETFRUIT_EXTRACT;XIRECS;5280.0;8
75400;BOT_MAKER;BOT_TAKER;VELVETFRUIT_EXTRACT;XIRECS;5275.0;6
75400;BOT_TAKER;BOT_MAKER;VEV_4000;XIRECS;1306.0;3
75500;BOT_MAKER;BOT_TAKER;HYDROGEL_PACK;XIRECS;9997.0;2
75500;BOT_MAKER;BOT_TAKER;VELVETFRUIT_EXTRACT;XIRECS;5275.0;6
75500;BOT_TAKER;BOT_MAKER;VEV_5300;XIRECS;53.0;5
75600;BOT_MAKER;BOT_TAKER;VELVETFRUIT_EXTRACT;XIRECS;5275.0;5
75700;BOT_MAKER;BOT_TAKER;VELVETFRUIT_EXTRACT;XIRECS;5275.0;3
75700;BOT_MAKER;BOT_TAKER;VELVETFRUIT_EXTRACT;XIRECS;5275.0;5
75800;BOT_TAKER;BOT_MAKER;HYDROGEL_PACK;XIRECS;10017.0;2
75800;BOT_TAKER;BOT_MAKER;VEV_4000;XIRECS;1303.0;1
75800;BOT_TAKER;BOT_MAKER;VEV_6000;XIRECS;1.0;2
76000;BOT_MAKER;BOT_TAKER;VEV_4000;XIRECS;1280.0;3
76000;BOT_MAKER;BOT_TAKER;VEV_5300;XIRECS;52.0;4
76000;BOT_TAKER;BOT_MAKER;VEV_6000;XIRECS;1.0;4
76200;BOT_MAKER;BOT_TAKER;VELVETFRUIT_EXTRACT;XIRECS;5273.0;5
76300;BOT_MAKER;BOT_TAKER;HYDROGEL_PACK;XIRECS;10002.0;2
76300;BOT_MAKER;BOT_TAKER;VELVETFRUIT_EXTRACT;XIRECS;5275.0;7
76300;BOT_TAKER;BOT_MAKER;VEV_6000;XIRECS;1.0;4
76400;BOT_TAKER;BOT_MAKER;HYDROGEL_PACK;XIRECS;10021.0;5
76500;BOT_TAKER;BOT_MAKER;VEV_6000;XIRECS;1.0;5
76600;BOT_TAKER;BOT_MAKER;HYDROGEL_PACK;XIRECS;10021.0;4
76700;BOT_TAKER;BOT_MAKER;HYDROGEL_PACK;XIRECS;10021.0;6
76700;BOT_MAKER;BOT_TAKER;HYDROGEL_PACK;XIRECS;10005.0;6
76700;BOT_TAKER;BOT_MAKER;VELVETFRUIT_EXTRACT;XIRECS;5280.0;10
76700;BOT_TAKER;BOT_MAKER;VEV_4000;XIRECS;1298.0;3
76700;BOT_TAKER;BOT_MAKER;VEV_6500;XIRECS;1.0;2
76800;BOT_MAKER;BOT_TAKER;VELVETFRUIT_EXTRACT;XIRECS;5272.0;5
76800;BOT_TAKER;BOT_MAKER;VEV_5400;XIRECS;21.0;4
76800;BOT_MAKER;BOT_TAKER;VEV_5500;XIRECS;6.0;5
76900;BOT_TAKER;BOT_MAKER;VELVETFRUIT_EXTRACT;XIRECS;5277.0;4
76900;BOT_MAKER;BOT_TAKER;VEV_5500;XIRECS;6.0;3
76900;BOT_TAKER;BOT_MAKER;VEV_5500;XIRECS;8.0;3
77300;BOT_TAKER;BOT_MAKER;VELVETFRUIT_EXTRACT;XIRECS;5278.0;6
77400;BOT_MAKER;BOT_TAKER;VELVETFRUIT_EXTRACT;XIRECS;5271.0;4
77500;BOT_TAKER;BOT_MAKER;HYDROGEL_PACK;XIRECS;10015.0;4
77700;BOT_TAKER;BOT_MAKER;HYDROGEL_PACK;XIRECS;10015.0;3
77800;BOT_MAKER;BOT_TAKER;HYDROGEL_PACK;XIRECS;9999.0;5
77800;BOT_MAKER;BOT_TAKER;VELVETFRUIT_EXTRACT;XIRECS;5272.0;6
77800;BOT_TAKER;BOT_MAKER;VEV_6000;XIRECS;1.0;2
77800;BOT_TAKER;BOT_MAKER;VEV_6000;XIRECS;1.0;5
78100;BOT_TAKER;BOT_MAKER;HYDROGEL_PACK;XIRECS;10013.0;3
78300;BOT_TAKER;BOT_MAKER;VEV_6500;XIRECS;1.0;3
78400;BOT_TAKER;BOT_MAKER;HYDROGEL_PACK;XIRECS;10014.0;6
78500;BOT_MAKER;BOT_TAKER;HYDROGEL_PACK;XIRECS;9997.0;6
78500;BOT_MAKER;BOT_TAKER;VEV_4000;XIRECS;1279.0;2
78600;BOT_MAKER;BOT_TAKER;VEV_4000;XIRECS;1278.0;2
78700;BOT_TAKER;BOT_MAKER;HYDROGEL_PACK;XIRECS;10013.0;6
78700;BOT_MAKER;BOT_TAKER;VELVETFRUIT_EXTRACT;XIRECS;5273.0;7
78800;BOT_MAKER;BOT_TAKER;VELVETFRUIT_EXTRACT;XIRECS;5274.0;9
78800;BOT_MAKER;BOT_TAKER;VELVETFRUIT_EXTRACT;XIRECS;5274.0;7
79100;BOT_TAKER;BOT_MAKER;VELVETFRUIT_EXTRACT;XIRECS;5279.0;6
79100;BOT_TAKER;BOT_MAKER;VEV_4000;XIRECS;1299.0;1
79200;BOT_TAKER;BOT_MAKER;HYDROGEL_PACK;XIRECS;10018.0;6
79200;BOT_TAKER;BOT_MAKER;VELVETFRUIT_EXTRACT;XIRECS;5279.0;7
79300;BOT_MAKER;BOT_TAKER;HYDROGEL_PACK;XIRECS;10004.0;6
79300;BOT_TAKER;BOT_MAKER;VEV_4000;XIRECS;1299.0;2
79500;BOT_TAKER;BOT_MAKER;HYDROGEL_PACK;XIRECS;10017.0;6
79600;BOT_TAKER;BOT_MAKER;HYDROGEL_PACK;XIRECS;10019.0;4
79700;BOT_MAKER;BOT_TAKER;VELVETFRUIT_EXTRACT;XIRECS;5274.0;7
79800;BOT_MAKER;BOT_TAKER;HYDROGEL_PACK;XIRECS;10004.0;3
79800;BOT_MAKER;BOT_TAKER;VELVETFRUIT_EXTRACT;XIRECS;5272.0;7
79900;BOT_TAKER;BOT_MAKER;VELVETFRUIT_EXTRACT;XIRECS;5278.0;3
80000;BOT_TAKER;BOT_MAKER;VELVETFRUIT_EXTRACT;XIRECS;5279.0;8
80000;BOT_TAKER;BOT_MAKER;VEV_4000;XIRECS;1296.0;3
80200;BOT_MAKER;BOT_TAKER;VELVETFRUIT_EXTRACT;XIRECS;5273.0;6
80300;BOT_TAKER;BOT_MAKER;VELVETFRUIT_EXTRACT;XIRECS;5280.0;8
80300;BOT_TAKER;BOT_MAKER;VEV_5400;XIRECS;22.0;2
80500;BOT_TAKER;BOT_MAKER;HYDROGEL_PACK;XIRECS;10023.0;4
80600;BOT_MAKER;BOT_TAKER;HYDROGEL_PACK;XIRECS;10008.0;3
80700;BOT_MAKER;BOT_TAKER;VELVETFRUIT_EXTRACT;XIRECS;5275.0;4
80700;BOT_MAKER;BOT_TAKER;VEV_4000;XIRECS;1280.0;3
80900;BOT_MAKER;BOT_TAKER;VELVETFRUIT_EXTRACT;XIRECS;5278.0;8
80900;BOT_MAKER;BOT_TAKER;VEV_4000;XIRECS;1280.0;3
81000;BOT_MAKER;BOT_TAKER;VELVETFRUIT_EXTRACT;XIRECS;5276.0;5
81100;BOT_MAKER;BOT_TAKER;HYDROGEL_PACK;XIRECS;10000.0;5
81100;BOT_MAKER;BOT_TAKER;VEV_5500;XIRECS;7.0;4
81200;BOT_TAKER;BOT_MAKER;VEV_5400;XIRECS;23.0;2
81300;BOT_TAKER;BOT_MAKER;VELVETFRUIT_EXTRACT;XIRECS;5282.0;7
81500;BOT_MAKER;BOT_TAKER;HYDROGEL_PACK;XIRECS;10003.0;3
81700;BOT_TAKER;BOT_MAKER;VELVETFRUIT_EXTRACT;XIRECS;5281.0;10
81800;BOT_TAKER;BOT_MAKER;HYDROGEL_PACK;XIRECS;10019.0;3
82000;BOT_MAKER;BOT_TAKER;HYDROGEL_PACK;XIRECS;10005.0;6
82000;BOT_TAKER;BOT_MAKER;VEV_4000;XIRECS;1306.0;2
82100;BOT_MAKER;BOT_TAKER;HYDROGEL_PACK;XIRECS;10004.0;2
82100;BOT_TAKER;BOT_MAKER;VEV_4000;XIRECS;1307.0;3
82200;BOT_TAKER;BOT_MAKER;VELVETFRUIT_EXTRACT;XIRECS;5280.0;8
82200;BOT_MAKER;BOT_TAKER;VEV_5300;XIRECS;46.0;5
82300;BOT_MAKER;BOT_TAKER;VELVETFRUIT_EXTRACT;XIRECS;5272.0;4
82400;BOT_TAKER;BOT_MAKER;VELVETFRUIT_EXTRACT;XIRECS;5278.0;8
82700;BOT_MAKER;BOT_TAKER;VELVETFRUIT_EXTRACT;XIRECS;5273.0;8
82700;BOT_MAKER;BOT_TAKER;VEV_6000;XIRECS;0.0;5
82900;BOT_TAKER;BOT_MAKER;HYDROGEL_PACK;XIRECS;10022.0;6
82900;BOT_TAKER;BOT_MAKER;VEV_5300;XIRECS;51.0;5
83000;BOT_TAKER;BOT_MAKER;VELVETFRUIT_EXTRACT;XIRECS;5279.0;5
83000;BOT_TAKER;BOT_MAKER;VEV_5500;XIRECS;8.0;4
83000;BOT_TAKER;BOT_MAKER;VEV_6500;XIRECS;1.0;2
83200;BOT_MAKER;BOT_TAKER;VEV_6000;XIRECS;0.0;5
83300;BOT_TAKER;BOT_MAKER;VEV_5400;XIRECS;23.0;3
83300;BOT_MAKER;BOT_TAKER;VEV_6000;XIRECS;0.0;5
83400;BOT_MAKER;BOT_TAKER;HYDROGEL_PACK;XIRECS;10005.0;3
83400;BOT_MAKER;BOT_TAKER;VELVETFRUIT_EXTRACT;XIRECS;5274.0;9
83600;BOT_MAKER;BOT_TAKER;VEV_4000;XIRECS;1288.0;2
83600;BOT_TAKER;BOT_MAKER;VEV_5300;XIRECS;51.0;4
83600;BOT_MAKER;BOT_TAKER;VEV_5300;XIRECS;49.0;2
83600;BOT_MAKER;BOT_TAKER;VEV_6500;XIRECS;0.0;3
83700;BOT_TAKER;BOT_MAKER;VELVETFRUIT_EXTRACT;XIRECS;5277.0;3
83800;BOT_MAKER;BOT_TAKER;HYDROGEL_PACK;XIRECS;10014.0;2
83800;BOT_MAKER;BOT_TAKER;VELVETFRUIT_EXTRACT;XIRECS;5271.0;13
83900;BOT_MAKER;BOT_TAKER;HYDROGEL_PACK;XIRECS;10013.0;4
84000;BOT_TAKER;BOT_MAKER;HYDROGEL_PACK;XIRECS;10030.0;2
84000;BOT_MAKER;BOT_TAKER;VELVETFRUIT_EXTRACT;XIRECS;5270.0;6
84100;BOT_MAKER;BOT_TAKER;VELVETFRUIT_EXTRACT;XIRECS;5270.0;7
84100;BOT_TAKER;BOT_MAKER;VEV_5300;XIRECS;51.0;2
84200;BOT_TAKER;BOT_MAKER;HYDROGEL_PACK;XIRECS;10029.0;6
84200;BOT_TAKER;BOT_MAKER;VELVETFRUIT_EXTRACT;XIRECS;5275.0;15
84300;BOT_TAKER;BOT_MAKER;VELVETFRUIT_EXTRACT;XIRECS;5274.0;8
84300;BOT_MAKER;BOT_TAKER;VEV_5400;XIRECS;23.0;4
84500;BOT_MAKER;BOT_TAKER;HYDROGEL_PACK;XIRECS;10010.0;2
84500;BOT_MAKER;BOT_TAKER;VELVETFRUIT_EXTRACT;XIRECS;5267.0;8
84700;BOT_MAKER;BOT_TAKER;VELVETFRUIT_EXTRACT;XIRECS;5268.0;6
84800;BOT_TAKER;BOT_MAKER;VELVETFRUIT_EXTRACT;XIRECS;5274.0;3
84900;BOT_TAKER;BOT_MAKER;HYDROGEL_PACK;XIRECS;10021.0;3
85000;BOT_MAKER;BOT_TAKER;HYDROGEL_PACK;XIRECS;10003.0;2
85000;BOT_MAKER;BOT_TAKER;VELVETFRUIT_EXTRACT;XIRECS;5271.0;6
85000;BOT_TAKER;BOT_MAKER;VELVETFRUIT_EXTRACT;XIRECS;5275.0;3
85000;BOT_MAKER;BOT_TAKER;VEV_6000;XIRECS;0.0;3
85100;BOT_TAKER;BOT_MAKER;VEV_6500;XIRECS;1.0;4
85200;BOT_MAKER;BOT_TAKER;HYDROGEL_PACK;XIRECS;10006.0;3
85200;BOT_TAKER;BOT_MAKER;VEV_6000;XIRECS;1.0;2
85300;BOT_TAKER;BOT_MAKER;HYDROGEL_PACK;XIRECS;10026.0;3
85300;BOT_MAKER;BOT_TAKER;VELVETFRUIT_EXTRACT;XIRECS;5270.0;8
85500;BOT_TAKER;BOT_MAKER;HYDROGEL_PACK;XIRECS;10021.0;2
85500;BOT_MAKER;BOT_TAKER;VELVETFRUIT_EXTRACT;XIRECS;5272.0;5
85600;BOT_TAKER;BOT_MAKER;VEV_4000;XIRECS;1301.0;2
85700;BOT_MAKER;BOT_TAKER;VELVETFRUIT_EXTRACT;XIRECS;5273.0;4
85800;BOT_TAKER;BOT_MAKER;HYDROGEL_PACK;XIRECS;10020.0;6
85800;BOT_MAKER;BOT_TAKER;VEV_5500;XIRECS;7.0;3
86000;BOT_TAKER;BOT_MAKER;VELVETFRUIT_EXTRACT;XIRECS;5278.0;5
86100;BOT_TAKER;BOT_MAKER;VEV_4000;XIRECS;1300.0;1
86200;BOT_TAKER;BOT_MAKER;HYDROGEL_PACK;XIRECS;10015.0;4
86200;BOT_TAKER;BOT_MAKER;VELVETFRUIT_EXTRACT;XIRECS;5277.0;3
86200;BOT_TAKER;BOT_MAKER;VEV_4000;XIRECS;1300.0;2
86300;BOT_TAKER;BOT_MAKER;HYDROGEL_PACK;XIRECS;10015.0;6
86300;BOT_MAKER;BOT_TAKER;VELVETFRUIT_EXTRACT;XIRECS;5272.0;7
86300;BOT_MAKER;BOT_TAKER;VELVETFRUIT_EXTRACT;XIRECS;5272.0;6
86300;BOT_MAKER;BOT_TAKER;VEV_6000;XIRECS;0.0;2
86500;BOT_TAKER;BOT_MAKER;HYDROGEL_PACK;XIRECS;10012.0;5
86600;BOT_TAKER;BOT_MAKER;VEV_5300;XIRECS;52.0;3
86600;BOT_MAKER;BOT_TAKER;VEV_6000;XIRECS;0.0;4
86600;BOT_MAKER;BOT_TAKER;VEV_6500;XIRECS;0.0;5
86700;BOT_MAKER;BOT_TAKER;VELVETFRUIT_EXTRACT;XIRECS;5274.0;4
86900;BOT_TAKER;BOT_MAKER;HYDROGEL_PACK;XIRECS;10010.0;5
86900;BOT_TAKER;BOT_MAKER;VELVETFRUIT_EXTRACT;XIRECS;5281.0;5
87000;BOT_MAKER;BOT_TAKER;HYDROGEL_PACK;XIRECS;9995.0;2
87200;BOT_TAKER;BOT_MAKER;VELVETFRUIT_EXTRACT;XIRECS;5280.0;8
87200;BOT_MAKER;BOT_TAKER;VELVETFRUIT_EXTRACT;XIRECS;5275.0;5
87300;BOT_TAKER;BOT_MAKER;HYDROGEL_PACK;XIRECS;10014.0;6
87300;BOT_TAKER;BOT_MAKER;VELVETFRUIT_EXTRACT;XIRECS;5281.0;7
87500;BOT_TAKER;BOT_MAKER;VELVETFRUIT_EXTRACT;XIRECS;5282.0;5
87500;BOT_TAKER;BOT_MAKER;VELVETFRUIT_EXTRACT;XIRECS;5282.0;3
87500;BOT_TAKER;BOT_MAKER;VEV_5400;XIRECS;24.0;3
87500;BOT_TAKER;BOT_MAKER;VEV_5500;XIRECS;8.0;5
87700;BOT_TAKER;BOT_MAKER;VELVETFRUIT_EXTRACT;XIRECS;5282.0;6
87800;BOT_MAKER;BOT_TAKER;VELVETFRUIT_EXTRACT;XIRECS;5277.0;4
87900;BOT_MAKER;BOT_TAKER;VELVETFRUIT_EXTRACT;XIRECS;5278.0;7
87900;BOT_TAKER;BOT_MAKER;VEV_6500;XIRECS;1.0;4
88000;BOT_TAKER;BOT_MAKER;VELVETFRUIT_EXTRACT;XIRECS;5283.0;7
88200;BOT_MAKER;BOT_TAKER;HYDROGEL_PACK;XIRECS;10003.0;5
88200;BOT_MAKER;BOT_TAKER;VELVETFRUIT_EXTRACT;XIRECS;5276.0;4
88300;BOT_MAKER;BOT_TAKER;HYDROGEL_PACK;XIRECS;10005.0;5
88500;BOT_TAKER;BOT_MAKER;VELVETFRUIT_EXTRACT;XIRECS;5281.0;3
88500;BOT_TAKER;BOT_MAKER;VEV_4000;XIRECS;1297.0;2
88700;BOT_TAKER;BOT_MAKER;HYDROGEL_PACK;XIRECS;10017.0;2
88800;BOT_MAKER;BOT_TAKER;HYDROGEL_PACK;XIRECS;9998.0;4
88900;BOT_TAKER;BOT_MAKER;HYDROGEL_PACK;XIRECS;10012.0;5
88900;BOT_MAKER;BOT_TAKER;VEV_4000;XIRECS;1277.0;2
89000;BOT_MAKER;BOT_TAKER;VEV_5400;XIRECS;22.0;5
89100;BOT_TAKER;BOT_MAKER;VELVETFRUIT_EXTRACT;XIRECS;5281.0;6
89300;BOT_TAKER;BOT_MAKER;HYDROGEL_PACK;XIRECS;10010.0;6
89600;BOT_MAKER;BOT_TAKER;VEV_5400;XIRECS;22.0;5
89800;BOT_MAKER;BOT_TAKER;VEV_6500;XIRECS;0.0;4
89900;BOT_MAKER;BOT_TAKER;HYDROGEL_PACK;XIRECS;9994.0;5
89900;BOT_MAKER;BOT_TAKER;VEV_5400;XIRECS;23.0;4
89900;BOT_TAKER;BOT_MAKER;VEV_5500;XIRECS;8.0;2
90000;BOT_MAKER;BOT_TAKER;HYDROGEL_PACK;XIRECS;9990.0;6
90000;BOT_MAKER;BOT_TAKER;VELVETFRUIT_EXTRACT;XIRECS;5273.0;10
90100;BOT_MAKER;BOT_TAKER;VELVETFRUIT_EXTRACT;XIRECS;5273.0;3
90200;BOT_MAKER;BOT_TAKER;HYDROGEL_PACK;XIRECS;9988.0;3
90200;BOT_TAKER;BOT_MAKER;VELVETFRUIT_EXTRACT;XIRECS;5276.0;4
90400;BOT_MAKER;BOT_TAKER;HYDROGEL_PACK;XIRECS;9989.0;4
90400;BOT_MAKER;BOT_TAKER;VELVETFRUIT_EXTRACT;XIRECS;5272.0;13
90500;BOT_TAKER;BOT_MAKER;HYDROGEL_PACK;XIRECS;10004.0;4
90500;BOT_TAKER;BOT_MAKER;VELVETFRUIT_EXTRACT;XIRECS;5276.0;3
90600;BOT_MAKER;BOT_TAKER;VELVETFRUIT_EXTRACT;XIRECS;5272.0;5
90600;BOT_MAKER;BOT_TAKER;VELVETFRUIT_EXTRACT;XIRECS;5272.0;8
90600;BOT_MAKER;BOT_TAKER;VEV_5500;XIRECS;7.0;3
90700;BOT_MAKER;BOT_TAKER;VEV_4000;XIRECS;1270.0;1
90800;BOT_MAKER;BOT_TAKER;VELVETFRUIT_EXTRACT;XIRECS;5272.0;6
90800;BOT_MAKER;BOT_TAKER;VEV_6500;XIRECS;0.0;4
90900;BOT_TAKER;BOT_MAKER;VELVETFRUIT_EXTRACT;XIRECS;5277.0;3
91000;BOT_MAKER;BOT_TAKER;VELVETFRUIT_EXTRACT;XIRECS;5271.0;7
91100;BOT_MAKER;BOT_TAKER;VELVETFRUIT_EXTRACT;XIRECS;5272.0;8
91100;BOT_TAKER;BOT_MAKER;VEV_4000;XIRECS;1293.0;2
91200;BOT_TAKER;BOT_MAKER;VELVETFRUIT_EXTRACT;XIRECS;5275.0;15
91500;BOT_TAKER;BOT_MAKER;VELVETFRUIT_EXTRACT;XIRECS;5275.0;8
91700;BOT_MAKER;BOT_TAKER;VELVETFRUIT_EXTRACT;XIRECS;5272.0;5
91700;BOT_MAKER;BOT_TAKER;VEV_6500;XIRECS;0.0;5
92000;BOT_TAKER;BOT_MAKER;HYDROGEL_PACK;XIRECS;10008.0;4
92000;BOT_MAKER;BOT_TAKER;VELVETFRUIT_EXTRACT;XIRECS;5269.0;3
92200;BOT_MAKER;BOT_TAKER;HYDROGEL_PACK;XIRECS;9992.0;4
92200;BOT_MAKER;BOT_TAKER;VEV_6000;XIRECS;0.0;2
92300;BOT_MAKER;BOT_TAKER;HYDROGEL_PACK;XIRECS;9988.0;3
92400;BOT_TAKER;BOT_MAKER;VEV_6500;XIRECS;1.0;2
92500;BOT_TAKER;BOT_MAKER;VELVETFRUIT_EXTRACT;XIRECS;5274.0;4
92600;BOT_MAKER;BOT_TAKER;HYDROGEL_PACK;XIRECS;9994.0;2
92700;BOT_MAKER;BOT_TAKER;HYDROGEL_PACK;XIRECS;9994.0;3
92800;BOT_MAKER;BOT_TAKER;HYDROGEL_PACK;XIRECS;9995.0;5
92900;BOT_TAKER;BOT_MAKER;HYDROGEL_PACK;XIRECS;10011.0;4
92900;BOT_MAKER;BOT_TAKER;VELVETFRUIT_EXTRACT;XIRECS;5266.0;7
93000;BOT_TAKER;BOT_MAKER;HYDROGEL_PACK;XIRECS;10010.0;3
93000;BOT_MAKER;BOT_TAKER;VEV_5500;XIRECS;7.0;4
93100;BOT_TAKER;BOT_MAKER;VELVETFRUIT_EXTRACT;XIRECS;5273.0;7
93200;BOT_MAKER;BOT_TAKER;VELVETFRUIT_EXTRACT;XIRECS;5268.0;11
93300;BOT_MAKER;BOT_TAKER;HYDROGEL_PACK;XIRECS;9991.0;5
93300;BOT_TAKER;BOT_MAKER;VELVETFRUIT_EXTRACT;XIRECS;5270.0;8
93300;BOT_TAKER;BOT_MAKER;VEV_5400;XIRECS;26.0;4
93400;BOT_TAKER;BOT_MAKER;VELVETFRUIT_EXTRACT;XIRECS;5271.0;8
93500;BOT_TAKER;BOT_MAKER;HYDROGEL_PACK;XIRECS;10005.0;2
93600;BOT_TAKER;BOT_MAKER;VELVETFRUIT_EXTRACT;XIRECS;5273.0;5
93700;BOT_TAKER;BOT_MAKER;VELVETFRUIT_EXTRACT;XIRECS;5272.0;5
94000;BOT_TAKER;BOT_MAKER;VELVETFRUIT_EXTRACT;XIRECS;5272.0;10
94200;BOT_MAKER;BOT_TAKER;VELVETFRUIT_EXTRACT;XIRECS;5265.0;5
94300;BOT_MAKER;BOT_TAKER;HYDROGEL_PACK;XIRECS;9994.0;6
94400;BOT_TAKER;BOT_MAKER;HYDROGEL_PACK;XIRECS;10010.0;6
94400;BOT_MAKER;BOT_TAKER;VEV_5300;XIRECS;51.0;4
94500;BOT_MAKER;BOT_TAKER;VELVETFRUIT_EXTRACT;XIRECS;5266.0;8
94500;BOT_MAKER;BOT_TAKER;VEV_5500;XIRECS;7.0;4
94600;BOT_MAKER;BOT_TAKER;HYDROGEL_PACK;XIRECS;9993.0;6
94600;BOT_MAKER;BOT_TAKER;VEV_6000;XIRECS;0.0;2
94800;BOT_TAKER;BOT_MAKER;VELVETFRUIT_EXTRACT;XIRECS;5276.0;6
94900;BOT_MAKER;BOT_TAKER;VEV_5400;XIRECS;23.0;2
95100;BOT_MAKER;BOT_TAKER;VEV_5500;XIRECS;7.0;4
95400;BOT_MAKER;BOT_TAKER;VEV_4000;XIRECS;1259.0;3
95500;BOT_TAKER;BOT_MAKER;HYDROGEL_PACK;XIRECS;10006.0;2
95500;BOT_MAKER;BOT_TAKER;VEV_6000;XIRECS;0.0;4
95600;BOT_MAKER;BOT_TAKER;VEV_5500;XIRECS;8.0;4
95700;BOT_TAKER;BOT_MAKER;VELVETFRUIT_EXTRACT;XIRECS;5273.0;4
95800;BOT_TAKER;BOT_MAKER;VELVETFRUIT_EXTRACT;XIRECS;5272.0;6
95900;BOT_TAKER;BOT_MAKER;HYDROGEL_PACK;XIRECS;10001.0;3
95900;BOT_MAKER;BOT_TAKER;VELVETFRUIT_EXTRACT;XIRECS;5270.0;5
96000;BOT_MAKER;BOT_TAKER;HYDROGEL_PACK;XIRECS;9987.0;4
96000;BOT_MAKER;BOT_TAKER;VEV_4000;XIRECS;1261.0;2
96000;BOT_TAKER;BOT_MAKER;VEV_6000;XIRECS;1.0;3
96000;BOT_TAKER;BOT_MAKER;VEV_6500;XIRECS;1.0;4
96100;BOT_MAKER;BOT_TAKER;VEV_5400;XIRECS;23.0;3
96200;BOT_TAKER;BOT_MAKER;HYDROGEL_PACK;XIRECS;9998.0;2
96200;BOT_MAKER;BOT_TAKER;VELVETFRUIT_EXTRACT;XIRECS;5269.0;3
96500;BOT_TAKER;BOT_MAKER;VEV_5500;XIRECS;9.0;3
96500;BOT_MAKER;BOT_TAKER;VEV_6000;XIRECS;0.0;2
96600;BOT_MAKER;BOT_TAKER;VELVETFRUIT_EXTRACT;XIRECS;5270.0;6
96600;BOT_MAKER;BOT_TAKER;VEV_6000;XIRECS;0.0;5
96600;BOT_TAKER;BOT_MAKER;VEV_6500;XIRECS;1.0;4
96700;BOT_MAKER;BOT_TAKER;VEV_5400;XIRECS;23.0;4
96800;BOT_TAKER;BOT_MAKER;VEV_4000;XIRECS;1277.0;1
96900;BOT_TAKER;BOT_MAKER;VELVETFRUIT_EXTRACT;XIRECS;5278.0;7
96900;BOT_TAKER;BOT_MAKER;VEV_5400;XIRECS;25.0;4
97000;BOT_TAKER;BOT_MAKER;HYDROGEL_PACK;XIRECS;9999.0;3
97000;BOT_TAKER;BOT_MAKER;VEV_5400;XIRECS;25.0;5
97000;BOT_TAKER;BOT_MAKER;VEV_6500;XIRECS;1.0;5
97100;BOT_TAKER;BOT_MAKER;VELVETFRUIT_EXTRACT;XIRECS;5278.0;5
97100;BOT_TAKER;BOT_MAKER;VEV_4000;XIRECS;1278.0;2
97200;BOT_MAKER;BOT_TAKER;VEV_5500;XIRECS;8.0;2
97300;BOT_TAKER;BOT_MAKER;VELVETFRUIT_EXTRACT;XIRECS;5280.0;7
97400;BOT_TAKER;BOT_MAKER;HYDROGEL_PACK;XIRECS;10005.0;5
97400;BOT_MAKER;BOT_TAKER;VELVETFRUIT_EXTRACT;XIRECS;5276.0;7
97500;BOT_TAKER;BOT_MAKER;VELVETFRUIT_EXTRACT;XIRECS;5282.0;7
97500;BOT_MAKER;BOT_TAKER;VEV_4000;XIRECS;1254.0;1
97500;BOT_TAKER;BOT_MAKER;VEV_5400;XIRECS;23.0;4
97800;BOT_MAKER;BOT_TAKER;VELVETFRUIT_EXTRACT;XIRECS;5278.0;8
97800;BOT_MAKER;BOT_TAKER;VEV_6500;XIRECS;0.0;5
97900;BOT_MAKER;BOT_TAKER;HYDROGEL_PACK;XIRECS;9988.0;5
97900;BOT_TAKER;BOT_MAKER;VEV_6000;XIRECS;1.0;5
98000;BOT_MAKER;BOT_TAKER;VELVETFRUIT_EXTRACT;XIRECS;5278.0;3
98000;BOT_TAKER;BOT_MAKER;VEV_6500;XIRECS;1.0;4
98100;BOT_MAKER;BOT_TAKER;VELVETFRUIT_EXTRACT;XIRECS;5279.0;6
98400;BOT_MAKER;BOT_TAKER;VEV_5500;XIRECS;8.0;4
98500;BOT_TAKER;BOT_MAKER;HYDROGEL_PACK;XIRECS;10004.0;2
98500;BOT_MAKER;BOT_TAKER;VELVETFRUIT_EXTRACT;XIRECS;5278.0;7
98500;BOT_TAKER;BOT_MAKER;VEV_5300;XIRECS;47.0;2
98600;BOT_TAKER;BOT_MAKER;HYDROGEL_PACK;XIRECS;10006.0;3
98600;BOT_MAKER;BOT_TAKER;VELVETFRUIT_EXTRACT;XIRECS;5278.0;3
98600;BOT_MAKER;BOT_TAKER;VEV_6500;XIRECS;0.0;2
98700;BOT_MAKER;BOT_TAKER;VELVETFRUIT_EXTRACT;XIRECS;5279.0;3
98800;BOT_MAKER;BOT_TAKER;VEV_5400;XIRECS;23.0;5
98900;BOT_TAKER;BOT_MAKER;HYDROGEL_PACK;XIRECS;10007.0;5
98900;BOT_MAKER;BOT_TAKER;VEV_4000;XIRECS;1263.0;1
99000;BOT_TAKER;BOT_MAKER;HYDROGEL_PACK;XIRECS;10006.0;2
99000;BOT_TAKER;BOT_MAKER;VELVETFRUIT_EXTRACT;XIRECS;5286.0;7
99100;BOT_MAKER;BOT_TAKER;HYDROGEL_PACK;XIRECS;9990.0;6
99100;BOT_MAKER;BOT_TAKER;VELVETFRUIT_EXTRACT;XIRECS;5282.0;7
99100;BOT_TAKER;BOT_MAKER;VEV_4000;XIRECS;1286.0;3
99100;BOT_MAKER;BOT_TAKER;VEV_5500;XIRECS;8.0;2
99200;BOT_MAKER;BOT_TAKER;HYDROGEL_PACK;XIRECS;9993.0;5
99200;BOT_MAKER;BOT_TAKER;VELVETFRUIT_EXTRACT;XIRECS;5283.0;7
99200;BOT_MAKER;BOT_TAKER;VEV_4000;XIRECS;1264.0;2
99200;BOT_TAKER;BOT_MAKER;VEV_5300;XIRECS;48.0;3
99300;BOT_MAKER;BOT_TAKER;VELVETFRUIT_EXTRACT;XIRECS;5284.0;5
99300;BOT_TAKER;BOT_MAKER;VEV_4000;XIRECS;1285.0;3
99500;BOT_MAKER;BOT_TAKER;VELVETFRUIT_EXTRACT;XIRECS;5282.0;15
99600;BOT_TAKER;BOT_MAKER;VEV_5400;XIRECS;26.0;4
99700;BOT_MAKER;BOT_TAKER;HYDROGEL_PACK;XIRECS;9996.0;3
99700;BOT_TAKER;BOT_MAKER;VELVETFRUIT_EXTRACT;XIRECS;5288.0;10
99700;BOT_MAKER;BOT_TAKER;VEV_6000;XIRECS;0.0;2
99900;BOT_TAKER;BOT_MAKER;HYDROGEL_PACK;XIRECS;10012.0;6
99900;BOT_MAKER;BOT_TAKER;VELVETFRUIT_EXTRACT;XIRECS;5283.0;4
99900;BOT_TAKER;BOT_MAKER;VEV_6000;XIRECS;1.0;3
100200;BOT_TAKER;BOT_MAKER;VELVETFRUIT_EXTRACT;XIRECS;5287.0;4
100200;BOT_MAKER;BOT_TAKER;VEV_4000;XIRECS;1258.0;2
100200;BOT_TAKER;BOT_MAKER;VEV_6500;XIRECS;1.0;4
100300;BOT_TAKER;BOT_MAKER;VELVETFRUIT_EXTRACT;XIRECS;5287.0;5
100400;BOT_TAKER;BOT_MAKER;VELVETFRUIT_EXTRACT;XIRECS;5287.0;5
100400;BOT_TAKER;BOT_MAKER;VEV_6500;XIRECS;1.0;3
100500;BOT_MAKER;BOT_TAKER;VELVETFRUIT_EXTRACT;XIRECS;5283.0;7
100500;BOT_TAKER;BOT_MAKER;VEV_4000;XIRECS;1278.0;2
100800;BOT_MAKER;BOT_TAKER;VELVETFRUIT_EXTRACT;XIRECS;5282.0;9
100900;BOT_MAKER;BOT_TAKER;VELVETFRUIT_EXTRACT;XIRECS;5284.0;5
100900;BOT_TAKER;BOT_MAKER;VEV_4000;XIRECS;1275.0;1
100900;BOT_TAKER;BOT_MAKER;VEV_5300;XIRECS;47.0;3
100900;BOT_TAKER;BOT_MAKER;VEV_6500;XIRECS;1.0;4
101000;BOT_MAKER;BOT_TAKER;VELVETFRUIT_EXTRACT;XIRECS;5285.0;7
101000;BOT_MAKER;BOT_TAKER;VEV_5300;XIRECS;46.0;3
101000;BOT_TAKER;BOT_MAKER;VEV_5500;XIRECS;9.0;4
101100;BOT_MAKER;BOT_TAKER;VELVETFRUIT_EXTRACT;XIRECS;5284.0;7
101200;BOT_MAKER;BOT_TAKER;VELVETFRUIT_EXTRACT;XIRECS;5285.0;3
101300;BOT_TAKER;BOT_MAKER;VELVETFRUIT_EXTRACT;XIRECS;5293.0;5
101400;BOT_TAKER;BOT_MAKER;VELVETFRUIT_EXTRACT;XIRECS;5293.0;5
101400;BOT_MAKER;BOT_TAKER;VEV_5300;XIRECS;45.0;2
101500;BOT_MAKER;BOT_TAKER;VEV_4000;XIRECS;1258.0;2
101600;BOT_TAKER;BOT_MAKER;VELVETFRUIT_EXTRACT;XIRECS;5292.0;5
101600;BOT_MAKER;BOT_TAKER;VEV_4000;XIRECS;1259.0;3
101800;BOT_MAKER;BOT_TAKER;VELVETFRUIT_EXTRACT;XIRECS;5289.0;4
101800;BOT_TAKER;BOT_MAKER;VEV_4000;XIRECS;1280.0;2
101900;BOT_TAKER;BOT_MAKER;HYDROGEL_PACK;XIRECS;10013.0;6
102000;BOT_TAKER;BOT_MAKER;HYDROGEL_PACK;XIRECS;10011.0;4
102000;BOT_TAKER;BOT_MAKER;VELVETFRUIT_EXTRACT;XIRECS;5293.0;3
102000;BOT_MAKER;BOT_TAKER;VEV_5400;XIRECS;24.0;3
102200;BOT_TAKER;BOT_MAKER;HYDROGEL_PACK;XIRECS;10012.0;6
102200;BOT_TAKER;BOT_MAKER;VELVETFRUIT_EXTRACT;XIRECS;5291.0;4
102200;BOT_MAKER;BOT_TAKER;VEV_5300;XIRECS;47.0;4
102300;BOT_TAKER;BOT_MAKER;VEV_6000;XIRECS;1.0;4
102400;BOT_TAKER;BOT_MAKER;HYDROGEL_PACK;XIRECS;10010.0;4
102500;BOT_MAKER;BOT_TAKER;VELVETFRUIT_EXTRACT;XIRECS;5287.0;5
102600;BOT_MAKER;BOT_TAKER;VEV_4000;XIRECS;1256.0;3
102800;BOT_MAKER;BOT_TAKER;VEV_6000;XIRECS;0.0;3
103000;BOT_MAKER;BOT_TAKER;VELVETFRUIT_EXTRACT;XIRECS;5287.0;10
103100;BOT_MAKER;BOT_TAKER;VELVETFRUIT_EXTRACT;XIRECS;5287.0;8
103100;BOT_MAKER;BOT_TAKER;VELVETFRUIT_EXTRACT;XIRECS;5287.0;9
103200;BOT_TAKER;BOT_MAKER;VEV_5400;XIRECS;24.0;3
103300;BOT_TAKER;BOT_MAKER;HYDROGEL_PACK;XIRECS;10010.0;6
103400;BOT_MAKER;BOT_TAKER;VELVETFRUIT_EXTRACT;XIRECS;5284.0;3
103400;BOT_MAKER;BOT_TAKER;VEV_5500;XIRECS;8.0;4
103400;BOT_MAKER;BOT_TAKER;VEV_6000;XIRECS;0.0;4
103500;BOT_MAKER;BOT_TAKER;HYDROGEL_PACK;XIRECS;9995.0;6
103500;BOT_TAKER;BOT_MAKER;VELVETFRUIT_EXTRACT;XIRECS;5291.0;8
103500;BOT_MAKER;BOT_TAKER;VEV_6500;XIRECS;0.0;4
103600;BOT_MAKER;BOT_TAKER;HYDROGEL_PACK;XIRECS;9997.0;4
103600;BOT_TAKER;BOT_MAKER;VEV_5400;XIRECS;23.0;5
103600;BOT_MAKER;BOT_TAKER;VEV_6000;XIRECS;0.0;5
103800;BOT_TAKER;BOT_MAKER;HYDROGEL_PACK;XIRECS;10015.0;4
103800;BOT_TAKER;BOT_MAKER;VELVETFRUIT_EXTRACT;XIRECS;5289.0;8
104000;BOT_TAKER;BOT_MAKER;VELVETFRUIT_EXTRACT;XIRECS;5286.0;5
104000;BOT_MAKER;BOT_TAKER;VEV_5500;XIRECS;8.0;2
104100;BOT_MAKER;BOT_TAKER;HYDROGEL_PACK;XIRECS;9999.0;4
104200;BOT_MAKER;BOT_TAKER;VELVETFRUIT_EXTRACT;XIRECS;5281.0;5
104300;BOT_TAKER;BOT_MAKER;VELVETFRUIT_EXTRACT;XIRECS;5285.0;5
104600;BOT_MAKER;BOT_TAKER;VELVETFRUIT_EXTRACT;XIRECS;5276.0;6
104700;BOT_MAKER;BOT_TAKER;HYDROGEL_PACK;XIRECS;10000.0;5
104700;BOT_MAKER;BOT_TAKER;VEV_5300;XIRECS;46.0;2
104900;BOT_MAKER;BOT_TAKER;HYDROGEL_PACK;XIRECS;10001.0;4
105100;BOT_TAKER;BOT_MAKER;VELVETFRUIT_EXTRACT;XIRECS;5283.0;7
105100;BOT_TAKER;BOT_MAKER;VEV_5500;XIRECS;10.0;4
105400;BOT_TAKER;BOT_MAKER;VEV_6000;XIRECS;1.0;3
105500;BOT_TAKER;BOT_MAKER;HYDROGEL_PACK;XIRECS;10023.0;5
105500;BOT_TAKER;BOT_MAKER;VEV_5300;XIRECS;47.0;2
105500;BOT_MAKER;BOT_TAKER;VEV_6500;XIRECS;0.0;5
105700;BOT_TAKER;BOT_MAKER;VELVETFRUIT_EXTRACT;XIRECS;5283.0;8
105700;BOT_MAKER;BOT_TAKER;VEV_5500;XIRECS;9.0;3
105800;BOT_TAKER;BOT_MAKER;HYDROGEL_PACK;XIRECS;10022.0;3
106000;BOT_TAKER;BOT_MAKER;VELVETFRUIT_EXTRACT;XIRECS;5285.0;5
106000;BOT_TAKER;BOT_MAKER;VEV_4000;XIRECS;1274.0;3
106200;BOT_MAKER;BOT_TAKER;HYDROGEL_PACK;XIRECS;10005.0;4
106200;BOT_MAKER;BOT_TAKER;VELVETFRUIT_EXTRACT;XIRECS;5278.0;7
106300;BOT_MAKER;BOT_TAKER;HYDROGEL_PACK;XIRECS;10005.0;6
106300;BOT_TAKER;BOT_MAKER;VEV_4000;XIRECS;1276.0;2
106300;BOT_MAKER;BOT_TAKER;VEV_6500;XIRECS;0.0;3
106400;BOT_MAKER;BOT_TAKER;VEV_5400;XIRECS;23.0;5
106400;BOT_MAKER;BOT_TAKER;VEV_6000;XIRECS;0.0;5
106600;BOT_MAKER;BOT_TAKER;VEV_4000;XIRECS;1254.0;2
106600;BOT_MAKER;BOT_TAKER;VEV_5500;XIRECS;9.0;2
106700;BOT_TAKER;BOT_MAKER;VELVETFRUIT_EXTRACT;XIRECS;5282.0;3
106700;BOT_MAKER;BOT_TAKER;VEV_4000;XIRECS;1254.0;1
106900;BOT_TAKER;BOT_MAKER;VEV_4000;XIRECS;1277.0;3
107000;BOT_MAKER;BOT_TAKER;HYDROGEL_PACK;XIRECS;10008.0;3
107000;BOT_TAKER;BOT_MAKER;VEV_6000;XIRECS;1.0;4
107200;BOT_MAKER;BOT_TAKER;VELVETFRUIT_EXTRACT;XIRECS;5279.0;6
107300;BOT_MAKER;BOT_TAKER;VEV_4000;XIRECS;1249.0;3
107400;BOT_TAKER;BOT_MAKER;VEV_5400;XIRECS;25.0;2
107500;BOT_MAKER;BOT_TAKER;VEV_6000;XIRECS;0.0;5
107500;BOT_TAKER;BOT_MAKER;VEV_6500;XIRECS;1.0;4
107500;BOT_TAKER;BOT_MAKER;VEV_6500;XIRECS;1.0;3
107600;BOT_TAKER;BOT_MAKER;HYDROGEL_PACK;XIRECS;10022.0;6
107600;BOT_TAKER;BOT_MAKER;VEV_6500;XIRECS;1.0;5
107700;BOT_TAKER;BOT_MAKER;HYDROGEL_PACK;XIRECS;10023.0;3
107800;BOT_TAKER;BOT_MAKER;VELVETFRUIT_EXTRACT;XIRECS;5285.0;4
107900;BOT_TAKER;BOT_MAKER;VEV_5500;XIRECS;10.0;2
108100;BOT_MAKER;BOT_TAKER;VELVETFRUIT_EXTRACT;XIRECS;5280.0;3
108100;BOT_TAKER;BOT_MAKER;VELVETFRUIT_EXTRACT;XIRECS;5285.0;8
108200;BOT_MAKER;BOT_TAKER;HYDROGEL_PACK;XIRECS;10001.0;2
108200;BOT_MAKER;BOT_TAKER;VELVETFRUIT_EXTRACT;XIRECS;5281.0;8
108300;BOT_TAKER;BOT_MAKER;VELVETFRUIT_EXTRACT;XIRECS;5286.0;3
108300;BOT_MAKER;BOT_TAKER;VEV_4000;XIRECS;1246.0;1
108400;BOT_TAKER;BOT_MAKER;HYDROGEL_PACK;XIRECS;10020.0;3
108400;BOT_MAKER;BOT_TAKER;VEV_6500;XIRECS;0.0;5
108500;BOT_TAKER;BOT_MAKER;VELVETFRUIT_EXTRACT;XIRECS;5286.0;6
108600;BOT_MAKER;BOT_TAKER;HYDROGEL_PACK;XIRECS;10001.0;6
108800;BOT_MAKER;BOT_TAKER;HYDROGEL_PACK;XIRECS;10001.0;4
109000;BOT_TAKER;BOT_MAKER;HYDROGEL_PACK;XIRECS;10022.0;3
109100;BOT_MAKER;BOT_TAKER;HYDROGEL_PACK;XIRECS;10009.0;3
109100;BOT_TAKER;BOT_MAKER;VELVETFRUIT_EXTRACT;XIRECS;5285.0;6
109300;BOT_TAKER;BOT_MAKER;VELVETFRUIT_EXTRACT;XIRECS;5284.0;7
109400;BOT_MAKER;BOT_TAKER;HYDROGEL_PACK;XIRECS;10008.0;4
109400;BOT_MAKER;BOT_TAKER;VELVETFRUIT_EXTRACT;XIRECS;5279.0;5
109400;BOT_TAKER;BOT_MAKER;VEV_4000;XIRECS;1266.0;2
109500;BOT_MAKER;BOT_TAKER;VELVETFRUIT_EXTRACT;XIRECS;5281.0;3
109600;BOT_MAKER;BOT_TAKER;VELVETFRUIT_EXTRACT;XIRECS;5279.0;8
109600;BOT_TAKER;BOT_MAKER;VEV_4000;XIRECS;1267.0;3
109900;BOT_MAKER;BOT_TAKER;HYDROGEL_PACK;XIRECS;10015.0;3
109900;BOT_TAKER;BOT_MAKER;VELVETFRUIT_EXTRACT;XIRECS;5285.0;6
109900;BOT_MAKER;BOT_TAKER;VEV_4000;XIRECS;1247.0;2
109900;BOT_TAKER;BOT_MAKER;VEV_6000;XIRECS;1.0;3
110000;BOT_MAKER;BOT_TAKER;HYDROGEL_PACK;XIRECS;10016.0;3
110000;BOT_TAKER;BOT_MAKER;VELVETFRUIT_EXTRACT;XIRECS;5284.0;6
110000;BOT_MAKER;BOT_TAKER;VEV_6500;XIRECS;0.0;4
110100;BOT_MAKER;BOT_TAKER;HYDROGEL_PACK;XIRECS;10016.0;4
110200;BOT_TAKER;BOT_MAKER;VELVETFRUIT_EXTRACT;XIRECS;5284.0;3
110300;BOT_TAKER;BOT_MAKER;VELVETFRUIT_EXTRACT;XIRECS;5282.0;8
110300;BOT_MAKER;BOT_TAKER;VEV_5300;XIRECS;49.0;3
110400;BOT_TAKER;BOT_MAKER;VELVETFRUIT_EXTRACT;XIRECS;5281.0;3
110400;BOT_TAKER;BOT_MAKER;VEV_4000;XIRECS;1270.0;1
110500;BOT_TAKER;BOT_MAKER;VELVETFRUIT_EXTRACT;XIRECS;5281.0;4
110500;BOT_TAKER;BOT_MAKER;VEV_5500;XIRECS;10.0;2
110600;BOT_TAKER;BOT_MAKER;HYDROGEL_PACK;XIRECS;10035.0;3
110600;BOT_MAKER;BOT_TAKER;VELVETFRUIT_EXTRACT;XIRECS;5278.0;6
110600;BOT_TAKER;BOT_MAKER;VELVETFRUIT_EXTRACT;XIRECS;5284.0;5
110600;BOT_MAKER;BOT_TAKER;VEV_6000;XIRECS;0.0;2
111000;BOT_TAKER;BOT_MAKER;HYDROGEL_PACK;XIRECS;10035.0;5
111000;BOT_MAKER;BOT_TAKER;VELVETFRUIT_EXTRACT;XIRECS;5276.0;6
111000;BOT_MAKER;BOT_TAKER;VEV_5300;XIRECS;48.0;2
111000;BOT_TAKER;BOT_MAKER;VEV_5500;XIRECS;10.0;5
111100;BOT_MAKER;BOT_TAKER;HYDROGEL_PACK;XIRECS;10021.0;4
111100;BOT_MAKER;BOT_TAKER;VELVETFRUIT_EXTRACT;XIRECS;5277.0;8
111300;BOT_TAKER;BOT_MAKER;HYDROGEL_PACK;XIRECS;10033.0;5
111300;BOT_TAKER;BOT_MAKER;VEV_6000;XIRECS;1.0;3
111400;BOT_TAKER;BOT_MAKER;VELVETFRUIT_EXTRACT;XIRECS;5285.0;6
111500;BOT_TAKER;BOT_MAKER;VEV_6000;XIRECS;1.0;2
111600;BOT_MAKER;BOT_TAKER;VEV_6500;XIRECS;0.0;5
111700;BOT_TAKER;BOT_MAKER;HYDROGEL_PACK;XIRECS;10030.0;6
111700;BOT_TAKER;BOT_MAKER;VELVETFRUIT_EXTRACT;XIRECS;5284.0;8
111900;BOT_TAKER;BOT_MAKER;VELVETFRUIT_EXTRACT;XIRECS;5285.0;6
112100;BOT_MAKER;BOT_TAKER;HYDROGEL_PACK;XIRECS;10018.0;3
112100;BOT_TAKER;BOT_MAKER;VEV_6500;XIRECS;1.0;3
112200;BOT_MAKER;BOT_TAKER;VELVETFRUIT_EXTRACT;XIRECS;5281.0;7
112300;BOT_MAKER;BOT_TAKER;VEV_5500;XIRECS;9.0;5
112400;BOT_MAKER;BOT_TAKER;HYDROGEL_PACK;XIRECS;10023.0;3
112400;BOT_MAKER;BOT_TAKER;VELVETFRUIT_EXTRACT;XIRECS;5282.0;7
112500;BOT_MAKER;BOT_TAKER;VELVETFRUIT_EXTRACT;XIRECS;5282.0;8
112500;BOT_TAKER;BOT_MAKER;VEV_6500;XIRECS;1.0;4
112700;BOT_MAKER;BOT_TAKER;VELVETFRUIT_EXTRACT;XIRECS;5282.0;7
112800;BOT_TAKER;BOT_MAKER;HYDROGEL_PACK;XIRECS;10036.0;3
112900;BOT_TAKER;BOT_MAKER;VELVETFRUIT_EXTRACT;XIRECS;5286.0;6
113000;BOT_TAKER;BOT_MAKER;VELVETFRUIT_EXTRACT;XIRECS;5285.0;4
113000;BOT_TAKER;BOT_MAKER;VEV_6000;XIRECS;1.0;5
113100;BOT_TAKER;BOT_MAKER;VELVETFRUIT_EXTRACT;XIRECS;5288.0;5
113200;BOT_MAKER;BOT_TAKER;VEV_5500;XIRECS;9.0;5
113300;BOT_TAKER;BOT_MAKER;VEV_4000;XIRECS;1274.0;2
113400;BOT_TAKER;BOT_MAKER;HYDROGEL_PACK;XIRECS;10030.0;6
113400;BOT_TAKER;BOT_MAKER;VELVETFRUIT_EXTRACT;XIRECS;5287.0;4
113400;BOT_TAKER;BOT_MAKER;VEV_5500;XIRECS;10.0;5
113500;BOT_MAKER;BOT_TAKER;VEV_6000;XIRECS;0.0;3
113700;BOT_MAKER;BOT_TAKER;VEV_4000;XIRECS;1253.0;1
113800;BOT_TAKER;BOT_MAKER;VELVETFRUIT_EXTRACT;XIRECS;5288.0;8
113800;BOT_MAKER;BOT_TAKER;VEV_4000;XIRECS;1254.0;2
113900;BOT_TAKER;BOT_MAKER;VELVETFRUIT_EXTRACT;XIRECS;5287.0;8
114000;BOT_MAKER;BOT_TAKER;HYDROGEL_PACK;XIRECS;10016.0;3
114000;BOT_TAKER;BOT_MAKER;VEV_5400;XIRECS;24.0;4
114200;BOT_TAKER;BOT_MAKER;VELVETFRUIT_EXTRACT;XIRECS;5285.0;5
114300;BOT_TAKER;BOT_MAKER;VELVETFRUIT_EXTRACT;XIRECS;5285.0;8
114300;BOT_MAKER;BOT_TAKER;VEV_4000;XIRECS;1256.0;1
114400;BOT_TAKER;BOT_MAKER;HYDROGEL_PACK;XIRECS;10033.0;6
114400;BOT_MAKER;BOT_TAKER;VELVETFRUIT_EXTRACT;XIRECS;5280.0;5
114400;BOT_TAKER;BOT_MAKER;VEV_4000;XIRECS;1276.0;1
114500;BOT_MAKER;BOT_TAKER;VEV_6000;XIRECS;0.0;2
114600;BOT_TAKER;BOT_MAKER;VELVETFRUIT_EXTRACT;XIRECS;5285.0;6
114700;BOT_MAKER;BOT_TAKER;VELVETFRUIT_EXTRACT;XIRECS;5280.0;6
114800;BOT_TAKER;BOT_MAKER;VELVETFRUIT_EXTRACT;XIRECS;5284.0;8
114900;BOT_MAKER;BOT_TAKER;VELVETFRUIT_EXTRACT;XIRECS;5282.0;7
115100;BOT_TAKER;BOT_MAKER;HYDROGEL_PACK;XIRECS;10040.0;2
115100;BOT_TAKER;BOT_MAKER;VELVETFRUIT_EXTRACT;XIRECS;5286.0;5
115100;BOT_MAKER;BOT_TAKER;VEV_6500;XIRECS;0.0;5
115200;BOT_MAKER;BOT_TAKER;VELVETFRUIT_EXTRACT;XIRECS;5281.0;6
115400;BOT_TAKER;BOT_MAKER;HYDROGEL_PACK;XIRECS;10032.0;4
115400;BOT_MAKER;BOT_TAKER;VELVETFRUIT_EXTRACT;XIRECS;5281.0;3
115500;BOT_TAKER;BOT_MAKER;VEV_4000;XIRECS;1273.0;3
115500;BOT_TAKER;BOT_MAKER;VEV_6000;XIRECS;1.0;3
115600;BOT_MAKER;BOT_TAKER;VELVETFRUIT_EXTRACT;XIRECS;5279.0;8
115700;BOT_MAKER;BOT_TAKER;VELVETFRUIT_EXTRACT;XIRECS;5277.0;5
115700;BOT_TAKER;BOT_MAKER;VEV_4000;XIRECS;1271.0;1
115800;BOT_TAKER;BOT_MAKER;VELVETFRUIT_EXTRACT;XIRECS;5285.0;4
116000;BOT_MAKER;BOT_TAKER;HYDROGEL_PACK;XIRECS;10012.0;3
116000;BOT_MAKER;BOT_TAKER;VELVETFRUIT_EXTRACT;XIRECS;5280.0;5
116100;BOT_MAKER;BOT_TAKER;VEV_5500;XIRECS;8.0;3
116300;BOT_MAKER;BOT_TAKER;VELVETFRUIT_EXTRACT;XIRECS;5280.0;5
116300;BOT_MAKER;BOT_TAKER;VEV_6500;XIRECS;0.0;2
116400;BOT_TAKER;BOT_MAKER;VELVETFRUIT_EXTRACT;XIRECS;5286.0;5
116400;BOT_TAKER;BOT_MAKER;VEV_6000;XIRECS;1.0;3
116700;BOT_TAKER;BOT_MAKER;HYDROGEL_PACK;XIRECS;10031.0;3
116700;BOT_MAKER;BOT_TAKER;VELVETFRUIT_EXTRACT;XIRECS;5284.0;7
116700;BOT_TAKER;BOT_MAKER;VEV_6500;XIRECS;1.0;2
116800;BOT_TAKER;BOT_MAKER;VELVETFRUIT_EXTRACT;XIRECS;5288.0;5
116800;BOT_MAKER;BOT_TAKER;VEV_6000;XIRECS;0.0;2
116900;BOT_TAKER;BOT_MAKER;HYDROGEL_PACK;XIRECS;10030.0;2
116900;BOT_MAKER;BOT_TAKER;VEV_4000;XIRECS;1254.0;2
117000;BOT_TAKER;BOT_MAKER;VELVETFRUIT_EXTRACT;XIRECS;5286.0;5
117100;BOT_TAKER;BOT_MAKER;VELVETFRUIT_EXTRACT;XIRECS;5284.0;6
117100;BOT_MAKER;BOT_TAKER;VEV_4000;XIRECS;1252.0;1
117100;BOT_TAKER;BOT_MAKER;VEV_5500;XIRECS;10.0;4
117200;BOT_TAKER;BOT_MAKER;VELVETFRUIT_EXTRACT;XIRECS;5285.0;6
117400;BOT_MAKER;BOT_TAKER;VEV_4000;XIRECS;1250.0;2
117500;BOT_TAKER;BOT_MAKER;VELVETFRUIT_EXTRACT;XIRECS;5285.0;5
117600;BOT_MAKER;BOT_TAKER;VELVETFRUIT_EXTRACT;XIRECS;5281.0;4
117600;BOT_TAKER;BOT_MAKER;VEV_4000;XIRECS;1273.0;1
117700;BOT_MAKER;BOT_TAKER;VEV_6000;XIRECS;0.0;3
117800;BOT_MAKER;BOT_TAKER;HYDROGEL_PACK;XIRECS;10010.0;5
118000;BOT_MAKER;BOT_TAKER;VEV_4000;XIRECS;1251.0;1
118100;BOT_TAKER;BOT_MAKER;HYDROGEL_PACK;XIRECS;10032.0;5
118100;BOT_MAKER;BOT_TAKER;VELVETFRUIT_EXTRACT;XIRECS;5281.0;8
118200;BOT_TAKER;BOT_MAKER;VEV_5400;XIRECS;27.0;3
118300;BOT_MAKER;BOT_TAKER;VEV_4000;XIRECS;1252.0;2
118400;BOT_MAKER;BOT_TAKER;VEV_4000;XIRECS;1252.0;2
118500;BOT_MAKER;BOT_TAKER;VELVETFRUIT_EXTRACT;XIRECS;5279.0;6
118600;BOT_MAKER;BOT_TAKER;VEV_5400;XIRECS;25.0;4
118700;BOT_TAKER;BOT_MAKER;VEV_4000;XIRECS;1271.0;2
118800;BOT_MAKER;BOT_TAKER;VELVETFRUIT_EXTRACT;XIRECS;5278.0;8
118900;BOT_TAKER;BOT_MAKER;HYDROGEL_PACK;XIRECS;10029.0;3
119000;BOT_MAKER;BOT_TAKER;HYDROGEL_PACK;XIRECS;10017.0;6
119100;BOT_TAKER;BOT_MAKER;HYDROGEL_PACK;XIRECS;10033.0;4
119100;BOT_MAKER;BOT_TAKER;VEV_4000;XIRECS;1254.0;1
119100;BOT_TAKER;BOT_MAKER;VEV_6500;XIRECS;1.0;2
119200;BOT_TAKER;BOT_MAKER;VELVETFRUIT_EXTRACT;XIRECS;5282.0;7
119300;BOT_TAKER;BOT_MAKER;HYDROGEL_PACK;XIRECS;10032.0;5
119300;BOT_TAKER;BOT_MAKER;VEV_5500;XIRECS;10.0;2
119400;BOT_MAKER;BOT_TAKER;HYDROGEL_PACK;XIRECS;10016.0;5
119500;BOT_TAKER;BOT_MAKER;VELVETFRUIT_EXTRACT;XIRECS;5281.0;7
119500;BOT_MAKER;BOT_TAKER;VEV_5500;XIRECS;9.0;2
119700;BOT_MAKER;BOT_TAKER;VELVETFRUIT_EXTRACT;XIRECS;5276.0;8
119700;BOT_MAKER;BOT_TAKER;VEV_5500;XIRECS;9.0;2
119800;BOT_TAKER;BOT_MAKER;HYDROGEL_PACK;XIRECS;10029.0;6
119800;BOT_TAKER;BOT_MAKER;VELVETFRUIT_EXTRACT;XIRECS;5281.0;5
119800;BOT_TAKER;BOT_MAKER;VEV_4000;XIRECS;1272.0;3
119900;BOT_MAKER;BOT_TAKER;HYDROGEL_PACK;XIRECS;10014.0;5
119900;BOT_MAKER;BOT_TAKER;VEV_4000;XIRECS;1251.0;1
120000;BOT_TAKER;BOT_MAKER;VELVETFRUIT_EXTRACT;XIRECS;5285.0;5
120000;BOT_TAKER;BOT_MAKER;VEV_5400;XIRECS;25.0;5
120100;BOT_MAKER;BOT_TAKER;HYDROGEL_PACK;XIRECS;10016.0;5
120100;BOT_TAKER;BOT_MAKER;VEV_5400;XIRECS;24.0;4
120200;BOT_TAKER;BOT_MAKER;HYDROGEL_PACK;XIRECS;10033.0;6
120200;BOT_TAKER;BOT_MAKER;VEV_6000;XIRECS;1.0;3
120300;BOT_MAKER;BOT_TAKER;VEV_5400;XIRECS;24.0;2
120400;BOT_MAKER;BOT_TAKER;VELVETFRUIT_EXTRACT;XIRECS;5280.0;7
120400;BOT_MAKER;BOT_TAKER;VELVETFRUIT_EXTRACT;XIRECS;5280.0;5
120500;BOT_MAKER;BOT_TAKER;HYDROGEL_PACK;XIRECS;10011.0;2
120600;BOT_MAKER;BOT_TAKER;VELVETFRUIT_EXTRACT;XIRECS;5278.0;6
120600;BOT_TAKER;BOT_MAKER;VEV_6500;XIRECS;1.0;4
120700;BOT_TAKER;BOT_MAKER;HYDROGEL_PACK;XIRECS;10026.0;4
120800;BOT_TAKER;BOT_MAKER;VEV_6000;XIRECS;1.0;3
120900;BOT_MAKER;BOT_TAKER;HYDROGEL_PACK;XIRECS;10010.0;5
121000;BOT_MAKER;BOT_TAKER;VELVETFRUIT_EXTRACT;XIRECS;5276.0;4
121000;BOT_TAKER;BOT_MAKER;VEV_4000;XIRECS;1269.0;2
121100;BOT_MAKER;BOT_TAKER;HYDROGEL_PACK;XIRECS;10009.0;2
121100;BOT_TAKER;BOT_MAKER;VELVETFRUIT_EXTRACT;XIRECS;5283.0;7
121200;BOT_MAKER;BOT_TAKER;VELVETFRUIT_EXTRACT;XIRECS;5277.0;5
121200;BOT_MAKER;BOT_TAKER;VELVETFRUIT_EXTRACT;XIRECS;5277.0;5
121300;BOT_TAKER;BOT_MAKER;VEV_6500;XIRECS;1.0;5
121500;BOT_MAKER;BOT_TAKER;VELVETFRUIT_EXTRACT;XIRECS;5277.0;4
121600;BOT_MAKER;BOT_TAKER;VELVETFRUIT_EXTRACT;XIRECS;5276.0;4
121600;BOT_MAKER;BOT_TAKER;VEV_6000;XIRECS;0.0;5
121700;BOT_TAKER;BOT_MAKER;HYDROGEL_PACK;XIRECS;10022.0;5
121900;BOT_TAKER;BOT_MAKER;HYDROGEL_PACK;XIRECS;10022.0;2
122100;BOT_MAKER;BOT_TAKER;HYDROGEL_PACK;XIRECS;10008.0;3
122400;BOT_MAKER;BOT_TAKER;VELVETFRUIT_EXTRACT;XIRECS;5278.0;4
122500;BOT_MAKER;BOT_TAKER;VEV_6000;XIRECS;0.0;5
122500;BOT_MAKER;BOT_TAKER;VEV_6500;XIRECS;0.0;5
122600;BOT_MAKER;BOT_TAKER;HYDROGEL_PACK;XIRECS;10004.0;6
122600;BOT_TAKER;BOT_MAKER;VELVETFRUIT_EXTRACT;XIRECS;5285.0;7
122800;BOT_TAKER;BOT_MAKER;HYDROGEL_PACK;XIRECS;10019.0;6
122800;BOT_TAKER;BOT_MAKER;VEV_6000;XIRECS;1.0;2
122900;BOT_TAKER;BOT_MAKER;VEV_4000;XIRECS;1274.0;3
123000;BOT_TAKER;BOT_MAKER;VEV_4000;XIRECS;1274.0;3
123100;BOT_MAKER;BOT_TAKER;HYDROGEL_PACK;XIRECS;10002.0;3
123200;BOT_TAKER;BOT_MAKER;HYDROGEL_PACK;XIRECS;10017.0;5
123200;BOT_MAKER;BOT_TAKER;VEV_4000;XIRECS;1253.0;1
123300;BOT_TAKER;BOT_MAKER;HYDROGEL_PACK;XIRECS;10015.0;5
123300;BOT_TAKER;BOT_MAKER;VELVETFRUIT_EXTRACT;XIRECS;5286.0;7
123400;BOT_TAKER;BOT_MAKER;VELVETFRUIT_EXTRACT;XIRECS;5286.0;6
123500;BOT_MAKER;BOT_TAKER;VEV_6000;XIRECS;0.0;4
123600;BOT_MAKER;BOT_TAKER;HYDROGEL_PACK;XIRECS;9998.0;3
123600;BOT_TAKER;BOT_MAKER;VEV_4000;XIRECS;1277.0;3
123700;BOT_MAKER;BOT_TAKER;VEV_4000;XIRECS;1257.0;3
123800;BOT_TAKER;BOT_MAKER;HYDROGEL_PACK;XIRECS;10017.0;4
123900;BOT_MAKER;BOT_TAKER;VEV_6500;XIRECS;0.0;5
124000;BOT_MAKER;BOT_TAKER;HYDROGEL_PACK;XIRECS;9997.0;4
124000;BOT_TAKER;BOT_MAKER;VEV_6000;XIRECS;1.0;3
124100;BOT_MAKER;BOT_TAKER;HYDROGEL_PACK;XIRECS;9998.0;5
124200;BOT_TAKER;BOT_MAKER;HYDROGEL_PACK;XIRECS;10016.0;2
124200;BOT_MAKER;BOT_TAKER;VEV_6000;XIRECS;0.0;5
124300;BOT_TAKER;BOT_MAKER;VELVETFRUIT_EXTRACT;XIRECS;5292.0;5
124300;BOT_MAKER;BOT_TAKER;VEV_5400;XIRECS;21.0;5
124400;BOT_TAKER;BOT_MAKER;VEV_6000;XIRECS;1.0;4
124500;BOT_MAKER;BOT_TAKER;HYDROGEL_PACK;XIRECS;10001.0;3
124500;BOT_TAKER;BOT_MAKER;VELVETFRUIT_EXTRACT;XIRECS;5291.0;4
124600;BOT_MAKER;BOT_TAKER;HYDROGEL_PACK;XIRECS;10002.0;2
124600;BOT_MAKER;BOT_TAKER;VELVETFRUIT_EXTRACT;XIRECS;5288.0;6
124700;BOT_MAKER;BOT_TAKER;VELVETFRUIT_EXTRACT;XIRECS;5287.0;3
124700;BOT_TAKER;BOT_MAKER;VELVETFRUIT_EXTRACT;XIRECS;5292.0;4
124700;BOT_MAKER;BOT_TAKER;VEV_4000;XIRECS;1252.0;1
124900;BOT_TAKER;BOT_MAKER;HYDROGEL_PACK;XIRECS;10020.0;4
124900;BOT_MAKER;BOT_TAKER;VELVETFRUIT_EXTRACT;XIRECS;5289.0;5
124900;BOT_TAKER;BOT_MAKER;VELVETFRUIT_EXTRACT;XIRECS;5293.0;5
125000;BOT_MAKER;BOT_TAKER;VEV_5500;XIRECS;9.0;4
125100;BOT_TAKER;BOT_MAKER;HYDROGEL_PACK;XIRECS;10021.0;6
125100;BOT_TAKER;BOT_MAKER;VELVETFRUIT_EXTRACT;XIRECS;5296.0;6
125200;BOT_TAKER;BOT_MAKER;HYDROGEL_PACK;XIRECS;10020.0;2
125200;BOT_MAKER;BOT_TAKER;VELVETFRUIT_EXTRACT;XIRECS;5291.0;8
125200;BOT_TAKER;BOT_MAKER;VEV_5500;XIRECS;10.0;2
125200;BOT_TAKER;BOT_MAKER;VEV_5500;XIRECS;10.0;4
125300;BOT_MAKER;BOT_TAKER;VEV_6000;XIRECS;0.0;5
125400;BOT_MAKER;BOT_TAKER;HYDROGEL_PACK;XIRECS;10002.0;2
125500;BOT_MAKER;BOT_TAKER;HYDROGEL_PACK;XIRECS;10002.0;5
125500;BOT_TAKER;BOT_MAKER;VEV_6000;XIRECS;1.0;5
125600;BOT_TAKER;BOT_MAKER;HYDROGEL_PACK;XIRECS;10017.0;3
125700;BOT_MAKER;BOT_TAKER;VELVETFRUIT_EXTRACT;XIRECS;5293.0;6
125800;BOT_TAKER;BOT_MAKER;HYDROGEL_PACK;XIRECS;10017.0;5
126000;BOT_TAKER;BOT_MAKER;HYDROGEL_PACK;XIRECS;10013.0;3
126000;BOT_MAKER;BOT_TAKER;VELVETFRUIT_EXTRACT;XIRECS;5294.0;7
126100;BOT_MAKER;BOT_TAKER;VELVETFRUIT_EXTRACT;XIRECS;5293.0;8
126200;BOT_TAKER;BOT_MAKER;VEV_4000;XIRECS;1278.0;3
126300;BOT_TAKER;BOT_MAKER;VEV_5500;XIRECS;10.0;4
126400;BOT_MAKER;BOT_TAKER;VEV_6500;XIRECS;0.0;3
126500;BOT_MAKER;BOT_TAKER;HYDROGEL_PACK;XIRECS;9996.0;2
126500;BOT_TAKER;BOT_MAKER;VEV_5500;XIRECS;10.0;3
126600;BOT_TAKER;BOT_MAKER;HYDROGEL_PACK;XIRECS;10012.0;6
126600;BOT_TAKER;BOT_MAKER;VEV_5500;XIRECS;10.0;5
126600;BOT_MAKER;BOT_TAKER;VEV_6000;XIRECS;0.0;4
126700;BOT_TAKER;BOT_MAKER;VELVETFRUIT_EXTRACT;XIRECS;5298.0;5
126700;BOT_MAKER;BOT_TAKER;VEV_6000;XIRECS;0.0;4
126800;BOT_MAKER;BOT_TAKER;HYDROGEL_PACK;XIRECS;9995.0;2
126800;BOT_TAKER;BOT_MAKER;VELVETFRUIT_EXTRACT;XIRECS;5297.0;5
126900;BOT_TAKER;BOT_MAKER;VELVETFRUIT_EXTRACT;XIRECS;5294.0;5
126900;BOT_MAKER;BOT_TAKER;VEV_6000;XIRECS;0.0;2
127100;BOT_TAKER;BOT_MAKER;HYDROGEL_PACK;XIRECS;10018.0;6
127100;BOT_MAKER;BOT_TAKER;VEV_4000;XIRECS;1259.0;3
127200;BOT_TAKER;BOT_MAKER;VELVETFRUIT_EXTRACT;XIRECS;5296.0;8
127200;BOT_MAKER;BOT_TAKER;VEV_5500;XIRECS;9.0;2
127200;BOT_TAKER;BOT_MAKER;VEV_6000;XIRECS;1.0;3
127500;BOT_TAKER;BOT_MAKER;HYDROGEL_PACK;XIRECS;10018.0;5
127500;BOT_MAKER;BOT_TAKER;VELVETFRUIT_EXTRACT;XIRECS;5291.0;5
127500;BOT_TAKER;BOT_MAKER;VEV_6000;XIRECS;1.0;5
127600;BOT_MAKER;BOT_TAKER;HYDROGEL_PACK;XIRECS;10002.0;6
127600;BOT_MAKER;BOT_TAKER;VELVETFRUIT_EXTRACT;XIRECS;5291.0;4
127700;BOT_TAKER;BOT_MAKER;VELVETFRUIT_EXTRACT;XIRECS;5296.0;4
127800;BOT_MAKER;BOT_TAKER;HYDROGEL_PACK;XIRECS;9996.0;4
127800;BOT_TAKER;BOT_MAKER;VEV_5400;XIRECS;24.0;2
128000;BOT_TAKER;BOT_MAKER;VELVETFRUIT_EXTRACT;XIRECS;5298.0;8
128100;BOT_MAKER;BOT_TAKER;HYDROGEL_PACK;XIRECS;9999.0;5
128100;BOT_TAKER;BOT_MAKER;VELVETFRUIT_EXTRACT;XIRECS;5298.0;8
128200;BOT_MAKER;BOT_TAKER;HYDROGEL_PACK;XIRECS;10001.0;5
128200;BOT_TAKER;BOT_MAKER;VELVETFRUIT_EXTRACT;XIRECS;5297.0;6
128300;BOT_MAKER;BOT_TAKER;HYDROGEL_PACK;XIRECS;10001.0;2
128400;BOT_MAKER;BOT_TAKER;HYDROGEL_PACK;XIRECS;10001.0;5
128400;BOT_TAKER;BOT_MAKER;VEV_4000;XIRECS;1280.0;1
128400;BOT_TAKER;BOT_MAKER;VEV_5400;XIRECS;22.0;2
128600;BOT_TAKER;BOT_MAKER;HYDROGEL_PACK;XIRECS;10016.0;2
128600;BOT_MAKER;BOT_TAKER;VEV_6000;XIRECS;0.0;2
128900;BOT_MAKER;BOT_TAKER;HYDROGEL_PACK;XIRECS;10000.0;4
128900;BOT_MAKER;BOT_TAKER;VELVETFRUIT_EXTRACT;XIRECS;5293.0;7
129000;BOT_TAKER;BOT_MAKER;HYDROGEL_PACK;XIRECS;10017.0;5
129000;BOT_TAKER;BOT_MAKER;VELVETFRUIT_EXTRACT;XIRECS;5299.0;7
129000;BOT_TAKER;BOT_MAKER;VEV_4000;XIRECS;1279.0;3
129100;BOT_MAKER;BOT_TAKER;VELVETFRUIT_EXTRACT;XIRECS;5295.0;5
129200;BOT_TAKER;BOT_MAKER;VELVETFRUIT_EXTRACT;XIRECS;5302.0;6
129200;BOT_MAKER;BOT_TAKER;VEV_6000;XIRECS;0.0;2
129300;BOT_TAKER;BOT_MAKER;VEV_6000;XIRECS;1.0;3
129400;BOT_MAKER;BOT_TAKER;VEV_4000;XIRECS;1261.0;2
129500;BOT_TAKER;BOT_MAKER;HYDROGEL_PACK;XIRECS;10016.0;2
129600;BOT_TAKER;BOT_MAKER;VELVETFRUIT_EXTRACT;XIRECS;5300.0;7
129600;BOT_TAKER;BOT_MAKER;VEV_5500;XIRECS;10.0;2
129700;BOT_TAKER;BOT_MAKER;VELVETFRUIT_EXTRACT;XIRECS;5301.0;6
129900;BOT_MAKER;BOT_TAKER;HYDROGEL_PACK;XIRECS;10004.0;4
129900;BOT_TAKER;BOT_MAKER;VELVETFRUIT_EXTRACT;XIRECS;5300.0;7
129900;BOT_TAKER;BOT_MAKER;VEV_6500;XIRECS;1.0;4
130100;BOT_MAKER;BOT_TAKER;VELVETFRUIT_EXTRACT;XIRECS;5294.0;6
130200;BOT_TAKER;BOT_MAKER;VEV_4000;XIRECS;1278.0;3
130300;BOT_MAKER;BOT_TAKER;HYDROGEL_PACK;XIRECS;10000.0;6
130300;BOT_TAKER;BOT_MAKER;VELVETFRUIT_EXTRACT;XIRECS;5300.0;5
130300;BOT_MAKER;BOT_TAKER;VEV_4000;XIRECS;1257.0;1
130400;BOT_MAKER;BOT_TAKER;HYDROGEL_PACK;XIRECS;10001.0;5
130400;BOT_MAKER;BOT_TAKER;VELVETFRUIT_EXTRACT;XIRECS;5294.0;5
130500;BOT_MAKER;BOT_TAKER;HYDROGEL_PACK;XIRECS;10002.0;6
130600;BOT_TAKER;BOT_MAKER;VELVETFRUIT_EXTRACT;XIRECS;5300.0;5
130700;BOT_MAKER;BOT_TAKER;HYDROGEL_PACK;XIRECS;10003.0;2
130900;BOT_TAKER;BOT_MAKER;VELVETFRUIT_EXTRACT;XIRECS;5300.0;7
131000;BOT_TAKER;BOT_MAKER;VELVETFRUIT_EXTRACT;XIRECS;5301.0;8
131100;BOT_MAKER;BOT_TAKER;VEV_5300;XIRECS;50.0;4
131100;BOT_MAKER;BOT_TAKER;VEV_5400;XIRECS;21.0;2
131100;BOT_TAKER;BOT_MAKER;VEV_6500;XIRECS;1.0;5
131200;BOT_MAKER;BOT_TAKER;VELVETFRUIT_EXTRACT;XIRECS;5292.0;5
131200;BOT_MAKER;BOT_TAKER;VEV_4000;XIRECS;1256.0;1
131300;BOT_MAKER;BOT_TAKER;VEV_4000;XIRECS;1257.0;2
131400;BOT_TAKER;BOT_MAKER;VELVETFRUIT_EXTRACT;XIRECS;5296.0;7
131600;BOT_MAKER;BOT_TAKER;VEV_5500;XIRECS;9.0;3
131700;BOT_MAKER;BOT_TAKER;HYDROGEL_PACK;XIRECS;10001.0;6
131700;BOT_MAKER;BOT_TAKER;VEV_4000;XIRECS;1255.0;2
131800;BOT_MAKER;BOT_TAKER;VEV_6000;XIRECS;0.0;4
131900;BOT_MAKER;BOT_TAKER;VEV_4000;XIRECS;1256.0;1
132000;BOT_MAKER;BOT_TAKER;HYDROGEL_PACK;XIRECS;9998.0;5
132100;BOT_TAKER;BOT_MAKER;HYDROGEL_PACK;XIRECS;10016.0;5
132100;BOT_MAKER;BOT_TAKER;VELVETFRUIT_EXTRACT;XIRECS;5290.0;3
132300;BOT_MAKER;BOT_TAKER;VELVETFRUIT_EXTRACT;XIRECS;5289.0;3
132400;BOT_MAKER;BOT_TAKER;HYDROGEL_PACK;XIRECS;9999.0;5
132500;BOT_TAKER;BOT_MAKER;VELVETFRUIT_EXTRACT;XIRECS;5294.0;7
132500;BOT_TAKER;BOT_MAKER;VEV_6500;XIRECS;1.0;5
132600;BOT_MAKER;BOT_TAKER;VELVETFRUIT_EXTRACT;XIRECS;5287.0;5
132600;BOT_TAKER;BOT_MAKER;VEV_5500;XIRECS;10.0;5
132700;BOT_MAKER;BOT_TAKER;HYDROGEL_PACK;XIRECS;10004.0;6
132700;BOT_MAKER;BOT_TAKER;VELVETFRUIT_EXTRACT;XIRECS;5285.0;7
132700;BOT_MAKER;BOT_TAKER;VEV_4000;XIRECS;1255.0;3
132900;BOT_MAKER;BOT_TAKER;HYDROGEL_PACK;XIRECS;10001.0;6
132900;BOT_TAKER;BOT_MAKER;VELVETFRUIT_EXTRACT;XIRECS;5291.0;4
132900;BOT_MAKER;BOT_TAKER;VEV_5400;XIRECS;21.0;5
133000;BOT_MAKER;BOT_TAKER;VELVETFRUIT_EXTRACT;XIRECS;5285.0;8
133000;BOT_TAKER;BOT_MAKER;VEV_4000;XIRECS;1278.0;3
133200;BOT_MAKER;BOT_TAKER;HYDROGEL_PACK;XIRECS;10002.0;3
133300;BOT_TAKER;BOT_MAKER;HYDROGEL_PACK;XIRECS;10015.0;5
133300;BOT_TAKER;BOT_MAKER;VELVETFRUIT_EXTRACT;XIRECS;5290.0;8
133300;BOT_MAKER;BOT_TAKER;VEV_4000;XIRECS;1257.0;1
133400;BOT_TAKER;BOT_MAKER;VELVETFRUIT_EXTRACT;XIRECS;5288.0;9
133500;BOT_MAKER;BOT_TAKER;HYDROGEL_PACK;XIRECS;10000.0;6
133500;BOT_TAKER;BOT_MAKER;VELVETFRUIT_EXTRACT;XIRECS;5289.0;6
133500;BOT_TAKER;BOT_MAKER;VEV_5500;XIRECS;11.0;2
133600;BOT_MAKER;BOT_TAKER;VELVETFRUIT_EXTRACT;XIRECS;5284.0;6
133600;BOT_TAKER;BOT_MAKER;VEV_6000;XIRECS;1.0;5
133700;BOT_MAKER;BOT_TAKER;VELVETFRUIT_EXTRACT;XIRECS;5284.0;8
133700;BOT_TAKER;BOT_MAKER;VELVETFRUIT_EXTRACT;XIRECS;5290.0;4
133800;BOT_TAKER;BOT_MAKER;VELVETFRUIT_EXTRACT;XIRECS;5289.0;4
133800;BOT_MAKER;BOT_TAKER;VEV_6000;XIRECS;0.0;2
133900;BOT_TAKER;BOT_MAKER;VELVETFRUIT_EXTRACT;XIRECS;5290.0;7
134100;BOT_TAKER;BOT_MAKER;VEV_4000;XIRECS;1277.0;1
134100;BOT_MAKER;BOT_TAKER;VEV_5300;XIRECS;52.0;5
134200;BOT_TAKER;BOT_MAKER;VEV_4000;XIRECS;1276.0;3
134300;BOT_MAKER;BOT_TAKER;HYDROGEL_PACK;XIRECS;9998.0;5
134400;BOT_TAKER;BOT_MAKER;VELVETFRUIT_EXTRACT;XIRECS;5289.0;10
134500;BOT_MAKER;BOT_TAKER;VEV_6000;XIRECS;0.0;5
134600;BOT_TAKER;BOT_MAKER;VEV_6500;XIRECS;1.0;3
134700;BOT_TAKER;BOT_MAKER;VELVETFRUIT_EXTRACT;XIRECS;5289.0;3
134700;BOT_TAKER;BOT_MAKER;VEV_5300;XIRECS;55.0;2
134700;BOT_TAKER;BOT_MAKER;VEV_6000;XIRECS;1.0;4
135000;BOT_MAKER;BOT_TAKER;VEV_4000;XIRECS;1255.0;1
135100;BOT_MAKER;BOT_TAKER;VEV_6500;XIRECS;0.0;5
135200;BOT_MAKER;BOT_TAKER;HYDROGEL_PACK;XIRECS;10001.0;5
135200;BOT_MAKER;BOT_TAKER;VEV_6500;XIRECS;0.0;2
135400;BOT_MAKER;BOT_TAKER;HYDROGEL_PACK;XIRECS;9999.0;3
135500;BOT_MAKER;BOT_TAKER;VELVETFRUIT_EXTRACT;XIRECS;5288.0;8
135500;BOT_MAKER;BOT_TAKER;VEV_4000;XIRECS;1254.0;3
135700;BOT_MAKER;BOT_TAKER;HYDROGEL_PACK;XIRECS;9996.0;3
135700;BOT_TAKER;BOT_MAKER;VEV_4000;XIRECS;1274.0;2
135800;BOT_MAKER;BOT_TAKER;HYDROGEL_PACK;XIRECS;9995.0;4
135800;BOT_MAKER;BOT_TAKER;VELVETFRUIT_EXTRACT;XIRECS;5288.0;7
135900;BOT_MAKER;BOT_TAKER;VELVETFRUIT_EXTRACT;XIRECS;5288.0;8
135900;BOT_TAKER;BOT_MAKER;VEV_5500;XIRECS;11.0;3
136000;BOT_MAKER;BOT_TAKER;VELVETFRUIT_EXTRACT;XIRECS;5288.0;6
136100;BOT_MAKER;BOT_TAKER;HYDROGEL_PACK;XIRECS;9991.0;3
136200;BOT_TAKER;BOT_MAKER;VELVETFRUIT_EXTRACT;XIRECS;5294.0;8
136400;BOT_MAKER;BOT_TAKER;HYDROGEL_PACK;XIRECS;9990.0;6
136400;BOT_MAKER;BOT_TAKER;VELVETFRUIT_EXTRACT;XIRECS;5285.0;5
136500;BOT_TAKER;BOT_MAKER;HYDROGEL_PACK;XIRECS;10003.0;3
136500;BOT_MAKER;BOT_TAKER;VEV_5500;XIRECS;10.0;4
136500;BOT_MAKER;BOT_TAKER;VEV_6000;XIRECS;0.0;4
136600;BOT_MAKER;BOT_TAKER;HYDROGEL_PACK;XIRECS;9990.0;4
136600;BOT_TAKER;BOT_MAKER;VEV_5500;XIRECS;11.0;4
136600;BOT_TAKER;BOT_MAKER;VEV_6500;XIRECS;1.0;3
136700;BOT_MAKER;BOT_TAKER;HYDROGEL_PACK;XIRECS;9992.0;6
136900;BOT_MAKER;BOT_TAKER;VEV_5000;XIRECS;274.0;1
