timestamp;buyer;seller;symbol;currency;price;quantity
2400;SUBMISSION;BOT_TAKER;PEBBLES_XS;XIRECS;8019.0;4
2400;BOT_MAKER;BOT_TAKER;PEBBLES_XS;XIRECS;8018.0;1
2400;SUBMISSION;BOT_TAKER;PEBBLES_S;XIRECS;9031.0;5
2400;SUBMISSION;BOT_TAKER;PEBBLES_M;XIRECS;8998.0;4
2400;BOT_MAKER;BOT_TAKER;PEBBLES_M;XIRECS;8997.0;1
2400;SUBMISSION;BOT_TAKER;PEBBLES_L;XIRECS;10172.0;4
2400;BOT_MAKER;BOT_TAKER;PEBBLES_L;XIRECS;10171.0;1
2400;BOT_MAKER;BOT_TAKER;PEBBLES_XL;XIRECS;13753.0;5
3200;BOT_MAKER;BOT_TAKER;GALAXY_SOUNDS_DARK_MATTER;XIRECS;10434.0;4
3200;SUBMISSION;BOT_TAKER;GALAXY_SOUNDS_BLACK_HOLES;XIRECS;11360.0;4
3200;SUBMISSION;BOT_TAKER;GALAXY_SOUNDS_PLANETARY_RINGS;XIRECS;11211.0;4
3200;SUBMISSION;BOT_TAKER;GALAXY_SOUNDS_SOLAR_WINDS;XIRECS;9714.0;4
3200;SUBMISSION;BOT_TAKER;GALAXY_SOUNDS_SOLAR_FLAMES;XIRECS;11266.0;4
3200;BOT_MAKER;BOT_TAKER;SLEEP_POD_SUEDE;XIRECS;11113.0;4
3200;BOT_MAKER;BOT_TAKER;SLEEP_POD_LAMB_WOOL;XIRECS;10416.0;4
3200;SUBMISSION;BOT_TAKER;SLEEP_POD_POLYESTER;XIRECS;11746.0;4
3200;SUBMISSION;BOT_TAKER;SLEEP_POD_NYLON;XIRECS;8798.0;4
3200;SUBMISSION;BOT_TAKER;SLEEP_POD_COTTON;XIRECS;10955.0;4
3200;BOT_MAKER;BOT_TAKER;ROBOT_VACUUMING;XIRECS;10093.0;4
3200;SUBMISSION;BOT_TAKER;ROBOT_MOPPING;XIRECS;9818.0;4
3200;SUBMISSION;BOT_TAKER;ROBOT_DISHES;XIRECS;9815.0;4
3200;BOT_MAKER;BOT_TAKER;ROBOT_LAUNDRY;XIRECS;10268.0;4
3200;SUBMISSION;BOT_TAKER;ROBOT_IRONING;XIRECS;9423.0;4
3200;SUBMISSION;BOT_TAKER;UV_VISOR_YELLOW;XIRECS;11454.0;4
3200;SUBMISSION;BOT_TAKER;UV_VISOR_AMBER;XIRECS;8396.0;4
3200;SUBMISSION;BOT_TAKER;UV_VISOR_ORANGE;XIRECS;10152.0;4
3200;BOT_MAKER;BOT_TAKER;UV_VISOR_RED;XIRECS;10857.0;4
3200;SUBMISSION;BOT_TAKER;UV_VISOR_MAGENTA;XIRECS;11320.0;1
3200;BOT_MAKER;BOT_TAKER;UV_VISOR_MAGENTA;XIRECS;11319.0;3
3200;SUBMISSION;BOT_TAKER;TRANSLATOR_SPACE_GRAY;XIRECS;9596.0;4
3200;SUBMISSION;BOT_TAKER;TRANSLATOR_ASTRO_BLACK;XIRECS;10155.0;3
3200;BOT_MAKER;BOT_TAKER;TRANSLATOR_ASTRO_BLACK;XIRECS;10154.0;1
3200;BOT_MAKER;BOT_TAKER;TRANSLATOR_ECLIPSE_CHARCOAL;XIRECS;10317.0;4
3200;SUBMISSION;BOT_TAKER;TRANSLATOR_GRAPHITE_MIST;XIRECS;9286.0;4
3200;BOT_MAKER;BOT_TAKER;TRANSLATOR_VOID_BLUE;XIRECS;11239.0;4
3200;SUBMISSION;BOT_TAKER;PANEL_1X2;XIRECS;8424.0;4
3200;SUBMISSION;BOT_TAKER;PANEL_2X2;XIRECS;10185.0;4
3200;SUBMISSION;BOT_TAKER;PANEL_1X4;XIRECS;11039.0;4
3200;BOT_MAKER;BOT_TAKER;PANEL_2X4;XIRECS;10775.0;4
3200;SUBMISSION;BOT_TAKER;PANEL_4X4;XIRECS;9798.0;4
3200;SUBMISSION;BOT_TAKER;OXYGEN_SHAKE_MORNING_BREATH;XIRECS;11021.0;4
3200;SUBMISSION;BOT_TAKER;OXYGEN_SHAKE_EVENING_BREATH;XIRECS;8449.0;4
3200;SUBMISSION;BOT_TAKER;OXYGEN_SHAKE_MINT;XIRECS;10103.0;4
3200;BOT_MAKER;BOT_TAKER;OXYGEN_SHAKE_CHOCOLATE;XIRECS;9555.0;4
3200;SUBMISSION;BOT_TAKER;OXYGEN_SHAKE_GARLIC;XIRECS;11725.0;4
3200;BOT_MAKER;BOT_TAKER;SNACKPACK_CHOCOLATE;XIRECS;9930.0;4
3200;BOT_MAKER;BOT_TAKER;SNACKPACK_VANILLA;XIRECS;9994.0;4
3200;BOT_MAKER;BOT_TAKER;SNACKPACK_PISTACHIO;XIRECS;9479.0;4
3200;BOT_MAKER;BOT_TAKER;SNACKPACK_STRAWBERRY;XIRECS;10407.0;4
3200;SUBMISSION;BOT_TAKER;SNACKPACK_RASPBERRY;XIRECS;10265.0;4
3700;BOT_TAKER;SUBMISSION;PEBBLES_XS;XIRECS;7859.0;5
3700;BOT_TAKER;BOT_MAKER;PEBBLES_S;XIRECS;8990.0;5
3700;BOT_TAKER;BOT_MAKER;PEBBLES_M;XIRECS;9001.0;5
3700;BOT_TAKER;SUBMISSION;PEBBLES_L;XIRECS;10166.0;5
3700;BOT_TAKER;SUBMISSION;PEBBLES_XL;XIRECS;14012.0;5
5200;SUBMISSION;BOT_TAKER;MICROCHIP_CIRCLE;XIRECS;8883.0;3
5200;SUBMISSION;BOT_TAKER;MICROCHIP_OVAL;XIRECS;9197.0;3
5200;SUBMISSION;BOT_TAKER;MICROCHIP_SQUARE;XIRECS;12683.0;3
5200;SUBMISSION;BOT_TAKER;MICROCHIP_RECTANGLE;XIRECS;9276.0;3
5200;BOT_MAKER;BOT_TAKER;MICROCHIP_TRIANGLE;XIRECS;10754.0;3
9800;BOT_TAKER;SUBMISSION;PEBBLES_XS;XIRECS;7779.0;2
9800;BOT_TAKER;BOT_MAKER;PEBBLES_XS;XIRECS;7780.0;3
9800;BOT_TAKER;BOT_MAKER;PEBBLES_S;XIRECS;8894.0;5
9800;BOT_TAKER;BOT_MAKER;PEBBLES_M;XIRECS;8949.0;5
9800;BOT_TAKER;SUBMISSION;PEBBLES_L;XIRECS;10020.0;2
9800;BOT_TAKER;BOT_MAKER;PEBBLES_L;XIRECS;10021.0;3
9800;BOT_TAKER;SUBMISSION;PEBBLES_XL;XIRECS;14385.0;5
13600;BOT_MAKER;BOT_TAKER;GALAXY_SOUNDS_DARK_MATTER;XIRECS;10434.0;2
13600;SUBMISSION;BOT_TAKER;GALAXY_SOUNDS_BLACK_HOLES;XIRECS;11369.0;2
13600;SUBMISSION;BOT_TAKER;GALAXY_SOUNDS_PLANETARY_RINGS;XIRECS;11178.0;2
13600;SUBMISSION;BOT_TAKER;GALAXY_SOUNDS_SOLAR_WINDS;XIRECS;9750.0;2
13600;SUBMISSION;BOT_TAKER;GALAXY_SOUNDS_SOLAR_FLAMES;XIRECS;11300.0;2
13600;BOT_MAKER;BOT_TAKER;SLEEP_POD_SUEDE;XIRECS;11132.0;2
13600;SUBMISSION;BOT_TAKER;SLEEP_POD_LAMB_WOOL;XIRECS;10390.0;2
13600;SUBMISSION;BOT_TAKER;SLEEP_POD_POLYESTER;XIRECS;11688.0;2
13600;SUBMISSION;BOT_TAKER;SLEEP_POD_NYLON;XIRECS;8608.0;2
13600;SUBMISSION;BOT_TAKER;SLEEP_POD_COTTON;XIRECS;10986.0;2
13600;SUBMISSION;BOT_TAKER;ROBOT_VACUUMING;XIRECS;10012.0;2
13600;SUBMISSION;BOT_TAKER;ROBOT_MOPPING;XIRECS;9823.0;2
13600;BOT_MAKER;BOT_TAKER;ROBOT_DISHES;XIRECS;9925.0;2
13600;SUBMISSION;BOT_TAKER;ROBOT_LAUNDRY;XIRECS;10219.0;2
13600;SUBMISSION;BOT_TAKER;ROBOT_IRONING;XIRECS;9395.0;2
13600;SUBMISSION;BOT_TAKER;UV_VISOR_YELLOW;XIRECS;11420.0;2
13600;SUBMISSION;BOT_TAKER;UV_VISOR_AMBER;XIRECS;8239.0;2
13600;SUBMISSION;BOT_TAKER;UV_VISOR_ORANGE;XIRECS;10143.0;2
13600;BOT_MAKER;BOT_TAKER;UV_VISOR_RED;XIRECS;10918.0;2
13600;BOT_MAKER;BOT_TAKER;UV_VISOR_MAGENTA;XIRECS;11375.0;2
13600;SUBMISSION;BOT_TAKER;TRANSLATOR_SPACE_GRAY;XIRECS;9723.0;2
13600;SUBMISSION;BOT_TAKER;TRANSLATOR_ASTRO_BLACK;XIRECS;10055.0;2
13600;BOT_MAKER;BOT_TAKER;TRANSLATOR_ECLIPSE_CHARCOAL;XIRECS;10290.0;2
13600;SUBMISSION;BOT_TAKER;TRANSLATOR_GRAPHITE_MIST;XIRECS;9381.0;2
13600;SUBMISSION;BOT_TAKER;TRANSLATOR_VOID_BLUE;XIRECS;11008.0;2
13600;SUBMISSION;BOT_TAKER;PANEL_1X2;XIRECS;8463.0;2
13600;SUBMISSION;BOT_TAKER;PANEL_2X2;XIRECS;10329.0;2
13600;SUBMISSION;BOT_TAKER;PANEL_1X4;XIRECS;11070.0;2
13600;SUBMISSION;BOT_TAKER;PANEL_2X4;XIRECS;10607.0;2
13600;SUBMISSION;BOT_TAKER;PANEL_4X4;XIRECS;9680.0;2
13600;SUBMISSION;BOT_TAKER;OXYGEN_SHAKE_MORNING_BREATH;XIRECS;11152.0;2
13600;SUBMISSION;BOT_TAKER;OXYGEN_SHAKE_EVENING_BREATH;XIRECS;8434.0;2
13600;SUBMISSION;BOT_TAKER;OXYGEN_SHAKE_MINT;XIRECS;10210.0;2
13600;BOT_MAKER;BOT_TAKER;OXYGEN_SHAKE_CHOCOLATE;XIRECS;9496.0;2
13600;SUBMISSION;BOT_TAKER;OXYGEN_SHAKE_GARLIC;XIRECS;11636.0;2
13600;SUBMISSION;BOT_TAKER;SNACKPACK_CHOCOLATE;XIRECS;9892.0;2
13600;BOT_MAKER;BOT_TAKER;SNACKPACK_VANILLA;XIRECS;10066.0;2
13600;SUBMISSION;BOT_TAKER;SNACKPACK_PISTACHIO;XIRECS;9381.0;2
13600;SUBMISSION;BOT_TAKER;SNACKPACK_STRAWBERRY;XIRECS;10305.0;2
13600;BOT_MAKER;BOT_TAKER;SNACKPACK_RASPBERRY;XIRECS;10394.0;2
15100;SUBMISSION;BOT_TAKER;MICROCHIP_CIRCLE;XIRECS;8900.0;2
15100;BOT_MAKER;BOT_TAKER;MICROCHIP_CIRCLE;XIRECS;8899.0;1
15100;SUBMISSION;BOT_TAKER;MICROCHIP_OVAL;XIRECS;9253.0;2
15100;BOT_MAKER;BOT_TAKER;MICROCHIP_OVAL;XIRECS;9252.0;1
15100;SUBMISSION;BOT_TAKER;MICROCHIP_SQUARE;XIRECS;12664.0;2
15100;BOT_MAKER;BOT_TAKER;MICROCHIP_SQUARE;XIRECS;12663.0;1
15100;SUBMISSION;BOT_TAKER;MICROCHIP_RECTANGLE;XIRECS;8980.0;3
15100;SUBMISSION;BOT_TAKER;MICROCHIP_TRIANGLE;XIRECS;10695.0;3
19800;SUBMISSION;BOT_TAKER;GALAXY_SOUNDS_DARK_MATTER;XIRECS;10394.0;4
19800;SUBMISSION;BOT_TAKER;GALAXY_SOUNDS_BLACK_HOLES;XIRECS;11431.0;2
19800;BOT_MAKER;BOT_TAKER;GALAXY_SOUNDS_BLACK_HOLES;XIRECS;11430.0;2
19800;SUBMISSION;BOT_TAKER;GALAXY_SOUNDS_PLANETARY_RINGS;XIRECS;11239.0;2
19800;BOT_MAKER;BOT_TAKER;GALAXY_SOUNDS_PLANETARY_RINGS;XIRECS;11238.0;2
19800;SUBMISSION;BOT_TAKER;GALAXY_SOUNDS_SOLAR_WINDS;XIRECS;9830.0;2
19800;BOT_MAKER;BOT_TAKER;GALAXY_SOUNDS_SOLAR_WINDS;XIRECS;9829.0;2
19800;SUBMISSION;BOT_TAKER;GALAXY_SOUNDS_SOLAR_FLAMES;XIRECS;11235.0;4
19800;BOT_MAKER;BOT_TAKER;SLEEP_POD_SUEDE;XIRECS;11115.0;4
19800;BOT_MAKER;BOT_TAKER;SLEEP_POD_LAMB_WOOL;XIRECS;10387.0;4
19800;SUBMISSION;BOT_TAKER;SLEEP_POD_POLYESTER;XIRECS;11715.0;2
19800;BOT_MAKER;BOT_TAKER;SLEEP_POD_POLYESTER;XIRECS;11714.0;2
19800;SUBMISSION;BOT_TAKER;SLEEP_POD_NYLON;XIRECS;8565.0;4
19800;SUBMISSION;BOT_TAKER;SLEEP_POD_COTTON;XIRECS;10980.0;2
19800;BOT_MAKER;BOT_TAKER;SLEEP_POD_COTTON;XIRECS;10979.0;2
19800;SUBMISSION;BOT_TAKER;ROBOT_VACUUMING;XIRECS;9975.0;4
19800;SUBMISSION;BOT_TAKER;ROBOT_MOPPING;XIRECS;9812.0;2
19800;BOT_MAKER;BOT_TAKER;ROBOT_MOPPING;XIRECS;9811.0;2
19800;SUBMISSION;BOT_TAKER;ROBOT_DISHES;XIRECS;9853.0;4
19800;BOT_MAKER;BOT_TAKER;ROBOT_LAUNDRY;XIRECS;10278.0;4
19800;SUBMISSION;BOT_TAKER;ROBOT_IRONING;XIRECS;9276.0;2
19800;BOT_MAKER;BOT_TAKER;ROBOT_IRONING;XIRECS;9275.0;2
19800;SUBMISSION;BOT_TAKER;UV_VISOR_YELLOW;XIRECS;11309.0;2
19800;BOT_MAKER;BOT_TAKER;UV_VISOR_YELLOW;XIRECS;11308.0;2
19800;SUBMISSION;BOT_TAKER;UV_VISOR_AMBER;XIRECS;8263.0;2
19800;BOT_MAKER;BOT_TAKER;UV_VISOR_AMBER;XIRECS;8262.0;2
19800;SUBMISSION;BOT_TAKER;UV_VISOR_ORANGE;XIRECS;10187.0;2
19800;BOT_MAKER;BOT_TAKER;UV_VISOR_ORANGE;XIRECS;10186.0;2
19800;BOT_MAKER;BOT_TAKER;UV_VISOR_RED;XIRECS;10969.0;4
19800;BOT_MAKER;BOT_TAKER;UV_VISOR_MAGENTA;XIRECS;11437.0;4
19800;SUBMISSION;BOT_TAKER;TRANSLATOR_SPACE_GRAY;XIRECS;9714.0;2
19800;BOT_MAKER;BOT_TAKER;TRANSLATOR_SPACE_GRAY;XIRECS;9713.0;2
19800;SUBMISSION;BOT_TAKER;TRANSLATOR_ASTRO_BLACK;XIRECS;9920.0;4
19800;BOT_MAKER;BOT_TAKER;TRANSLATOR_ECLIPSE_CHARCOAL;XIRECS;10251.0;4
19800;SUBMISSION;BOT_TAKER;TRANSLATOR_GRAPHITE_MIST;XIRECS;9404.0;2
19800;BOT_MAKER;BOT_TAKER;TRANSLATOR_GRAPHITE_MIST;XIRECS;9403.0;2
19800;SUBMISSION;BOT_TAKER;TRANSLATOR_VOID_BLUE;XIRECS;11064.0;4
19800;SUBMISSION;BOT_TAKER;PANEL_1X2;XIRECS;8516.0;2
19800;BOT_MAKER;BOT_TAKER;PANEL_1X2;XIRECS;8515.0;2
19800;SUBMISSION;BOT_TAKER;PANEL_2X2;XIRECS;10245.0;2
19800;BOT_MAKER;BOT_TAKER;PANEL_2X2;XIRECS;10244.0;2
19800;SUBMISSION;BOT_TAKER;PANEL_1X4;XIRECS;10986.0;2
19800;BOT_MAKER;BOT_TAKER;PANEL_1X4;XIRECS;10985.0;2
19800;BOT_MAKER;BOT_TAKER;PANEL_2X4;XIRECS;10822.0;4
19800;SUBMISSION;BOT_TAKER;PANEL_4X4;XIRECS;9676.0;2
19800;BOT_MAKER;BOT_TAKER;PANEL_4X4;XIRECS;9675.0;2
19800;SUBMISSION;BOT_TAKER;OXYGEN_SHAKE_MORNING_BREATH;XIRECS;11102.0;2
19800;BOT_MAKER;BOT_TAKER;OXYGEN_SHAKE_MORNING_BREATH;XIRECS;11101.0;2
19800;SUBMISSION;BOT_TAKER;OXYGEN_SHAKE_EVENING_BREATH;XIRECS;8395.0;2
19800;BOT_MAKER;BOT_TAKER;OXYGEN_SHAKE_EVENING_BREATH;XIRECS;8394.0;2
19800;SUBMISSION;BOT_TAKER;OXYGEN_SHAKE_MINT;XIRECS;10247.0;2
19800;BOT_MAKER;BOT_TAKER;OXYGEN_SHAKE_MINT;XIRECS;10246.0;2
19800;BOT_MAKER;BOT_TAKER;OXYGEN_SHAKE_CHOCOLATE;XIRECS;9527.0;4
19800;SUBMISSION;BOT_TAKER;OXYGEN_SHAKE_GARLIC;XIRECS;11592.0;2
19800;BOT_MAKER;BOT_TAKER;OXYGEN_SHAKE_GARLIC;XIRECS;11591.0;2
19800;BOT_MAKER;BOT_TAKER;SNACKPACK_CHOCOLATE;XIRECS;9944.0;4
19800;BOT_MAKER;BOT_TAKER;SNACKPACK_VANILLA;XIRECS;10012.0;4
19800;SUBMISSION;BOT_TAKER;SNACKPACK_PISTACHIO;XIRECS;9340.0;4
19800;SUBMISSION;BOT_TAKER;SNACKPACK_STRAWBERRY;XIRECS;10255.0;4
19800;BOT_MAKER;BOT_TAKER;SNACKPACK_RASPBERRY;XIRECS;10466.0;4
22600;SUBMISSION;BOT_TAKER;MICROCHIP_CIRCLE;XIRECS;8819.0;1
22600;SUBMISSION;BOT_TAKER;MICROCHIP_OVAL;XIRECS;9425.0;1
22600;SUBMISSION;BOT_TAKER;MICROCHIP_SQUARE;XIRECS;12984.0;1
22600;SUBMISSION;BOT_TAKER;MICROCHIP_RECTANGLE;XIRECS;9079.0;1
22600;BOT_MAKER;BOT_TAKER;MICROCHIP_TRIANGLE;XIRECS;10703.0;1
23600;BOT_TAKER;SUBMISSION;MICROCHIP_CIRCLE;XIRECS;8846.0;3
23600;BOT_TAKER;SUBMISSION;MICROCHIP_OVAL;XIRECS;9477.0;3
23600;BOT_TAKER;SUBMISSION;MICROCHIP_SQUARE;XIRECS;13127.0;3
23600;BOT_TAKER;BOT_MAKER;MICROCHIP_RECTANGLE;XIRECS;9090.0;3
23600;BOT_TAKER;BOT_MAKER;MICROCHIP_TRIANGLE;XIRECS;10701.0;3
26700;BOT_TAKER;SUBMISSION;MICROCHIP_CIRCLE;XIRECS;8850.0;2
26700;BOT_TAKER;SUBMISSION;MICROCHIP_OVAL;XIRECS;9387.0;2
26700;BOT_TAKER;SUBMISSION;MICROCHIP_SQUARE;XIRECS;13204.0;2
26700;BOT_TAKER;BOT_MAKER;MICROCHIP_RECTANGLE;XIRECS;8998.0;2
26700;BOT_TAKER;SUBMISSION;MICROCHIP_TRIANGLE;XIRECS;10742.0;2
28500;BOT_TAKER;SUBMISSION;MICROCHIP_CIRCLE;XIRECS;8846.0;1
28500;BOT_TAKER;SUBMISSION;MICROCHIP_OVAL;XIRECS;9361.0;1
28500;BOT_TAKER;SUBMISSION;MICROCHIP_SQUARE;XIRECS;13417.0;1
28500;BOT_TAKER;BOT_MAKER;MICROCHIP_RECTANGLE;XIRECS;9051.0;1
28500;BOT_TAKER;BOT_MAKER;MICROCHIP_TRIANGLE;XIRECS;10659.0;1
28600;SUBMISSION;BOT_TAKER;GALAXY_SOUNDS_DARK_MATTER;XIRECS;10279.0;2
28600;SUBMISSION;BOT_TAKER;GALAXY_SOUNDS_BLACK_HOLES;XIRECS;11433.0;2
28600;SUBMISSION;BOT_TAKER;GALAXY_SOUNDS_PLANETARY_RINGS;XIRECS;11278.0;2
28600;SUBMISSION;BOT_TAKER;GALAXY_SOUNDS_SOLAR_WINDS;XIRECS;9939.0;2
28600;BOT_MAKER;BOT_TAKER;GALAXY_SOUNDS_SOLAR_FLAMES;XIRECS;11326.0;2
28600;BOT_MAKER;BOT_TAKER;SLEEP_POD_SUEDE;XIRECS;11239.0;2
28600;BOT_MAKER;BOT_TAKER;SLEEP_POD_LAMB_WOOL;XIRECS;10589.0;2
28600;SUBMISSION;BOT_TAKER;SLEEP_POD_POLYESTER;XIRECS;11813.0;2
28600;BOT_MAKER;BOT_TAKER;SLEEP_POD_NYLON;XIRECS;8675.0;2
28600;SUBMISSION;BOT_TAKER;SLEEP_POD_COTTON;XIRECS;11038.0;2
28600;SUBMISSION;BOT_TAKER;ROBOT_VACUUMING;XIRECS;9967.0;2
28600;SUBMISSION;BOT_TAKER;ROBOT_MOPPING;XIRECS;9640.0;2
28600;SUBMISSION;BOT_TAKER;ROBOT_DISHES;XIRECS;9760.0;2
28600;BOT_MAKER;BOT_TAKER;ROBOT_LAUNDRY;XIRECS;10295.0;2
28600;SUBMISSION;BOT_TAKER;ROBOT_IRONING;XIRECS;9283.0;2
28600;SUBMISSION;BOT_TAKER;UV_VISOR_YELLOW;XIRECS;11347.0;2
28600;SUBMISSION;BOT_TAKER;UV_VISOR_AMBER;XIRECS;8208.0;2
28600;SUBMISSION;BOT_TAKER;UV_VISOR_ORANGE;XIRECS;10127.0;2
28600;SUBMISSION;BOT_TAKER;UV_VISOR_RED;XIRECS;10798.0;2
28600;BOT_MAKER;BOT_TAKER;UV_VISOR_MAGENTA;XIRECS;11507.0;2
28600;SUBMISSION;BOT_TAKER;TRANSLATOR_SPACE_GRAY;XIRECS;9688.0;2
28600;SUBMISSION;BOT_TAKER;TRANSLATOR_ASTRO_BLACK;XIRECS;9712.0;1
28600;BOT_MAKER;BOT_TAKER;TRANSLATOR_ASTRO_BLACK;XIRECS;9711.0;1
28600;BOT_MAKER;BOT_TAKER;TRANSLATOR_ECLIPSE_CHARCOAL;XIRECS;10329.0;2
28600;SUBMISSION;BOT_TAKER;TRANSLATOR_GRAPHITE_MIST;XIRECS;9342.0;2
28600;SUBMISSION;BOT_TAKER;TRANSLATOR_VOID_BLUE;XIRECS;11026.0;2
28600;SUBMISSION;BOT_TAKER;PANEL_1X2;XIRECS;8398.0;2
28600;SUBMISSION;BOT_TAKER;PANEL_2X2;XIRECS;10284.0;2
28600;SUBMISSION;BOT_TAKER;PANEL_1X4;XIRECS;10963.0;2
28600;BOT_MAKER;BOT_TAKER;PANEL_2X4;XIRECS;10796.0;2
28600;SUBMISSION;BOT_TAKER;PANEL_4X4;XIRECS;9730.0;2
28600;SUBMISSION;BOT_TAKER;OXYGEN_SHAKE_MORNING_BREATH;XIRECS;11035.0;2
28600;SUBMISSION;BOT_TAKER;OXYGEN_SHAKE_EVENING_BREATH;XIRECS;8572.0;2
28600;SUBMISSION;BOT_TAKER;OXYGEN_SHAKE_MINT;XIRECS;10201.0;2
28600;BOT_MAKER;BOT_TAKER;OXYGEN_SHAKE_CHOCOLATE;XIRECS;9733.0;2
28600;SUBMISSION;BOT_TAKER;OXYGEN_SHAKE_GARLIC;XIRECS;11510.0;2
28600;BOT_MAKER;BOT_TAKER;SNACKPACK_CHOCOLATE;XIRECS;9924.0;2
28600;BOT_MAKER;BOT_TAKER;SNACKPACK_VANILLA;XIRECS;10035.0;2
28600;SUBMISSION;BOT_TAKER;SNACKPACK_PISTACHIO;XIRECS;9364.0;2
28600;BOT_MAKER;BOT_TAKER;SNACKPACK_STRAWBERRY;XIRECS;10355.0;2
28600;BOT_MAKER;BOT_TAKER;SNACKPACK_RASPBERRY;XIRECS;10374.0;2
29900;SUBMISSION;BOT_TAKER;PEBBLES_XS;XIRECS;7940.0;3
29900;SUBMISSION;BOT_TAKER;PEBBLES_S;XIRECS;9006.0;3
29900;SUBMISSION;BOT_TAKER;PEBBLES_M;XIRECS;8910.0;3
29900;SUBMISSION;BOT_TAKER;PEBBLES_L;XIRECS;10097.0;3
29900;BOT_MAKER;BOT_TAKER;PEBBLES_XL;XIRECS;14020.0;3
30000;SUBMISSION;BOT_TAKER;PEBBLES_XS;XIRECS;7935.0;3
30000;SUBMISSION;BOT_TAKER;PEBBLES_S;XIRECS;9041.0;2
30000;BOT_MAKER;BOT_TAKER;PEBBLES_S;XIRECS;9040.0;1
30000;SUBMISSION;BOT_TAKER;PEBBLES_M;XIRECS;8913.0;3
30000;SUBMISSION;BOT_TAKER;PEBBLES_L;XIRECS;10097.0;3
30000;BOT_MAKER;BOT_TAKER;PEBBLES_XL;XIRECS;13987.0;3
31200;SUBMISSION;BOT_TAKER;GALAXY_SOUNDS_DARK_MATTER;XIRECS;10242.0;3
31200;BOT_MAKER;BOT_TAKER;GALAXY_SOUNDS_BLACK_HOLES;XIRECS;11355.0;3
31200;BOT_MAKER;BOT_TAKER;GALAXY_SOUNDS_PLANETARY_RINGS;XIRECS;11278.0;3
31200;BOT_MAKER;BOT_TAKER;GALAXY_SOUNDS_SOLAR_WINDS;XIRECS;9947.0;3
31200;BOT_MAKER;BOT_TAKER;GALAXY_SOUNDS_SOLAR_FLAMES;XIRECS;11253.0;3
31200;BOT_MAKER;BOT_TAKER;SLEEP_POD_SUEDE;XIRECS;11289.0;3
31200;BOT_MAKER;BOT_TAKER;SLEEP_POD_LAMB_WOOL;XIRECS;10645.0;3
31200;BOT_MAKER;BOT_TAKER;SLEEP_POD_POLYESTER;XIRECS;11755.0;3
31200;BOT_MAKER;BOT_TAKER;SLEEP_POD_NYLON;XIRECS;8712.0;3
31200;BOT_MAKER;BOT_TAKER;SLEEP_POD_COTTON;XIRECS;11189.0;3
31200;SUBMISSION;BOT_TAKER;ROBOT_VACUUMING;XIRECS;9942.0;2
31200;BOT_MAKER;BOT_TAKER;ROBOT_VACUUMING;XIRECS;9941.0;1
31200;BOT_MAKER;BOT_TAKER;ROBOT_MOPPING;XIRECS;9639.0;3
31200;BOT_MAKER;BOT_TAKER;ROBOT_DISHES;XIRECS;9761.0;3
31200;BOT_MAKER;BOT_TAKER;ROBOT_LAUNDRY;XIRECS;10239.0;3
31200;BOT_MAKER;BOT_TAKER;ROBOT_IRONING;XIRECS;9284.0;3
31200;BOT_MAKER;BOT_TAKER;UV_VISOR_YELLOW;XIRECS;11417.0;3
31200;BOT_MAKER;BOT_TAKER;UV_VISOR_AMBER;XIRECS;8211.0;3
31200;BOT_MAKER;BOT_TAKER;UV_VISOR_ORANGE;XIRECS;10206.0;3
31200;SUBMISSION;BOT_TAKER;UV_VISOR_RED;XIRECS;10838.0;3
31200;BOT_MAKER;BOT_TAKER;UV_VISOR_MAGENTA;XIRECS;11394.0;3
31200;BOT_MAKER;BOT_TAKER;TRANSLATOR_SPACE_GRAY;XIRECS;9632.0;3
31200;BOT_MAKER;BOT_TAKER;TRANSLATOR_ASTRO_BLACK;XIRECS;9706.0;3
31200;BOT_MAKER;BOT_TAKER;TRANSLATOR_ECLIPSE_CHARCOAL;XIRECS;10315.0;3
31200;BOT_MAKER;BOT_TAKER;TRANSLATOR_GRAPHITE_MIST;XIRECS;9326.0;3
31200;SUBMISSION;BOT_TAKER;TRANSLATOR_VOID_BLUE;XIRECS;11013.0;2
31200;BOT_MAKER;BOT_TAKER;TRANSLATOR_VOID_BLUE;XIRECS;11012.0;1
31200;BOT_MAKER;BOT_TAKER;PANEL_1X2;XIRECS;8387.0;3
31200;BOT_MAKER;BOT_TAKER;PANEL_2X2;XIRECS;10288.0;3
31200;BOT_MAKER;BOT_TAKER;PANEL_1X4;XIRECS;10944.0;3
31200;BOT_MAKER;BOT_TAKER;PANEL_2X4;XIRECS;10767.0;3
31200;BOT_MAKER;BOT_TAKER;PANEL_4X4;XIRECS;9655.0;3
31200;BOT_MAKER;BOT_TAKER;OXYGEN_SHAKE_MORNING_BREATH;XIRECS;11039.0;3
31200;BOT_MAKER;BOT_TAKER;OXYGEN_SHAKE_EVENING_BREATH;XIRECS;8621.0;3
31200;BOT_MAKER;BOT_TAKER;OXYGEN_SHAKE_MINT;XIRECS;10161.0;3
31200;BOT_MAKER;BOT_TAKER;OXYGEN_SHAKE_CHOCOLATE;XIRECS;9659.0;3
31200;BOT_MAKER;BOT_TAKER;OXYGEN_SHAKE_GARLIC;XIRECS;11564.0;3
31200;BOT_MAKER;BOT_TAKER;SNACKPACK_CHOCOLATE;XIRECS;9953.0;3
31200;BOT_MAKER;BOT_TAKER;SNACKPACK_VANILLA;XIRECS;10022.0;3
31200;SUBMISSION;BOT_TAKER;SNACKPACK_PISTACHIO;XIRECS;9378.0;2
31200;BOT_MAKER;BOT_TAKER;SNACKPACK_PISTACHIO;XIRECS;9377.0;1
31200;BOT_MAKER;BOT_TAKER;SNACKPACK_STRAWBERRY;XIRECS;10376.0;3
31200;BOT_MAKER;BOT_TAKER;SNACKPACK_RASPBERRY;XIRECS;10370.0;3
31900;SUBMISSION;BOT_TAKER;MICROCHIP_CIRCLE;XIRECS;8853.0;1
31900;SUBMISSION;BOT_TAKER;MICROCHIP_OVAL;XIRECS;9265.0;1
31900;SUBMISSION;BOT_TAKER;MICROCHIP_SQUARE;XIRECS;13469.0;1
31900;SUBMISSION;BOT_TAKER;MICROCHIP_RECTANGLE;XIRECS;8937.0;1
31900;BOT_MAKER;BOT_TAKER;MICROCHIP_TRIANGLE;XIRECS;10723.0;1
32000;SUBMISSION;BOT_TAKER;GALAXY_SOUNDS_DARK_MATTER;XIRECS;10277.0;1
32000;BOT_MAKER;BOT_TAKER;GALAXY_SOUNDS_BLACK_HOLES;XIRECS;11329.0;1
32000;BOT_MAKER;BOT_TAKER;GALAXY_SOUNDS_PLANETARY_RINGS;XIRECS;11225.0;1
32000;BOT_MAKER;BOT_TAKER;GALAXY_SOUNDS_SOLAR_WINDS;XIRECS;9921.0;1
32000;BOT_MAKER;BOT_TAKER;GALAXY_SOUNDS_SOLAR_FLAMES;XIRECS;11216.0;1
32000;BOT_MAKER;BOT_TAKER;SLEEP_POD_SUEDE;XIRECS;11261.0;1
32000;BOT_MAKER;BOT_TAKER;SLEEP_POD_LAMB_WOOL;XIRECS;10662.0;1
32000;BOT_MAKER;BOT_TAKER;SLEEP_POD_POLYESTER;XIRECS;11760.0;1
32000;BOT_MAKER;BOT_TAKER;SLEEP_POD_NYLON;XIRECS;8686.0;1
32000;BOT_MAKER;BOT_TAKER;SLEEP_POD_COTTON;XIRECS;11224.0;1
32000;BOT_MAKER;BOT_TAKER;ROBOT_VACUUMING;XIRECS;9962.0;1
32000;BOT_MAKER;BOT_TAKER;ROBOT_MOPPING;XIRECS;9692.0;1
32000;BOT_MAKER;BOT_TAKER;ROBOT_DISHES;XIRECS;9795.0;1
32000;BOT_MAKER;BOT_TAKER;ROBOT_LAUNDRY;XIRECS;10264.0;1
32000;BOT_MAKER;BOT_TAKER;ROBOT_IRONING;XIRECS;9334.0;1
32000;BOT_MAKER;BOT_TAKER;UV_VISOR_YELLOW;XIRECS;11444.0;1
32000;BOT_MAKER;BOT_TAKER;UV_VISOR_AMBER;XIRECS;8207.0;1
32000;BOT_MAKER;BOT_TAKER;UV_VISOR_ORANGE;XIRECS;10242.0;1
32000;SUBMISSION;BOT_TAKER;UV_VISOR_RED;XIRECS;10805.0;1
32000;BOT_MAKER;BOT_TAKER;UV_VISOR_MAGENTA;XIRECS;11407.0;1
32000;BOT_MAKER;BOT_TAKER;TRANSLATOR_SPACE_GRAY;XIRECS;9629.0;1
32000;BOT_MAKER;BOT_TAKER;TRANSLATOR_ASTRO_BLACK;XIRECS;9654.0;1
32000;BOT_MAKER;BOT_TAKER;TRANSLATOR_ECLIPSE_CHARCOAL;XIRECS;10289.0;1
32000;BOT_MAKER;BOT_TAKER;TRANSLATOR_GRAPHITE_MIST;XIRECS;9312.0;1
32000;BOT_MAKER;BOT_TAKER;TRANSLATOR_VOID_BLUE;XIRECS;11002.0;1
32000;BOT_MAKER;BOT_TAKER;PANEL_1X2;XIRECS;8429.0;1
32000;BOT_MAKER;BOT_TAKER;PANEL_2X2;XIRECS;10311.0;1
32000;BOT_MAKER;BOT_TAKER;PANEL_1X4;XIRECS;10972.0;1
32000;BOT_MAKER;BOT_TAKER;PANEL_2X4;XIRECS;10808.0;1
32000;BOT_MAKER;BOT_TAKER;PANEL_4X4;XIRECS;9680.0;1
32000;BOT_MAKER;BOT_TAKER;OXYGEN_SHAKE_MORNING_BREATH;XIRECS;11034.0;1
32000;BOT_MAKER;BOT_TAKER;OXYGEN_SHAKE_EVENING_BREATH;XIRECS;8554.0;1
32000;BOT_MAKER;BOT_TAKER;OXYGEN_SHAKE_MINT;XIRECS;10170.0;1
32000;BOT_MAKER;BOT_TAKER;OXYGEN_SHAKE_CHOCOLATE;XIRECS;9724.0;1
32000;BOT_MAKER;BOT_TAKER;OXYGEN_SHAKE_GARLIC;XIRECS;11558.0;1
32000;BOT_MAKER;BOT_TAKER;SNACKPACK_CHOCOLATE;XIRECS;9970.0;1
32000;BOT_MAKER;BOT_TAKER;SNACKPACK_VANILLA;XIRECS;9997.0;1
32000;BOT_MAKER;BOT_TAKER;SNACKPACK_PISTACHIO;XIRECS;9378.0;1
32000;BOT_MAKER;BOT_TAKER;SNACKPACK_STRAWBERRY;XIRECS;10408.0;1
32000;BOT_MAKER;BOT_TAKER;SNACKPACK_RASPBERRY;XIRECS;10336.0;1
32100;SUBMISSION;BOT_TAKER;PEBBLES_XS;XIRECS;8035.0;2
32100;BOT_MAKER;BOT_TAKER;PEBBLES_S;XIRECS;9127.0;2
32100;BOT_MAKER;BOT_TAKER;PEBBLES_M;XIRECS;8931.0;2
32100;SUBMISSION;BOT_TAKER;PEBBLES_L;XIRECS;9997.0;2
32100;BOT_MAKER;BOT_TAKER;PEBBLES_XL;XIRECS;13881.0;2
33600;SUBMISSION;BOT_TAKER;MICROCHIP_CIRCLE;XIRECS;8874.0;2
33600;SUBMISSION;BOT_TAKER;MICROCHIP_OVAL;XIRECS;9233.0;2
33600;SUBMISSION;BOT_TAKER;MICROCHIP_SQUARE;XIRECS;13490.0;2
33600;SUBMISSION;BOT_TAKER;MICROCHIP_RECTANGLE;XIRECS;8974.0;2
33600;SUBMISSION;BOT_TAKER;MICROCHIP_TRIANGLE;XIRECS;10699.0;2
34500;BOT_TAKER;SUBMISSION;PEBBLES_XS;XIRECS;7952.0;5
34500;BOT_TAKER;SUBMISSION;PEBBLES_S;XIRECS;9212.0;5
34500;BOT_TAKER;BOT_MAKER;PEBBLES_M;XIRECS;8857.0;5
34500;BOT_TAKER;SUBMISSION;PEBBLES_L;XIRECS;9991.0;5
34500;BOT_TAKER;BOT_MAKER;PEBBLES_XL;XIRECS;14016.0;5
36500;BOT_MAKER;BOT_TAKER;GALAXY_SOUNDS_DARK_MATTER;XIRECS;10256.0;3
36500;BOT_MAKER;BOT_TAKER;GALAXY_SOUNDS_BLACK_HOLES;XIRECS;11390.0;3
36500;BOT_MAKER;BOT_TAKER;GALAXY_SOUNDS_PLANETARY_RINGS;XIRECS;11257.0;3
36500;BOT_MAKER;BOT_TAKER;GALAXY_SOUNDS_SOLAR_WINDS;XIRECS;9808.0;3
36500;BOT_MAKER;BOT_TAKER;GALAXY_SOUNDS_SOLAR_FLAMES;XIRECS;11256.0;3
36500;BOT_MAKER;BOT_TAKER;SLEEP_POD_SUEDE;XIRECS;11375.0;3
36500;BOT_MAKER;BOT_TAKER;SLEEP_POD_LAMB_WOOL;XIRECS;10660.0;3
36500;BOT_MAKER;BOT_TAKER;SLEEP_POD_POLYESTER;XIRECS;11705.0;3
36500;BOT_MAKER;BOT_TAKER;SLEEP_POD_NYLON;XIRECS;8678.0;3
36500;BOT_MAKER;BOT_TAKER;SLEEP_POD_COTTON;XIRECS;11205.0;3
36500;BOT_MAKER;BOT_TAKER;ROBOT_VACUUMING;XIRECS;9924.0;3
36500;BOT_MAKER;BOT_TAKER;ROBOT_MOPPING;XIRECS;9856.0;3
36500;BOT_MAKER;BOT_TAKER;ROBOT_DISHES;XIRECS;9807.0;3
36500;BOT_MAKER;BOT_TAKER;ROBOT_LAUNDRY;XIRECS;10292.0;3
36500;BOT_MAKER;BOT_TAKER;ROBOT_IRONING;XIRECS;9289.0;3
36500;BOT_MAKER;BOT_TAKER;UV_VISOR_YELLOW;XIRECS;11427.0;3
36500;BOT_MAKER;BOT_TAKER;UV_VISOR_AMBER;XIRECS;8243.0;3
36500;BOT_MAKER;BOT_TAKER;UV_VISOR_ORANGE;XIRECS;10255.0;3
36500;SUBMISSION;BOT_TAKER;UV_VISOR_RED;XIRECS;10799.0;3
36500;BOT_MAKER;BOT_TAKER;UV_VISOR_MAGENTA;XIRECS;11373.0;3
36500;BOT_MAKER;BOT_TAKER;TRANSLATOR_SPACE_GRAY;XIRECS;9716.0;3
36500;BOT_MAKER;BOT_TAKER;TRANSLATOR_ASTRO_BLACK;XIRECS;9574.0;3
36500;BOT_MAKER;BOT_TAKER;TRANSLATOR_ECLIPSE_CHARCOAL;XIRECS;10307.0;3
36500;BOT_MAKER;BOT_TAKER;TRANSLATOR_GRAPHITE_MIST;XIRECS;9286.0;3
36500;BOT_MAKER;BOT_TAKER;TRANSLATOR_VOID_BLUE;XIRECS;11043.0;3
36500;BOT_MAKER;BOT_TAKER;PANEL_1X2;XIRECS;8498.0;3
36500;BOT_MAKER;BOT_TAKER;PANEL_2X2;XIRECS;10279.0;3
36500;BOT_MAKER;BOT_TAKER;PANEL_1X4;XIRECS;10925.0;3
36500;BOT_MAKER;BOT_TAKER;PANEL_2X4;XIRECS;10824.0;3
36500;BOT_MAKER;BOT_TAKER;PANEL_4X4;XIRECS;9752.0;3
36500;BOT_MAKER;BOT_TAKER;OXYGEN_SHAKE_MORNING_BREATH;XIRECS;11082.0;3
36500;BOT_MAKER;BOT_TAKER;OXYGEN_SHAKE_EVENING_BREATH;XIRECS;8510.0;3
36500;BOT_MAKER;BOT_TAKER;OXYGEN_SHAKE_MINT;XIRECS;10128.0;3
36500;BOT_MAKER;BOT_TAKER;OXYGEN_SHAKE_CHOCOLATE;XIRECS;9870.0;3
36500;BOT_MAKER;BOT_TAKER;OXYGEN_SHAKE_GARLIC;XIRECS;11347.0;3
36500;BOT_MAKER;BOT_TAKER;SNACKPACK_CHOCOLATE;XIRECS;9953.0;3
36500;BOT_MAKER;BOT_TAKER;SNACKPACK_VANILLA;XIRECS;10030.0;3
36500;BOT_MAKER;BOT_TAKER;SNACKPACK_PISTACHIO;XIRECS;9346.0;3
36500;SUBMISSION;BOT_TAKER;SNACKPACK_STRAWBERRY;XIRECS;10336.0;3
36500;BOT_MAKER;BOT_TAKER;SNACKPACK_RASPBERRY;XIRECS;10407.0;3
38200;BOT_TAKER;SUBMISSION;MICROCHIP_CIRCLE;XIRECS;8826.0;2
38200;BOT_TAKER;SUBMISSION;MICROCHIP_OVAL;XIRECS;9231.0;2
38200;BOT_TAKER;SUBMISSION;MICROCHIP_SQUARE;XIRECS;13538.0;2
38200;BOT_TAKER;BOT_MAKER;MICROCHIP_RECTANGLE;XIRECS;8973.0;2
38200;BOT_TAKER;BOT_MAKER;MICROCHIP_TRIANGLE;XIRECS;10578.0;2
39100;BOT_TAKER;BOT_MAKER;GALAXY_SOUNDS_DARK_MATTER;XIRECS;10258.0;4
39100;BOT_TAKER;SUBMISSION;GALAXY_SOUNDS_BLACK_HOLES;XIRECS;11485.0;4
39100;BOT_TAKER;SUBMISSION;GALAXY_SOUNDS_PLANETARY_RINGS;XIRECS;11184.0;4
39100;BOT_TAKER;SUBMISSION;GALAXY_SOUNDS_SOLAR_WINDS;XIRECS;9824.0;4
39100;BOT_TAKER;BOT_MAKER;GALAXY_SOUNDS_SOLAR_FLAMES;XIRECS;11245.0;4
39100;BOT_TAKER;SUBMISSION;SLEEP_POD_SUEDE;XIRECS;11454.0;4
39100;BOT_TAKER;SUBMISSION;SLEEP_POD_LAMB_WOOL;XIRECS;10706.0;4
39100;BOT_TAKER;SUBMISSION;SLEEP_POD_POLYESTER;XIRECS;11752.0;4
39100;BOT_TAKER;BOT_MAKER;SLEEP_POD_NYLON;XIRECS;8718.0;4
39100;BOT_TAKER;SUBMISSION;SLEEP_POD_COTTON;XIRECS;11321.0;4
39100;BOT_TAKER;BOT_MAKER;ROBOT_VACUUMING;XIRECS;9879.0;4
39100;BOT_TAKER;SUBMISSION;ROBOT_MOPPING;XIRECS;9903.0;4
39100;BOT_TAKER;BOT_MAKER;ROBOT_DISHES;XIRECS;9794.0;4
39100;BOT_TAKER;SUBMISSION;ROBOT_LAUNDRY;XIRECS;10304.0;4
39100;BOT_TAKER;SUBMISSION;ROBOT_IRONING;XIRECS;9349.0;4
39100;BOT_TAKER;SUBMISSION;UV_VISOR_YELLOW;XIRECS;11452.0;4
39100;BOT_TAKER;SUBMISSION;UV_VISOR_AMBER;XIRECS;8251.0;4
39100;BOT_TAKER;SUBMISSION;UV_VISOR_ORANGE;XIRECS;10258.0;4
39100;BOT_TAKER;BOT_MAKER;UV_VISOR_RED;XIRECS;10746.0;4
39100;BOT_TAKER;BOT_MAKER;UV_VISOR_MAGENTA;XIRECS;11330.0;4
39100;BOT_TAKER;SUBMISSION;TRANSLATOR_SPACE_GRAY;XIRECS;9695.0;4
39100;BOT_TAKER;BOT_MAKER;TRANSLATOR_ASTRO_BLACK;XIRECS;9481.0;4
39100;BOT_TAKER;SUBMISSION;TRANSLATOR_ECLIPSE_CHARCOAL;XIRECS;10262.0;2
39100;BOT_TAKER;BOT_MAKER;TRANSLATOR_ECLIPSE_CHARCOAL;XIRECS;10263.0;2
39100;BOT_TAKER;SUBMISSION;TRANSLATOR_GRAPHITE_MIST;XIRECS;9293.0;4
39100;BOT_TAKER;BOT_MAKER;TRANSLATOR_VOID_BLUE;XIRECS;11044.0;4
39100;BOT_TAKER;SUBMISSION;PANEL_1X2;XIRECS;8542.0;4
39100;BOT_TAKER;SUBMISSION;PANEL_2X2;XIRECS;10217.0;4
39100;BOT_TAKER;SUBMISSION;PANEL_1X4;XIRECS;10899.0;4
39100;BOT_TAKER;SUBMISSION;PANEL_2X4;XIRECS;10902.0;4
39100;BOT_TAKER;SUBMISSION;PANEL_4X4;XIRECS;9779.0;4
39100;BOT_TAKER;SUBMISSION;OXYGEN_SHAKE_MORNING_BREATH;XIRECS;11115.0;4
39100;BOT_TAKER;SUBMISSION;OXYGEN_SHAKE_EVENING_BREATH;XIRECS;8521.0;4
39100;BOT_TAKER;SUBMISSION;OXYGEN_SHAKE_MINT;XIRECS;10198.0;4
39100;BOT_TAKER;SUBMISSION;OXYGEN_SHAKE_CHOCOLATE;XIRECS;9924.0;4
39100;BOT_TAKER;SUBMISSION;OXYGEN_SHAKE_GARLIC;XIRECS;11406.0;4
39100;BOT_TAKER;SUBMISSION;SNACKPACK_CHOCOLATE;XIRECS;9898.0;2
39100;BOT_TAKER;BOT_MAKER;SNACKPACK_CHOCOLATE;XIRECS;9899.0;2
39100;BOT_TAKER;SUBMISSION;SNACKPACK_VANILLA;XIRECS;10110.0;4
39100;BOT_TAKER;BOT_MAKER;SNACKPACK_PISTACHIO;XIRECS;9347.0;4
39100;BOT_TAKER;SUBMISSION;SNACKPACK_STRAWBERRY;XIRECS;10361.0;2
39100;BOT_TAKER;BOT_MAKER;SNACKPACK_STRAWBERRY;XIRECS;10362.0;2
39100;BOT_TAKER;SUBMISSION;SNACKPACK_RASPBERRY;XIRECS;10414.0;4
39100;BOT_TAKER;SUBMISSION;MICROCHIP_CIRCLE;XIRECS;8855.0;3
39100;BOT_TAKER;SUBMISSION;MICROCHIP_OVAL;XIRECS;9214.0;3
39100;BOT_TAKER;SUBMISSION;MICROCHIP_SQUARE;XIRECS;13562.0;3
39100;BOT_TAKER;BOT_MAKER;MICROCHIP_RECTANGLE;XIRECS;8984.0;3
39100;BOT_TAKER;BOT_MAKER;MICROCHIP_TRIANGLE;XIRECS;10617.0;3
40400;SUBMISSION;BOT_TAKER;PEBBLES_XS;XIRECS;7952.0;2
40400;BOT_MAKER;BOT_TAKER;PEBBLES_S;XIRECS;9334.0;2
40400;BOT_MAKER;BOT_TAKER;PEBBLES_M;XIRECS;9048.0;2
40400;SUBMISSION;BOT_TAKER;PEBBLES_L;XIRECS;9989.0;2
40400;SUBMISSION;BOT_TAKER;PEBBLES_XL;XIRECS;13649.0;2
40500;SUBMISSION;BOT_TAKER;MICROCHIP_CIRCLE;XIRECS;8789.0;2
40500;SUBMISSION;BOT_TAKER;MICROCHIP_OVAL;XIRECS;9123.0;2
40500;SUBMISSION;BOT_TAKER;MICROCHIP_SQUARE;XIRECS;13622.0;2
40500;BOT_MAKER;BOT_TAKER;MICROCHIP_RECTANGLE;XIRECS;8952.0;2
40500;SUBMISSION;BOT_TAKER;MICROCHIP_TRIANGLE;XIRECS;10558.0;2
41500;SUBMISSION;BOT_TAKER;MICROCHIP_CIRCLE;XIRECS;8736.0;3
41500;SUBMISSION;BOT_TAKER;MICROCHIP_OVAL;XIRECS;9072.0;3
41500;SUBMISSION;BOT_TAKER;MICROCHIP_SQUARE;XIRECS;13630.0;3
41500;BOT_MAKER;BOT_TAKER;MICROCHIP_RECTANGLE;XIRECS;8904.0;3
41500;SUBMISSION;BOT_TAKER;MICROCHIP_TRIANGLE;XIRECS;10560.0;3
42200;BOT_MAKER;BOT_TAKER;GALAXY_SOUNDS_DARK_MATTER;XIRECS;10178.0;1
42200;SUBMISSION;BOT_TAKER;GALAXY_SOUNDS_BLACK_HOLES;XIRECS;11475.0;1
42200;SUBMISSION;BOT_TAKER;GALAXY_SOUNDS_PLANETARY_RINGS;XIRECS;11126.0;1
42200;SUBMISSION;BOT_TAKER;GALAXY_SOUNDS_SOLAR_WINDS;XIRECS;9977.0;1
42200;BOT_MAKER;BOT_TAKER;GALAXY_SOUNDS_SOLAR_FLAMES;XIRECS;11186.0;1
42200;BOT_MAKER;BOT_TAKER;SLEEP_POD_SUEDE;XIRECS;11404.0;1
42200;BOT_MAKER;BOT_TAKER;SLEEP_POD_LAMB_WOOL;XIRECS;10691.0;1
42200;SUBMISSION;BOT_TAKER;SLEEP_POD_POLYESTER;XIRECS;11690.0;1
42200;BOT_MAKER;BOT_TAKER;SLEEP_POD_NYLON;XIRECS;8694.0;1
42200;SUBMISSION;BOT_TAKER;SLEEP_POD_COTTON;XIRECS;11241.0;1
42200;BOT_MAKER;BOT_TAKER;ROBOT_VACUUMING;XIRECS;9840.0;1
42200;SUBMISSION;BOT_TAKER;ROBOT_MOPPING;XIRECS;9883.0;1
42200;BOT_MAKER;BOT_TAKER;ROBOT_DISHES;XIRECS;9760.0;1
42200;BOT_MAKER;BOT_TAKER;ROBOT_LAUNDRY;XIRECS;10318.0;1
42200;SUBMISSION;BOT_TAKER;ROBOT_IRONING;XIRECS;9251.0;1
42200;SUBMISSION;BOT_TAKER;UV_VISOR_YELLOW;XIRECS;11434.0;1
42200;SUBMISSION;BOT_TAKER;UV_VISOR_AMBER;XIRECS;8273.0;1
42200;SUBMISSION;BOT_TAKER;UV_VISOR_ORANGE;XIRECS;10373.0;1
42200;SUBMISSION;BOT_TAKER;UV_VISOR_RED;XIRECS;10673.0;1
42200;BOT_MAKER;BOT_TAKER;UV_VISOR_MAGENTA;XIRECS;11354.0;1
42200;SUBMISSION;BOT_TAKER;TRANSLATOR_SPACE_GRAY;XIRECS;9725.0;1
42200;BOT_MAKER;BOT_TAKER;TRANSLATOR_ASTRO_BLACK;XIRECS;9465.0;1
42200;BOT_MAKER;BOT_TAKER;TRANSLATOR_ECLIPSE_CHARCOAL;XIRECS;10282.0;1
42200;SUBMISSION;BOT_TAKER;TRANSLATOR_GRAPHITE_MIST;XIRECS;9381.0;1
42200;BOT_MAKER;BOT_TAKER;TRANSLATOR_VOID_BLUE;XIRECS;11095.0;1
42200;SUBMISSION;BOT_TAKER;PANEL_1X2;XIRECS;8467.0;1
42200;SUBMISSION;BOT_TAKER;PANEL_2X2;XIRECS;10198.0;1
42200;SUBMISSION;BOT_TAKER;PANEL_1X4;XIRECS;10850.0;1
42200;BOT_MAKER;BOT_TAKER;PANEL_2X4;XIRECS;10868.0;1
42200;SUBMISSION;BOT_TAKER;PANEL_4X4;XIRECS;9878.0;1
42200;SUBMISSION;BOT_TAKER;OXYGEN_SHAKE_MORNING_BREATH;XIRECS;11125.0;1
42200;SUBMISSION;BOT_TAKER;OXYGEN_SHAKE_EVENING_BREATH;XIRECS;8541.0;1
42200;SUBMISSION;BOT_TAKER;OXYGEN_SHAKE_MINT;XIRECS;10203.0;1
42200;BOT_MAKER;BOT_TAKER;OXYGEN_SHAKE_CHOCOLATE;XIRECS;9834.0;1
42200;SUBMISSION;BOT_TAKER;OXYGEN_SHAKE_GARLIC;XIRECS;11469.0;1
42200;BOT_MAKER;BOT_TAKER;SNACKPACK_CHOCOLATE;XIRECS;9895.0;1
42200;BOT_MAKER;BOT_TAKER;SNACKPACK_VANILLA;XIRECS;10095.0;1
42200;BOT_MAKER;BOT_TAKER;SNACKPACK_PISTACHIO;XIRECS;9374.0;1
42200;BOT_MAKER;BOT_TAKER;SNACKPACK_STRAWBERRY;XIRECS;10397.0;1
42200;BOT_MAKER;BOT_TAKER;SNACKPACK_RASPBERRY;XIRECS;10356.0;1
43400;BOT_MAKER;BOT_TAKER;GALAXY_SOUNDS_DARK_MATTER;XIRECS;10167.0;3
43400;SUBMISSION;BOT_TAKER;GALAXY_SOUNDS_BLACK_HOLES;XIRECS;11418.0;2
43400;BOT_MAKER;BOT_TAKER;GALAXY_SOUNDS_BLACK_HOLES;XIRECS;11417.0;1
43400;SUBMISSION;BOT_TAKER;GALAXY_SOUNDS_PLANETARY_RINGS;XIRECS;11115.0;2
43400;BOT_MAKER;BOT_TAKER;GALAXY_SOUNDS_PLANETARY_RINGS;XIRECS;11114.0;1
43400;SUBMISSION;BOT_TAKER;GALAXY_SOUNDS_SOLAR_WINDS;XIRECS;9972.0;2
43400;BOT_MAKER;BOT_TAKER;GALAXY_SOUNDS_SOLAR_WINDS;XIRECS;9971.0;1
43400;BOT_MAKER;BOT_TAKER;GALAXY_SOUNDS_SOLAR_FLAMES;XIRECS;11202.0;3
43400;BOT_MAKER;BOT_TAKER;SLEEP_POD_SUEDE;XIRECS;11428.0;3
43400;BOT_MAKER;BOT_TAKER;SLEEP_POD_LAMB_WOOL;XIRECS;10675.0;3
43400;SUBMISSION;BOT_TAKER;SLEEP_POD_POLYESTER;XIRECS;11688.0;2
43400;BOT_MAKER;BOT_TAKER;SLEEP_POD_POLYESTER;XIRECS;11687.0;1
43400;BOT_MAKER;BOT_TAKER;SLEEP_POD_NYLON;XIRECS;8690.0;3
43400;SUBMISSION;BOT_TAKER;SLEEP_POD_COTTON;XIRECS;11327.0;2
43400;BOT_MAKER;BOT_TAKER;SLEEP_POD_COTTON;XIRECS;11326.0;1
43400;BOT_MAKER;BOT_TAKER;ROBOT_VACUUMING;XIRECS;9800.0;3
43400;SUBMISSION;BOT_TAKER;ROBOT_MOPPING;XIRECS;9858.0;2
43400;BOT_MAKER;BOT_TAKER;ROBOT_MOPPING;XIRECS;9857.0;1
43400;BOT_MAKER;BOT_TAKER;ROBOT_DISHES;XIRECS;9686.0;3
43400;BOT_MAKER;BOT_TAKER;ROBOT_LAUNDRY;XIRECS;10355.0;3
43400;SUBMISSION;BOT_TAKER;ROBOT_IRONING;XIRECS;9228.0;2
43400;BOT_MAKER;BOT_TAKER;ROBOT_IRONING;XIRECS;9227.0;1
43400;SUBMISSION;BOT_TAKER;UV_VISOR_YELLOW;XIRECS;11490.0;2
43400;BOT_MAKER;BOT_TAKER;UV_VISOR_YELLOW;XIRECS;11489.0;1
43400;SUBMISSION;BOT_TAKER;UV_VISOR_AMBER;XIRECS;8287.0;2
43400;BOT_MAKER;BOT_TAKER;UV_VISOR_AMBER;XIRECS;8286.0;1
43400;SUBMISSION;BOT_TAKER;UV_VISOR_ORANGE;XIRECS;10404.0;2
43400;BOT_MAKER;BOT_TAKER;UV_VISOR_ORANGE;XIRECS;10403.0;1
43400;BOT_MAKER;BOT_TAKER;UV_VISOR_RED;XIRECS;10633.0;3
43400;BOT_MAKER;BOT_TAKER;UV_VISOR_MAGENTA;XIRECS;11402.0;3
43400;SUBMISSION;BOT_TAKER;TRANSLATOR_SPACE_GRAY;XIRECS;9687.0;2
43400;BOT_MAKER;BOT_TAKER;TRANSLATOR_SPACE_GRAY;XIRECS;9686.0;1
43400;BOT_MAKER;BOT_TAKER;TRANSLATOR_ASTRO_BLACK;XIRECS;9502.0;3
43400;SUBMISSION;BOT_TAKER;TRANSLATOR_ECLIPSE_CHARCOAL;XIRECS;10209.0;3
43400;SUBMISSION;BOT_TAKER;TRANSLATOR_GRAPHITE_MIST;XIRECS;9381.0;2
43400;BOT_MAKER;BOT_TAKER;TRANSLATOR_GRAPHITE_MIST;XIRECS;9380.0;1
43400;BOT_MAKER;BOT_TAKER;TRANSLATOR_VOID_BLUE;XIRECS;11096.0;3
43400;SUBMISSION;BOT_TAKER;PANEL_1X2;XIRECS;8445.0;2
43400;BOT_MAKER;BOT_TAKER;PANEL_1X2;XIRECS;8444.0;1
43400;SUBMISSION;BOT_TAKER;PANEL_2X2;XIRECS;10216.0;2
43400;BOT_MAKER;BOT_TAKER;PANEL_2X2;XIRECS;10215.0;1
43400;SUBMISSION;BOT_TAKER;PANEL_1X4;XIRECS;10827.0;2
43400;BOT_MAKER;BOT_TAKER;PANEL_1X4;XIRECS;10826.0;1
43400;BOT_MAKER;BOT_TAKER;PANEL_2X4;XIRECS;10818.0;3
43400;SUBMISSION;BOT_TAKER;PANEL_4X4;XIRECS;9910.0;2
43400;BOT_MAKER;BOT_TAKER;PANEL_4X4;XIRECS;9909.0;1
43400;SUBMISSION;BOT_TAKER;OXYGEN_SHAKE_MORNING_BREATH;XIRECS;11091.0;2
43400;BOT_MAKER;BOT_TAKER;OXYGEN_SHAKE_MORNING_BREATH;XIRECS;11090.0;1
43400;SUBMISSION;BOT_TAKER;OXYGEN_SHAKE_EVENING_BREATH;XIRECS;8565.0;2
43400;BOT_MAKER;BOT_TAKER;OXYGEN_SHAKE_EVENING_BREATH;XIRECS;8564.0;1
43400;SUBMISSION;BOT_TAKER;OXYGEN_SHAKE_MINT;XIRECS;10199.0;2
43400;BOT_MAKER;BOT_TAKER;OXYGEN_SHAKE_MINT;XIRECS;10198.0;1
43400;BOT_MAKER;BOT_TAKER;OXYGEN_SHAKE_CHOCOLATE;XIRECS;9842.0;3
43400;SUBMISSION;BOT_TAKER;OXYGEN_SHAKE_GARLIC;XIRECS;11447.0;2
43400;BOT_MAKER;BOT_TAKER;OXYGEN_SHAKE_GARLIC;XIRECS;11446.0;1
43400;BOT_MAKER;BOT_TAKER;SNACKPACK_CHOCOLATE;XIRECS;9904.0;3
43400;BOT_MAKER;BOT_TAKER;SNACKPACK_VANILLA;XIRECS;10096.0;3
43400;BOT_MAKER;BOT_TAKER;SNACKPACK_PISTACHIO;XIRECS;9353.0;3
43400;BOT_MAKER;BOT_TAKER;SNACKPACK_STRAWBERRY;XIRECS;10368.0;3
43400;BOT_MAKER;BOT_TAKER;SNACKPACK_RASPBERRY;XIRECS;10389.0;3
43500;BOT_TAKER;BOT_MAKER;GALAXY_SOUNDS_DARK_MATTER;XIRECS;10161.0;2
43500;BOT_TAKER;SUBMISSION;GALAXY_SOUNDS_BLACK_HOLES;XIRECS;11440.0;2
43500;BOT_TAKER;SUBMISSION;GALAXY_SOUNDS_PLANETARY_RINGS;XIRECS;11123.0;2
43500;BOT_TAKER;SUBMISSION;GALAXY_SOUNDS_SOLAR_WINDS;XIRECS;9971.0;2
43500;BOT_TAKER;BOT_MAKER;GALAXY_SOUNDS_SOLAR_FLAMES;XIRECS;11206.0;2
43500;BOT_TAKER;SUBMISSION;SLEEP_POD_SUEDE;XIRECS;11424.0;2
43500;BOT_TAKER;SUBMISSION;SLEEP_POD_LAMB_WOOL;XIRECS;10684.0;2
43500;BOT_TAKER;SUBMISSION;SLEEP_POD_POLYESTER;XIRECS;11699.0;2
43500;BOT_TAKER;BOT_MAKER;SLEEP_POD_NYLON;XIRECS;8710.0;2
43500;BOT_TAKER;SUBMISSION;SLEEP_POD_COTTON;XIRECS;11340.0;2
43500;BOT_TAKER;BOT_MAKER;ROBOT_VACUUMING;XIRECS;9802.0;2
43500;BOT_TAKER;SUBMISSION;ROBOT_MOPPING;XIRECS;9876.0;2
43500;BOT_TAKER;BOT_MAKER;ROBOT_DISHES;XIRECS;9721.0;2
43500;BOT_TAKER;SUBMISSION;ROBOT_LAUNDRY;XIRECS;10359.0;2
43500;BOT_TAKER;SUBMISSION;ROBOT_IRONING;XIRECS;9226.0;2
43500;BOT_TAKER;SUBMISSION;UV_VISOR_YELLOW;XIRECS;11482.0;2
43500;BOT_TAKER;SUBMISSION;UV_VISOR_AMBER;XIRECS;8303.0;2
43500;BOT_TAKER;SUBMISSION;UV_VISOR_ORANGE;XIRECS;10401.0;2
43500;BOT_TAKER;BOT_MAKER;UV_VISOR_RED;XIRECS;10647.0;2
43500;BOT_TAKER;SUBMISSION;UV_VISOR_MAGENTA;XIRECS;11426.0;2
43500;BOT_TAKER;SUBMISSION;TRANSLATOR_SPACE_GRAY;XIRECS;9693.0;2
43500;BOT_TAKER;BOT_MAKER;TRANSLATOR_ASTRO_BLACK;XIRECS;9519.0;2
43500;BOT_TAKER;BOT_MAKER;TRANSLATOR_ECLIPSE_CHARCOAL;XIRECS;10224.0;2
43500;BOT_TAKER;SUBMISSION;TRANSLATOR_GRAPHITE_MIST;XIRECS;9378.0;2
43500;BOT_TAKER;SUBMISSION;TRANSLATOR_VOID_BLUE;XIRECS;11103.0;2
43500;BOT_TAKER;SUBMISSION;PANEL_1X2;XIRECS;8444.0;2
43500;BOT_TAKER;SUBMISSION;PANEL_2X2;XIRECS;10224.0;2
43500;BOT_TAKER;SUBMISSION;PANEL_1X4;XIRECS;10838.0;2
43500;BOT_TAKER;SUBMISSION;PANEL_2X4;XIRECS;10838.0;2
43500;BOT_TAKER;SUBMISSION;PANEL_4X4;XIRECS;9920.0;2
43500;BOT_TAKER;SUBMISSION;OXYGEN_SHAKE_MORNING_BREATH;XIRECS;11094.0;2
43500;BOT_TAKER;SUBMISSION;OXYGEN_SHAKE_EVENING_BREATH;XIRECS;8573.0;2
43500;BOT_TAKER;SUBMISSION;OXYGEN_SHAKE_MINT;XIRECS;10191.0;2
43500;BOT_TAKER;SUBMISSION;OXYGEN_SHAKE_CHOCOLATE;XIRECS;9839.0;2
43500;BOT_TAKER;SUBMISSION;OXYGEN_SHAKE_GARLIC;XIRECS;11482.0;2
43500;BOT_TAKER;SUBMISSION;SNACKPACK_CHOCOLATE;XIRECS;9913.0;2
43500;BOT_TAKER;SUBMISSION;SNACKPACK_VANILLA;XIRECS;10123.0;2
43500;BOT_TAKER;BOT_MAKER;SNACKPACK_PISTACHIO;XIRECS;9374.0;2
43500;BOT_TAKER;SUBMISSION;SNACKPACK_STRAWBERRY;XIRECS;10394.0;2
43500;BOT_TAKER;SUBMISSION;SNACKPACK_RASPBERRY;XIRECS;10396.0;2
44700;BOT_MAKER;BOT_TAKER;GALAXY_SOUNDS_DARK_MATTER;XIRECS;10167.0;4
44700;SUBMISSION;BOT_TAKER;GALAXY_SOUNDS_BLACK_HOLES;XIRECS;11451.0;2
44700;BOT_MAKER;BOT_TAKER;GALAXY_SOUNDS_BLACK_HOLES;XIRECS;11450.0;2
44700;SUBMISSION;BOT_TAKER;GALAXY_SOUNDS_PLANETARY_RINGS;XIRECS;11117.0;2
44700;BOT_MAKER;BOT_TAKER;GALAXY_SOUNDS_PLANETARY_RINGS;XIRECS;11116.0;2
44700;SUBMISSION;BOT_TAKER;GALAXY_SOUNDS_SOLAR_WINDS;XIRECS;9950.0;2
44700;BOT_MAKER;BOT_TAKER;GALAXY_SOUNDS_SOLAR_WINDS;XIRECS;9949.0;2
44700;BOT_MAKER;BOT_TAKER;GALAXY_SOUNDS_SOLAR_FLAMES;XIRECS;11229.0;4
44700;BOT_MAKER;BOT_TAKER;SLEEP_POD_SUEDE;XIRECS;11345.0;4
44700;BOT_MAKER;BOT_TAKER;SLEEP_POD_LAMB_WOOL;XIRECS;10711.0;4
44700;SUBMISSION;BOT_TAKER;SLEEP_POD_POLYESTER;XIRECS;11666.0;2
44700;BOT_MAKER;BOT_TAKER;SLEEP_POD_POLYESTER;XIRECS;11665.0;2
44700;BOT_MAKER;BOT_TAKER;SLEEP_POD_NYLON;XIRECS;8770.0;4
44700;SUBMISSION;BOT_TAKER;SLEEP_POD_COTTON;XIRECS;11408.0;2
44700;BOT_MAKER;BOT_TAKER;SLEEP_POD_COTTON;XIRECS;11407.0;2
44700;BOT_MAKER;BOT_TAKER;ROBOT_VACUUMING;XIRECS;9737.0;4
44700;SUBMISSION;BOT_TAKER;ROBOT_MOPPING;XIRECS;9862.0;2
44700;BOT_MAKER;BOT_TAKER;ROBOT_MOPPING;XIRECS;9861.0;2
44700;BOT_MAKER;BOT_TAKER;ROBOT_DISHES;XIRECS;9656.0;4
44700;BOT_MAKER;BOT_TAKER;ROBOT_LAUNDRY;XIRECS;10391.0;4
44700;SUBMISSION;BOT_TAKER;ROBOT_IRONING;XIRECS;9222.0;2
44700;BOT_MAKER;BOT_TAKER;ROBOT_IRONING;XIRECS;9221.0;2
44700;SUBMISSION;BOT_TAKER;UV_VISOR_YELLOW;XIRECS;11326.0;2
44700;BOT_MAKER;BOT_TAKER;UV_VISOR_YELLOW;XIRECS;11325.0;2
44700;SUBMISSION;BOT_TAKER;UV_VISOR_AMBER;XIRECS;8260.0;2
44700;BOT_MAKER;BOT_TAKER;UV_VISOR_AMBER;XIRECS;8259.0;2
44700;SUBMISSION;BOT_TAKER;UV_VISOR_ORANGE;XIRECS;10392.0;2
44700;BOT_MAKER;BOT_TAKER;UV_VISOR_ORANGE;XIRECS;10391.0;2
44700;BOT_MAKER;BOT_TAKER;UV_VISOR_RED;XIRECS;10670.0;4
44700;BOT_MAKER;BOT_TAKER;UV_VISOR_MAGENTA;XIRECS;11406.0;4
44700;SUBMISSION;BOT_TAKER;TRANSLATOR_SPACE_GRAY;XIRECS;9744.0;2
44700;BOT_MAKER;BOT_TAKER;TRANSLATOR_SPACE_GRAY;XIRECS;9743.0;2
44700;BOT_MAKER;BOT_TAKER;TRANSLATOR_ASTRO_BLACK;XIRECS;9484.0;4
44700;BOT_MAKER;BOT_TAKER;TRANSLATOR_ECLIPSE_CHARCOAL;XIRECS;10250.0;4
44700;SUBMISSION;BOT_TAKER;TRANSLATOR_GRAPHITE_MIST;XIRECS;9361.0;2
44700;BOT_MAKER;BOT_TAKER;TRANSLATOR_GRAPHITE_MIST;XIRECS;9360.0;2
44700;BOT_MAKER;BOT_TAKER;TRANSLATOR_VOID_BLUE;XIRECS;11077.0;4
44700;SUBMISSION;BOT_TAKER;PANEL_1X2;XIRECS;8438.0;2
44700;BOT_MAKER;BOT_TAKER;PANEL_1X2;XIRECS;8437.0;2
44700;SUBMISSION;BOT_TAKER;PANEL_2X2;XIRECS;10196.0;2
44700;BOT_MAKER;BOT_TAKER;PANEL_2X2;XIRECS;10195.0;2
44700;SUBMISSION;BOT_TAKER;PANEL_1X4;XIRECS;10857.0;2
44700;BOT_MAKER;BOT_TAKER;PANEL_1X4;XIRECS;10856.0;2
44700;BOT_MAKER;BOT_TAKER;PANEL_2X4;XIRECS;10910.0;4
44700;SUBMISSION;BOT_TAKER;PANEL_4X4;XIRECS;9917.0;2
44700;BOT_MAKER;BOT_TAKER;PANEL_4X4;XIRECS;9916.0;2
44700;SUBMISSION;BOT_TAKER;OXYGEN_SHAKE_MORNING_BREATH;XIRECS;11124.0;2
44700;BOT_MAKER;BOT_TAKER;OXYGEN_SHAKE_MORNING_BREATH;XIRECS;11123.0;2
44700;SUBMISSION;BOT_TAKER;OXYGEN_SHAKE_EVENING_BREATH;XIRECS;8523.0;2
44700;BOT_MAKER;BOT_TAKER;OXYGEN_SHAKE_EVENING_BREATH;XIRECS;8522.0;2
44700;SUBMISSION;BOT_TAKER;OXYGEN_SHAKE_MINT;XIRECS;10172.0;2
44700;BOT_MAKER;BOT_TAKER;OXYGEN_SHAKE_MINT;XIRECS;10171.0;2
44700;BOT_MAKER;BOT_TAKER;OXYGEN_SHAKE_CHOCOLATE;XIRECS;9863.0;4
44700;SUBMISSION;BOT_TAKER;OXYGEN_SHAKE_GARLIC;XIRECS;11503.0;2
44700;BOT_MAKER;BOT_TAKER;OXYGEN_SHAKE_GARLIC;XIRECS;11502.0;2
44700;BOT_MAKER;BOT_TAKER;SNACKPACK_CHOCOLATE;XIRECS;9902.0;4
44700;BOT_MAKER;BOT_TAKER;SNACKPACK_VANILLA;XIRECS;10108.0;4
44700;BOT_MAKER;BOT_TAKER;SNACKPACK_PISTACHIO;XIRECS;9372.0;4
44700;BOT_MAKER;BOT_TAKER;SNACKPACK_STRAWBERRY;XIRECS;10433.0;4
44700;BOT_MAKER;BOT_TAKER;SNACKPACK_RASPBERRY;XIRECS;10330.0;4
48800;BOT_TAKER;SUBMISSION;PEBBLES_XS;XIRECS;8190.0;3
48800;BOT_TAKER;SUBMISSION;PEBBLES_S;XIRECS;9250.0;3
48800;BOT_TAKER;SUBMISSION;PEBBLES_M;XIRECS;9331.0;3
48800;BOT_TAKER;SUBMISSION;PEBBLES_L;XIRECS;9807.0;3
48800;BOT_TAKER;BOT_MAKER;PEBBLES_XL;XIRECS;13448.0;3
52600;BOT_MAKER;BOT_TAKER;GALAXY_SOUNDS_DARK_MATTER;XIRECS;10047.0;3
52600;SUBMISSION;BOT_TAKER;GALAXY_SOUNDS_BLACK_HOLES;XIRECS;11372.0;1
52600;BOT_MAKER;BOT_TAKER;GALAXY_SOUNDS_BLACK_HOLES;XIRECS;11371.0;2
52600;SUBMISSION;BOT_TAKER;GALAXY_SOUNDS_PLANETARY_RINGS;XIRECS;10996.0;1
52600;BOT_MAKER;BOT_TAKER;GALAXY_SOUNDS_PLANETARY_RINGS;XIRECS;10995.0;2
52600;SUBMISSION;BOT_TAKER;GALAXY_SOUNDS_SOLAR_WINDS;XIRECS;9915.0;1
52600;BOT_MAKER;BOT_TAKER;GALAXY_SOUNDS_SOLAR_WINDS;XIRECS;9914.0;2
52600;BOT_MAKER;BOT_TAKER;GALAXY_SOUNDS_SOLAR_FLAMES;XIRECS;11307.0;3
52600;BOT_MAKER;BOT_TAKER;SLEEP_POD_SUEDE;XIRECS;11417.0;3
52600;BOT_MAKER;BOT_TAKER;SLEEP_POD_LAMB_WOOL;XIRECS;10452.0;3
52600;SUBMISSION;BOT_TAKER;SLEEP_POD_POLYESTER;XIRECS;11534.0;1
52600;BOT_MAKER;BOT_TAKER;SLEEP_POD_POLYESTER;XIRECS;11533.0;2
52600;BOT_MAKER;BOT_TAKER;SLEEP_POD_NYLON;XIRECS;8772.0;3
52600;SUBMISSION;BOT_TAKER;SLEEP_POD_COTTON;XIRECS;11380.0;1
52600;BOT_MAKER;BOT_TAKER;SLEEP_POD_COTTON;XIRECS;11379.0;2
52600;BOT_MAKER;BOT_TAKER;ROBOT_VACUUMING;XIRECS;9774.0;3
52600;SUBMISSION;BOT_TAKER;ROBOT_MOPPING;XIRECS;9953.0;1
52600;BOT_MAKER;BOT_TAKER;ROBOT_MOPPING;XIRECS;9952.0;2
52600;BOT_MAKER;BOT_TAKER;ROBOT_DISHES;XIRECS;9637.0;3
52600;BOT_MAKER;BOT_TAKER;ROBOT_LAUNDRY;XIRECS;10419.0;3
52600;SUBMISSION;BOT_TAKER;ROBOT_IRONING;XIRECS;9222.0;1
52600;BOT_MAKER;BOT_TAKER;ROBOT_IRONING;XIRECS;9221.0;2
52600;SUBMISSION;BOT_TAKER;UV_VISOR_YELLOW;XIRECS;11264.0;1
52600;BOT_MAKER;BOT_TAKER;UV_VISOR_YELLOW;XIRECS;11263.0;2
52600;SUBMISSION;BOT_TAKER;UV_VISOR_AMBER;XIRECS;8318.0;1
52600;BOT_MAKER;BOT_TAKER;UV_VISOR_AMBER;XIRECS;8317.0;2
52600;SUBMISSION;BOT_TAKER;UV_VISOR_ORANGE;XIRECS;10448.0;1
52600;BOT_MAKER;BOT_TAKER;UV_VISOR_ORANGE;XIRECS;10447.0;2
52600;BOT_MAKER;BOT_TAKER;UV_VISOR_RED;XIRECS;10607.0;3
52600;BOT_MAKER;BOT_TAKER;UV_VISOR_MAGENTA;XIRECS;11477.0;3
52600;SUBMISSION;BOT_TAKER;TRANSLATOR_SPACE_GRAY;XIRECS;9742.0;1
52600;BOT_MAKER;BOT_TAKER;TRANSLATOR_SPACE_GRAY;XIRECS;9741.0;2
52600;BOT_MAKER;BOT_TAKER;TRANSLATOR_ASTRO_BLACK;XIRECS;9441.0;3
52600;SUBMISSION;BOT_TAKER;TRANSLATOR_ECLIPSE_CHARCOAL;XIRECS;10185.0;3
52600;SUBMISSION;BOT_TAKER;TRANSLATOR_GRAPHITE_MIST;XIRECS;9256.0;1
52600;BOT_MAKER;BOT_TAKER;TRANSLATOR_GRAPHITE_MIST;XIRECS;9255.0;2
52600;SUBMISSION;BOT_TAKER;TRANSLATOR_VOID_BLUE;XIRECS;11023.0;2
52600;BOT_MAKER;BOT_TAKER;TRANSLATOR_VOID_BLUE;XIRECS;11022.0;1
52600;SUBMISSION;BOT_TAKER;PANEL_1X2;XIRECS;8518.0;1
52600;BOT_MAKER;BOT_TAKER;PANEL_1X2;XIRECS;8517.0;2
52600;SUBMISSION;BOT_TAKER;PANEL_2X2;XIRECS;10056.0;1
52600;BOT_MAKER;BOT_TAKER;PANEL_2X2;XIRECS;10055.0;2
52600;SUBMISSION;BOT_TAKER;PANEL_1X4;XIRECS;10916.0;1
52600;BOT_MAKER;BOT_TAKER;PANEL_1X4;XIRECS;10915.0;2
52600;BOT_MAKER;BOT_TAKER;PANEL_2X4;XIRECS;10897.0;3
52600;SUBMISSION;BOT_TAKER;PANEL_4X4;XIRECS;9941.0;1
52600;BOT_MAKER;BOT_TAKER;PANEL_4X4;XIRECS;9940.0;2
52600;SUBMISSION;BOT_TAKER;OXYGEN_SHAKE_MORNING_BREATH;XIRECS;11055.0;1
52600;BOT_MAKER;BOT_TAKER;OXYGEN_SHAKE_MORNING_BREATH;XIRECS;11054.0;2
52600;SUBMISSION;BOT_TAKER;OXYGEN_SHAKE_EVENING_BREATH;XIRECS;8648.0;1
52600;BOT_MAKER;BOT_TAKER;OXYGEN_SHAKE_EVENING_BREATH;XIRECS;8647.0;2
52600;SUBMISSION;BOT_TAKER;OXYGEN_SHAKE_MINT;XIRECS;10212.0;1
52600;BOT_MAKER;BOT_TAKER;OXYGEN_SHAKE_MINT;XIRECS;10211.0;2
52600;BOT_MAKER;BOT_TAKER;OXYGEN_SHAKE_CHOCOLATE;XIRECS;9896.0;3
52600;SUBMISSION;BOT_TAKER;OXYGEN_SHAKE_GARLIC;XIRECS;11649.0;1
52600;BOT_MAKER;BOT_TAKER;OXYGEN_SHAKE_GARLIC;XIRECS;11648.0;2
52600;SUBMISSION;BOT_TAKER;SNACKPACK_CHOCOLATE;XIRECS;9873.0;3
52600;BOT_MAKER;BOT_TAKER;SNACKPACK_VANILLA;XIRECS;10097.0;3
52600;BOT_MAKER;BOT_TAKER;SNACKPACK_PISTACHIO;XIRECS;9295.0;3
52600;SUBMISSION;BOT_TAKER;SNACKPACK_STRAWBERRY;XIRECS;10312.0;3
52600;BOT_MAKER;BOT_TAKER;SNACKPACK_RASPBERRY;XIRECS;10453.0;3
56400;BOT_TAKER;SUBMISSION;PEBBLES_XS;XIRECS;8069.0;2
56400;BOT_TAKER;BOT_MAKER;PEBBLES_S;XIRECS;8930.0;2
56400;BOT_TAKER;SUBMISSION;PEBBLES_M;XIRECS;9385.0;2
56400;BOT_TAKER;SUBMISSION;PEBBLES_L;XIRECS;9873.0;2
56400;BOT_TAKER;SUBMISSION;PEBBLES_XL;XIRECS;13769.0;2
59200;BOT_TAKER;SUBMISSION;PEBBLES_XS;XIRECS;8020.0;2
59200;BOT_TAKER;BOT_MAKER;PEBBLES_XS;XIRECS;8021.0;2
59200;BOT_TAKER;BOT_MAKER;PEBBLES_S;XIRECS;8966.0;4
59200;BOT_TAKER;SUBMISSION;PEBBLES_M;XIRECS;9416.0;4
59200;BOT_TAKER;SUBMISSION;PEBBLES_L;XIRECS;9984.0;2
59200;BOT_TAKER;BOT_MAKER;PEBBLES_L;XIRECS;9985.0;2
59200;BOT_TAKER;BOT_MAKER;PEBBLES_XL;XIRECS;13642.0;4
59900;BOT_TAKER;BOT_MAKER;GALAXY_SOUNDS_DARK_MATTER;XIRECS;10097.0;4
59900;BOT_TAKER;SUBMISSION;GALAXY_SOUNDS_BLACK_HOLES;XIRECS;11291.0;4
59900;BOT_TAKER;SUBMISSION;GALAXY_SOUNDS_PLANETARY_RINGS;XIRECS;11086.0;4
59900;BOT_TAKER;SUBMISSION;GALAXY_SOUNDS_SOLAR_WINDS;XIRECS;9785.0;4
59900;BOT_TAKER;SUBMISSION;GALAXY_SOUNDS_SOLAR_FLAMES;XIRECS;11373.0;4
59900;BOT_TAKER;SUBMISSION;SLEEP_POD_SUEDE;XIRECS;11494.0;4
59900;BOT_TAKER;SUBMISSION;SLEEP_POD_LAMB_WOOL;XIRECS;10496.0;4
59900;BOT_TAKER;SUBMISSION;SLEEP_POD_POLYESTER;XIRECS;11589.0;4
59900;BOT_TAKER;BOT_MAKER;SLEEP_POD_NYLON;XIRECS;8793.0;4
59900;BOT_TAKER;SUBMISSION;SLEEP_POD_COTTON;XIRECS;11397.0;4
59900;BOT_TAKER;BOT_MAKER;ROBOT_VACUUMING;XIRECS;9842.0;4
59900;BOT_TAKER;SUBMISSION;ROBOT_MOPPING;XIRECS;9945.0;4
59900;BOT_TAKER;BOT_MAKER;ROBOT_DISHES;XIRECS;9764.0;4
59900;BOT_TAKER;BOT_MAKER;ROBOT_LAUNDRY;XIRECS;10208.0;4
59900;BOT_TAKER;SUBMISSION;ROBOT_IRONING;XIRECS;9170.0;4
59900;BOT_TAKER;SUBMISSION;UV_VISOR_YELLOW;XIRECS;11225.0;4
59900;BOT_TAKER;SUBMISSION;UV_VISOR_AMBER;XIRECS;8301.0;4
59900;BOT_TAKER;SUBMISSION;UV_VISOR_ORANGE;XIRECS;10452.0;4
59900;BOT_TAKER;BOT_MAKER;UV_VISOR_RED;XIRECS;10636.0;4
59900;BOT_TAKER;SUBMISSION;UV_VISOR_MAGENTA;XIRECS;11479.0;4
59900;BOT_TAKER;SUBMISSION;TRANSLATOR_SPACE_GRAY;XIRECS;9729.0;4
59900;BOT_TAKER;BOT_MAKER;TRANSLATOR_ASTRO_BLACK;XIRECS;9426.0;4
59900;BOT_TAKER;BOT_MAKER;TRANSLATOR_ECLIPSE_CHARCOAL;XIRECS;10016.0;4
59900;BOT_TAKER;SUBMISSION;TRANSLATOR_GRAPHITE_MIST;XIRECS;9170.0;4
59900;BOT_TAKER;SUBMISSION;TRANSLATOR_VOID_BLUE;XIRECS;11146.0;4
59900;BOT_TAKER;SUBMISSION;PANEL_1X2;XIRECS;8442.0;4
59900;BOT_TAKER;SUBMISSION;PANEL_2X2;XIRECS;9995.0;4
59900;BOT_TAKER;SUBMISSION;PANEL_1X4;XIRECS;10703.0;4
59900;BOT_TAKER;SUBMISSION;PANEL_2X4;XIRECS;10960.0;4
59900;BOT_TAKER;SUBMISSION;PANEL_4X4;XIRECS;9974.0;4
59900;BOT_TAKER;SUBMISSION;OXYGEN_SHAKE_MORNING_BREATH;XIRECS;11023.0;4
59900;BOT_TAKER;SUBMISSION;OXYGEN_SHAKE_EVENING_BREATH;XIRECS;8725.0;4
59900;BOT_TAKER;SUBMISSION;OXYGEN_SHAKE_MINT;XIRECS;10356.0;4
59900;BOT_TAKER;SUBMISSION;OXYGEN_SHAKE_CHOCOLATE;XIRECS;9937.0;4
59900;BOT_TAKER;SUBMISSION;OXYGEN_SHAKE_GARLIC;XIRECS;11737.0;4
59900;BOT_TAKER;SUBMISSION;SNACKPACK_CHOCOLATE;XIRECS;9852.0;2
59900;BOT_TAKER;BOT_MAKER;SNACKPACK_CHOCOLATE;XIRECS;9853.0;2
59900;BOT_TAKER;SUBMISSION;SNACKPACK_VANILLA;XIRECS;10167.0;4
59900;BOT_TAKER;BOT_MAKER;SNACKPACK_PISTACHIO;XIRECS;9318.0;4
59900;BOT_TAKER;SUBMISSION;SNACKPACK_STRAWBERRY;XIRECS;10386.0;4
59900;BOT_TAKER;SUBMISSION;SNACKPACK_RASPBERRY;XIRECS;10424.0;4
60400;BOT_TAKER;SUBMISSION;MICROCHIP_CIRCLE;XIRECS;8749.0;2
60400;BOT_TAKER;SUBMISSION;MICROCHIP_OVAL;XIRECS;8924.0;2
60400;BOT_TAKER;SUBMISSION;MICROCHIP_SQUARE;XIRECS;13965.0;2
60400;BOT_TAKER;BOT_MAKER;MICROCHIP_RECTANGLE;XIRECS;8870.0;2
60400;BOT_TAKER;BOT_MAKER;MICROCHIP_TRIANGLE;XIRECS;10608.0;2
64000;BOT_MAKER;BOT_TAKER;GALAXY_SOUNDS_DARK_MATTER;XIRECS;10103.0;1
64000;SUBMISSION;BOT_TAKER;GALAXY_SOUNDS_BLACK_HOLES;XIRECS;11179.0;1
64000;SUBMISSION;BOT_TAKER;GALAXY_SOUNDS_PLANETARY_RINGS;XIRECS;10940.0;1
64000;SUBMISSION;BOT_TAKER;GALAXY_SOUNDS_SOLAR_WINDS;XIRECS;9763.0;1
64000;BOT_MAKER;BOT_TAKER;GALAXY_SOUNDS_SOLAR_FLAMES;XIRECS;11371.0;1
64000;BOT_MAKER;BOT_TAKER;SLEEP_POD_SUEDE;XIRECS;11545.0;1
64000;BOT_MAKER;BOT_TAKER;SLEEP_POD_LAMB_WOOL;XIRECS;10528.0;1
64000;SUBMISSION;BOT_TAKER;SLEEP_POD_POLYESTER;XIRECS;11599.0;1
64000;BOT_MAKER;BOT_TAKER;SLEEP_POD_NYLON;XIRECS;8762.0;1
64000;SUBMISSION;BOT_TAKER;SLEEP_POD_COTTON;XIRECS;11472.0;1
64000;BOT_MAKER;BOT_TAKER;ROBOT_VACUUMING;XIRECS;9875.0;1
64000;SUBMISSION;BOT_TAKER;ROBOT_MOPPING;XIRECS;10015.0;1
64000;BOT_MAKER;BOT_TAKER;ROBOT_DISHES;XIRECS;9900.0;1
64000;SUBMISSION;BOT_TAKER;ROBOT_LAUNDRY;XIRECS;10172.0;1
64000;SUBMISSION;BOT_TAKER;ROBOT_IRONING;XIRECS;9250.0;1
64000;SUBMISSION;BOT_TAKER;UV_VISOR_YELLOW;XIRECS;11143.0;1
64000;SUBMISSION;BOT_TAKER;UV_VISOR_AMBER;XIRECS;8218.0;1
64000;SUBMISSION;BOT_TAKER;UV_VISOR_ORANGE;XIRECS;10336.0;1
64000;BOT_MAKER;BOT_TAKER;UV_VISOR_RED;XIRECS;10705.0;1
64000;BOT_MAKER;BOT_TAKER;UV_VISOR_MAGENTA;XIRECS;11515.0;1
64000;SUBMISSION;BOT_TAKER;TRANSLATOR_SPACE_GRAY;XIRECS;9810.0;1
64000;BOT_MAKER;BOT_TAKER;TRANSLATOR_ASTRO_BLACK;XIRECS;9241.0;1
64000;SUBMISSION;BOT_TAKER;TRANSLATOR_ECLIPSE_CHARCOAL;XIRECS;9899.0;1
64000;SUBMISSION;BOT_TAKER;TRANSLATOR_GRAPHITE_MIST;XIRECS;9273.0;1
64000;BOT_MAKER;BOT_TAKER;TRANSLATOR_VOID_BLUE;XIRECS;11067.0;1
64000;SUBMISSION;BOT_TAKER;PANEL_1X2;XIRECS;8380.0;1
64000;SUBMISSION;BOT_TAKER;PANEL_2X2;XIRECS;10061.0;1
64000;SUBMISSION;BOT_TAKER;PANEL_1X4;XIRECS;10747.0;1
64000;BOT_MAKER;BOT_TAKER;PANEL_2X4;XIRECS;10876.0;1
64000;SUBMISSION;BOT_TAKER;PANEL_4X4;XIRECS;9970.0;1
64000;SUBMISSION;BOT_TAKER;OXYGEN_SHAKE_MORNING_BREATH;XIRECS;10939.0;1
64000;SUBMISSION;BOT_TAKER;OXYGEN_SHAKE_EVENING_BREATH;XIRECS;8722.0;1
64000;SUBMISSION;BOT_TAKER;OXYGEN_SHAKE_MINT;XIRECS;10359.0;1
64000;BOT_MAKER;BOT_TAKER;OXYGEN_SHAKE_CHOCOLATE;XIRECS;9943.0;1
64000;SUBMISSION;BOT_TAKER;OXYGEN_SHAKE_GARLIC;XIRECS;11745.0;1
64000;SUBMISSION;BOT_TAKER;SNACKPACK_CHOCOLATE;XIRECS;9781.0;1
64000;BOT_MAKER;BOT_TAKER;SNACKPACK_VANILLA;XIRECS;10203.0;1
64000;BOT_MAKER;BOT_TAKER;SNACKPACK_PISTACHIO;XIRECS;9354.0;1
64000;BOT_MAKER;BOT_TAKER;SNACKPACK_STRAWBERRY;XIRECS;10449.0;1
64000;SUBMISSION;BOT_TAKER;SNACKPACK_RASPBERRY;XIRECS;10324.0;1
64000;SUBMISSION;BOT_TAKER;MICROCHIP_CIRCLE;XIRECS;8686.0;2
64000;SUBMISSION;BOT_TAKER;MICROCHIP_OVAL;XIRECS;8953.0;2
64000;SUBMISSION;BOT_TAKER;MICROCHIP_SQUARE;XIRECS;14145.0;2
64000;BOT_MAKER;BOT_TAKER;MICROCHIP_RECTANGLE;XIRECS;8909.0;2
64000;BOT_MAKER;BOT_TAKER;MICROCHIP_TRIANGLE;XIRECS;10773.0;2
64700;BOT_MAKER;BOT_TAKER;GALAXY_SOUNDS_DARK_MATTER;XIRECS;10088.0;1
64700;SUBMISSION;BOT_TAKER;GALAXY_SOUNDS_BLACK_HOLES;XIRECS;11217.0;1
64700;SUBMISSION;BOT_TAKER;GALAXY_SOUNDS_PLANETARY_RINGS;XIRECS;10922.0;1
64700;SUBMISSION;BOT_TAKER;GALAXY_SOUNDS_SOLAR_WINDS;XIRECS;9737.0;1
64700;BOT_MAKER;BOT_TAKER;GALAXY_SOUNDS_SOLAR_FLAMES;XIRECS;11355.0;1
64700;BOT_MAKER;BOT_TAKER;SLEEP_POD_SUEDE;XIRECS;11501.0;1
64700;BOT_MAKER;BOT_TAKER;SLEEP_POD_LAMB_WOOL;XIRECS;10555.0;1
64700;SUBMISSION;BOT_TAKER;SLEEP_POD_POLYESTER;XIRECS;11679.0;1
64700;BOT_MAKER;BOT_TAKER;SLEEP_POD_NYLON;XIRECS;8769.0;1
64700;SUBMISSION;BOT_TAKER;SLEEP_POD_COTTON;XIRECS;11430.0;1
64700;BOT_MAKER;BOT_TAKER;ROBOT_VACUUMING;XIRECS;9866.0;1
64700;SUBMISSION;BOT_TAKER;ROBOT_MOPPING;XIRECS;9988.0;1
64700;BOT_MAKER;BOT_TAKER;ROBOT_DISHES;XIRECS;9867.0;1
64700;SUBMISSION;BOT_TAKER;ROBOT_LAUNDRY;XIRECS;10179.0;1
64700;SUBMISSION;BOT_TAKER;ROBOT_IRONING;XIRECS;9275.0;1
64700;SUBMISSION;BOT_TAKER;UV_VISOR_YELLOW;XIRECS;11154.0;1
64700;SUBMISSION;BOT_TAKER;UV_VISOR_AMBER;XIRECS;8197.0;1
64700;SUBMISSION;BOT_TAKER;UV_VISOR_ORANGE;XIRECS;10360.0;1
64700;BOT_MAKER;BOT_TAKER;UV_VISOR_RED;XIRECS;10662.0;1
64700;BOT_MAKER;BOT_TAKER;UV_VISOR_MAGENTA;XIRECS;11489.0;1
64700;SUBMISSION;BOT_TAKER;TRANSLATOR_SPACE_GRAY;XIRECS;9798.0;1
64700;BOT_MAKER;BOT_TAKER;TRANSLATOR_ASTRO_BLACK;XIRECS;9237.0;1
64700;SUBMISSION;BOT_TAKER;TRANSLATOR_ECLIPSE_CHARCOAL;XIRECS;9907.0;1
64700;SUBMISSION;BOT_TAKER;TRANSLATOR_GRAPHITE_MIST;XIRECS;9268.0;1
64700;BOT_MAKER;BOT_TAKER;TRANSLATOR_VOID_BLUE;XIRECS;11107.0;1
64700;SUBMISSION;BOT_TAKER;PANEL_1X2;XIRECS;8385.0;1
64700;SUBMISSION;BOT_TAKER;PANEL_2X2;XIRECS;10044.0;1
64700;SUBMISSION;BOT_TAKER;PANEL_1X4;XIRECS;10776.0;1
64700;BOT_MAKER;BOT_TAKER;PANEL_2X4;XIRECS;10896.0;1
64700;SUBMISSION;BOT_TAKER;PANEL_4X4;XIRECS;9987.0;1
64700;SUBMISSION;BOT_TAKER;OXYGEN_SHAKE_MORNING_BREATH;XIRECS;10884.0;1
64700;SUBMISSION;BOT_TAKER;OXYGEN_SHAKE_EVENING_BREATH;XIRECS;8693.0;1
64700;SUBMISSION;BOT_TAKER;OXYGEN_SHAKE_MINT;XIRECS;10333.0;1
64700;BOT_MAKER;BOT_TAKER;OXYGEN_SHAKE_CHOCOLATE;XIRECS;9878.0;1
64700;SUBMISSION;BOT_TAKER;OXYGEN_SHAKE_GARLIC;XIRECS;11692.0;1
64700;BOT_MAKER;BOT_TAKER;SNACKPACK_CHOCOLATE;XIRECS;9758.0;1
64700;BOT_MAKER;BOT_TAKER;SNACKPACK_VANILLA;XIRECS;10224.0;1
64700;BOT_MAKER;BOT_TAKER;SNACKPACK_PISTACHIO;XIRECS;9371.0;1
64700;BOT_MAKER;BOT_TAKER;SNACKPACK_STRAWBERRY;XIRECS;10480.0;1
64700;SUBMISSION;BOT_TAKER;SNACKPACK_RASPBERRY;XIRECS;10302.0;1
70000;BOT_TAKER;BOT_MAKER;GALAXY_SOUNDS_DARK_MATTER;XIRECS;10088.0;2
70000;BOT_TAKER;SUBMISSION;GALAXY_SOUNDS_BLACK_HOLES;XIRECS;11238.0;2
70000;BOT_TAKER;SUBMISSION;GALAXY_SOUNDS_PLANETARY_RINGS;XIRECS;10938.0;2
70000;BOT_TAKER;SUBMISSION;GALAXY_SOUNDS_SOLAR_WINDS;XIRECS;9649.0;2
70000;BOT_TAKER;SUBMISSION;GALAXY_SOUNDS_SOLAR_FLAMES;XIRECS;11446.0;2
70000;BOT_TAKER;BOT_MAKER;SLEEP_POD_SUEDE;XIRECS;11409.0;2
70000;BOT_TAKER;SUBMISSION;SLEEP_POD_LAMB_WOOL;XIRECS;10592.0;2
70000;BOT_TAKER;SUBMISSION;SLEEP_POD_POLYESTER;XIRECS;11666.0;2
70000;BOT_TAKER;BOT_MAKER;SLEEP_POD_NYLON;XIRECS;8785.0;2
70000;BOT_TAKER;SUBMISSION;SLEEP_POD_COTTON;XIRECS;11467.0;2
70000;BOT_TAKER;BOT_MAKER;ROBOT_VACUUMING;XIRECS;9940.0;2
70000;BOT_TAKER;SUBMISSION;ROBOT_MOPPING;XIRECS;9996.0;2
70000;BOT_TAKER;SUBMISSION;ROBOT_DISHES;XIRECS;10164.0;2
70000;BOT_TAKER;BOT_MAKER;ROBOT_LAUNDRY;XIRECS;10163.0;2
70000;BOT_TAKER;SUBMISSION;ROBOT_IRONING;XIRECS;9292.0;2
70000;BOT_TAKER;SUBMISSION;UV_VISOR_YELLOW;XIRECS;11231.0;2
70000;BOT_TAKER;SUBMISSION;UV_VISOR_AMBER;XIRECS;8338.0;2
70000;BOT_TAKER;SUBMISSION;UV_VISOR_ORANGE;XIRECS;10469.0;2
70000;BOT_TAKER;BOT_MAKER;UV_VISOR_RED;XIRECS;10578.0;2
70000;BOT_TAKER;SUBMISSION;UV_VISOR_MAGENTA;XIRECS;11413.0;2
70000;BOT_TAKER;SUBMISSION;TRANSLATOR_SPACE_GRAY;XIRECS;9862.0;2
70000;BOT_TAKER;BOT_MAKER;TRANSLATOR_ASTRO_BLACK;XIRECS;9187.0;2
70000;BOT_TAKER;BOT_MAKER;TRANSLATOR_ECLIPSE_CHARCOAL;XIRECS;9926.0;2
70000;BOT_TAKER;SUBMISSION;TRANSLATOR_GRAPHITE_MIST;XIRECS;9416.0;2
70000;BOT_TAKER;BOT_MAKER;TRANSLATOR_VOID_BLUE;XIRECS;10978.0;2
70000;BOT_TAKER;SUBMISSION;PANEL_1X2;XIRECS;8415.0;2
70000;BOT_TAKER;SUBMISSION;PANEL_2X2;XIRECS;10062.0;2
70000;BOT_TAKER;SUBMISSION;PANEL_1X4;XIRECS;10754.0;2
70000;BOT_TAKER;SUBMISSION;PANEL_2X4;XIRECS;10815.0;2
70000;BOT_TAKER;SUBMISSION;PANEL_4X4;XIRECS;10038.0;2
70000;BOT_TAKER;SUBMISSION;OXYGEN_SHAKE_MORNING_BREATH;XIRECS;10837.0;2
70000;BOT_TAKER;SUBMISSION;OXYGEN_SHAKE_EVENING_BREATH;XIRECS;8755.0;2
70000;BOT_TAKER;SUBMISSION;OXYGEN_SHAKE_MINT;XIRECS;10400.0;2
70000;BOT_TAKER;BOT_MAKER;OXYGEN_SHAKE_CHOCOLATE;XIRECS;9908.0;2
70000;BOT_TAKER;SUBMISSION;OXYGEN_SHAKE_GARLIC;XIRECS;11582.0;2
70000;BOT_TAKER;BOT_MAKER;SNACKPACK_CHOCOLATE;XIRECS;9799.0;2
70000;BOT_TAKER;BOT_MAKER;SNACKPACK_VANILLA;XIRECS;10193.0;2
70000;BOT_TAKER;BOT_MAKER;SNACKPACK_PISTACHIO;XIRECS;9407.0;2
70000;BOT_TAKER;SUBMISSION;SNACKPACK_STRAWBERRY;XIRECS;10498.0;2
70000;BOT_TAKER;BOT_MAKER;SNACKPACK_RASPBERRY;XIRECS;10299.0;2
73900;BOT_MAKER;BOT_TAKER;GALAXY_SOUNDS_DARK_MATTER;XIRECS;10157.0;2
73900;SUBMISSION;BOT_TAKER;GALAXY_SOUNDS_BLACK_HOLES;XIRECS;11161.0;2
73900;SUBMISSION;BOT_TAKER;GALAXY_SOUNDS_PLANETARY_RINGS;XIRECS;10863.0;2
73900;SUBMISSION;BOT_TAKER;GALAXY_SOUNDS_SOLAR_WINDS;XIRECS;9671.0;2
73900;BOT_MAKER;BOT_TAKER;GALAXY_SOUNDS_SOLAR_FLAMES;XIRECS;11377.0;2
73900;BOT_MAKER;BOT_TAKER;SLEEP_POD_SUEDE;XIRECS;11340.0;2
73900;SUBMISSION;BOT_TAKER;SLEEP_POD_LAMB_WOOL;XIRECS;10450.0;2
73900;SUBMISSION;BOT_TAKER;SLEEP_POD_POLYESTER;XIRECS;11737.0;2
73900;BOT_MAKER;BOT_TAKER;SLEEP_POD_NYLON;XIRECS;8859.0;2
73900;SUBMISSION;BOT_TAKER;SLEEP_POD_COTTON;XIRECS;11345.0;2
73900;BOT_MAKER;BOT_TAKER;ROBOT_VACUUMING;XIRECS;9875.0;2
73900;SUBMISSION;BOT_TAKER;ROBOT_MOPPING;XIRECS;9818.0;2
73900;BOT_MAKER;BOT_TAKER;ROBOT_DISHES;XIRECS;10220.0;2
73900;SUBMISSION;BOT_TAKER;ROBOT_LAUNDRY;XIRECS;10215.0;2
73900;SUBMISSION;BOT_TAKER;ROBOT_IRONING;XIRECS;9160.0;2
73900;SUBMISSION;BOT_TAKER;UV_VISOR_YELLOW;XIRECS;11295.0;2
73900;SUBMISSION;BOT_TAKER;UV_VISOR_AMBER;XIRECS;8298.0;2
73900;SUBMISSION;BOT_TAKER;UV_VISOR_ORANGE;XIRECS;10536.0;2
73900;BOT_MAKER;BOT_TAKER;UV_VISOR_RED;XIRECS;10535.0;2
73900;BOT_MAKER;BOT_TAKER;UV_VISOR_MAGENTA;XIRECS;11405.0;2
73900;SUBMISSION;BOT_TAKER;TRANSLATOR_SPACE_GRAY;XIRECS;9837.0;2
73900;BOT_MAKER;BOT_TAKER;TRANSLATOR_ASTRO_BLACK;XIRECS;9091.0;2
73900;SUBMISSION;BOT_TAKER;TRANSLATOR_ECLIPSE_CHARCOAL;XIRECS;9858.0;2
73900;SUBMISSION;BOT_TAKER;TRANSLATOR_GRAPHITE_MIST;XIRECS;9388.0;2
73900;SUBMISSION;BOT_TAKER;TRANSLATOR_VOID_BLUE;XIRECS;10880.0;2
73900;SUBMISSION;BOT_TAKER;PANEL_1X2;XIRECS;8271.0;2
73900;SUBMISSION;BOT_TAKER;PANEL_2X2;XIRECS;10007.0;2
73900;SUBMISSION;BOT_TAKER;PANEL_1X4;XIRECS;10821.0;2
73900;SUBMISSION;BOT_TAKER;PANEL_2X4;XIRECS;10769.0;2
73900;SUBMISSION;BOT_TAKER;PANEL_4X4;XIRECS;10078.0;2
73900;SUBMISSION;BOT_TAKER;OXYGEN_SHAKE_MORNING_BREATH;XIRECS;10944.0;2
73900;SUBMISSION;BOT_TAKER;OXYGEN_SHAKE_EVENING_BREATH;XIRECS;8729.0;2
73900;SUBMISSION;BOT_TAKER;OXYGEN_SHAKE_MINT;XIRECS;10413.0;2
73900;BOT_MAKER;BOT_TAKER;OXYGEN_SHAKE_CHOCOLATE;XIRECS;10008.0;2
73900;SUBMISSION;BOT_TAKER;OXYGEN_SHAKE_GARLIC;XIRECS;11614.0;2
73900;SUBMISSION;BOT_TAKER;SNACKPACK_CHOCOLATE;XIRECS;9770.0;2
73900;BOT_MAKER;BOT_TAKER;SNACKPACK_VANILLA;XIRECS;10170.0;2
73900;BOT_MAKER;BOT_TAKER;SNACKPACK_PISTACHIO;XIRECS;9374.0;2
73900;BOT_MAKER;BOT_TAKER;SNACKPACK_STRAWBERRY;XIRECS;10470.0;2
73900;SUBMISSION;BOT_TAKER;SNACKPACK_RASPBERRY;XIRECS;10267.0;2
75400;BOT_MAKER;BOT_TAKER;GALAXY_SOUNDS_DARK_MATTER;XIRECS;10221.0;1
75400;SUBMISSION;BOT_TAKER;GALAXY_SOUNDS_BLACK_HOLES;XIRECS;11183.0;1
75400;SUBMISSION;BOT_TAKER;GALAXY_SOUNDS_PLANETARY_RINGS;XIRECS;10886.0;1
75400;SUBMISSION;BOT_TAKER;GALAXY_SOUNDS_SOLAR_WINDS;XIRECS;9640.0;1
75400;BOT_MAKER;BOT_TAKER;GALAXY_SOUNDS_SOLAR_FLAMES;XIRECS;11450.0;1
75400;BOT_MAKER;BOT_TAKER;SLEEP_POD_SUEDE;XIRECS;11308.0;1
75400;BOT_MAKER;BOT_TAKER;SLEEP_POD_LAMB_WOOL;XIRECS;10494.0;1
75400;SUBMISSION;BOT_TAKER;SLEEP_POD_POLYESTER;XIRECS;11723.0;1
75400;BOT_MAKER;BOT_TAKER;SLEEP_POD_NYLON;XIRECS;8899.0;1
75400;SUBMISSION;BOT_TAKER;SLEEP_POD_COTTON;XIRECS;11333.0;1
75400;BOT_MAKER;BOT_TAKER;ROBOT_VACUUMING;XIRECS;9851.0;1
75400;SUBMISSION;BOT_TAKER;ROBOT_MOPPING;XIRECS;9805.0;1
75400;BOT_MAKER;BOT_TAKER;ROBOT_DISHES;XIRECS;10290.0;1
75400;SUBMISSION;BOT_TAKER;ROBOT_LAUNDRY;XIRECS;10180.0;1
75400;SUBMISSION;BOT_TAKER;ROBOT_IRONING;XIRECS;9125.0;1
75400;SUBMISSION;BOT_TAKER;UV_VISOR_YELLOW;XIRECS;11307.0;1
75400;SUBMISSION;BOT_TAKER;UV_VISOR_AMBER;XIRECS;8267.0;1
75400;SUBMISSION;BOT_TAKER;UV_VISOR_ORANGE;XIRECS;10507.0;1
75400;BOT_MAKER;BOT_TAKER;UV_VISOR_RED;XIRECS;10577.0;1
75400;SUBMISSION;BOT_TAKER;UV_VISOR_MAGENTA;XIRECS;11331.0;1
75400;SUBMISSION;BOT_TAKER;TRANSLATOR_SPACE_GRAY;XIRECS;9842.0;1
75400;BOT_MAKER;BOT_TAKER;TRANSLATOR_ASTRO_BLACK;XIRECS;9116.0;1
75400;SUBMISSION;BOT_TAKER;TRANSLATOR_ECLIPSE_CHARCOAL;XIRECS;9857.0;1
75400;SUBMISSION;BOT_TAKER;TRANSLATOR_GRAPHITE_MIST;XIRECS;9367.0;1
75400;SUBMISSION;BOT_TAKER;TRANSLATOR_VOID_BLUE;XIRECS;10881.0;1
75400;SUBMISSION;BOT_TAKER;PANEL_1X2;XIRECS;8317.0;1
75400;SUBMISSION;BOT_TAKER;PANEL_2X2;XIRECS;10015.0;1
75400;SUBMISSION;BOT_TAKER;PANEL_1X4;XIRECS;10851.0;1
75400;SUBMISSION;BOT_TAKER;PANEL_2X4;XIRECS;10742.0;1
75400;SUBMISSION;BOT_TAKER;PANEL_4X4;XIRECS;10067.0;1
75400;SUBMISSION;BOT_TAKER;OXYGEN_SHAKE_MORNING_BREATH;XIRECS;10959.0;1
75400;SUBMISSION;BOT_TAKER;OXYGEN_SHAKE_EVENING_BREATH;XIRECS;8785.0;1
75400;SUBMISSION;BOT_TAKER;OXYGEN_SHAKE_MINT;XIRECS;10418.0;1
75400;BOT_MAKER;BOT_TAKER;OXYGEN_SHAKE_CHOCOLATE;XIRECS;9988.0;1
75400;SUBMISSION;BOT_TAKER;OXYGEN_SHAKE_GARLIC;XIRECS;11523.0;1
75400;SUBMISSION;BOT_TAKER;SNACKPACK_CHOCOLATE;XIRECS;9770.0;1
75400;BOT_MAKER;BOT_TAKER;SNACKPACK_VANILLA;XIRECS;10172.0;1
75400;BOT_MAKER;BOT_TAKER;SNACKPACK_PISTACHIO;XIRECS;9381.0;1
75400;BOT_MAKER;BOT_TAKER;SNACKPACK_STRAWBERRY;XIRECS;10494.0;1
75400;SUBMISSION;BOT_TAKER;SNACKPACK_RASPBERRY;XIRECS;10257.0;1
78700;BOT_MAKER;BOT_TAKER;GALAXY_SOUNDS_DARK_MATTER;XIRECS;10250.0;2
78700;SUBMISSION;BOT_TAKER;GALAXY_SOUNDS_BLACK_HOLES;XIRECS;11147.0;1
78700;BOT_MAKER;BOT_TAKER;GALAXY_SOUNDS_BLACK_HOLES;XIRECS;11146.0;1
78700;SUBMISSION;BOT_TAKER;GALAXY_SOUNDS_PLANETARY_RINGS;XIRECS;10859.0;1
78700;BOT_MAKER;BOT_TAKER;GALAXY_SOUNDS_PLANETARY_RINGS;XIRECS;10858.0;1
78700;SUBMISSION;BOT_TAKER;GALAXY_SOUNDS_SOLAR_WINDS;XIRECS;9672.0;1
78700;BOT_MAKER;BOT_TAKER;GALAXY_SOUNDS_SOLAR_WINDS;XIRECS;9671.0;1
78700;BOT_MAKER;BOT_TAKER;GALAXY_SOUNDS_SOLAR_FLAMES;XIRECS;11542.0;2
78700;BOT_MAKER;BOT_TAKER;SLEEP_POD_SUEDE;XIRECS;11317.0;2
78700;BOT_MAKER;BOT_TAKER;SLEEP_POD_LAMB_WOOL;XIRECS;10451.0;2
78700;SUBMISSION;BOT_TAKER;SLEEP_POD_POLYESTER;XIRECS;11783.0;1
78700;BOT_MAKER;BOT_TAKER;SLEEP_POD_POLYESTER;XIRECS;11782.0;1
78700;BOT_MAKER;BOT_TAKER;SLEEP_POD_NYLON;XIRECS;8981.0;2
78700;SUBMISSION;BOT_TAKER;SLEEP_POD_COTTON;XIRECS;11302.0;1
78700;BOT_MAKER;BOT_TAKER;SLEEP_POD_COTTON;XIRECS;11301.0;1
78700;BOT_MAKER;BOT_TAKER;ROBOT_VACUUMING;XIRECS;9950.0;2
78700;SUBMISSION;BOT_TAKER;ROBOT_MOPPING;XIRECS;9845.0;1
78700;BOT_MAKER;BOT_TAKER;ROBOT_MOPPING;XIRECS;9844.0;1
78700;BOT_MAKER;BOT_TAKER;ROBOT_DISHES;XIRECS;10306.0;2
78700;SUBMISSION;BOT_TAKER;ROBOT_LAUNDRY;XIRECS;10211.0;2
78700;SUBMISSION;BOT_TAKER;ROBOT_IRONING;XIRECS;9181.0;1
78700;BOT_MAKER;BOT_TAKER;ROBOT_IRONING;XIRECS;9180.0;1
78700;SUBMISSION;BOT_TAKER;UV_VISOR_YELLOW;XIRECS;11305.0;1
78700;BOT_MAKER;BOT_TAKER;UV_VISOR_YELLOW;XIRECS;11304.0;1
78700;SUBMISSION;BOT_TAKER;UV_VISOR_AMBER;XIRECS;8227.0;1
78700;BOT_MAKER;BOT_TAKER;UV_VISOR_AMBER;XIRECS;8226.0;1
78700;SUBMISSION;BOT_TAKER;UV_VISOR_ORANGE;XIRECS;10524.0;1
78700;BOT_MAKER;BOT_TAKER;UV_VISOR_ORANGE;XIRECS;10523.0;1
78700;BOT_MAKER;BOT_TAKER;UV_VISOR_RED;XIRECS;10481.0;2
78700;BOT_MAKER;BOT_TAKER;UV_VISOR_MAGENTA;XIRECS;11422.0;2
78700;SUBMISSION;BOT_TAKER;TRANSLATOR_SPACE_GRAY;XIRECS;9929.0;1
78700;BOT_MAKER;BOT_TAKER;TRANSLATOR_SPACE_GRAY;XIRECS;9928.0;1
78700;BOT_MAKER;BOT_TAKER;TRANSLATOR_ASTRO_BLACK;XIRECS;9082.0;2
78700;SUBMISSION;BOT_TAKER;TRANSLATOR_ECLIPSE_CHARCOAL;XIRECS;9906.0;1
78700;BOT_MAKER;BOT_TAKER;TRANSLATOR_ECLIPSE_CHARCOAL;XIRECS;9905.0;1
78700;SUBMISSION;BOT_TAKER;TRANSLATOR_GRAPHITE_MIST;XIRECS;9210.0;1
78700;BOT_MAKER;BOT_TAKER;TRANSLATOR_GRAPHITE_MIST;XIRECS;9209.0;1
78700;SUBMISSION;BOT_TAKER;TRANSLATOR_VOID_BLUE;XIRECS;10909.0;1
78700;BOT_MAKER;BOT_TAKER;TRANSLATOR_VOID_BLUE;XIRECS;10908.0;1
78700;SUBMISSION;BOT_TAKER;PANEL_1X2;XIRECS;8285.0;1
78700;BOT_MAKER;BOT_TAKER;PANEL_1X2;XIRECS;8284.0;1
78700;SUBMISSION;BOT_TAKER;PANEL_2X2;XIRECS;10027.0;1
78700;BOT_MAKER;BOT_TAKER;PANEL_2X2;XIRECS;10026.0;1
78700;SUBMISSION;BOT_TAKER;PANEL_1X4;XIRECS;10799.0;1
78700;BOT_MAKER;BOT_TAKER;PANEL_1X4;XIRECS;10798.0;1
78700;SUBMISSION;BOT_TAKER;PANEL_2X4;XIRECS;10660.0;2
78700;SUBMISSION;BOT_TAKER;PANEL_4X4;XIRECS;9984.0;1
78700;BOT_MAKER;BOT_TAKER;PANEL_4X4;XIRECS;9983.0;1
78700;SUBMISSION;BOT_TAKER;OXYGEN_SHAKE_MORNING_BREATH;XIRECS;11011.0;1
78700;BOT_MAKER;BOT_TAKER;OXYGEN_SHAKE_MORNING_BREATH;XIRECS;11010.0;1
78700;SUBMISSION;BOT_TAKER;OXYGEN_SHAKE_EVENING_BREATH;XIRECS;8821.0;1
78700;BOT_MAKER;BOT_TAKER;OXYGEN_SHAKE_EVENING_BREATH;XIRECS;8820.0;1
78700;SUBMISSION;BOT_TAKER;OXYGEN_SHAKE_MINT;XIRECS;10335.0;1
78700;BOT_MAKER;BOT_TAKER;OXYGEN_SHAKE_MINT;XIRECS;10334.0;1
78700;BOT_MAKER;BOT_TAKER;OXYGEN_SHAKE_CHOCOLATE;XIRECS;9885.0;2
78700;SUBMISSION;BOT_TAKER;OXYGEN_SHAKE_GARLIC;XIRECS;11559.0;1
78700;BOT_MAKER;BOT_TAKER;OXYGEN_SHAKE_GARLIC;XIRECS;11558.0;1
78700;SUBMISSION;BOT_TAKER;SNACKPACK_CHOCOLATE;XIRECS;9811.0;2
78700;BOT_MAKER;BOT_TAKER;SNACKPACK_VANILLA;XIRECS;10118.0;2
78700;BOT_MAKER;BOT_TAKER;SNACKPACK_PISTACHIO;XIRECS;9380.0;2
78700;BOT_MAKER;BOT_TAKER;SNACKPACK_STRAWBERRY;XIRECS;10482.0;2
78700;SUBMISSION;BOT_TAKER;SNACKPACK_RASPBERRY;XIRECS;10274.0;2
80100;BOT_TAKER;BOT_MAKER;GALAXY_SOUNDS_DARK_MATTER;XIRECS;10298.0;1
80100;BOT_TAKER;SUBMISSION;GALAXY_SOUNDS_BLACK_HOLES;XIRECS;11247.0;1
80100;BOT_TAKER;SUBMISSION;GALAXY_SOUNDS_PLANETARY_RINGS;XIRECS;10890.0;1
80100;BOT_TAKER;SUBMISSION;GALAXY_SOUNDS_SOLAR_WINDS;XIRECS;9613.0;1
80100;BOT_TAKER;SUBMISSION;GALAXY_SOUNDS_SOLAR_FLAMES;XIRECS;11595.0;1
80100;BOT_TAKER;BOT_MAKER;SLEEP_POD_SUEDE;XIRECS;11329.0;1
80100;BOT_TAKER;BOT_MAKER;SLEEP_POD_LAMB_WOOL;XIRECS;10453.0;1
80100;BOT_TAKER;SUBMISSION;SLEEP_POD_POLYESTER;XIRECS;11801.0;1
80100;BOT_TAKER;SUBMISSION;SLEEP_POD_NYLON;XIRECS;8980.0;1
80100;BOT_TAKER;SUBMISSION;SLEEP_POD_COTTON;XIRECS;11308.0;1
80100;BOT_TAKER;BOT_MAKER;ROBOT_VACUUMING;XIRECS;9940.0;1
80100;BOT_TAKER;SUBMISSION;ROBOT_MOPPING;XIRECS;9897.0;1
80100;BOT_TAKER;SUBMISSION;ROBOT_DISHES;XIRECS;10237.0;1
80100;BOT_TAKER;BOT_MAKER;ROBOT_LAUNDRY;XIRECS;10227.0;1
80100;BOT_TAKER;SUBMISSION;ROBOT_IRONING;XIRECS;9165.0;1
80100;BOT_TAKER;SUBMISSION;UV_VISOR_YELLOW;XIRECS;11272.0;1
80100;BOT_TAKER;SUBMISSION;UV_VISOR_AMBER;XIRECS;8252.0;1
80100;BOT_TAKER;SUBMISSION;UV_VISOR_ORANGE;XIRECS;10591.0;1
80100;BOT_TAKER;BOT_MAKER;UV_VISOR_RED;XIRECS;10498.0;1
80100;BOT_TAKER;BOT_MAKER;UV_VISOR_MAGENTA;XIRECS;11372.0;1
80100;BOT_TAKER;SUBMISSION;TRANSLATOR_SPACE_GRAY;XIRECS;9966.0;1
80100;BOT_TAKER;BOT_MAKER;TRANSLATOR_ASTRO_BLACK;XIRECS;9107.0;1
80100;BOT_TAKER;BOT_MAKER;TRANSLATOR_ECLIPSE_CHARCOAL;XIRECS;9936.0;1
80100;BOT_TAKER;SUBMISSION;TRANSLATOR_GRAPHITE_MIST;XIRECS;9201.0;1
80100;BOT_TAKER;BOT_MAKER;TRANSLATOR_VOID_BLUE;XIRECS;11036.0;1
80100;BOT_TAKER;SUBMISSION;PANEL_1X2;XIRECS;8311.0;1
80100;BOT_TAKER;SUBMISSION;PANEL_2X2;XIRECS;10060.0;1
80100;BOT_TAKER;SUBMISSION;PANEL_1X4;XIRECS;10704.0;1
80100;BOT_TAKER;BOT_MAKER;PANEL_2X4;XIRECS;10697.0;1
80100;BOT_TAKER;SUBMISSION;PANEL_4X4;XIRECS;10010.0;1
80100;BOT_TAKER;SUBMISSION;OXYGEN_SHAKE_MORNING_BREATH;XIRECS;11069.0;1
80100;BOT_TAKER;SUBMISSION;OXYGEN_SHAKE_EVENING_BREATH;XIRECS;8769.0;1
80100;BOT_TAKER;SUBMISSION;OXYGEN_SHAKE_MINT;XIRECS;10414.0;1
80100;BOT_TAKER;BOT_MAKER;OXYGEN_SHAKE_CHOCOLATE;XIRECS;9922.0;1
80100;BOT_TAKER;SUBMISSION;OXYGEN_SHAKE_GARLIC;XIRECS;11655.0;1
80100;BOT_TAKER;BOT_MAKER;SNACKPACK_CHOCOLATE;XIRECS;9799.0;1
80100;BOT_TAKER;BOT_MAKER;SNACKPACK_VANILLA;XIRECS;10149.0;1
80100;BOT_TAKER;BOT_MAKER;SNACKPACK_PISTACHIO;XIRECS;9392.0;1
80100;BOT_TAKER;SUBMISSION;SNACKPACK_STRAWBERRY;XIRECS;10494.0;1
80100;BOT_TAKER;BOT_MAKER;SNACKPACK_RASPBERRY;XIRECS;10297.0;1
82400;SUBMISSION;BOT_TAKER;MICROCHIP_CIRCLE;XIRECS;8570.0;2
82400;SUBMISSION;BOT_TAKER;MICROCHIP_OVAL;XIRECS;8854.0;2
82400;SUBMISSION;BOT_TAKER;MICROCHIP_SQUARE;XIRECS;14116.0;2
82400;BOT_MAKER;BOT_TAKER;MICROCHIP_RECTANGLE;XIRECS;8733.0;2
82400;BOT_MAKER;BOT_TAKER;MICROCHIP_TRIANGLE;XIRECS;10781.0;2
85900;BOT_TAKER;BOT_MAKER;GALAXY_SOUNDS_DARK_MATTER;XIRECS;10206.0;3
85900;BOT_TAKER;SUBMISSION;GALAXY_SOUNDS_BLACK_HOLES;XIRECS;11246.0;3
85900;BOT_TAKER;SUBMISSION;GALAXY_SOUNDS_PLANETARY_RINGS;XIRECS;10871.0;3
85900;BOT_TAKER;SUBMISSION;GALAXY_SOUNDS_SOLAR_WINDS;XIRECS;9545.0;3
85900;BOT_TAKER;SUBMISSION;GALAXY_SOUNDS_SOLAR_FLAMES;XIRECS;11549.0;3
85900;BOT_TAKER;BOT_MAKER;SLEEP_POD_SUEDE;XIRECS;11322.0;3
85900;BOT_TAKER;BOT_MAKER;SLEEP_POD_LAMB_WOOL;XIRECS;10429.0;3
85900;BOT_TAKER;SUBMISSION;SLEEP_POD_POLYESTER;XIRECS;11709.0;3
85900;BOT_TAKER;SUBMISSION;SLEEP_POD_NYLON;XIRECS;9060.0;3
85900;BOT_TAKER;SUBMISSION;SLEEP_POD_COTTON;XIRECS;11376.0;3
85900;BOT_TAKER;BOT_MAKER;ROBOT_VACUUMING;XIRECS;9826.0;3
85900;BOT_TAKER;SUBMISSION;ROBOT_MOPPING;XIRECS;9870.0;3
85900;BOT_TAKER;SUBMISSION;ROBOT_DISHES;XIRECS;10055.0;3
85900;BOT_TAKER;BOT_MAKER;ROBOT_LAUNDRY;XIRECS;10149.0;3
85900;BOT_TAKER;SUBMISSION;ROBOT_IRONING;XIRECS;9046.0;3
85900;BOT_TAKER;SUBMISSION;UV_VISOR_YELLOW;XIRECS;11293.0;3
85900;BOT_TAKER;SUBMISSION;UV_VISOR_AMBER;XIRECS;8266.0;3
85900;BOT_TAKER;SUBMISSION;UV_VISOR_ORANGE;XIRECS;10568.0;3
85900;BOT_TAKER;BOT_MAKER;UV_VISOR_RED;XIRECS;10599.0;3
85900;BOT_TAKER;SUBMISSION;UV_VISOR_MAGENTA;XIRECS;11451.0;3
85900;BOT_TAKER;SUBMISSION;TRANSLATOR_SPACE_GRAY;XIRECS;9953.0;3
85900;BOT_TAKER;BOT_MAKER;TRANSLATOR_ASTRO_BLACK;XIRECS;9214.0;3
85900;BOT_TAKER;BOT_MAKER;TRANSLATOR_ECLIPSE_CHARCOAL;XIRECS;9972.0;3
85900;BOT_TAKER;SUBMISSION;TRANSLATOR_GRAPHITE_MIST;XIRECS;9126.0;3
85900;BOT_TAKER;BOT_MAKER;TRANSLATOR_VOID_BLUE;XIRECS;11012.0;3
85900;BOT_TAKER;SUBMISSION;PANEL_1X2;XIRECS;8193.0;3
85900;BOT_TAKER;SUBMISSION;PANEL_2X2;XIRECS;10053.0;3
85900;BOT_TAKER;SUBMISSION;PANEL_1X4;XIRECS;10742.0;3
85900;BOT_TAKER;BOT_MAKER;PANEL_2X4;XIRECS;10626.0;3
85900;BOT_TAKER;SUBMISSION;PANEL_4X4;XIRECS;10090.0;3
85900;BOT_TAKER;SUBMISSION;OXYGEN_SHAKE_MORNING_BREATH;XIRECS;11096.0;3
85900;BOT_TAKER;SUBMISSION;OXYGEN_SHAKE_EVENING_BREATH;XIRECS;8848.0;3
85900;BOT_TAKER;SUBMISSION;OXYGEN_SHAKE_MINT;XIRECS;10495.0;3
85900;BOT_TAKER;BOT_MAKER;OXYGEN_SHAKE_CHOCOLATE;XIRECS;9898.0;3
85900;BOT_TAKER;SUBMISSION;OXYGEN_SHAKE_GARLIC;XIRECS;11623.0;3
85900;BOT_TAKER;BOT_MAKER;SNACKPACK_CHOCOLATE;XIRECS;9787.0;3
85900;BOT_TAKER;BOT_MAKER;SNACKPACK_VANILLA;XIRECS;10166.0;3
85900;BOT_TAKER;BOT_MAKER;SNACKPACK_PISTACHIO;XIRECS;9393.0;3
85900;BOT_TAKER;SUBMISSION;SNACKPACK_STRAWBERRY;XIRECS;10501.0;3
85900;BOT_TAKER;BOT_MAKER;SNACKPACK_RASPBERRY;XIRECS;10259.0;3
91100;SUBMISSION;BOT_TAKER;MICROCHIP_CIRCLE;XIRECS;8621.0;2
91100;BOT_MAKER;BOT_TAKER;MICROCHIP_CIRCLE;XIRECS;8620.0;1
91100;SUBMISSION;BOT_TAKER;MICROCHIP_OVAL;XIRECS;8881.0;2
91100;BOT_MAKER;BOT_TAKER;MICROCHIP_OVAL;XIRECS;8880.0;1
91100;SUBMISSION;BOT_TAKER;MICROCHIP_SQUARE;XIRECS;14462.0;2
91100;BOT_MAKER;BOT_TAKER;MICROCHIP_SQUARE;XIRECS;14461.0;1
91100;BOT_MAKER;BOT_TAKER;MICROCHIP_RECTANGLE;XIRECS;8594.0;3
91100;BOT_MAKER;BOT_TAKER;MICROCHIP_TRIANGLE;XIRECS;10704.0;3
95200;BOT_TAKER;SUBMISSION;PEBBLES_XS;XIRECS;8002.0;2
95200;BOT_TAKER;BOT_MAKER;PEBBLES_XS;XIRECS;8003.0;2
95200;BOT_TAKER;BOT_MAKER;PEBBLES_S;XIRECS;9053.0;4
95200;BOT_TAKER;SUBMISSION;PEBBLES_M;XIRECS;10134.0;4
95200;BOT_TAKER;SUBMISSION;PEBBLES_L;XIRECS;10194.0;2
95200;BOT_TAKER;BOT_MAKER;PEBBLES_L;XIRECS;10195.0;2
95200;BOT_TAKER;BOT_MAKER;PEBBLES_XL;XIRECS;12645.0;4
96800;SUBMISSION;BOT_TAKER;MICROCHIP_CIRCLE;XIRECS;8654.0;2
96800;BOT_MAKER;BOT_TAKER;MICROCHIP_CIRCLE;XIRECS;8653.0;1
96800;SUBMISSION;BOT_TAKER;MICROCHIP_OVAL;XIRECS;8738.0;2
96800;BOT_MAKER;BOT_TAKER;MICROCHIP_OVAL;XIRECS;8737.0;1
96800;SUBMISSION;BOT_TAKER;MICROCHIP_SQUARE;XIRECS;14597.0;2
96800;BOT_MAKER;BOT_TAKER;MICROCHIP_SQUARE;XIRECS;14596.0;1
96800;BOT_MAKER;BOT_TAKER;MICROCHIP_RECTANGLE;XIRECS;8605.0;3
96800;BOT_MAKER;BOT_TAKER;MICROCHIP_TRIANGLE;XIRECS;10734.0;3
97900;SUBMISSION;BOT_TAKER;PEBBLES_XS;XIRECS;7902.0;3
97900;SUBMISSION;BOT_TAKER;PEBBLES_S;XIRECS;8924.0;3
97900;BOT_MAKER;BOT_TAKER;PEBBLES_M;XIRECS;10101.0;3
97900;SUBMISSION;BOT_TAKER;PEBBLES_L;XIRECS;10147.0;3
97900;SUBMISSION;BOT_TAKER;PEBBLES_XL;XIRECS;12899.0;3
101100;BOT_TAKER;SUBMISSION;PEBBLES_XS;XIRECS;7873.0;2
101100;BOT_TAKER;BOT_MAKER;PEBBLES_XS;XIRECS;7874.0;1
101100;BOT_TAKER;BOT_MAKER;PEBBLES_S;XIRECS;8927.0;3
101100;BOT_TAKER;SUBMISSION;PEBBLES_M;XIRECS;10134.0;3
101100;BOT_TAKER;SUBMISSION;PEBBLES_L;XIRECS;10301.0;2
101100;BOT_TAKER;BOT_MAKER;PEBBLES_L;XIRECS;10302.0;1
101100;BOT_TAKER;BOT_MAKER;PEBBLES_XL;XIRECS;12793.0;3
104000;BOT_TAKER;SUBMISSION;PEBBLES_XS;XIRECS;7845.0;2
104000;BOT_TAKER;BOT_MAKER;PEBBLES_S;XIRECS;8948.0;2
104000;BOT_TAKER;SUBMISSION;PEBBLES_M;XIRECS;10273.0;2
104000;BOT_TAKER;SUBMISSION;PEBBLES_L;XIRECS;10326.0;2
104000;BOT_TAKER;BOT_MAKER;PEBBLES_XL;XIRECS;12635.0;2
104800;BOT_TAKER;BOT_MAKER;GALAXY_SOUNDS_DARK_MATTER;XIRECS;10083.0;3
104800;BOT_TAKER;SUBMISSION;GALAXY_SOUNDS_BLACK_HOLES;XIRECS;11290.0;3
104800;BOT_TAKER;SUBMISSION;GALAXY_SOUNDS_PLANETARY_RINGS;XIRECS;11140.0;3
104800;BOT_TAKER;SUBMISSION;GALAXY_SOUNDS_SOLAR_WINDS;XIRECS;9875.0;3
104800;BOT_TAKER;SUBMISSION;GALAXY_SOUNDS_SOLAR_FLAMES;XIRECS;11558.0;3
104800;BOT_TAKER;BOT_MAKER;SLEEP_POD_SUEDE;XIRECS;11438.0;3
104800;BOT_TAKER;BOT_MAKER;SLEEP_POD_LAMB_WOOL;XIRECS;10451.0;3
104800;BOT_TAKER;SUBMISSION;SLEEP_POD_POLYESTER;XIRECS;11939.0;3
104800;BOT_TAKER;SUBMISSION;SLEEP_POD_NYLON;XIRECS;8948.0;3
104800;BOT_TAKER;SUBMISSION;SLEEP_POD_COTTON;XIRECS;11552.0;3
104800;BOT_TAKER;BOT_MAKER;ROBOT_VACUUMING;XIRECS;9739.0;3
104800;BOT_TAKER;SUBMISSION;ROBOT_MOPPING;XIRECS;9942.0;3
104800;BOT_TAKER;SUBMISSION;ROBOT_DISHES;XIRECS;9998.0;3
104800;BOT_TAKER;BOT_MAKER;ROBOT_LAUNDRY;XIRECS;10107.0;3
104800;BOT_TAKER;SUBMISSION;ROBOT_IRONING;XIRECS;9222.0;3
104800;BOT_TAKER;SUBMISSION;UV_VISOR_YELLOW;XIRECS;11199.0;3
104800;BOT_TAKER;SUBMISSION;UV_VISOR_AMBER;XIRECS;8183.0;3
104800;BOT_TAKER;SUBMISSION;UV_VISOR_ORANGE;XIRECS;10608.0;3
104800;BOT_TAKER;BOT_MAKER;UV_VISOR_RED;XIRECS;10570.0;3
104800;BOT_TAKER;SUBMISSION;UV_VISOR_MAGENTA;XIRECS;11516.0;1
104800;BOT_TAKER;BOT_MAKER;UV_VISOR_MAGENTA;XIRECS;11517.0;2
104800;BOT_TAKER;SUBMISSION;TRANSLATOR_SPACE_GRAY;XIRECS;10156.0;3
104800;BOT_TAKER;BOT_MAKER;TRANSLATOR_ASTRO_BLACK;XIRECS;9185.0;3
104800;BOT_TAKER;SUBMISSION;TRANSLATOR_ECLIPSE_CHARCOAL;XIRECS;10256.0;3
104800;BOT_TAKER;SUBMISSION;TRANSLATOR_GRAPHITE_MIST;XIRECS;8864.0;3
104800;BOT_TAKER;BOT_MAKER;TRANSLATOR_VOID_BLUE;XIRECS;10916.0;3
104800;BOT_TAKER;SUBMISSION;PANEL_1X2;XIRECS;8166.0;3
104800;BOT_TAKER;SUBMISSION;PANEL_2X2;XIRECS;10025.0;3
104800;BOT_TAKER;SUBMISSION;PANEL_1X4;XIRECS;10737.0;3
104800;BOT_TAKER;BOT_MAKER;PANEL_2X4;XIRECS;10559.0;3
104800;BOT_TAKER;SUBMISSION;PANEL_4X4;XIRECS;10120.0;3
104800;BOT_TAKER;SUBMISSION;OXYGEN_SHAKE_MORNING_BREATH;XIRECS;11260.0;3
104800;BOT_TAKER;SUBMISSION;OXYGEN_SHAKE_EVENING_BREATH;XIRECS;8897.0;3
104800;BOT_TAKER;SUBMISSION;OXYGEN_SHAKE_MINT;XIRECS;10553.0;3
104800;BOT_TAKER;BOT_MAKER;OXYGEN_SHAKE_CHOCOLATE;XIRECS;9917.0;3
104800;BOT_TAKER;SUBMISSION;OXYGEN_SHAKE_GARLIC;XIRECS;11543.0;3
104800;BOT_TAKER;SUBMISSION;SNACKPACK_CHOCOLATE;XIRECS;9997.0;3
104800;BOT_TAKER;BOT_MAKER;SNACKPACK_VANILLA;XIRECS;9920.0;3
104800;BOT_TAKER;BOT_MAKER;SNACKPACK_PISTACHIO;XIRECS;9380.0;3
104800;BOT_TAKER;SUBMISSION;SNACKPACK_STRAWBERRY;XIRECS;10518.0;3
104800;BOT_TAKER;BOT_MAKER;SNACKPACK_RASPBERRY;XIRECS;10281.0;3
106100;BOT_MAKER;BOT_TAKER;GALAXY_SOUNDS_DARK_MATTER;XIRECS;10036.0;1
106100;SUBMISSION;BOT_TAKER;GALAXY_SOUNDS_BLACK_HOLES;XIRECS;11316.0;1
106100;SUBMISSION;BOT_TAKER;GALAXY_SOUNDS_PLANETARY_RINGS;XIRECS;11134.0;1
106100;SUBMISSION;BOT_TAKER;GALAXY_SOUNDS_SOLAR_WINDS;XIRECS;9892.0;1
106100;BOT_MAKER;BOT_TAKER;GALAXY_SOUNDS_SOLAR_FLAMES;XIRECS;11602.0;1
106100;BOT_MAKER;BOT_TAKER;SLEEP_POD_SUEDE;XIRECS;11456.0;1
106100;SUBMISSION;BOT_TAKER;SLEEP_POD_LAMB_WOOL;XIRECS;10368.0;1
106100;SUBMISSION;BOT_TAKER;SLEEP_POD_POLYESTER;XIRECS;11843.0;1
106100;BOT_MAKER;BOT_TAKER;SLEEP_POD_NYLON;XIRECS;8941.0;1
106100;SUBMISSION;BOT_TAKER;SLEEP_POD_COTTON;XIRECS;11502.0;1
106100;BOT_MAKER;BOT_TAKER;ROBOT_VACUUMING;XIRECS;9754.0;1
106100;SUBMISSION;BOT_TAKER;ROBOT_MOPPING;XIRECS;9916.0;1
106100;BOT_MAKER;BOT_TAKER;ROBOT_DISHES;XIRECS;10032.0;1
106100;SUBMISSION;BOT_TAKER;ROBOT_LAUNDRY;XIRECS;10075.0;1
106100;SUBMISSION;BOT_TAKER;ROBOT_IRONING;XIRECS;9148.0;1
106100;SUBMISSION;BOT_TAKER;UV_VISOR_YELLOW;XIRECS;11193.0;1
106100;SUBMISSION;BOT_TAKER;UV_VISOR_AMBER;XIRECS;8197.0;1
106100;SUBMISSION;BOT_TAKER;UV_VISOR_ORANGE;XIRECS;10619.0;1
106100;BOT_MAKER;BOT_TAKER;UV_VISOR_RED;XIRECS;10551.0;1
106100;BOT_MAKER;BOT_TAKER;UV_VISOR_MAGENTA;XIRECS;11457.0;1
106100;SUBMISSION;BOT_TAKER;TRANSLATOR_SPACE_GRAY;XIRECS;10066.0;1
106100;BOT_MAKER;BOT_TAKER;TRANSLATOR_ASTRO_BLACK;XIRECS;9198.0;1
106100;BOT_MAKER;BOT_TAKER;TRANSLATOR_ECLIPSE_CHARCOAL;XIRECS;10294.0;1
106100;SUBMISSION;BOT_TAKER;TRANSLATOR_GRAPHITE_MIST;XIRECS;8920.0;1
106100;BOT_MAKER;BOT_TAKER;TRANSLATOR_VOID_BLUE;XIRECS;10937.0;1
106100;SUBMISSION;BOT_TAKER;PANEL_1X2;XIRECS;8112.0;1
106100;SUBMISSION;BOT_TAKER;PANEL_2X2;XIRECS;10015.0;1
106100;SUBMISSION;BOT_TAKER;PANEL_1X4;XIRECS;10682.0;1
106100;SUBMISSION;BOT_TAKER;PANEL_2X4;XIRECS;10535.0;1
106100;SUBMISSION;BOT_TAKER;PANEL_4X4;XIRECS;10067.0;1
106100;SUBMISSION;BOT_TAKER;OXYGEN_SHAKE_MORNING_BREATH;XIRECS;11198.0;1
106100;SUBMISSION;BOT_TAKER;OXYGEN_SHAKE_EVENING_BREATH;XIRECS;8910.0;1
106100;SUBMISSION;BOT_TAKER;OXYGEN_SHAKE_MINT;XIRECS;10548.0;1
106100;BOT_MAKER;BOT_TAKER;OXYGEN_SHAKE_CHOCOLATE;XIRECS;9895.0;1
106100;SUBMISSION;BOT_TAKER;OXYGEN_SHAKE_GARLIC;XIRECS;11493.0;1
106100;BOT_MAKER;BOT_TAKER;SNACKPACK_CHOCOLATE;XIRECS;9976.0;1
106100;SUBMISSION;BOT_TAKER;SNACKPACK_VANILLA;XIRECS;9897.0;1
106100;BOT_MAKER;BOT_TAKER;SNACKPACK_PISTACHIO;XIRECS;9375.0;1
106100;BOT_MAKER;BOT_TAKER;SNACKPACK_STRAWBERRY;XIRECS;10521.0;1
106100;SUBMISSION;BOT_TAKER;SNACKPACK_RASPBERRY;XIRECS;10247.0;1
106800;BOT_TAKER;SUBMISSION;PEBBLES_XS;XIRECS;7961.0;2
106800;BOT_TAKER;BOT_MAKER;PEBBLES_XS;XIRECS;7962.0;3
106800;BOT_TAKER;BOT_MAKER;PEBBLES_S;XIRECS;8974.0;5
106800;BOT_TAKER;SUBMISSION;PEBBLES_M;XIRECS;10250.0;2
106800;BOT_TAKER;BOT_MAKER;PEBBLES_M;XIRECS;10251.0;3
106800;BOT_TAKER;SUBMISSION;PEBBLES_L;XIRECS;10344.0;2
106800;BOT_TAKER;BOT_MAKER;PEBBLES_L;XIRECS;10345.0;3
106800;BOT_TAKER;BOT_MAKER;PEBBLES_XL;XIRECS;12499.0;5
107300;BOT_TAKER;BOT_MAKER;PEBBLES_XS;XIRECS;7967.0;2
107300;BOT_TAKER;BOT_MAKER;PEBBLES_S;XIRECS;8953.0;2
107300;BOT_TAKER;BOT_MAKER;PEBBLES_M;XIRECS;10240.0;2
107300;BOT_TAKER;BOT_MAKER;PEBBLES_L;XIRECS;10345.0;2
107300;BOT_TAKER;BOT_MAKER;PEBBLES_XL;XIRECS;12526.0;2
109500;BOT_MAKER;BOT_TAKER;GALAXY_SOUNDS_DARK_MATTER;XIRECS;10099.0;2
109500;SUBMISSION;BOT_TAKER;GALAXY_SOUNDS_BLACK_HOLES;XIRECS;11402.0;2
109500;SUBMISSION;BOT_TAKER;GALAXY_SOUNDS_PLANETARY_RINGS;XIRECS;11137.0;2
109500;SUBMISSION;BOT_TAKER;GALAXY_SOUNDS_SOLAR_WINDS;XIRECS;9804.0;2
109500;BOT_MAKER;BOT_TAKER;GALAXY_SOUNDS_SOLAR_FLAMES;XIRECS;11638.0;2
109500;BOT_MAKER;BOT_TAKER;SLEEP_POD_SUEDE;XIRECS;11429.0;2
109500;SUBMISSION;BOT_TAKER;SLEEP_POD_LAMB_WOOL;XIRECS;10362.0;2
109500;SUBMISSION;BOT_TAKER;SLEEP_POD_POLYESTER;XIRECS;12075.0;2
109500;BOT_MAKER;BOT_TAKER;SLEEP_POD_NYLON;XIRECS;8986.0;2
109500;SUBMISSION;BOT_TAKER;SLEEP_POD_COTTON;XIRECS;11512.0;2
109500;BOT_MAKER;BOT_TAKER;ROBOT_VACUUMING;XIRECS;9800.0;2
109500;SUBMISSION;BOT_TAKER;ROBOT_MOPPING;XIRECS;9986.0;2
109500;SUBMISSION;BOT_TAKER;ROBOT_DISHES;XIRECS;9816.0;2
109500;SUBMISSION;BOT_TAKER;ROBOT_LAUNDRY;XIRECS;10046.0;2
109500;SUBMISSION;BOT_TAKER;ROBOT_IRONING;XIRECS;9006.0;2
109500;SUBMISSION;BOT_TAKER;UV_VISOR_YELLOW;XIRECS;11349.0;2
109500;SUBMISSION;BOT_TAKER;UV_VISOR_AMBER;XIRECS;8156.0;2
109500;SUBMISSION;BOT_TAKER;UV_VISOR_ORANGE;XIRECS;10681.0;2
109500;BOT_MAKER;BOT_TAKER;UV_VISOR_RED;XIRECS;10612.0;2
109500;BOT_MAKER;BOT_TAKER;UV_VISOR_MAGENTA;XIRECS;11466.0;2
109500;SUBMISSION;BOT_TAKER;TRANSLATOR_SPACE_GRAY;XIRECS;10070.0;2
109500;BOT_MAKER;BOT_TAKER;TRANSLATOR_ASTRO_BLACK;XIRECS;9260.0;2
109500;BOT_MAKER;BOT_TAKER;TRANSLATOR_ECLIPSE_CHARCOAL;XIRECS;10201.0;2
109500;SUBMISSION;BOT_TAKER;TRANSLATOR_GRAPHITE_MIST;XIRECS;8877.0;2
109500;BOT_MAKER;BOT_TAKER;TRANSLATOR_VOID_BLUE;XIRECS;10927.0;2
109500;SUBMISSION;BOT_TAKER;PANEL_1X2;XIRECS;8195.0;2
109500;SUBMISSION;BOT_TAKER;PANEL_2X2;XIRECS;10053.0;2
109500;SUBMISSION;BOT_TAKER;PANEL_1X4;XIRECS;10705.0;2
109500;SUBMISSION;BOT_TAKER;PANEL_2X4;XIRECS;10470.0;2
109500;SUBMISSION;BOT_TAKER;PANEL_4X4;XIRECS;10036.0;2
109500;SUBMISSION;BOT_TAKER;OXYGEN_SHAKE_MORNING_BREATH;XIRECS;11236.0;2
109500;SUBMISSION;BOT_TAKER;OXYGEN_SHAKE_EVENING_BREATH;XIRECS;8834.0;2
109500;SUBMISSION;BOT_TAKER;OXYGEN_SHAKE_MINT;XIRECS;10548.0;2
109500;BOT_MAKER;BOT_TAKER;OXYGEN_SHAKE_CHOCOLATE;XIRECS;9912.0;2
109500;SUBMISSION;BOT_TAKER;OXYGEN_SHAKE_GARLIC;XIRECS;11490.0;2
109500;BOT_MAKER;BOT_TAKER;SNACKPACK_CHOCOLATE;XIRECS;9988.0;2
109500;SUBMISSION;BOT_TAKER;SNACKPACK_VANILLA;XIRECS;9878.0;2
109500;BOT_MAKER;BOT_TAKER;SNACKPACK_PISTACHIO;XIRECS;9400.0;2
109500;BOT_MAKER;BOT_TAKER;SNACKPACK_STRAWBERRY;XIRECS;10577.0;2
109500;SUBMISSION;BOT_TAKER;SNACKPACK_RASPBERRY;XIRECS;10190.0;2
109500;BOT_TAKER;BOT_MAKER;PEBBLES_XS;XIRECS;7952.0;3
109500;BOT_TAKER;BOT_MAKER;PEBBLES_S;XIRECS;9036.0;3
109500;BOT_TAKER;BOT_MAKER;PEBBLES_M;XIRECS;10319.0;3
109500;BOT_TAKER;BOT_MAKER;PEBBLES_L;XIRECS;10431.0;3
109500;BOT_TAKER;BOT_MAKER;PEBBLES_XL;XIRECS;12292.0;3
111200;BOT_TAKER;BOT_MAKER;GALAXY_SOUNDS_DARK_MATTER;XIRECS;10083.0;2
111200;BOT_TAKER;SUBMISSION;GALAXY_SOUNDS_BLACK_HOLES;XIRECS;11435.0;2
111200;BOT_TAKER;SUBMISSION;GALAXY_SOUNDS_PLANETARY_RINGS;XIRECS;11145.0;2
111200;BOT_TAKER;SUBMISSION;GALAXY_SOUNDS_SOLAR_WINDS;XIRECS;9849.0;2
111200;BOT_TAKER;SUBMISSION;GALAXY_SOUNDS_SOLAR_FLAMES;XIRECS;11618.0;2
111200;BOT_TAKER;BOT_MAKER;SLEEP_POD_SUEDE;XIRECS;11446.0;2
111200;BOT_TAKER;BOT_MAKER;SLEEP_POD_LAMB_WOOL;XIRECS;10338.0;2
111200;BOT_TAKER;SUBMISSION;SLEEP_POD_POLYESTER;XIRECS;12083.0;2
111200;BOT_TAKER;SUBMISSION;SLEEP_POD_NYLON;XIRECS;9002.0;2
111200;BOT_TAKER;SUBMISSION;SLEEP_POD_COTTON;XIRECS;11594.0;2
111200;BOT_TAKER;BOT_MAKER;ROBOT_VACUUMING;XIRECS;9757.0;2
111200;BOT_TAKER;SUBMISSION;ROBOT_MOPPING;XIRECS;10060.0;2
111200;BOT_TAKER;BOT_MAKER;ROBOT_DISHES;XIRECS;9850.0;2
111200;BOT_TAKER;BOT_MAKER;ROBOT_LAUNDRY;XIRECS;10134.0;2
111200;BOT_TAKER;SUBMISSION;ROBOT_IRONING;XIRECS;8997.0;2
111200;BOT_TAKER;SUBMISSION;UV_VISOR_YELLOW;XIRECS;11308.0;2
111200;BOT_TAKER;SUBMISSION;UV_VISOR_AMBER;XIRECS;8182.0;2
111200;BOT_TAKER;SUBMISSION;UV_VISOR_ORANGE;XIRECS;10694.0;2
111200;BOT_TAKER;BOT_MAKER;UV_VISOR_RED;XIRECS;10647.0;2
111200;BOT_TAKER;BOT_MAKER;UV_VISOR_MAGENTA;XIRECS;11494.0;2
111200;BOT_TAKER;SUBMISSION;TRANSLATOR_SPACE_GRAY;XIRECS;10035.0;2
111200;BOT_TAKER;BOT_MAKER;TRANSLATOR_ASTRO_BLACK;XIRECS;9241.0;2
111200;BOT_TAKER;SUBMISSION;TRANSLATOR_ECLIPSE_CHARCOAL;XIRECS;10227.0;2
111200;BOT_TAKER;SUBMISSION;TRANSLATOR_GRAPHITE_MIST;XIRECS;8881.0;2
111200;BOT_TAKER;BOT_MAKER;TRANSLATOR_VOID_BLUE;XIRECS;10900.0;2
111200;BOT_TAKER;SUBMISSION;PANEL_1X2;XIRECS;8176.0;2
111200;BOT_TAKER;SUBMISSION;PANEL_2X2;XIRECS;10011.0;2
111200;BOT_TAKER;SUBMISSION;PANEL_1X4;XIRECS;10731.0;2
111200;BOT_TAKER;BOT_MAKER;PANEL_2X4;XIRECS;10524.0;2
111200;BOT_TAKER;SUBMISSION;PANEL_4X4;XIRECS;9983.0;2
111200;BOT_TAKER;SUBMISSION;OXYGEN_SHAKE_MORNING_BREATH;XIRECS;11263.0;2
111200;BOT_TAKER;SUBMISSION;OXYGEN_SHAKE_EVENING_BREATH;XIRECS;8963.0;2
111200;BOT_TAKER;SUBMISSION;OXYGEN_SHAKE_MINT;XIRECS;10546.0;2
111200;BOT_TAKER;BOT_MAKER;OXYGEN_SHAKE_CHOCOLATE;XIRECS;9982.0;2
111200;BOT_TAKER;SUBMISSION;OXYGEN_SHAKE_GARLIC;XIRECS;11435.0;2
111200;BOT_TAKER;SUBMISSION;SNACKPACK_CHOCOLATE;XIRECS;9990.0;2
111200;BOT_TAKER;BOT_MAKER;SNACKPACK_VANILLA;XIRECS;9910.0;2
111200;BOT_TAKER;SUBMISSION;SNACKPACK_PISTACHIO;XIRECS;9423.0;2
111200;BOT_TAKER;SUBMISSION;SNACKPACK_STRAWBERRY;XIRECS;10600.0;2
111200;BOT_TAKER;BOT_MAKER;SNACKPACK_RASPBERRY;XIRECS;10195.0;2
113800;BOT_TAKER;BOT_MAKER;GALAXY_SOUNDS_DARK_MATTER;XIRECS;10153.0;3
113800;BOT_TAKER;SUBMISSION;GALAXY_SOUNDS_BLACK_HOLES;XIRECS;11375.0;3
113800;BOT_TAKER;SUBMISSION;GALAXY_SOUNDS_PLANETARY_RINGS;XIRECS;11035.0;3
113800;BOT_TAKER;SUBMISSION;GALAXY_SOUNDS_SOLAR_WINDS;XIRECS;9884.0;3
113800;BOT_TAKER;SUBMISSION;GALAXY_SOUNDS_SOLAR_FLAMES;XIRECS;11593.0;3
113800;BOT_TAKER;BOT_MAKER;SLEEP_POD_SUEDE;XIRECS;11441.0;3
113800;BOT_TAKER;BOT_MAKER;SLEEP_POD_LAMB_WOOL;XIRECS;10381.0;3
113800;BOT_TAKER;SUBMISSION;SLEEP_POD_POLYESTER;XIRECS;12202.0;3
113800;BOT_TAKER;SUBMISSION;SLEEP_POD_NYLON;XIRECS;8970.0;3
113800;BOT_TAKER;SUBMISSION;SLEEP_POD_COTTON;XIRECS;11525.0;3
113800;BOT_TAKER;BOT_MAKER;ROBOT_VACUUMING;XIRECS;9778.0;3
113800;BOT_TAKER;SUBMISSION;ROBOT_MOPPING;XIRECS;10090.0;3
113800;BOT_TAKER;BOT_MAKER;ROBOT_DISHES;XIRECS;9692.0;3
113800;BOT_TAKER;BOT_MAKER;ROBOT_LAUNDRY;XIRECS;10196.0;3
113800;BOT_TAKER;SUBMISSION;ROBOT_IRONING;XIRECS;8966.0;3
113800;BOT_TAKER;SUBMISSION;UV_VISOR_YELLOW;XIRECS;11308.0;3
113800;BOT_TAKER;SUBMISSION;UV_VISOR_AMBER;XIRECS;8212.0;3
113800;BOT_TAKER;SUBMISSION;UV_VISOR_ORANGE;XIRECS;10686.0;3
113800;BOT_TAKER;BOT_MAKER;UV_VISOR_RED;XIRECS;10701.0;3
113800;BOT_TAKER;BOT_MAKER;UV_VISOR_MAGENTA;XIRECS;11528.0;3
113800;BOT_TAKER;SUBMISSION;TRANSLATOR_SPACE_GRAY;XIRECS;9969.0;3
113800;BOT_TAKER;BOT_MAKER;TRANSLATOR_ASTRO_BLACK;XIRECS;9222.0;3
113800;BOT_TAKER;BOT_MAKER;TRANSLATOR_ECLIPSE_CHARCOAL;XIRECS;10151.0;3
113800;BOT_TAKER;SUBMISSION;TRANSLATOR_GRAPHITE_MIST;XIRECS;8840.0;3
113800;BOT_TAKER;BOT_MAKER;TRANSLATOR_VOID_BLUE;XIRECS;10940.0;3
113800;BOT_TAKER;SUBMISSION;PANEL_1X2;XIRECS;8219.0;3
113800;BOT_TAKER;SUBMISSION;PANEL_2X2;XIRECS;10046.0;3
113800;BOT_TAKER;SUBMISSION;PANEL_1X4;XIRECS;10759.0;3
113800;BOT_TAKER;BOT_MAKER;PANEL_2X4;XIRECS;10606.0;3
113800;BOT_TAKER;SUBMISSION;PANEL_4X4;XIRECS;9962.0;3
113800;BOT_TAKER;SUBMISSION;OXYGEN_SHAKE_MORNING_BREATH;XIRECS;11247.0;3
113800;BOT_TAKER;SUBMISSION;OXYGEN_SHAKE_EVENING_BREATH;XIRECS;8959.0;3
113800;BOT_TAKER;SUBMISSION;OXYGEN_SHAKE_MINT;XIRECS;10574.0;3
113800;BOT_TAKER;BOT_MAKER;OXYGEN_SHAKE_CHOCOLATE;XIRECS;9977.0;3
113800;BOT_TAKER;SUBMISSION;OXYGEN_SHAKE_GARLIC;XIRECS;11438.0;3
113800;BOT_TAKER;SUBMISSION;SNACKPACK_CHOCOLATE;XIRECS;10002.0;1
113800;BOT_TAKER;BOT_MAKER;SNACKPACK_CHOCOLATE;XIRECS;10003.0;2
113800;BOT_TAKER;BOT_MAKER;SNACKPACK_VANILLA;XIRECS;9877.0;3
113800;BOT_TAKER;SUBMISSION;SNACKPACK_PISTACHIO;XIRECS;9430.0;3
113800;BOT_TAKER;SUBMISSION;SNACKPACK_STRAWBERRY;XIRECS;10624.0;3
113800;BOT_TAKER;BOT_MAKER;SNACKPACK_RASPBERRY;XIRECS;10158.0;3
115200;SUBMISSION;BOT_TAKER;PEBBLES_XS;XIRECS;7805.0;3
115200;SUBMISSION;BOT_TAKER;PEBBLES_S;XIRECS;8964.0;3
115200;BOT_MAKER;BOT_TAKER;PEBBLES_M;XIRECS;10360.0;3
115200;SUBMISSION;BOT_TAKER;PEBBLES_L;XIRECS;10396.0;3
115200;SUBMISSION;BOT_TAKER;PEBBLES_XL;XIRECS;12449.0;3
117500;SUBMISSION;BOT_TAKER;PEBBLES_XS;XIRECS;7904.0;5
117500;SUBMISSION;BOT_TAKER;PEBBLES_S;XIRECS;8980.0;2
117500;BOT_MAKER;BOT_TAKER;PEBBLES_S;XIRECS;8979.0;3
117500;BOT_MAKER;BOT_TAKER;PEBBLES_M;XIRECS;10266.0;5
117500;SUBMISSION;BOT_TAKER;PEBBLES_L;XIRECS;10517.0;5
117500;SUBMISSION;BOT_TAKER;PEBBLES_XL;XIRECS;12306.0;5
119500;BOT_TAKER;SUBMISSION;PEBBLES_XS;XIRECS;8029.0;2
119500;BOT_TAKER;BOT_MAKER;PEBBLES_XS;XIRECS;8030.0;1
119500;BOT_TAKER;BOT_MAKER;PEBBLES_S;XIRECS;8888.0;3
119500;BOT_TAKER;BOT_MAKER;PEBBLES_M;XIRECS;10261.0;3
119500;BOT_TAKER;SUBMISSION;PEBBLES_L;XIRECS;10451.0;2
119500;BOT_TAKER;BOT_MAKER;PEBBLES_L;XIRECS;10452.0;1
119500;BOT_TAKER;BOT_MAKER;PEBBLES_XL;XIRECS;12400.0;3
120000;SUBMISSION;BOT_TAKER;PEBBLES_XS;XIRECS;8005.0;3
120000;BOT_MAKER;BOT_TAKER;PEBBLES_S;XIRECS;8910.0;3
120000;BOT_MAKER;BOT_TAKER;PEBBLES_M;XIRECS;10301.0;3
120000;SUBMISSION;BOT_TAKER;PEBBLES_L;XIRECS;10424.0;3
120000;SUBMISSION;BOT_TAKER;PEBBLES_XL;XIRECS;12332.0;3
120500;BOT_TAKER;SUBMISSION;MICROCHIP_CIRCLE;XIRECS;8765.0;3
120500;BOT_TAKER;SUBMISSION;MICROCHIP_OVAL;XIRECS;8668.0;3
120500;BOT_TAKER;SUBMISSION;MICROCHIP_SQUARE;XIRECS;14349.0;3
120500;BOT_TAKER;BOT_MAKER;MICROCHIP_RECTANGLE;XIRECS;8761.0;3
120500;BOT_TAKER;SUBMISSION;MICROCHIP_TRIANGLE;XIRECS;10978.0;3
121000;BOT_TAKER;SUBMISSION;MICROCHIP_CIRCLE;XIRECS;8776.0;2
121000;BOT_TAKER;SUBMISSION;MICROCHIP_OVAL;XIRECS;8692.0;2
121000;BOT_TAKER;SUBMISSION;MICROCHIP_SQUARE;XIRECS;14298.0;2
121000;BOT_TAKER;BOT_MAKER;MICROCHIP_RECTANGLE;XIRECS;8765.0;2
121000;BOT_TAKER;SUBMISSION;MICROCHIP_TRIANGLE;XIRECS;10956.0;2
121300;BOT_TAKER;BOT_MAKER;GALAXY_SOUNDS_DARK_MATTER;XIRECS;10149.0;3
121300;BOT_TAKER;SUBMISSION;GALAXY_SOUNDS_BLACK_HOLES;XIRECS;11285.0;3
121300;BOT_TAKER;SUBMISSION;GALAXY_SOUNDS_PLANETARY_RINGS;XIRECS;10838.0;3
121300;BOT_TAKER;SUBMISSION;GALAXY_SOUNDS_SOLAR_WINDS;XIRECS;10001.0;3
121300;BOT_TAKER;SUBMISSION;GALAXY_SOUNDS_SOLAR_FLAMES;XIRECS;11481.0;2
121300;BOT_TAKER;BOT_MAKER;GALAXY_SOUNDS_SOLAR_FLAMES;XIRECS;11482.0;1
121300;BOT_TAKER;BOT_MAKER;SLEEP_POD_SUEDE;XIRECS;11418.0;3
121300;BOT_TAKER;BOT_MAKER;SLEEP_POD_LAMB_WOOL;XIRECS;10266.0;3
121300;BOT_TAKER;SUBMISSION;SLEEP_POD_POLYESTER;XIRECS;12294.0;3
121300;BOT_TAKER;SUBMISSION;SLEEP_POD_NYLON;XIRECS;9068.0;3
121300;BOT_TAKER;SUBMISSION;SLEEP_POD_COTTON;XIRECS;11421.0;3
121300;BOT_TAKER;BOT_MAKER;ROBOT_VACUUMING;XIRECS;9761.0;3
121300;BOT_TAKER;SUBMISSION;ROBOT_MOPPING;XIRECS;10088.0;3
121300;BOT_TAKER;BOT_MAKER;ROBOT_DISHES;XIRECS;9803.0;3
121300;BOT_TAKER;BOT_MAKER;ROBOT_LAUNDRY;XIRECS;10155.0;3
121300;BOT_TAKER;SUBMISSION;ROBOT_IRONING;XIRECS;8953.0;3
121300;BOT_TAKER;SUBMISSION;UV_VISOR_YELLOW;XIRECS;11295.0;3
121300;BOT_TAKER;SUBMISSION;UV_VISOR_AMBER;XIRECS;8157.0;3
121300;BOT_TAKER;SUBMISSION;UV_VISOR_ORANGE;XIRECS;10773.0;3
121300;BOT_TAKER;BOT_MAKER;UV_VISOR_RED;XIRECS;10683.0;3
121300;BOT_TAKER;BOT_MAKER;UV_VISOR_MAGENTA;XIRECS;11546.0;3
121300;BOT_TAKER;SUBMISSION;TRANSLATOR_SPACE_GRAY;XIRECS;9809.0;3
121300;BOT_TAKER;BOT_MAKER;TRANSLATOR_ASTRO_BLACK;XIRECS;9209.0;3
121300;BOT_TAKER;BOT_MAKER;TRANSLATOR_ECLIPSE_CHARCOAL;XIRECS;10093.0;3
121300;BOT_TAKER;SUBMISSION;TRANSLATOR_GRAPHITE_MIST;XIRECS;8929.0;3
121300;BOT_TAKER;BOT_MAKER;TRANSLATOR_VOID_BLUE;XIRECS;10898.0;3
121300;BOT_TAKER;SUBMISSION;PANEL_1X2;XIRECS;8164.0;3
121300;BOT_TAKER;SUBMISSION;PANEL_2X2;XIRECS;10003.0;3
121300;BOT_TAKER;SUBMISSION;PANEL_1X4;XIRECS;10699.0;3
121300;BOT_TAKER;SUBMISSION;PANEL_2X4;XIRECS;10881.0;3
121300;BOT_TAKER;SUBMISSION;PANEL_4X4;XIRECS;10105.0;3
121300;BOT_TAKER;SUBMISSION;OXYGEN_SHAKE_MORNING_BREATH;XIRECS;11300.0;3
121300;BOT_TAKER;SUBMISSION;OXYGEN_SHAKE_EVENING_BREATH;XIRECS;8931.0;3
121300;BOT_TAKER;SUBMISSION;OXYGEN_SHAKE_MINT;XIRECS;10612.0;3
121300;BOT_TAKER;BOT_MAKER;OXYGEN_SHAKE_CHOCOLATE;XIRECS;9884.0;3
121300;BOT_TAKER;SUBMISSION;OXYGEN_SHAKE_GARLIC;XIRECS;11596.0;3
121300;BOT_TAKER;SUBMISSION;SNACKPACK_CHOCOLATE;XIRECS;10044.0;3
121300;BOT_TAKER;BOT_MAKER;SNACKPACK_VANILLA;XIRECS;9856.0;3
121300;BOT_TAKER;SUBMISSION;SNACKPACK_PISTACHIO;XIRECS;9473.0;3
121300;BOT_TAKER;BOT_MAKER;SNACKPACK_STRAWBERRY;XIRECS;10693.0;3
121300;BOT_TAKER;BOT_MAKER;SNACKPACK_RASPBERRY;XIRECS;10097.0;3
122500;BOT_TAKER;SUBMISSION;MICROCHIP_CIRCLE;XIRECS;8779.0;2
122500;BOT_TAKER;SUBMISSION;MICROCHIP_OVAL;XIRECS;8659.0;2
122500;BOT_TAKER;SUBMISSION;MICROCHIP_SQUARE;XIRECS;14322.0;2
122500;BOT_TAKER;BOT_MAKER;MICROCHIP_RECTANGLE;XIRECS;8637.0;2
122500;BOT_TAKER;SUBMISSION;MICROCHIP_TRIANGLE;XIRECS;10979.0;2
123400;BOT_TAKER;SUBMISSION;PEBBLES_XS;XIRECS;8012.0;2
123400;BOT_TAKER;BOT_MAKER;PEBBLES_S;XIRECS;8649.0;2
123400;BOT_TAKER;BOT_MAKER;PEBBLES_M;XIRECS;10397.0;2
123400;BOT_TAKER;SUBMISSION;PEBBLES_L;XIRECS;10554.0;2
123400;BOT_TAKER;BOT_MAKER;PEBBLES_XL;XIRECS;12416.0;2
124900;BOT_TAKER;SUBMISSION;MICROCHIP_CIRCLE;XIRECS;8785.0;2
124900;BOT_TAKER;SUBMISSION;MICROCHIP_OVAL;XIRECS;8571.0;2
124900;BOT_TAKER;SUBMISSION;MICROCHIP_SQUARE;XIRECS;14207.0;2
124900;BOT_TAKER;BOT_MAKER;MICROCHIP_RECTANGLE;XIRECS;8608.0;2
124900;BOT_TAKER;SUBMISSION;MICROCHIP_TRIANGLE;XIRECS;10918.0;2
130700;BOT_TAKER;BOT_MAKER;GALAXY_SOUNDS_DARK_MATTER;XIRECS;10213.0;4
130700;BOT_TAKER;SUBMISSION;GALAXY_SOUNDS_BLACK_HOLES;XIRECS;11412.0;2
130700;BOT_TAKER;BOT_MAKER;GALAXY_SOUNDS_BLACK_HOLES;XIRECS;11413.0;2
130700;BOT_TAKER;SUBMISSION;GALAXY_SOUNDS_PLANETARY_RINGS;XIRECS;10751.0;2
130700;BOT_TAKER;BOT_MAKER;GALAXY_SOUNDS_PLANETARY_RINGS;XIRECS;10752.0;2
130700;BOT_TAKER;SUBMISSION;GALAXY_SOUNDS_SOLAR_WINDS;XIRECS;10110.0;2
130700;BOT_TAKER;BOT_MAKER;GALAXY_SOUNDS_SOLAR_WINDS;XIRECS;10111.0;2
130700;BOT_TAKER;BOT_MAKER;GALAXY_SOUNDS_SOLAR_FLAMES;XIRECS;11525.0;4
130700;BOT_TAKER;BOT_MAKER;SLEEP_POD_SUEDE;XIRECS;11360.0;4
130700;BOT_TAKER;BOT_MAKER;SLEEP_POD_LAMB_WOOL;XIRECS;10245.0;4
130700;BOT_TAKER;SUBMISSION;SLEEP_POD_POLYESTER;XIRECS;12153.0;2
130700;BOT_TAKER;BOT_MAKER;SLEEP_POD_POLYESTER;XIRECS;12154.0;2
130700;BOT_TAKER;SUBMISSION;SLEEP_POD_NYLON;XIRECS;9149.0;4
130700;BOT_TAKER;SUBMISSION;SLEEP_POD_COTTON;XIRECS;11338.0;2
130700;BOT_TAKER;BOT_MAKER;SLEEP_POD_COTTON;XIRECS;11339.0;2
130700;BOT_TAKER;BOT_MAKER;ROBOT_VACUUMING;XIRECS;9707.0;4
130700;BOT_TAKER;SUBMISSION;ROBOT_MOPPING;XIRECS;10120.0;2
130700;BOT_TAKER;BOT_MAKER;ROBOT_MOPPING;XIRECS;10121.0;2
130700;BOT_TAKER;SUBMISSION;ROBOT_DISHES;XIRECS;9917.0;4
130700;BOT_TAKER;BOT_MAKER;ROBOT_LAUNDRY;XIRECS;10126.0;4
130700;BOT_TAKER;SUBMISSION;ROBOT_IRONING;XIRECS;8945.0;2
130700;BOT_TAKER;BOT_MAKER;ROBOT_IRONING;XIRECS;8946.0;2
130700;BOT_TAKER;SUBMISSION;UV_VISOR_YELLOW;XIRECS;11326.0;2
130700;BOT_TAKER;BOT_MAKER;UV_VISOR_YELLOW;XIRECS;11327.0;2
130700;BOT_TAKER;SUBMISSION;UV_VISOR_AMBER;XIRECS;8049.0;2
130700;BOT_TAKER;BOT_MAKER;UV_VISOR_AMBER;XIRECS;8050.0;2
130700;BOT_TAKER;SUBMISSION;UV_VISOR_ORANGE;XIRECS;10825.0;2
130700;BOT_TAKER;BOT_MAKER;UV_VISOR_ORANGE;XIRECS;10826.0;2
130700;BOT_TAKER;BOT_MAKER;UV_VISOR_RED;XIRECS;10684.0;4
130700;BOT_TAKER;BOT_MAKER;UV_VISOR_MAGENTA;XIRECS;11422.0;4
130700;BOT_TAKER;SUBMISSION;TRANSLATOR_SPACE_GRAY;XIRECS;9783.0;2
130700;BOT_TAKER;BOT_MAKER;TRANSLATOR_SPACE_GRAY;XIRECS;9784.0;2
130700;BOT_TAKER;BOT_MAKER;TRANSLATOR_ASTRO_BLACK;XIRECS;9144.0;4
130700;BOT_TAKER;BOT_MAKER;TRANSLATOR_ECLIPSE_CHARCOAL;XIRECS;9933.0;4
130700;BOT_TAKER;SUBMISSION;TRANSLATOR_GRAPHITE_MIST;XIRECS;9031.0;2
130700;BOT_TAKER;BOT_MAKER;TRANSLATOR_GRAPHITE_MIST;XIRECS;9032.0;2
130700;BOT_TAKER;SUBMISSION;TRANSLATOR_VOID_BLUE;XIRECS;11074.0;4
130700;BOT_TAKER;SUBMISSION;PANEL_1X2;XIRECS;8202.0;2
130700;BOT_TAKER;BOT_MAKER;PANEL_1X2;XIRECS;8203.0;2
130700;BOT_TAKER;SUBMISSION;PANEL_2X2;XIRECS;9930.0;2
130700;BOT_TAKER;BOT_MAKER;PANEL_2X2;XIRECS;9931.0;2
130700;BOT_TAKER;SUBMISSION;PANEL_1X4;XIRECS;10792.0;2
130700;BOT_TAKER;BOT_MAKER;PANEL_1X4;XIRECS;10793.0;2
130700;BOT_TAKER;SUBMISSION;PANEL_2X4;XIRECS;11008.0;4
130700;BOT_TAKER;SUBMISSION;PANEL_4X4;XIRECS;10068.0;2
130700;BOT_TAKER;BOT_MAKER;PANEL_4X4;XIRECS;10069.0;2
130700;BOT_TAKER;SUBMISSION;OXYGEN_SHAKE_MORNING_BREATH;XIRECS;11318.0;2
130700;BOT_TAKER;BOT_MAKER;OXYGEN_SHAKE_MORNING_BREATH;XIRECS;11319.0;2
130700;BOT_TAKER;SUBMISSION;OXYGEN_SHAKE_EVENING_BREATH;XIRECS;8979.0;2
130700;BOT_TAKER;BOT_MAKER;OXYGEN_SHAKE_EVENING_BREATH;XIRECS;8980.0;2
130700;BOT_TAKER;SUBMISSION;OXYGEN_SHAKE_MINT;XIRECS;10573.0;2
130700;BOT_TAKER;BOT_MAKER;OXYGEN_SHAKE_MINT;XIRECS;10574.0;2
130700;BOT_TAKER;BOT_MAKER;OXYGEN_SHAKE_CHOCOLATE;XIRECS;9711.0;4
130700;BOT_TAKER;SUBMISSION;OXYGEN_SHAKE_GARLIC;XIRECS;11593.0;2
130700;BOT_TAKER;BOT_MAKER;OXYGEN_SHAKE_GARLIC;XIRECS;11594.0;2
130700;BOT_TAKER;BOT_MAKER;SNACKPACK_CHOCOLATE;XIRECS;10021.0;4
130700;BOT_TAKER;BOT_MAKER;SNACKPACK_VANILLA;XIRECS;9877.0;4
130700;BOT_TAKER;SUBMISSION;SNACKPACK_PISTACHIO;XIRECS;9562.0;4
130700;BOT_TAKER;BOT_MAKER;SNACKPACK_STRAWBERRY;XIRECS;10800.0;4
130700;BOT_TAKER;BOT_MAKER;SNACKPACK_RASPBERRY;XIRECS;9975.0;4
133100;BOT_TAKER;SUBMISSION;MICROCHIP_CIRCLE;XIRECS;8796.0;1
133100;BOT_TAKER;SUBMISSION;MICROCHIP_OVAL;XIRECS;8435.0;1
133100;BOT_TAKER;SUBMISSION;MICROCHIP_SQUARE;XIRECS;14302.0;1
133100;BOT_TAKER;BOT_MAKER;MICROCHIP_RECTANGLE;XIRECS;8670.0;1
133100;BOT_TAKER;SUBMISSION;MICROCHIP_TRIANGLE;XIRECS;10771.0;1
135600;SUBMISSION;BOT_TAKER;MICROCHIP_CIRCLE;XIRECS;8793.0;3
135600;SUBMISSION;BOT_TAKER;MICROCHIP_OVAL;XIRECS;8392.0;3
135600;SUBMISSION;BOT_TAKER;MICROCHIP_SQUARE;XIRECS;14493.0;3
135600;BOT_MAKER;BOT_TAKER;MICROCHIP_RECTANGLE;XIRECS;8715.0;3
135600;BOT_MAKER;BOT_TAKER;MICROCHIP_TRIANGLE;XIRECS;10812.0;3
135900;SUBMISSION;BOT_TAKER;PEBBLES_XS;XIRECS;7937.0;2
135900;BOT_MAKER;BOT_TAKER;PEBBLES_S;XIRECS;8804.0;2
135900;BOT_MAKER;BOT_TAKER;PEBBLES_M;XIRECS;10522.0;2
135900;SUBMISSION;BOT_TAKER;PEBBLES_L;XIRECS;10733.0;2
135900;SUBMISSION;BOT_TAKER;PEBBLES_XL;XIRECS;11977.0;2
136100;SUBMISSION;BOT_TAKER;PEBBLES_XS;XIRECS;7916.0;4
136100;BOT_MAKER;BOT_TAKER;PEBBLES_S;XIRECS;8779.0;4
136100;BOT_MAKER;BOT_TAKER;PEBBLES_M;XIRECS;10495.0;4
136100;SUBMISSION;BOT_TAKER;PEBBLES_L;XIRECS;10711.0;4
136100;SUBMISSION;BOT_TAKER;PEBBLES_XL;XIRECS;12071.0;4
136400;BOT_MAKER;BOT_TAKER;GALAXY_SOUNDS_DARK_MATTER;XIRECS;10286.0;2
136400;SUBMISSION;BOT_TAKER;GALAXY_SOUNDS_BLACK_HOLES;XIRECS;11406.0;2
136400;SUBMISSION;BOT_TAKER;GALAXY_SOUNDS_PLANETARY_RINGS;XIRECS;10690.0;2
136400;SUBMISSION;BOT_TAKER;GALAXY_SOUNDS_SOLAR_WINDS;XIRECS;10246.0;2
136400;BOT_MAKER;BOT_TAKER;GALAXY_SOUNDS_SOLAR_FLAMES;XIRECS;11526.0;2
136400;BOT_MAKER;BOT_TAKER;SLEEP_POD_SUEDE;XIRECS;11380.0;2
136400;SUBMISSION;BOT_TAKER;SLEEP_POD_LAMB_WOOL;XIRECS;10267.0;2
136400;SUBMISSION;BOT_TAKER;SLEEP_POD_POLYESTER;XIRECS;12237.0;2
136400;BOT_MAKER;BOT_TAKER;SLEEP_POD_NYLON;XIRECS;9122.0;2
136400;SUBMISSION;BOT_TAKER;SLEEP_POD_COTTON;XIRECS;11367.0;2
136400;BOT_MAKER;BOT_TAKER;ROBOT_VACUUMING;XIRECS;9720.0;2
136400;SUBMISSION;BOT_TAKER;ROBOT_MOPPING;XIRECS;10167.0;2
136400;SUBMISSION;BOT_TAKER;ROBOT_DISHES;XIRECS;9716.0;2
136400;SUBMISSION;BOT_TAKER;ROBOT_LAUNDRY;XIRECS;10006.0;2
136400;SUBMISSION;BOT_TAKER;ROBOT_IRONING;XIRECS;9051.0;2
136400;SUBMISSION;BOT_TAKER;UV_VISOR_YELLOW;XIRECS;11339.0;2
136400;SUBMISSION;BOT_TAKER;UV_VISOR_AMBER;XIRECS;8158.0;2
136400;SUBMISSION;BOT_TAKER;UV_VISOR_ORANGE;XIRECS;10745.0;2
136400;BOT_MAKER;BOT_TAKER;UV_VISOR_RED;XIRECS;10616.0;2
136400;SUBMISSION;BOT_TAKER;UV_VISOR_MAGENTA;XIRECS;11283.0;2
136400;SUBMISSION;BOT_TAKER;TRANSLATOR_SPACE_GRAY;XIRECS;9635.0;2
136400;BOT_MAKER;BOT_TAKER;TRANSLATOR_ASTRO_BLACK;XIRECS;9155.0;2
136400;SUBMISSION;BOT_TAKER;TRANSLATOR_ECLIPSE_CHARCOAL;XIRECS;9994.0;2
136400;SUBMISSION;BOT_TAKER;TRANSLATOR_GRAPHITE_MIST;XIRECS;8898.0;2
136400;BOT_MAKER;BOT_TAKER;TRANSLATOR_VOID_BLUE;XIRECS;11037.0;2
136400;SUBMISSION;BOT_TAKER;PANEL_1X2;XIRECS;8212.0;2
136400;SUBMISSION;BOT_TAKER;PANEL_2X2;XIRECS;9903.0;2
136400;SUBMISSION;BOT_TAKER;PANEL_1X4;XIRECS;10898.0;2
136400;BOT_MAKER;BOT_TAKER;PANEL_2X4;XIRECS;11072.0;2
136400;SUBMISSION;BOT_TAKER;PANEL_4X4;XIRECS;9932.0;2
136400;SUBMISSION;BOT_TAKER;OXYGEN_SHAKE_MORNING_BREATH;XIRECS;11242.0;2
136400;SUBMISSION;BOT_TAKER;OXYGEN_SHAKE_EVENING_BREATH;XIRECS;8945.0;2
136400;SUBMISSION;BOT_TAKER;OXYGEN_SHAKE_MINT;XIRECS;10421.0;2
136400;BOT_MAKER;BOT_TAKER;OXYGEN_SHAKE_CHOCOLATE;XIRECS;9761.0;2
136400;SUBMISSION;BOT_TAKER;OXYGEN_SHAKE_GARLIC;XIRECS;11600.0;2
136400;BOT_MAKER;BOT_TAKER;SNACKPACK_CHOCOLATE;XIRECS;10030.0;2
136400;SUBMISSION;BOT_TAKER;SNACKPACK_VANILLA;XIRECS;9836.0;2
136400;BOT_MAKER;BOT_TAKER;SNACKPACK_PISTACHIO;XIRECS;9536.0;2
136400;BOT_MAKER;BOT_TAKER;SNACKPACK_STRAWBERRY;XIRECS;10798.0;2
136400;SUBMISSION;BOT_TAKER;SNACKPACK_RASPBERRY;XIRECS;9959.0;2
140000;BOT_TAKER;BOT_MAKER;GALAXY_SOUNDS_DARK_MATTER;XIRECS;10190.0;1
140000;BOT_TAKER;SUBMISSION;GALAXY_SOUNDS_BLACK_HOLES;XIRECS;11395.0;1
140000;BOT_TAKER;SUBMISSION;GALAXY_SOUNDS_PLANETARY_RINGS;XIRECS;10708.0;1
140000;BOT_TAKER;SUBMISSION;GALAXY_SOUNDS_SOLAR_WINDS;XIRECS;10238.0;1
140000;BOT_TAKER;BOT_MAKER;GALAXY_SOUNDS_SOLAR_FLAMES;XIRECS;11513.0;1
140000;BOT_TAKER;BOT_MAKER;SLEEP_POD_SUEDE;XIRECS;11302.0;1
140000;BOT_TAKER;BOT_MAKER;SLEEP_POD_LAMB_WOOL;XIRECS;10276.0;1
140000;BOT_TAKER;SUBMISSION;SLEEP_POD_POLYESTER;XIRECS;12276.0;1
140000;BOT_TAKER;SUBMISSION;SLEEP_POD_NYLON;XIRECS;9287.0;1
140000;BOT_TAKER;SUBMISSION;SLEEP_POD_COTTON;XIRECS;11377.0;1
140000;BOT_TAKER;BOT_MAKER;ROBOT_VACUUMING;XIRECS;9732.0;1
140000;BOT_TAKER;SUBMISSION;ROBOT_MOPPING;XIRECS;10043.0;1
140000;BOT_TAKER;BOT_MAKER;ROBOT_DISHES;XIRECS;9705.0;1
140000;BOT_TAKER;BOT_MAKER;ROBOT_LAUNDRY;XIRECS;10043.0;1
140000;BOT_TAKER;SUBMISSION;ROBOT_IRONING;XIRECS;9061.0;1
140000;BOT_TAKER;SUBMISSION;UV_VISOR_YELLOW;XIRECS;11277.0;1
140000;BOT_TAKER;SUBMISSION;UV_VISOR_AMBER;XIRECS;8119.0;1
140000;BOT_TAKER;SUBMISSION;UV_VISOR_ORANGE;XIRECS;10823.0;1
140000;BOT_TAKER;BOT_MAKER;UV_VISOR_RED;XIRECS;10535.0;1
140000;BOT_TAKER;BOT_MAKER;UV_VISOR_MAGENTA;XIRECS;11241.0;1
140000;BOT_TAKER;SUBMISSION;TRANSLATOR_SPACE_GRAY;XIRECS;9675.0;1
140000;BOT_TAKER;BOT_MAKER;TRANSLATOR_ASTRO_BLACK;XIRECS;9140.0;1
140000;BOT_TAKER;BOT_MAKER;TRANSLATOR_ECLIPSE_CHARCOAL;XIRECS;9974.0;1
