timestamp;buyer;seller;symbol;currency;price;quantity
1300;BOT_TAKER;SUBMISSION;MICROCHIP_CIRCLE;XIRECS;8524.0;3
1300;BOT_TAKER;SUBMISSION;MICROCHIP_OVAL;XIRECS;7490.0;3
1300;BOT_TAKER;SUBMISSION;MICROCHIP_SQUARE;XIRECS;15948.0;3
1300;BOT_TAKER;BOT_MAKER;MICROCHIP_RECTANGLE;XIRECS;7828.0;3
1300;BOT_TAKER;BOT_MAKER;MICROCHIP_TRIANGLE;XIRECS;9004.0;3
2100;BOT_TAKER;SUBMISSION;PEBBLES_XS;XIRECS;6900.0;3
2100;BOT_TAKER;BOT_MAKER;PEBBLES_S;XIRECS;8933.0;3
2100;BOT_TAKER;SUBMISSION;PEBBLES_M;XIRECS;11086.0;3
2100;BOT_TAKER;SUBMISSION;PEBBLES_L;XIRECS;11079.0;3
2100;BOT_TAKER;BOT_MAKER;PEBBLES_XL;XIRECS;12031.0;3
2900;SUBMISSION;BOT_TAKER;MICROCHIP_CIRCLE;XIRECS;8529.0;3
2900;SUBMISSION;BOT_TAKER;MICROCHIP_OVAL;XIRECS;7515.0;3
2900;SUBMISSION;BOT_TAKER;MICROCHIP_SQUARE;XIRECS;15890.0;3
2900;BOT_MAKER;BOT_TAKER;MICROCHIP_RECTANGLE;XIRECS;7826.0;3
2900;SUBMISSION;BOT_TAKER;MICROCHIP_TRIANGLE;XIRECS;8993.0;3
4200;BOT_TAKER;SUBMISSION;MICROCHIP_CIRCLE;XIRECS;8489.0;1
4200;BOT_TAKER;SUBMISSION;MICROCHIP_OVAL;XIRECS;7521.0;1
4200;BOT_TAKER;SUBMISSION;MICROCHIP_SQUARE;XIRECS;15936.0;1
4200;BOT_TAKER;BOT_MAKER;MICROCHIP_RECTANGLE;XIRECS;7777.0;1
4200;BOT_TAKER;BOT_MAKER;MICROCHIP_TRIANGLE;XIRECS;8881.0;1
5800;SUBMISSION;BOT_TAKER;PEBBLES_XS;XIRECS;7096.0;5
5800;SUBMISSION;BOT_TAKER;PEBBLES_S;XIRECS;8858.0;5
5800;BOT_MAKER;BOT_TAKER;PEBBLES_M;XIRECS;11120.0;5
5800;SUBMISSION;BOT_TAKER;PEBBLES_L;XIRECS;11107.0;5
5800;SUBMISSION;BOT_TAKER;PEBBLES_XL;XIRECS;11792.0;5
6400;BOT_TAKER;SUBMISSION;PEBBLES_XS;XIRECS;7062.0;2
6400;BOT_TAKER;BOT_MAKER;PEBBLES_S;XIRECS;8841.0;2
6400;BOT_TAKER;BOT_MAKER;PEBBLES_M;XIRECS;11059.0;2
6400;BOT_TAKER;SUBMISSION;PEBBLES_L;XIRECS;11094.0;2
6400;BOT_TAKER;BOT_MAKER;PEBBLES_XL;XIRECS;11973.0;2
7200;SUBMISSION;BOT_TAKER;PEBBLES_XS;XIRECS;6993.0;4
7200;SUBMISSION;BOT_TAKER;PEBBLES_S;XIRECS;8891.0;4
7200;SUBMISSION;BOT_TAKER;PEBBLES_M;XIRECS;11022.0;4
7200;SUBMISSION;BOT_TAKER;PEBBLES_L;XIRECS;11071.0;4
7200;SUBMISSION;BOT_TAKER;PEBBLES_XL;XIRECS;11998.0;1
7200;BOT_MAKER;BOT_TAKER;PEBBLES_XL;XIRECS;11997.0;3
10900;BOT_TAKER;SUBMISSION;PEBBLES_XS;XIRECS;6929.0;2
10900;BOT_TAKER;BOT_MAKER;PEBBLES_S;XIRECS;8769.0;2
10900;BOT_TAKER;SUBMISSION;PEBBLES_M;XIRECS;11131.0;2
10900;BOT_TAKER;SUBMISSION;PEBBLES_L;XIRECS;11166.0;2
10900;BOT_TAKER;SUBMISSION;PEBBLES_XL;XIRECS;12031.0;2
13500;SUBMISSION;BOT_TAKER;MICROCHIP_CIRCLE;XIRECS;8506.0;2
13500;SUBMISSION;BOT_TAKER;MICROCHIP_OVAL;XIRECS;7462.0;2
13500;SUBMISSION;BOT_TAKER;MICROCHIP_SQUARE;XIRECS;15999.0;2
13500;SUBMISSION;BOT_TAKER;MICROCHIP_RECTANGLE;XIRECS;7732.0;2
13500;SUBMISSION;BOT_TAKER;MICROCHIP_TRIANGLE;XIRECS;8817.0;2
16700;SUBMISSION;BOT_TAKER;PEBBLES_XS;XIRECS;6830.0;2
16700;BOT_MAKER;BOT_TAKER;PEBBLES_XS;XIRECS;6829.0;2
16700;SUBMISSION;BOT_TAKER;PEBBLES_S;XIRECS;8757.0;1
16700;BOT_MAKER;BOT_TAKER;PEBBLES_S;XIRECS;8756.0;3
16700;BOT_MAKER;BOT_TAKER;PEBBLES_M;XIRECS;11155.0;4
16700;SUBMISSION;BOT_TAKER;PEBBLES_L;XIRECS;11067.0;2
16700;BOT_MAKER;BOT_TAKER;PEBBLES_L;XIRECS;11066.0;2
16700;BOT_MAKER;BOT_TAKER;PEBBLES_XL;XIRECS;12163.0;4
19900;BOT_MAKER;BOT_TAKER;GALAXY_SOUNDS_DARK_MATTER;XIRECS;10890.0;4
19900;SUBMISSION;BOT_TAKER;GALAXY_SOUNDS_BLACK_HOLES;XIRECS;12160.0;4
19900;SUBMISSION;BOT_TAKER;GALAXY_SOUNDS_PLANETARY_RINGS;XIRECS;11205.0;4
19900;SUBMISSION;BOT_TAKER;GALAXY_SOUNDS_SOLAR_WINDS;XIRECS;10838.0;4
19900;BOT_MAKER;BOT_TAKER;GALAXY_SOUNDS_SOLAR_FLAMES;XIRECS;10669.0;4
19900;SUBMISSION;BOT_TAKER;SLEEP_POD_SUEDE;XIRECS;12013.0;4
19900;BOT_MAKER;BOT_TAKER;SLEEP_POD_LAMB_WOOL;XIRECS;10899.0;4
19900;SUBMISSION;BOT_TAKER;SLEEP_POD_POLYESTER;XIRECS;12619.0;4
19900;BOT_MAKER;BOT_TAKER;SLEEP_POD_NYLON;XIRECS;9840.0;4
19900;SUBMISSION;BOT_TAKER;SLEEP_POD_COTTON;XIRECS;12106.0;4
19900;BOT_MAKER;BOT_TAKER;ROBOT_VACUUMING;XIRECS;8662.0;4
19900;SUBMISSION;BOT_TAKER;ROBOT_MOPPING;XIRECS;12104.0;4
19900;BOT_MAKER;BOT_TAKER;ROBOT_DISHES;XIRECS;10472.0;4
19900;SUBMISSION;BOT_TAKER;ROBOT_LAUNDRY;XIRECS;9463.0;2
19900;BOT_MAKER;BOT_TAKER;ROBOT_LAUNDRY;XIRECS;9462.0;2
19900;SUBMISSION;BOT_TAKER;ROBOT_IRONING;XIRECS;7357.0;4
19900;SUBMISSION;BOT_TAKER;UV_VISOR_YELLOW;XIRECS;11997.0;4
19900;SUBMISSION;BOT_TAKER;UV_VISOR_AMBER;XIRECS;7330.0;4
19900;SUBMISSION;BOT_TAKER;UV_VISOR_ORANGE;XIRECS;10570.0;4
19900;BOT_MAKER;BOT_TAKER;UV_VISOR_RED;XIRECS;11185.0;4
19900;BOT_MAKER;BOT_TAKER;UV_VISOR_MAGENTA;XIRECS;11609.0;4
19900;SUBMISSION;BOT_TAKER;TRANSLATOR_SPACE_GRAY;XIRECS;10017.0;4
19900;BOT_MAKER;BOT_TAKER;TRANSLATOR_ASTRO_BLACK;XIRECS;9170.0;4
19900;SUBMISSION;BOT_TAKER;TRANSLATOR_ECLIPSE_CHARCOAL;XIRECS;9338.0;4
19900;SUBMISSION;BOT_TAKER;TRANSLATOR_GRAPHITE_MIST;XIRECS;11203.0;4
19900;BOT_MAKER;BOT_TAKER;TRANSLATOR_VOID_BLUE;XIRECS;11021.0;4
19900;SUBMISSION;BOT_TAKER;PANEL_1X2;XIRECS;8684.0;4
19900;SUBMISSION;BOT_TAKER;PANEL_2X2;XIRECS;9340.0;4
19900;SUBMISSION;BOT_TAKER;PANEL_1X4;XIRECS;8497.0;4
19900;BOT_MAKER;BOT_TAKER;PANEL_2X4;XIRECS;11514.0;4
19900;SUBMISSION;BOT_TAKER;PANEL_4X4;XIRECS;10332.0;4
19900;SUBMISSION;BOT_TAKER;OXYGEN_SHAKE_MORNING_BREATH;XIRECS;9589.0;4
19900;SUBMISSION;BOT_TAKER;OXYGEN_SHAKE_EVENING_BREATH;XIRECS;9171.0;4
19900;SUBMISSION;BOT_TAKER;OXYGEN_SHAKE_MINT;XIRECS;9621.0;4
19900;SUBMISSION;BOT_TAKER;OXYGEN_SHAKE_CHOCOLATE;XIRECS;9248.0;4
19900;SUBMISSION;BOT_TAKER;OXYGEN_SHAKE_GARLIC;XIRECS;12133.0;4
19900;SUBMISSION;BOT_TAKER;SNACKPACK_CHOCOLATE;XIRECS;9740.0;4
19900;BOT_MAKER;BOT_TAKER;SNACKPACK_VANILLA;XIRECS;10103.0;4
19900;BOT_MAKER;BOT_TAKER;SNACKPACK_PISTACHIO;XIRECS;9421.0;4
19900;BOT_MAKER;BOT_TAKER;SNACKPACK_STRAWBERRY;XIRECS;10868.0;4
19900;SUBMISSION;BOT_TAKER;SNACKPACK_RASPBERRY;XIRECS;10107.0;4
20000;SUBMISSION;BOT_TAKER;PEBBLES_XS;XIRECS;6700.0;2
20000;BOT_MAKER;BOT_TAKER;PEBBLES_XS;XIRECS;6699.0;3
20000;BOT_MAKER;BOT_TAKER;PEBBLES_S;XIRECS;8792.0;5
20000;BOT_MAKER;BOT_TAKER;PEBBLES_M;XIRECS;11146.0;5
20000;SUBMISSION;BOT_TAKER;PEBBLES_L;XIRECS;10981.0;2
20000;BOT_MAKER;BOT_TAKER;PEBBLES_L;XIRECS;10980.0;3
20000;BOT_MAKER;BOT_TAKER;PEBBLES_XL;XIRECS;12352.0;5
21800;SUBMISSION;BOT_TAKER;MICROCHIP_CIRCLE;XIRECS;8621.0;2
21800;SUBMISSION;BOT_TAKER;MICROCHIP_OVAL;XIRECS;7360.0;2
21800;SUBMISSION;BOT_TAKER;MICROCHIP_SQUARE;XIRECS;16002.0;2
21800;SUBMISSION;BOT_TAKER;MICROCHIP_RECTANGLE;XIRECS;7739.0;2
21800;SUBMISSION;BOT_TAKER;MICROCHIP_TRIANGLE;XIRECS;8781.0;2
25300;BOT_TAKER;SUBMISSION;PEBBLES_XS;XIRECS;6750.0;3
25300;BOT_TAKER;BOT_MAKER;PEBBLES_S;XIRECS;8889.0;3
25300;BOT_TAKER;SUBMISSION;PEBBLES_M;XIRECS;11380.0;3
25300;BOT_TAKER;SUBMISSION;PEBBLES_L;XIRECS;11205.0;3
25300;BOT_TAKER;BOT_MAKER;PEBBLES_XL;XIRECS;11804.0;3
25800;SUBMISSION;BOT_TAKER;GALAXY_SOUNDS_DARK_MATTER;XIRECS;10874.0;1
25800;BOT_MAKER;BOT_TAKER;GALAXY_SOUNDS_DARK_MATTER;XIRECS;10873.0;2
25800;SUBMISSION;BOT_TAKER;GALAXY_SOUNDS_BLACK_HOLES;XIRECS;12153.0;2
25800;BOT_MAKER;BOT_TAKER;GALAXY_SOUNDS_BLACK_HOLES;XIRECS;12152.0;1
25800;SUBMISSION;BOT_TAKER;GALAXY_SOUNDS_PLANETARY_RINGS;XIRECS;11145.0;2
25800;BOT_MAKER;BOT_TAKER;GALAXY_SOUNDS_PLANETARY_RINGS;XIRECS;11144.0;1
25800;SUBMISSION;BOT_TAKER;GALAXY_SOUNDS_SOLAR_WINDS;XIRECS;10910.0;2
25800;BOT_MAKER;BOT_TAKER;GALAXY_SOUNDS_SOLAR_WINDS;XIRECS;10909.0;1
25800;BOT_MAKER;BOT_TAKER;GALAXY_SOUNDS_SOLAR_FLAMES;XIRECS;10734.0;3
25800;BOT_MAKER;BOT_TAKER;SLEEP_POD_SUEDE;XIRECS;12189.0;3
25800;BOT_MAKER;BOT_TAKER;SLEEP_POD_LAMB_WOOL;XIRECS;10927.0;3
25800;SUBMISSION;BOT_TAKER;SLEEP_POD_POLYESTER;XIRECS;12676.0;2
25800;BOT_MAKER;BOT_TAKER;SLEEP_POD_POLYESTER;XIRECS;12675.0;1
25800;BOT_MAKER;BOT_TAKER;SLEEP_POD_NYLON;XIRECS;9895.0;3
25800;SUBMISSION;BOT_TAKER;SLEEP_POD_COTTON;XIRECS;11841.0;2
25800;BOT_MAKER;BOT_TAKER;SLEEP_POD_COTTON;XIRECS;11840.0;1
25800;BOT_MAKER;BOT_TAKER;ROBOT_VACUUMING;XIRECS;8586.0;3
25800;SUBMISSION;BOT_TAKER;ROBOT_MOPPING;XIRECS;12138.0;2
25800;BOT_MAKER;BOT_TAKER;ROBOT_MOPPING;XIRECS;12137.0;1
25800;BOT_MAKER;BOT_TAKER;ROBOT_DISHES;XIRECS;10671.0;3
25800;SUBMISSION;BOT_TAKER;ROBOT_LAUNDRY;XIRECS;9425.0;3
25800;SUBMISSION;BOT_TAKER;ROBOT_IRONING;XIRECS;7419.0;2
25800;BOT_MAKER;BOT_TAKER;ROBOT_IRONING;XIRECS;7418.0;1
25800;SUBMISSION;BOT_TAKER;UV_VISOR_YELLOW;XIRECS;11937.0;2
25800;BOT_MAKER;BOT_TAKER;UV_VISOR_YELLOW;XIRECS;11936.0;1
25800;SUBMISSION;BOT_TAKER;UV_VISOR_AMBER;XIRECS;7331.0;2
25800;BOT_MAKER;BOT_TAKER;UV_VISOR_AMBER;XIRECS;7330.0;1
25800;SUBMISSION;BOT_TAKER;UV_VISOR_ORANGE;XIRECS;10524.0;2
25800;BOT_MAKER;BOT_TAKER;UV_VISOR_ORANGE;XIRECS;10523.0;1
25800;BOT_MAKER;BOT_TAKER;UV_VISOR_RED;XIRECS;11294.0;3
25800;SUBMISSION;BOT_TAKER;UV_VISOR_MAGENTA;XIRECS;11534.0;3
25800;SUBMISSION;BOT_TAKER;TRANSLATOR_SPACE_GRAY;XIRECS;9960.0;2
25800;BOT_MAKER;BOT_TAKER;TRANSLATOR_SPACE_GRAY;XIRECS;9959.0;1
25800;BOT_MAKER;BOT_TAKER;TRANSLATOR_ASTRO_BLACK;XIRECS;9172.0;3
25800;SUBMISSION;BOT_TAKER;TRANSLATOR_ECLIPSE_CHARCOAL;XIRECS;9440.0;3
25800;SUBMISSION;BOT_TAKER;TRANSLATOR_GRAPHITE_MIST;XIRECS;11257.0;2
25800;BOT_MAKER;BOT_TAKER;TRANSLATOR_GRAPHITE_MIST;XIRECS;11256.0;1
25800;BOT_MAKER;BOT_TAKER;TRANSLATOR_VOID_BLUE;XIRECS;10967.0;3
25800;SUBMISSION;BOT_TAKER;PANEL_1X2;XIRECS;8702.0;2
25800;BOT_MAKER;BOT_TAKER;PANEL_1X2;XIRECS;8701.0;1
25800;SUBMISSION;BOT_TAKER;PANEL_2X2;XIRECS;9324.0;2
25800;BOT_MAKER;BOT_TAKER;PANEL_2X2;XIRECS;9323.0;1
25800;SUBMISSION;BOT_TAKER;PANEL_1X4;XIRECS;8623.0;2
25800;BOT_MAKER;BOT_TAKER;PANEL_1X4;XIRECS;8622.0;1
25800;SUBMISSION;BOT_TAKER;PANEL_2X4;XIRECS;11454.0;3
25800;SUBMISSION;BOT_TAKER;PANEL_4X4;XIRECS;10382.0;2
25800;BOT_MAKER;BOT_TAKER;PANEL_4X4;XIRECS;10381.0;1
25800;SUBMISSION;BOT_TAKER;OXYGEN_SHAKE_MORNING_BREATH;XIRECS;9509.0;2
25800;BOT_MAKER;BOT_TAKER;OXYGEN_SHAKE_MORNING_BREATH;XIRECS;9508.0;1
25800;SUBMISSION;BOT_TAKER;OXYGEN_SHAKE_EVENING_BREATH;XIRECS;9070.0;2
25800;BOT_MAKER;BOT_TAKER;OXYGEN_SHAKE_EVENING_BREATH;XIRECS;9069.0;1
25800;SUBMISSION;BOT_TAKER;OXYGEN_SHAKE_MINT;XIRECS;9468.0;2
25800;BOT_MAKER;BOT_TAKER;OXYGEN_SHAKE_MINT;XIRECS;9467.0;1
25800;SUBMISSION;BOT_TAKER;OXYGEN_SHAKE_CHOCOLATE;XIRECS;9222.0;3
25800;SUBMISSION;BOT_TAKER;OXYGEN_SHAKE_GARLIC;XIRECS;12141.0;2
25800;BOT_MAKER;BOT_TAKER;OXYGEN_SHAKE_GARLIC;XIRECS;12140.0;1
25800;SUBMISSION;BOT_TAKER;SNACKPACK_CHOCOLATE;XIRECS;9731.0;3
25800;BOT_MAKER;BOT_TAKER;SNACKPACK_VANILLA;XIRECS;10102.0;3
25800;BOT_MAKER;BOT_TAKER;SNACKPACK_PISTACHIO;XIRECS;9487.0;3
25800;BOT_MAKER;BOT_TAKER;SNACKPACK_STRAWBERRY;XIRECS;11036.0;3
25800;SUBMISSION;BOT_TAKER;SNACKPACK_RASPBERRY;XIRECS;9915.0;3
29900;BOT_TAKER;SUBMISSION;PEBBLES_XS;XIRECS;6893.0;2
29900;BOT_TAKER;SUBMISSION;PEBBLES_S;XIRECS;9035.0;2
29900;BOT_TAKER;SUBMISSION;PEBBLES_M;XIRECS;11310.0;2
29900;BOT_TAKER;SUBMISSION;PEBBLES_L;XIRECS;10859.0;2
29900;BOT_TAKER;BOT_MAKER;PEBBLES_XL;XIRECS;11929.0;2
33700;BOT_TAKER;SUBMISSION;MICROCHIP_CIRCLE;XIRECS;8544.0;3
33700;BOT_TAKER;SUBMISSION;MICROCHIP_OVAL;XIRECS;7383.0;3
33700;BOT_TAKER;SUBMISSION;MICROCHIP_SQUARE;XIRECS;16249.0;3
33700;BOT_TAKER;BOT_MAKER;MICROCHIP_RECTANGLE;XIRECS;7594.0;3
33700;BOT_TAKER;BOT_MAKER;MICROCHIP_TRIANGLE;XIRECS;8732.0;3
34900;BOT_TAKER;SUBMISSION;PEBBLES_XS;XIRECS;6847.0;3
34900;BOT_TAKER;BOT_MAKER;PEBBLES_S;XIRECS;8886.0;3
34900;BOT_TAKER;SUBMISSION;PEBBLES_M;XIRECS;11368.0;3
34900;BOT_TAKER;SUBMISSION;PEBBLES_L;XIRECS;11017.0;3
34900;BOT_TAKER;BOT_MAKER;PEBBLES_XL;XIRECS;11909.0;3
36100;SUBMISSION;BOT_TAKER;PEBBLES_XS;XIRECS;6928.0;5
36100;SUBMISSION;BOT_TAKER;PEBBLES_S;XIRECS;8907.0;2
36100;BOT_MAKER;BOT_TAKER;PEBBLES_S;XIRECS;8906.0;3
36100;BOT_MAKER;BOT_TAKER;PEBBLES_M;XIRECS;11283.0;5
36100;SUBMISSION;BOT_TAKER;PEBBLES_L;XIRECS;11019.0;5
36100;SUBMISSION;BOT_TAKER;PEBBLES_XL;XIRECS;11837.0;5
36400;BOT_MAKER;BOT_TAKER;GALAXY_SOUNDS_DARK_MATTER;XIRECS;11011.0;4
36400;SUBMISSION;BOT_TAKER;GALAXY_SOUNDS_BLACK_HOLES;XIRECS;12148.0;2
36400;BOT_MAKER;BOT_TAKER;GALAXY_SOUNDS_BLACK_HOLES;XIRECS;12147.0;2
36400;SUBMISSION;BOT_TAKER;GALAXY_SOUNDS_PLANETARY_RINGS;XIRECS;11180.0;2
36400;BOT_MAKER;BOT_TAKER;GALAXY_SOUNDS_PLANETARY_RINGS;XIRECS;11179.0;2
36400;SUBMISSION;BOT_TAKER;GALAXY_SOUNDS_SOLAR_WINDS;XIRECS;10952.0;2
36400;BOT_MAKER;BOT_TAKER;GALAXY_SOUNDS_SOLAR_WINDS;XIRECS;10951.0;2
36400;BOT_MAKER;BOT_TAKER;GALAXY_SOUNDS_SOLAR_FLAMES;XIRECS;10708.0;4
36400;SUBMISSION;BOT_TAKER;SLEEP_POD_SUEDE;XIRECS;12022.0;4
36400;BOT_MAKER;BOT_TAKER;SLEEP_POD_LAMB_WOOL;XIRECS;11037.0;4
36400;SUBMISSION;BOT_TAKER;SLEEP_POD_POLYESTER;XIRECS;12658.0;2
36400;BOT_MAKER;BOT_TAKER;SLEEP_POD_POLYESTER;XIRECS;12657.0;2
36400;BOT_MAKER;BOT_TAKER;SLEEP_POD_NYLON;XIRECS;9774.0;4
36400;SUBMISSION;BOT_TAKER;SLEEP_POD_COTTON;XIRECS;11954.0;2
36400;BOT_MAKER;BOT_TAKER;SLEEP_POD_COTTON;XIRECS;11953.0;2
36400;BOT_MAKER;BOT_TAKER;ROBOT_VACUUMING;XIRECS;8611.0;4
36400;SUBMISSION;BOT_TAKER;ROBOT_MOPPING;XIRECS;12447.0;2
36400;BOT_MAKER;BOT_TAKER;ROBOT_MOPPING;XIRECS;12446.0;2
36400;BOT_MAKER;BOT_TAKER;ROBOT_DISHES;XIRECS;10513.0;4
36400;BOT_MAKER;BOT_TAKER;ROBOT_LAUNDRY;XIRECS;9578.0;4
36400;SUBMISSION;BOT_TAKER;ROBOT_IRONING;XIRECS;7357.0;2
36400;BOT_MAKER;BOT_TAKER;ROBOT_IRONING;XIRECS;7356.0;2
36400;SUBMISSION;BOT_TAKER;UV_VISOR_YELLOW;XIRECS;11694.0;2
36400;BOT_MAKER;BOT_TAKER;UV_VISOR_YELLOW;XIRECS;11693.0;2
36400;SUBMISSION;BOT_TAKER;UV_VISOR_AMBER;XIRECS;7299.0;2
36400;BOT_MAKER;BOT_TAKER;UV_VISOR_AMBER;XIRECS;7298.0;2
36400;SUBMISSION;BOT_TAKER;UV_VISOR_ORANGE;XIRECS;10507.0;2
36400;BOT_MAKER;BOT_TAKER;UV_VISOR_ORANGE;XIRECS;10506.0;2
36400;BOT_MAKER;BOT_TAKER;UV_VISOR_RED;XIRECS;11539.0;4
36400;SUBMISSION;BOT_TAKER;UV_VISOR_MAGENTA;XIRECS;11483.0;4
36400;SUBMISSION;BOT_TAKER;TRANSLATOR_SPACE_GRAY;XIRECS;9796.0;2
36400;BOT_MAKER;BOT_TAKER;TRANSLATOR_SPACE_GRAY;XIRECS;9795.0;2
36400;SUBMISSION;BOT_TAKER;TRANSLATOR_ASTRO_BLACK;XIRECS;9084.0;4
36400;SUBMISSION;BOT_TAKER;TRANSLATOR_ECLIPSE_CHARCOAL;XIRECS;9444.0;3
36400;BOT_MAKER;BOT_TAKER;TRANSLATOR_ECLIPSE_CHARCOAL;XIRECS;9443.0;1
36400;SUBMISSION;BOT_TAKER;TRANSLATOR_GRAPHITE_MIST;XIRECS;11252.0;2
36400;BOT_MAKER;BOT_TAKER;TRANSLATOR_GRAPHITE_MIST;XIRECS;11251.0;2
36400;BOT_MAKER;BOT_TAKER;TRANSLATOR_VOID_BLUE;XIRECS;10913.0;4
36400;SUBMISSION;BOT_TAKER;PANEL_1X2;XIRECS;8622.0;2
36400;BOT_MAKER;BOT_TAKER;PANEL_1X2;XIRECS;8621.0;2
36400;SUBMISSION;BOT_TAKER;PANEL_2X2;XIRECS;9326.0;2
36400;BOT_MAKER;BOT_TAKER;PANEL_2X2;XIRECS;9325.0;2
36400;SUBMISSION;BOT_TAKER;PANEL_1X4;XIRECS;8465.0;2
36400;BOT_MAKER;BOT_TAKER;PANEL_1X4;XIRECS;8464.0;2
36400;SUBMISSION;BOT_TAKER;PANEL_2X4;XIRECS;11427.0;4
36400;SUBMISSION;BOT_TAKER;PANEL_4X4;XIRECS;10254.0;2
36400;BOT_MAKER;BOT_TAKER;PANEL_4X4;XIRECS;10253.0;2
36400;SUBMISSION;BOT_TAKER;OXYGEN_SHAKE_MORNING_BREATH;XIRECS;9612.0;2
36400;BOT_MAKER;BOT_TAKER;OXYGEN_SHAKE_MORNING_BREATH;XIRECS;9611.0;2
36400;SUBMISSION;BOT_TAKER;OXYGEN_SHAKE_EVENING_BREATH;XIRECS;9078.0;2
36400;BOT_MAKER;BOT_TAKER;OXYGEN_SHAKE_EVENING_BREATH;XIRECS;9077.0;2
36400;SUBMISSION;BOT_TAKER;OXYGEN_SHAKE_MINT;XIRECS;9420.0;2
36400;BOT_MAKER;BOT_TAKER;OXYGEN_SHAKE_MINT;XIRECS;9419.0;2
36400;BOT_MAKER;BOT_TAKER;OXYGEN_SHAKE_CHOCOLATE;XIRECS;9299.0;4
36400;SUBMISSION;BOT_TAKER;OXYGEN_SHAKE_GARLIC;XIRECS;12151.0;2
36400;BOT_MAKER;BOT_TAKER;OXYGEN_SHAKE_GARLIC;XIRECS;12150.0;2
36400;SUBMISSION;BOT_TAKER;SNACKPACK_CHOCOLATE;XIRECS;9674.0;3
36400;BOT_MAKER;BOT_TAKER;SNACKPACK_CHOCOLATE;XIRECS;9673.0;1
36400;BOT_MAKER;BOT_TAKER;SNACKPACK_VANILLA;XIRECS;10134.0;4
36400;BOT_MAKER;BOT_TAKER;SNACKPACK_PISTACHIO;XIRECS;9506.0;4
36400;BOT_MAKER;BOT_TAKER;SNACKPACK_STRAWBERRY;XIRECS;11074.0;4
36400;SUBMISSION;BOT_TAKER;SNACKPACK_RASPBERRY;XIRECS;9903.0;3
36400;BOT_MAKER;BOT_TAKER;SNACKPACK_RASPBERRY;XIRECS;9902.0;1
40000;BOT_MAKER;BOT_TAKER;GALAXY_SOUNDS_DARK_MATTER;XIRECS;11012.0;4
40000;SUBMISSION;BOT_TAKER;GALAXY_SOUNDS_BLACK_HOLES;XIRECS;12190.0;2
40000;BOT_MAKER;BOT_TAKER;GALAXY_SOUNDS_BLACK_HOLES;XIRECS;12189.0;2
40000;SUBMISSION;BOT_TAKER;GALAXY_SOUNDS_PLANETARY_RINGS;XIRECS;11192.0;2
40000;BOT_MAKER;BOT_TAKER;GALAXY_SOUNDS_PLANETARY_RINGS;XIRECS;11191.0;2
40000;SUBMISSION;BOT_TAKER;GALAXY_SOUNDS_SOLAR_WINDS;XIRECS;10960.0;2
40000;BOT_MAKER;BOT_TAKER;GALAXY_SOUNDS_SOLAR_WINDS;XIRECS;10959.0;2
40000;BOT_MAKER;BOT_TAKER;GALAXY_SOUNDS_SOLAR_FLAMES;XIRECS;10716.0;4
40000;SUBMISSION;BOT_TAKER;SLEEP_POD_SUEDE;XIRECS;12081.0;2
40000;BOT_MAKER;BOT_TAKER;SLEEP_POD_SUEDE;XIRECS;12080.0;2
40000;BOT_MAKER;BOT_TAKER;SLEEP_POD_LAMB_WOOL;XIRECS;11176.0;4
40000;SUBMISSION;BOT_TAKER;SLEEP_POD_POLYESTER;XIRECS;12734.0;2
40000;BOT_MAKER;BOT_TAKER;SLEEP_POD_POLYESTER;XIRECS;12733.0;2
40000;BOT_MAKER;BOT_TAKER;SLEEP_POD_NYLON;XIRECS;9842.0;4
40000;SUBMISSION;BOT_TAKER;SLEEP_POD_COTTON;XIRECS;11922.0;2
40000;BOT_MAKER;BOT_TAKER;SLEEP_POD_COTTON;XIRECS;11921.0;2
40000;BOT_MAKER;BOT_TAKER;ROBOT_VACUUMING;XIRECS;8664.0;4
40000;SUBMISSION;BOT_TAKER;ROBOT_MOPPING;XIRECS;12462.0;2
40000;BOT_MAKER;BOT_TAKER;ROBOT_MOPPING;XIRECS;12461.0;2
40000;BOT_MAKER;BOT_TAKER;ROBOT_DISHES;XIRECS;10560.0;4
40000;BOT_MAKER;BOT_TAKER;ROBOT_LAUNDRY;XIRECS;9493.0;4
40000;SUBMISSION;BOT_TAKER;ROBOT_IRONING;XIRECS;7294.0;2
40000;BOT_MAKER;BOT_TAKER;ROBOT_IRONING;XIRECS;7293.0;2
40000;SUBMISSION;BOT_TAKER;UV_VISOR_YELLOW;XIRECS;11644.0;2
40000;BOT_MAKER;BOT_TAKER;UV_VISOR_YELLOW;XIRECS;11643.0;2
40000;SUBMISSION;BOT_TAKER;UV_VISOR_AMBER;XIRECS;7294.0;2
40000;BOT_MAKER;BOT_TAKER;UV_VISOR_AMBER;XIRECS;7293.0;2
40000;SUBMISSION;BOT_TAKER;UV_VISOR_ORANGE;XIRECS;10606.0;2
40000;BOT_MAKER;BOT_TAKER;UV_VISOR_ORANGE;XIRECS;10605.0;2
40000;BOT_MAKER;BOT_TAKER;UV_VISOR_RED;XIRECS;11662.0;4
40000;SUBMISSION;BOT_TAKER;UV_VISOR_MAGENTA;XIRECS;11490.0;3
40000;BOT_MAKER;BOT_TAKER;UV_VISOR_MAGENTA;XIRECS;11489.0;1
40000;SUBMISSION;BOT_TAKER;TRANSLATOR_SPACE_GRAY;XIRECS;9756.0;2
40000;BOT_MAKER;BOT_TAKER;TRANSLATOR_SPACE_GRAY;XIRECS;9755.0;2
40000;SUBMISSION;BOT_TAKER;TRANSLATOR_ASTRO_BLACK;XIRECS;9141.0;4
40000;BOT_MAKER;BOT_TAKER;TRANSLATOR_ECLIPSE_CHARCOAL;XIRECS;9371.0;4
40000;SUBMISSION;BOT_TAKER;TRANSLATOR_GRAPHITE_MIST;XIRECS;11270.0;2
40000;BOT_MAKER;BOT_TAKER;TRANSLATOR_GRAPHITE_MIST;XIRECS;11269.0;2
40000;BOT_MAKER;BOT_TAKER;TRANSLATOR_VOID_BLUE;XIRECS;10942.0;4
40000;SUBMISSION;BOT_TAKER;PANEL_1X2;XIRECS;8656.0;2
40000;BOT_MAKER;BOT_TAKER;PANEL_1X2;XIRECS;8655.0;2
40000;SUBMISSION;BOT_TAKER;PANEL_2X2;XIRECS;9327.0;2
40000;BOT_MAKER;BOT_TAKER;PANEL_2X2;XIRECS;9326.0;2
40000;SUBMISSION;BOT_TAKER;PANEL_1X4;XIRECS;8557.0;2
40000;BOT_MAKER;BOT_TAKER;PANEL_1X4;XIRECS;8556.0;2
40000;SUBMISSION;BOT_TAKER;PANEL_2X4;XIRECS;11423.0;3
40000;BOT_MAKER;BOT_TAKER;PANEL_2X4;XIRECS;11422.0;1
40000;SUBMISSION;BOT_TAKER;PANEL_4X4;XIRECS;10162.0;2
40000;BOT_MAKER;BOT_TAKER;PANEL_4X4;XIRECS;10161.0;2
40000;SUBMISSION;BOT_TAKER;OXYGEN_SHAKE_MORNING_BREATH;XIRECS;9606.0;2
40000;BOT_MAKER;BOT_TAKER;OXYGEN_SHAKE_MORNING_BREATH;XIRECS;9605.0;2
40000;SUBMISSION;BOT_TAKER;OXYGEN_SHAKE_EVENING_BREATH;XIRECS;9079.0;2
40000;BOT_MAKER;BOT_TAKER;OXYGEN_SHAKE_EVENING_BREATH;XIRECS;9078.0;2
40000;SUBMISSION;BOT_TAKER;OXYGEN_SHAKE_MINT;XIRECS;9418.0;2
40000;BOT_MAKER;BOT_TAKER;OXYGEN_SHAKE_MINT;XIRECS;9417.0;2
40000;SUBMISSION;BOT_TAKER;OXYGEN_SHAKE_CHOCOLATE;XIRECS;9196.0;3
40000;BOT_MAKER;BOT_TAKER;OXYGEN_SHAKE_CHOCOLATE;XIRECS;9195.0;1
40000;SUBMISSION;BOT_TAKER;OXYGEN_SHAKE_GARLIC;XIRECS;12155.0;2
40000;BOT_MAKER;BOT_TAKER;OXYGEN_SHAKE_GARLIC;XIRECS;12154.0;2
40000;BOT_MAKER;BOT_TAKER;SNACKPACK_CHOCOLATE;XIRECS;9595.0;4
40000;BOT_MAKER;BOT_TAKER;SNACKPACK_VANILLA;XIRECS;10222.0;4
40000;BOT_MAKER;BOT_TAKER;SNACKPACK_PISTACHIO;XIRECS;9527.0;4
40000;BOT_MAKER;BOT_TAKER;SNACKPACK_STRAWBERRY;XIRECS;11137.0;4
40000;BOT_MAKER;BOT_TAKER;SNACKPACK_RASPBERRY;XIRECS;9855.0;4
40400;BOT_MAKER;BOT_TAKER;GALAXY_SOUNDS_DARK_MATTER;XIRECS;11002.0;4
40400;BOT_MAKER;BOT_TAKER;GALAXY_SOUNDS_BLACK_HOLES;XIRECS;12179.0;4
40400;BOT_MAKER;BOT_TAKER;GALAXY_SOUNDS_PLANETARY_RINGS;XIRECS;11214.0;4
40400;BOT_MAKER;BOT_TAKER;GALAXY_SOUNDS_SOLAR_WINDS;XIRECS;10963.0;4
40400;BOT_MAKER;BOT_TAKER;GALAXY_SOUNDS_SOLAR_FLAMES;XIRECS;10696.0;4
40400;BOT_MAKER;BOT_TAKER;SLEEP_POD_SUEDE;XIRECS;12091.0;4
40400;BOT_MAKER;BOT_TAKER;SLEEP_POD_LAMB_WOOL;XIRECS;11174.0;4
40400;BOT_MAKER;BOT_TAKER;SLEEP_POD_POLYESTER;XIRECS;12734.0;4
40400;BOT_MAKER;BOT_TAKER;SLEEP_POD_NYLON;XIRECS;9846.0;4
40400;BOT_MAKER;BOT_TAKER;SLEEP_POD_COTTON;XIRECS;11932.0;4
40400;BOT_MAKER;BOT_TAKER;ROBOT_VACUUMING;XIRECS;8660.0;4
40400;BOT_MAKER;BOT_TAKER;ROBOT_MOPPING;XIRECS;12500.0;4
40400;BOT_MAKER;BOT_TAKER;ROBOT_DISHES;XIRECS;10593.0;4
40400;BOT_MAKER;BOT_TAKER;ROBOT_LAUNDRY;XIRECS;9500.0;4
40400;BOT_MAKER;BOT_TAKER;ROBOT_IRONING;XIRECS;7299.0;4
40400;BOT_MAKER;BOT_TAKER;UV_VISOR_YELLOW;XIRECS;11629.0;4
40400;BOT_MAKER;BOT_TAKER;UV_VISOR_AMBER;XIRECS;7295.0;4
40400;BOT_MAKER;BOT_TAKER;UV_VISOR_ORANGE;XIRECS;10590.0;4
40400;BOT_MAKER;BOT_TAKER;UV_VISOR_RED;XIRECS;11682.0;4
40400;BOT_MAKER;BOT_TAKER;UV_VISOR_MAGENTA;XIRECS;11453.0;4
40400;BOT_MAKER;BOT_TAKER;TRANSLATOR_SPACE_GRAY;XIRECS;9772.0;4
40400;SUBMISSION;BOT_TAKER;TRANSLATOR_ASTRO_BLACK;XIRECS;9132.0;2
40400;BOT_MAKER;BOT_TAKER;TRANSLATOR_ASTRO_BLACK;XIRECS;9131.0;2
40400;BOT_MAKER;BOT_TAKER;TRANSLATOR_ECLIPSE_CHARCOAL;XIRECS;9371.0;4
40400;BOT_MAKER;BOT_TAKER;TRANSLATOR_GRAPHITE_MIST;XIRECS;11252.0;4
40400;BOT_MAKER;BOT_TAKER;TRANSLATOR_VOID_BLUE;XIRECS;10915.0;4
40400;BOT_MAKER;BOT_TAKER;PANEL_1X2;XIRECS;8676.0;4
40400;BOT_MAKER;BOT_TAKER;PANEL_2X2;XIRECS;9340.0;4
40400;BOT_MAKER;BOT_TAKER;PANEL_1X4;XIRECS;8564.0;4
40400;BOT_MAKER;BOT_TAKER;PANEL_2X4;XIRECS;11399.0;4
40400;BOT_MAKER;BOT_TAKER;PANEL_4X4;XIRECS;10168.0;4
40400;BOT_MAKER;BOT_TAKER;OXYGEN_SHAKE_MORNING_BREATH;XIRECS;9599.0;4
40400;BOT_MAKER;BOT_TAKER;OXYGEN_SHAKE_EVENING_BREATH;XIRECS;9089.0;4
40400;BOT_MAKER;BOT_TAKER;OXYGEN_SHAKE_MINT;XIRECS;9453.0;4
40400;BOT_MAKER;BOT_TAKER;OXYGEN_SHAKE_CHOCOLATE;XIRECS;9183.0;4
40400;BOT_MAKER;BOT_TAKER;OXYGEN_SHAKE_GARLIC;XIRECS;12160.0;4
40400;BOT_MAKER;BOT_TAKER;SNACKPACK_CHOCOLATE;XIRECS;9582.0;4
40400;BOT_MAKER;BOT_TAKER;SNACKPACK_VANILLA;XIRECS;10234.0;4
40400;BOT_MAKER;BOT_TAKER;SNACKPACK_PISTACHIO;XIRECS;9533.0;4
40400;BOT_MAKER;BOT_TAKER;SNACKPACK_STRAWBERRY;XIRECS;11153.0;4
40400;BOT_MAKER;BOT_TAKER;SNACKPACK_RASPBERRY;XIRECS;9844.0;4
40900;BOT_TAKER;SUBMISSION;PEBBLES_XS;XIRECS;6859.0;3
40900;BOT_TAKER;BOT_MAKER;PEBBLES_S;XIRECS;8583.0;3
40900;BOT_TAKER;SUBMISSION;PEBBLES_M;XIRECS;11441.0;1
40900;BOT_TAKER;BOT_MAKER;PEBBLES_M;XIRECS;11442.0;2
40900;BOT_TAKER;SUBMISSION;PEBBLES_L;XIRECS;11094.0;3
40900;BOT_TAKER;SUBMISSION;PEBBLES_XL;XIRECS;12049.0;3
41700;SUBMISSION;BOT_TAKER;PEBBLES_XS;XIRECS;6877.0;2
41700;BOT_MAKER;BOT_TAKER;PEBBLES_S;XIRECS;8641.0;2
41700;BOT_MAKER;BOT_TAKER;PEBBLES_M;XIRECS;11335.0;2
41700;SUBMISSION;BOT_TAKER;PEBBLES_L;XIRECS;10980.0;2
41700;BOT_MAKER;BOT_TAKER;PEBBLES_XL;XIRECS;12138.0;2
42200;SUBMISSION;BOT_TAKER;MICROCHIP_CIRCLE;XIRECS;8632.0;2
42200;SUBMISSION;BOT_TAKER;MICROCHIP_OVAL;XIRECS;7416.0;2
42200;SUBMISSION;BOT_TAKER;MICROCHIP_SQUARE;XIRECS;16268.0;2
42200;SUBMISSION;BOT_TAKER;MICROCHIP_RECTANGLE;XIRECS;7576.0;2
42200;SUBMISSION;BOT_TAKER;MICROCHIP_TRIANGLE;XIRECS;8719.0;2
43400;BOT_TAKER;SUBMISSION;PEBBLES_XS;XIRECS;6774.0;2
43400;BOT_TAKER;BOT_MAKER;PEBBLES_S;XIRECS;8614.0;2
43400;BOT_TAKER;BOT_MAKER;PEBBLES_M;XIRECS;11258.0;2
43400;BOT_TAKER;SUBMISSION;PEBBLES_L;XIRECS;10917.0;2
43400;BOT_TAKER;SUBMISSION;PEBBLES_XL;XIRECS;12464.0;2
43600;BOT_TAKER;SUBMISSION;MICROCHIP_CIRCLE;XIRECS;8622.0;1
43600;BOT_TAKER;SUBMISSION;MICROCHIP_OVAL;XIRECS;7398.0;1
43600;BOT_TAKER;SUBMISSION;MICROCHIP_SQUARE;XIRECS;16335.0;1
43600;BOT_TAKER;BOT_MAKER;MICROCHIP_RECTANGLE;XIRECS;7632.0;1
43600;BOT_TAKER;BOT_MAKER;MICROCHIP_TRIANGLE;XIRECS;8779.0;1
44200;BOT_MAKER;BOT_TAKER;GALAXY_SOUNDS_DARK_MATTER;XIRECS;11049.0;3
44200;BOT_MAKER;BOT_TAKER;GALAXY_SOUNDS_BLACK_HOLES;XIRECS;12142.0;3
44200;BOT_MAKER;BOT_TAKER;GALAXY_SOUNDS_PLANETARY_RINGS;XIRECS;11161.0;3
44200;BOT_MAKER;BOT_TAKER;GALAXY_SOUNDS_SOLAR_WINDS;XIRECS;11006.0;3
44200;BOT_MAKER;BOT_TAKER;GALAXY_SOUNDS_SOLAR_FLAMES;XIRECS;10660.0;3
44200;BOT_MAKER;BOT_TAKER;SLEEP_POD_SUEDE;XIRECS;12196.0;3
44200;BOT_MAKER;BOT_TAKER;SLEEP_POD_LAMB_WOOL;XIRECS;11173.0;3
44200;BOT_MAKER;BOT_TAKER;SLEEP_POD_POLYESTER;XIRECS;12773.0;3
44200;BOT_MAKER;BOT_TAKER;SLEEP_POD_NYLON;XIRECS;9787.0;3
44200;BOT_MAKER;BOT_TAKER;SLEEP_POD_COTTON;XIRECS;12013.0;3
44200;BOT_MAKER;BOT_TAKER;ROBOT_VACUUMING;XIRECS;8595.0;3
44200;BOT_MAKER;BOT_TAKER;ROBOT_MOPPING;XIRECS;12513.0;3
44200;BOT_MAKER;BOT_TAKER;ROBOT_DISHES;XIRECS;10546.0;3
44200;BOT_MAKER;BOT_TAKER;ROBOT_LAUNDRY;XIRECS;9483.0;3
44200;BOT_MAKER;BOT_TAKER;ROBOT_IRONING;XIRECS;7376.0;3
44200;BOT_MAKER;BOT_TAKER;UV_VISOR_YELLOW;XIRECS;11658.0;3
44200;BOT_MAKER;BOT_TAKER;UV_VISOR_AMBER;XIRECS;7329.0;3
44200;BOT_MAKER;BOT_TAKER;UV_VISOR_ORANGE;XIRECS;10506.0;3
44200;BOT_MAKER;BOT_TAKER;UV_VISOR_RED;XIRECS;11749.0;3
44200;BOT_MAKER;BOT_TAKER;UV_VISOR_MAGENTA;XIRECS;11628.0;3
44200;BOT_MAKER;BOT_TAKER;TRANSLATOR_SPACE_GRAY;XIRECS;9774.0;3
44200;BOT_MAKER;BOT_TAKER;TRANSLATOR_ASTRO_BLACK;XIRECS;9213.0;3
44200;BOT_MAKER;BOT_TAKER;TRANSLATOR_ECLIPSE_CHARCOAL;XIRECS;9302.0;3
44200;BOT_MAKER;BOT_TAKER;TRANSLATOR_GRAPHITE_MIST;XIRECS;11343.0;3
44200;BOT_MAKER;BOT_TAKER;TRANSLATOR_VOID_BLUE;XIRECS;10899.0;3
44200;BOT_MAKER;BOT_TAKER;PANEL_1X2;XIRECS;8669.0;3
44200;BOT_MAKER;BOT_TAKER;PANEL_2X2;XIRECS;9281.0;3
44200;BOT_MAKER;BOT_TAKER;PANEL_1X4;XIRECS;8491.0;3
44200;BOT_MAKER;BOT_TAKER;PANEL_2X4;XIRECS;11425.0;3
44200;BOT_MAKER;BOT_TAKER;PANEL_4X4;XIRECS;10283.0;3
44200;BOT_MAKER;BOT_TAKER;OXYGEN_SHAKE_MORNING_BREATH;XIRECS;9742.0;3
44200;BOT_MAKER;BOT_TAKER;OXYGEN_SHAKE_EVENING_BREATH;XIRECS;9111.0;3
44200;BOT_MAKER;BOT_TAKER;OXYGEN_SHAKE_MINT;XIRECS;9455.0;3
44200;BOT_MAKER;BOT_TAKER;OXYGEN_SHAKE_CHOCOLATE;XIRECS;9168.0;3
44200;BOT_MAKER;BOT_TAKER;OXYGEN_SHAKE_GARLIC;XIRECS;12093.0;3
44200;BOT_MAKER;BOT_TAKER;SNACKPACK_CHOCOLATE;XIRECS;9603.0;3
44200;BOT_MAKER;BOT_TAKER;SNACKPACK_VANILLA;XIRECS;10237.0;3
44200;BOT_MAKER;BOT_TAKER;SNACKPACK_PISTACHIO;XIRECS;9561.0;3
44200;BOT_MAKER;BOT_TAKER;SNACKPACK_STRAWBERRY;XIRECS;11202.0;3
44200;BOT_MAKER;BOT_TAKER;SNACKPACK_RASPBERRY;XIRECS;9790.0;3
44500;BOT_TAKER;SUBMISSION;GALAXY_SOUNDS_DARK_MATTER;XIRECS;11053.0;4
44500;BOT_TAKER;SUBMISSION;GALAXY_SOUNDS_BLACK_HOLES;XIRECS;12187.0;4
44500;BOT_TAKER;SUBMISSION;GALAXY_SOUNDS_PLANETARY_RINGS;XIRECS;11146.0;4
44500;BOT_TAKER;SUBMISSION;GALAXY_SOUNDS_SOLAR_WINDS;XIRECS;11015.0;4
44500;BOT_TAKER;BOT_MAKER;GALAXY_SOUNDS_SOLAR_FLAMES;XIRECS;10648.0;4
44500;BOT_TAKER;SUBMISSION;SLEEP_POD_SUEDE;XIRECS;12234.0;4
44500;BOT_TAKER;SUBMISSION;SLEEP_POD_LAMB_WOOL;XIRECS;11199.0;4
44500;BOT_TAKER;SUBMISSION;SLEEP_POD_POLYESTER;XIRECS;12779.0;4
44500;BOT_TAKER;SUBMISSION;SLEEP_POD_NYLON;XIRECS;9827.0;4
44500;BOT_TAKER;SUBMISSION;SLEEP_POD_COTTON;XIRECS;12018.0;4
44500;BOT_TAKER;BOT_MAKER;ROBOT_VACUUMING;XIRECS;8572.0;4
44500;BOT_TAKER;SUBMISSION;ROBOT_MOPPING;XIRECS;12495.0;4
44500;BOT_TAKER;SUBMISSION;ROBOT_DISHES;XIRECS;10559.0;4
44500;BOT_TAKER;SUBMISSION;ROBOT_LAUNDRY;XIRECS;9500.0;4
44500;BOT_TAKER;SUBMISSION;ROBOT_IRONING;XIRECS;7375.0;4
44500;BOT_TAKER;SUBMISSION;UV_VISOR_YELLOW;XIRECS;11675.0;4
44500;BOT_TAKER;SUBMISSION;UV_VISOR_AMBER;XIRECS;7349.0;4
44500;BOT_TAKER;SUBMISSION;UV_VISOR_ORANGE;XIRECS;10507.0;4
44500;BOT_TAKER;SUBMISSION;UV_VISOR_RED;XIRECS;11753.0;4
44500;BOT_TAKER;SUBMISSION;UV_VISOR_MAGENTA;XIRECS;11632.0;4
44500;BOT_TAKER;SUBMISSION;TRANSLATOR_SPACE_GRAY;XIRECS;9772.0;4
44500;BOT_TAKER;SUBMISSION;TRANSLATOR_ASTRO_BLACK;XIRECS;9176.0;4
44500;BOT_TAKER;BOT_MAKER;TRANSLATOR_ECLIPSE_CHARCOAL;XIRECS;9301.0;4
44500;BOT_TAKER;SUBMISSION;TRANSLATOR_GRAPHITE_MIST;XIRECS;11354.0;4
44500;BOT_TAKER;SUBMISSION;TRANSLATOR_VOID_BLUE;XIRECS;10899.0;4
44500;BOT_TAKER;SUBMISSION;PANEL_1X2;XIRECS;8680.0;4
44500;BOT_TAKER;SUBMISSION;PANEL_2X2;XIRECS;9307.0;4
44500;BOT_TAKER;SUBMISSION;PANEL_1X4;XIRECS;8494.0;4
44500;BOT_TAKER;BOT_MAKER;PANEL_2X4;XIRECS;11410.0;4
44500;BOT_TAKER;SUBMISSION;PANEL_4X4;XIRECS;10258.0;4
44500;BOT_TAKER;SUBMISSION;OXYGEN_SHAKE_MORNING_BREATH;XIRECS;9764.0;4
44500;BOT_TAKER;SUBMISSION;OXYGEN_SHAKE_EVENING_BREATH;XIRECS;9160.0;4
44500;BOT_TAKER;SUBMISSION;OXYGEN_SHAKE_MINT;XIRECS;9461.0;4
44500;BOT_TAKER;BOT_MAKER;OXYGEN_SHAKE_CHOCOLATE;XIRECS;9175.0;4
44500;BOT_TAKER;SUBMISSION;OXYGEN_SHAKE_GARLIC;XIRECS;12111.0;4
44500;BOT_TAKER;BOT_MAKER;SNACKPACK_CHOCOLATE;XIRECS;9635.0;4
44500;BOT_TAKER;SUBMISSION;SNACKPACK_VANILLA;XIRECS;10237.0;4
44500;BOT_TAKER;SUBMISSION;SNACKPACK_PISTACHIO;XIRECS;9572.0;4
44500;BOT_TAKER;SUBMISSION;SNACKPACK_STRAWBERRY;XIRECS;11210.0;4
44500;BOT_TAKER;BOT_MAKER;SNACKPACK_RASPBERRY;XIRECS;9812.0;4
44600;BOT_MAKER;BOT_TAKER;GALAXY_SOUNDS_DARK_MATTER;XIRECS;11067.0;4
44600;SUBMISSION;BOT_TAKER;GALAXY_SOUNDS_BLACK_HOLES;XIRECS;12170.0;2
44600;BOT_MAKER;BOT_TAKER;GALAXY_SOUNDS_BLACK_HOLES;XIRECS;12169.0;2
44600;SUBMISSION;BOT_TAKER;GALAXY_SOUNDS_PLANETARY_RINGS;XIRECS;11129.0;2
44600;BOT_MAKER;BOT_TAKER;GALAXY_SOUNDS_PLANETARY_RINGS;XIRECS;11128.0;2
44600;SUBMISSION;BOT_TAKER;GALAXY_SOUNDS_SOLAR_WINDS;XIRECS;10980.0;2
44600;BOT_MAKER;BOT_TAKER;GALAXY_SOUNDS_SOLAR_WINDS;XIRECS;10979.0;2
44600;SUBMISSION;BOT_TAKER;GALAXY_SOUNDS_SOLAR_FLAMES;XIRECS;10634.0;4
44600;BOT_MAKER;BOT_TAKER;SLEEP_POD_SUEDE;XIRECS;12232.0;4
44600;BOT_MAKER;BOT_TAKER;SLEEP_POD_LAMB_WOOL;XIRECS;11205.0;4
44600;SUBMISSION;BOT_TAKER;SLEEP_POD_POLYESTER;XIRECS;12780.0;2
44600;BOT_MAKER;BOT_TAKER;SLEEP_POD_POLYESTER;XIRECS;12779.0;2
44600;BOT_MAKER;BOT_TAKER;SLEEP_POD_NYLON;XIRECS;9817.0;4
44600;SUBMISSION;BOT_TAKER;SLEEP_POD_COTTON;XIRECS;12007.0;2
44600;BOT_MAKER;BOT_TAKER;SLEEP_POD_COTTON;XIRECS;12006.0;2
44600;SUBMISSION;BOT_TAKER;ROBOT_VACUUMING;XIRECS;8568.0;4
44600;SUBMISSION;BOT_TAKER;ROBOT_MOPPING;XIRECS;12477.0;2
44600;BOT_MAKER;BOT_TAKER;ROBOT_MOPPING;XIRECS;12476.0;2
44600;BOT_MAKER;BOT_TAKER;ROBOT_DISHES;XIRECS;10544.0;4
44600;BOT_MAKER;BOT_TAKER;ROBOT_LAUNDRY;XIRECS;9484.0;4
44600;SUBMISSION;BOT_TAKER;ROBOT_IRONING;XIRECS;7388.0;2
44600;BOT_MAKER;BOT_TAKER;ROBOT_IRONING;XIRECS;7387.0;2
44600;SUBMISSION;BOT_TAKER;UV_VISOR_YELLOW;XIRECS;11649.0;2
44600;BOT_MAKER;BOT_TAKER;UV_VISOR_YELLOW;XIRECS;11648.0;2
44600;SUBMISSION;BOT_TAKER;UV_VISOR_AMBER;XIRECS;7351.0;2
44600;BOT_MAKER;BOT_TAKER;UV_VISOR_AMBER;XIRECS;7350.0;2
44600;SUBMISSION;BOT_TAKER;UV_VISOR_ORANGE;XIRECS;10486.0;2
44600;BOT_MAKER;BOT_TAKER;UV_VISOR_ORANGE;XIRECS;10485.0;2
44600;BOT_MAKER;BOT_TAKER;UV_VISOR_RED;XIRECS;11734.0;4
44600;BOT_MAKER;BOT_TAKER;UV_VISOR_MAGENTA;XIRECS;11619.0;4
44600;SUBMISSION;BOT_TAKER;TRANSLATOR_SPACE_GRAY;XIRECS;9761.0;2
44600;BOT_MAKER;BOT_TAKER;TRANSLATOR_SPACE_GRAY;XIRECS;9760.0;2
44600;BOT_MAKER;BOT_TAKER;TRANSLATOR_ASTRO_BLACK;XIRECS;9165.0;4
44600;BOT_MAKER;BOT_TAKER;TRANSLATOR_ECLIPSE_CHARCOAL;XIRECS;9287.0;4
44600;SUBMISSION;BOT_TAKER;TRANSLATOR_GRAPHITE_MIST;XIRECS;11350.0;2
44600;BOT_MAKER;BOT_TAKER;TRANSLATOR_GRAPHITE_MIST;XIRECS;11349.0;2
44600;BOT_MAKER;BOT_TAKER;TRANSLATOR_VOID_BLUE;XIRECS;10897.0;4
44600;SUBMISSION;BOT_TAKER;PANEL_1X2;XIRECS;8673.0;2
44600;BOT_MAKER;BOT_TAKER;PANEL_1X2;XIRECS;8672.0;2
44600;SUBMISSION;BOT_TAKER;PANEL_2X2;XIRECS;9319.0;2
44600;BOT_MAKER;BOT_TAKER;PANEL_2X2;XIRECS;9318.0;2
44600;SUBMISSION;BOT_TAKER;PANEL_1X4;XIRECS;8473.0;2
44600;BOT_MAKER;BOT_TAKER;PANEL_1X4;XIRECS;8472.0;2
44600;BOT_MAKER;BOT_TAKER;PANEL_2X4;XIRECS;11417.0;4
44600;SUBMISSION;BOT_TAKER;PANEL_4X4;XIRECS;10250.0;2
44600;BOT_MAKER;BOT_TAKER;PANEL_4X4;XIRECS;10249.0;2
44600;SUBMISSION;BOT_TAKER;OXYGEN_SHAKE_MORNING_BREATH;XIRECS;9780.0;2
44600;BOT_MAKER;BOT_TAKER;OXYGEN_SHAKE_MORNING_BREATH;XIRECS;9779.0;2
44600;SUBMISSION;BOT_TAKER;OXYGEN_SHAKE_EVENING_BREATH;XIRECS;9159.0;2
44600;BOT_MAKER;BOT_TAKER;OXYGEN_SHAKE_EVENING_BREATH;XIRECS;9158.0;2
44600;SUBMISSION;BOT_TAKER;OXYGEN_SHAKE_MINT;XIRECS;9466.0;2
44600;BOT_MAKER;BOT_TAKER;OXYGEN_SHAKE_MINT;XIRECS;9465.0;2
44600;BOT_MAKER;BOT_TAKER;OXYGEN_SHAKE_CHOCOLATE;XIRECS;9172.0;4
44600;SUBMISSION;BOT_TAKER;OXYGEN_SHAKE_GARLIC;XIRECS;12091.0;2
44600;BOT_MAKER;BOT_TAKER;OXYGEN_SHAKE_GARLIC;XIRECS;12090.0;2
44600;BOT_MAKER;BOT_TAKER;SNACKPACK_CHOCOLATE;XIRECS;9622.0;4
44600;BOT_MAKER;BOT_TAKER;SNACKPACK_VANILLA;XIRECS;10212.0;4
44600;BOT_MAKER;BOT_TAKER;SNACKPACK_PISTACHIO;XIRECS;9549.0;4
44600;BOT_MAKER;BOT_TAKER;SNACKPACK_STRAWBERRY;XIRECS;11178.0;4
44600;BOT_MAKER;BOT_TAKER;SNACKPACK_RASPBERRY;XIRECS;9809.0;4
45400;BOT_TAKER;SUBMISSION;GALAXY_SOUNDS_DARK_MATTER;XIRECS;11071.0;2
45400;BOT_TAKER;SUBMISSION;GALAXY_SOUNDS_BLACK_HOLES;XIRECS;12150.0;2
45400;BOT_TAKER;SUBMISSION;GALAXY_SOUNDS_PLANETARY_RINGS;XIRECS;11193.0;2
45400;BOT_TAKER;SUBMISSION;GALAXY_SOUNDS_SOLAR_WINDS;XIRECS;11028.0;2
45400;BOT_TAKER;BOT_MAKER;GALAXY_SOUNDS_SOLAR_FLAMES;XIRECS;10640.0;2
45400;BOT_TAKER;SUBMISSION;SLEEP_POD_SUEDE;XIRECS;12254.0;2
45400;BOT_TAKER;SUBMISSION;SLEEP_POD_LAMB_WOOL;XIRECS;11292.0;2
45400;BOT_TAKER;SUBMISSION;SLEEP_POD_POLYESTER;XIRECS;12774.0;2
45400;BOT_TAKER;SUBMISSION;SLEEP_POD_NYLON;XIRECS;9826.0;2
45400;BOT_TAKER;SUBMISSION;SLEEP_POD_COTTON;XIRECS;12011.0;2
45400;BOT_TAKER;BOT_MAKER;ROBOT_VACUUMING;XIRECS;8576.0;2
45400;BOT_TAKER;SUBMISSION;ROBOT_MOPPING;XIRECS;12496.0;2
45400;BOT_TAKER;SUBMISSION;ROBOT_DISHES;XIRECS;10636.0;2
45400;BOT_TAKER;SUBMISSION;ROBOT_LAUNDRY;XIRECS;9506.0;2
45400;BOT_TAKER;SUBMISSION;ROBOT_IRONING;XIRECS;7370.0;2
45400;BOT_TAKER;SUBMISSION;UV_VISOR_YELLOW;XIRECS;11614.0;2
45400;BOT_TAKER;SUBMISSION;UV_VISOR_AMBER;XIRECS;7364.0;2
45400;BOT_TAKER;SUBMISSION;UV_VISOR_ORANGE;XIRECS;10475.0;2
45400;BOT_TAKER;SUBMISSION;UV_VISOR_RED;XIRECS;11825.0;2
45400;BOT_TAKER;SUBMISSION;UV_VISOR_MAGENTA;XIRECS;11667.0;2
45400;BOT_TAKER;SUBMISSION;TRANSLATOR_SPACE_GRAY;XIRECS;9783.0;2
45400;BOT_TAKER;SUBMISSION;TRANSLATOR_ASTRO_BLACK;XIRECS;9217.0;2
45400;BOT_TAKER;BOT_MAKER;TRANSLATOR_ECLIPSE_CHARCOAL;XIRECS;9287.0;2
45400;BOT_TAKER;SUBMISSION;TRANSLATOR_GRAPHITE_MIST;XIRECS;11384.0;2
45400;BOT_TAKER;SUBMISSION;TRANSLATOR_VOID_BLUE;XIRECS;10894.0;2
45400;BOT_TAKER;SUBMISSION;PANEL_1X2;XIRECS;8676.0;2
45400;BOT_TAKER;SUBMISSION;PANEL_2X2;XIRECS;9301.0;2
45400;BOT_TAKER;SUBMISSION;PANEL_1X4;XIRECS;8474.0;2
45400;BOT_TAKER;BOT_MAKER;PANEL_2X4;XIRECS;11439.0;2
45400;BOT_TAKER;SUBMISSION;PANEL_4X4;XIRECS;10200.0;2
45400;BOT_TAKER;SUBMISSION;OXYGEN_SHAKE_MORNING_BREATH;XIRECS;9806.0;2
45400;BOT_TAKER;SUBMISSION;OXYGEN_SHAKE_EVENING_BREATH;XIRECS;9189.0;2
45400;BOT_TAKER;SUBMISSION;OXYGEN_SHAKE_MINT;XIRECS;9486.0;2
45400;BOT_TAKER;BOT_MAKER;OXYGEN_SHAKE_CHOCOLATE;XIRECS;9188.0;2
45400;BOT_TAKER;SUBMISSION;OXYGEN_SHAKE_GARLIC;XIRECS;12104.0;2
45400;BOT_TAKER;BOT_MAKER;SNACKPACK_CHOCOLATE;XIRECS;9622.0;2
45400;BOT_TAKER;SUBMISSION;SNACKPACK_VANILLA;XIRECS;10251.0;2
45400;BOT_TAKER;SUBMISSION;SNACKPACK_PISTACHIO;XIRECS;9549.0;2
45400;BOT_TAKER;SUBMISSION;SNACKPACK_STRAWBERRY;XIRECS;11171.0;2
45400;BOT_TAKER;BOT_MAKER;SNACKPACK_RASPBERRY;XIRECS;9845.0;2
46400;BOT_MAKER;BOT_TAKER;GALAXY_SOUNDS_DARK_MATTER;XIRECS;11076.0;4
46400;SUBMISSION;BOT_TAKER;GALAXY_SOUNDS_BLACK_HOLES;XIRECS;12135.0;2
46400;BOT_MAKER;BOT_TAKER;GALAXY_SOUNDS_BLACK_HOLES;XIRECS;12134.0;2
46400;SUBMISSION;BOT_TAKER;GALAXY_SOUNDS_PLANETARY_RINGS;XIRECS;11155.0;2
46400;BOT_MAKER;BOT_TAKER;GALAXY_SOUNDS_PLANETARY_RINGS;XIRECS;11154.0;2
46400;SUBMISSION;BOT_TAKER;GALAXY_SOUNDS_SOLAR_WINDS;XIRECS;11012.0;2
46400;BOT_MAKER;BOT_TAKER;GALAXY_SOUNDS_SOLAR_WINDS;XIRECS;11011.0;2
46400;SUBMISSION;BOT_TAKER;GALAXY_SOUNDS_SOLAR_FLAMES;XIRECS;10627.0;3
46400;BOT_MAKER;BOT_TAKER;GALAXY_SOUNDS_SOLAR_FLAMES;XIRECS;10626.0;1
46400;BOT_MAKER;BOT_TAKER;SLEEP_POD_SUEDE;XIRECS;12276.0;4
46400;BOT_MAKER;BOT_TAKER;SLEEP_POD_LAMB_WOOL;XIRECS;11271.0;4
46400;SUBMISSION;BOT_TAKER;SLEEP_POD_POLYESTER;XIRECS;12782.0;2
46400;BOT_MAKER;BOT_TAKER;SLEEP_POD_POLYESTER;XIRECS;12781.0;2
46400;BOT_MAKER;BOT_TAKER;SLEEP_POD_NYLON;XIRECS;9825.0;4
46400;SUBMISSION;BOT_TAKER;SLEEP_POD_COTTON;XIRECS;12002.0;2
46400;BOT_MAKER;BOT_TAKER;SLEEP_POD_COTTON;XIRECS;12001.0;2
46400;SUBMISSION;BOT_TAKER;ROBOT_VACUUMING;XIRECS;8558.0;4
46400;SUBMISSION;BOT_TAKER;ROBOT_MOPPING;XIRECS;12559.0;2
46400;BOT_MAKER;BOT_TAKER;ROBOT_MOPPING;XIRECS;12558.0;2
46400;BOT_MAKER;BOT_TAKER;ROBOT_DISHES;XIRECS;10624.0;4
46400;BOT_MAKER;BOT_TAKER;ROBOT_LAUNDRY;XIRECS;9538.0;4
46400;SUBMISSION;BOT_TAKER;ROBOT_IRONING;XIRECS;7356.0;2
46400;BOT_MAKER;BOT_TAKER;ROBOT_IRONING;XIRECS;7355.0;2
46400;SUBMISSION;BOT_TAKER;UV_VISOR_YELLOW;XIRECS;11594.0;2
46400;BOT_MAKER;BOT_TAKER;UV_VISOR_YELLOW;XIRECS;11593.0;2
46400;SUBMISSION;BOT_TAKER;UV_VISOR_AMBER;XIRECS;7333.0;2
46400;BOT_MAKER;BOT_TAKER;UV_VISOR_AMBER;XIRECS;7332.0;2
46400;SUBMISSION;BOT_TAKER;UV_VISOR_ORANGE;XIRECS;10450.0;2
46400;BOT_MAKER;BOT_TAKER;UV_VISOR_ORANGE;XIRECS;10449.0;2
46400;BOT_MAKER;BOT_TAKER;UV_VISOR_RED;XIRECS;11822.0;4
46400;BOT_MAKER;BOT_TAKER;UV_VISOR_MAGENTA;XIRECS;11651.0;4
46400;SUBMISSION;BOT_TAKER;TRANSLATOR_SPACE_GRAY;XIRECS;9734.0;2
46400;BOT_MAKER;BOT_TAKER;TRANSLATOR_SPACE_GRAY;XIRECS;9733.0;2
46400;BOT_MAKER;BOT_TAKER;TRANSLATOR_ASTRO_BLACK;XIRECS;9164.0;4
46400;BOT_MAKER;BOT_TAKER;TRANSLATOR_ECLIPSE_CHARCOAL;XIRECS;9265.0;4
46400;SUBMISSION;BOT_TAKER;TRANSLATOR_GRAPHITE_MIST;XIRECS;11356.0;2
46400;BOT_MAKER;BOT_TAKER;TRANSLATOR_GRAPHITE_MIST;XIRECS;11355.0;2
46400;BOT_MAKER;BOT_TAKER;TRANSLATOR_VOID_BLUE;XIRECS;10832.0;4
46400;SUBMISSION;BOT_TAKER;PANEL_1X2;XIRECS;8693.0;2
46400;BOT_MAKER;BOT_TAKER;PANEL_1X2;XIRECS;8692.0;2
46400;SUBMISSION;BOT_TAKER;PANEL_2X2;XIRECS;9289.0;2
46400;BOT_MAKER;BOT_TAKER;PANEL_2X2;XIRECS;9288.0;2
46400;SUBMISSION;BOT_TAKER;PANEL_1X4;XIRECS;8460.0;2
46400;BOT_MAKER;BOT_TAKER;PANEL_1X4;XIRECS;8459.0;2
46400;BOT_MAKER;BOT_TAKER;PANEL_2X4;XIRECS;11398.0;4
46400;SUBMISSION;BOT_TAKER;PANEL_4X4;XIRECS;10186.0;2
46400;BOT_MAKER;BOT_TAKER;PANEL_4X4;XIRECS;10185.0;2
46400;SUBMISSION;BOT_TAKER;OXYGEN_SHAKE_MORNING_BREATH;XIRECS;9779.0;2
46400;BOT_MAKER;BOT_TAKER;OXYGEN_SHAKE_MORNING_BREATH;XIRECS;9778.0;2
46400;SUBMISSION;BOT_TAKER;OXYGEN_SHAKE_EVENING_BREATH;XIRECS;9189.0;2
46400;BOT_MAKER;BOT_TAKER;OXYGEN_SHAKE_EVENING_BREATH;XIRECS;9188.0;2
46400;SUBMISSION;BOT_TAKER;OXYGEN_SHAKE_MINT;XIRECS;9480.0;2
46400;BOT_MAKER;BOT_TAKER;OXYGEN_SHAKE_MINT;XIRECS;9479.0;2
46400;BOT_MAKER;BOT_TAKER;OXYGEN_SHAKE_CHOCOLATE;XIRECS;9247.0;4
46400;SUBMISSION;BOT_TAKER;OXYGEN_SHAKE_GARLIC;XIRECS;12014.0;2
46400;BOT_MAKER;BOT_TAKER;OXYGEN_SHAKE_GARLIC;XIRECS;12013.0;2
46400;BOT_MAKER;BOT_TAKER;SNACKPACK_CHOCOLATE;XIRECS;9625.0;4
46400;BOT_MAKER;BOT_TAKER;SNACKPACK_VANILLA;XIRECS;10221.0;4
46400;BOT_MAKER;BOT_TAKER;SNACKPACK_PISTACHIO;XIRECS;9543.0;4
46400;BOT_MAKER;BOT_TAKER;SNACKPACK_STRAWBERRY;XIRECS;11187.0;4
46400;BOT_MAKER;BOT_TAKER;SNACKPACK_RASPBERRY;XIRECS;9793.0;4
46600;BOT_MAKER;BOT_TAKER;GALAXY_SOUNDS_DARK_MATTER;XIRECS;11069.0;2
46600;SUBMISSION;BOT_TAKER;GALAXY_SOUNDS_BLACK_HOLES;XIRECS;12141.0;2
46600;SUBMISSION;BOT_TAKER;GALAXY_SOUNDS_PLANETARY_RINGS;XIRECS;11144.0;2
46600;SUBMISSION;BOT_TAKER;GALAXY_SOUNDS_SOLAR_WINDS;XIRECS;11027.0;2
46600;SUBMISSION;BOT_TAKER;GALAXY_SOUNDS_SOLAR_FLAMES;XIRECS;10615.0;2
46600;BOT_MAKER;BOT_TAKER;SLEEP_POD_SUEDE;XIRECS;12269.0;2
46600;BOT_MAKER;BOT_TAKER;SLEEP_POD_LAMB_WOOL;XIRECS;11262.0;2
46600;SUBMISSION;BOT_TAKER;SLEEP_POD_POLYESTER;XIRECS;12791.0;2
46600;BOT_MAKER;BOT_TAKER;SLEEP_POD_NYLON;XIRECS;9830.0;2
46600;SUBMISSION;BOT_TAKER;SLEEP_POD_COTTON;XIRECS;12010.0;2
46600;BOT_MAKER;BOT_TAKER;ROBOT_VACUUMING;XIRECS;8568.0;2
46600;SUBMISSION;BOT_TAKER;ROBOT_MOPPING;XIRECS;12560.0;2
46600;BOT_MAKER;BOT_TAKER;ROBOT_DISHES;XIRECS;10635.0;2
46600;BOT_MAKER;BOT_TAKER;ROBOT_LAUNDRY;XIRECS;9535.0;2
46600;SUBMISSION;BOT_TAKER;ROBOT_IRONING;XIRECS;7348.0;2
46600;SUBMISSION;BOT_TAKER;UV_VISOR_YELLOW;XIRECS;11620.0;2
46600;SUBMISSION;BOT_TAKER;UV_VISOR_AMBER;XIRECS;7342.0;2
46600;SUBMISSION;BOT_TAKER;UV_VISOR_ORANGE;XIRECS;10457.0;2
46600;BOT_MAKER;BOT_TAKER;UV_VISOR_RED;XIRECS;11814.0;2
46600;BOT_MAKER;BOT_TAKER;UV_VISOR_MAGENTA;XIRECS;11664.0;2
46600;SUBMISSION;BOT_TAKER;TRANSLATOR_SPACE_GRAY;XIRECS;9741.0;2
46600;BOT_MAKER;BOT_TAKER;TRANSLATOR_ASTRO_BLACK;XIRECS;9179.0;2
46600;BOT_MAKER;BOT_TAKER;TRANSLATOR_ECLIPSE_CHARCOAL;XIRECS;9274.0;2
46600;SUBMISSION;BOT_TAKER;TRANSLATOR_GRAPHITE_MIST;XIRECS;11333.0;2
46600;BOT_MAKER;BOT_TAKER;TRANSLATOR_VOID_BLUE;XIRECS;10832.0;2
46600;SUBMISSION;BOT_TAKER;PANEL_1X2;XIRECS;8705.0;2
46600;SUBMISSION;BOT_TAKER;PANEL_2X2;XIRECS;9292.0;2
46600;SUBMISSION;BOT_TAKER;PANEL_1X4;XIRECS;8464.0;2
46600;BOT_MAKER;BOT_TAKER;PANEL_2X4;XIRECS;11395.0;2
46600;SUBMISSION;BOT_TAKER;PANEL_4X4;XIRECS;10207.0;2
46600;SUBMISSION;BOT_TAKER;OXYGEN_SHAKE_MORNING_BREATH;XIRECS;9771.0;2
46600;SUBMISSION;BOT_TAKER;OXYGEN_SHAKE_EVENING_BREATH;XIRECS;9169.0;2
46600;SUBMISSION;BOT_TAKER;OXYGEN_SHAKE_MINT;XIRECS;9481.0;2
46600;BOT_MAKER;BOT_TAKER;OXYGEN_SHAKE_CHOCOLATE;XIRECS;9276.0;2
46600;SUBMISSION;BOT_TAKER;OXYGEN_SHAKE_GARLIC;XIRECS;12046.0;2
46600;BOT_MAKER;BOT_TAKER;SNACKPACK_CHOCOLATE;XIRECS;9618.0;2
46600;BOT_MAKER;BOT_TAKER;SNACKPACK_VANILLA;XIRECS;10223.0;2
46600;BOT_MAKER;BOT_TAKER;SNACKPACK_PISTACHIO;XIRECS;9546.0;2
46600;BOT_MAKER;BOT_TAKER;SNACKPACK_STRAWBERRY;XIRECS;11190.0;2
46600;BOT_MAKER;BOT_TAKER;SNACKPACK_RASPBERRY;XIRECS;9789.0;2
47300;SUBMISSION;BOT_TAKER;PEBBLES_XS;XIRECS;6887.0;4
47300;BOT_MAKER;BOT_TAKER;PEBBLES_XS;XIRECS;6886.0;1
47300;BOT_MAKER;BOT_TAKER;PEBBLES_S;XIRECS;8574.0;5
47300;BOT_MAKER;BOT_TAKER;PEBBLES_M;XIRECS;11232.0;5
47300;SUBMISSION;BOT_TAKER;PEBBLES_L;XIRECS;10897.0;4
47300;BOT_MAKER;BOT_TAKER;PEBBLES_L;XIRECS;10896.0;1
47300;BOT_MAKER;BOT_TAKER;PEBBLES_XL;XIRECS;12381.0;5
50100;BOT_MAKER;BOT_TAKER;GALAXY_SOUNDS_DARK_MATTER;XIRECS;11100.0;3
50100;BOT_MAKER;BOT_TAKER;GALAXY_SOUNDS_BLACK_HOLES;XIRECS;12187.0;3
50100;BOT_MAKER;BOT_TAKER;GALAXY_SOUNDS_PLANETARY_RINGS;XIRECS;11110.0;3
50100;BOT_MAKER;BOT_TAKER;GALAXY_SOUNDS_SOLAR_WINDS;XIRECS;11027.0;3
50100;SUBMISSION;BOT_TAKER;GALAXY_SOUNDS_SOLAR_FLAMES;XIRECS;10600.0;1
50100;BOT_MAKER;BOT_TAKER;GALAXY_SOUNDS_SOLAR_FLAMES;XIRECS;10599.0;2
50100;BOT_MAKER;BOT_TAKER;SLEEP_POD_SUEDE;XIRECS;12254.0;3
50100;BOT_MAKER;BOT_TAKER;SLEEP_POD_LAMB_WOOL;XIRECS;11292.0;3
50100;BOT_MAKER;BOT_TAKER;SLEEP_POD_POLYESTER;XIRECS;12828.0;3
50100;BOT_MAKER;BOT_TAKER;SLEEP_POD_NYLON;XIRECS;9896.0;3
50100;BOT_MAKER;BOT_TAKER;SLEEP_POD_COTTON;XIRECS;11920.0;3
50100;SUBMISSION;BOT_TAKER;ROBOT_VACUUMING;XIRECS;8533.0;2
50100;BOT_MAKER;BOT_TAKER;ROBOT_VACUUMING;XIRECS;8532.0;1
50100;BOT_MAKER;BOT_TAKER;ROBOT_MOPPING;XIRECS;12660.0;3
50100;BOT_MAKER;BOT_TAKER;ROBOT_DISHES;XIRECS;10679.0;3
50100;SUBMISSION;BOT_TAKER;ROBOT_LAUNDRY;XIRECS;9455.0;3
50100;BOT_MAKER;BOT_TAKER;ROBOT_IRONING;XIRECS;7423.0;3
50100;BOT_MAKER;BOT_TAKER;UV_VISOR_YELLOW;XIRECS;11628.0;3
50100;BOT_MAKER;BOT_TAKER;UV_VISOR_AMBER;XIRECS;7329.0;3
50100;BOT_MAKER;BOT_TAKER;UV_VISOR_ORANGE;XIRECS;10495.0;3
50100;BOT_MAKER;BOT_TAKER;UV_VISOR_RED;XIRECS;11794.0;3
50100;BOT_MAKER;BOT_TAKER;UV_VISOR_MAGENTA;XIRECS;11596.0;3
50100;BOT_MAKER;BOT_TAKER;TRANSLATOR_SPACE_GRAY;XIRECS;9691.0;3
50100;BOT_MAKER;BOT_TAKER;TRANSLATOR_ASTRO_BLACK;XIRECS;9246.0;3
50100;BOT_MAKER;BOT_TAKER;TRANSLATOR_ECLIPSE_CHARCOAL;XIRECS;9106.0;3
50100;BOT_MAKER;BOT_TAKER;TRANSLATOR_GRAPHITE_MIST;XIRECS;11345.0;3
50100;BOT_MAKER;BOT_TAKER;TRANSLATOR_VOID_BLUE;XIRECS;10826.0;3
50100;BOT_MAKER;BOT_TAKER;PANEL_1X2;XIRECS;8668.0;3
50100;BOT_MAKER;BOT_TAKER;PANEL_2X2;XIRECS;9359.0;3
50100;BOT_MAKER;BOT_TAKER;PANEL_1X4;XIRECS;8510.0;3
50100;BOT_MAKER;BOT_TAKER;PANEL_2X4;XIRECS;11451.0;3
50100;BOT_MAKER;BOT_TAKER;PANEL_4X4;XIRECS;10328.0;3
50100;BOT_MAKER;BOT_TAKER;OXYGEN_SHAKE_MORNING_BREATH;XIRECS;9732.0;3
50100;BOT_MAKER;BOT_TAKER;OXYGEN_SHAKE_EVENING_BREATH;XIRECS;9252.0;3
50100;BOT_MAKER;BOT_TAKER;OXYGEN_SHAKE_MINT;XIRECS;9519.0;3
50100;BOT_MAKER;BOT_TAKER;OXYGEN_SHAKE_CHOCOLATE;XIRECS;9432.0;3
50100;BOT_MAKER;BOT_TAKER;OXYGEN_SHAKE_GARLIC;XIRECS;11955.0;3
50100;BOT_MAKER;BOT_TAKER;SNACKPACK_CHOCOLATE;XIRECS;9699.0;3
50100;BOT_MAKER;BOT_TAKER;SNACKPACK_VANILLA;XIRECS;10129.0;3
50100;BOT_MAKER;BOT_TAKER;SNACKPACK_PISTACHIO;XIRECS;9510.0;3
50100;BOT_MAKER;BOT_TAKER;SNACKPACK_STRAWBERRY;XIRECS;11153.0;3
50100;BOT_MAKER;BOT_TAKER;SNACKPACK_RASPBERRY;XIRECS;9815.0;3
53000;BOT_MAKER;BOT_TAKER;GALAXY_SOUNDS_DARK_MATTER;XIRECS;11072.0;4
53000;BOT_MAKER;BOT_TAKER;GALAXY_SOUNDS_BLACK_HOLES;XIRECS;12048.0;4
53000;BOT_MAKER;BOT_TAKER;GALAXY_SOUNDS_PLANETARY_RINGS;XIRECS;11122.0;4
53000;BOT_MAKER;BOT_TAKER;GALAXY_SOUNDS_SOLAR_WINDS;XIRECS;11058.0;4
53000;BOT_MAKER;BOT_TAKER;GALAXY_SOUNDS_SOLAR_FLAMES;XIRECS;10600.0;4
53000;BOT_MAKER;BOT_TAKER;SLEEP_POD_SUEDE;XIRECS;12262.0;4
53000;BOT_MAKER;BOT_TAKER;SLEEP_POD_LAMB_WOOL;XIRECS;11269.0;4
53000;BOT_MAKER;BOT_TAKER;SLEEP_POD_POLYESTER;XIRECS;12783.0;4
53000;BOT_MAKER;BOT_TAKER;SLEEP_POD_NYLON;XIRECS;9824.0;4
53000;BOT_MAKER;BOT_TAKER;SLEEP_POD_COTTON;XIRECS;11955.0;4
53000;BOT_MAKER;BOT_TAKER;ROBOT_VACUUMING;XIRECS;8605.0;4
53000;BOT_MAKER;BOT_TAKER;ROBOT_MOPPING;XIRECS;12701.0;4
53000;BOT_MAKER;BOT_TAKER;ROBOT_DISHES;XIRECS;10702.0;4
53000;BOT_MAKER;BOT_TAKER;ROBOT_LAUNDRY;XIRECS;9480.0;4
53000;BOT_MAKER;BOT_TAKER;ROBOT_IRONING;XIRECS;7349.0;4
53000;BOT_MAKER;BOT_TAKER;UV_VISOR_YELLOW;XIRECS;11583.0;4
53000;BOT_MAKER;BOT_TAKER;UV_VISOR_AMBER;XIRECS;7259.0;4
53000;BOT_MAKER;BOT_TAKER;UV_VISOR_ORANGE;XIRECS;10579.0;4
53000;BOT_MAKER;BOT_TAKER;UV_VISOR_RED;XIRECS;11875.0;4
53000;BOT_MAKER;BOT_TAKER;UV_VISOR_MAGENTA;XIRECS;11640.0;4
53000;BOT_MAKER;BOT_TAKER;TRANSLATOR_SPACE_GRAY;XIRECS;9782.0;4
53000;SUBMISSION;BOT_TAKER;TRANSLATOR_ASTRO_BLACK;XIRECS;9125.0;4
53000;BOT_MAKER;BOT_TAKER;TRANSLATOR_ECLIPSE_CHARCOAL;XIRECS;9103.0;4
53000;BOT_MAKER;BOT_TAKER;TRANSLATOR_GRAPHITE_MIST;XIRECS;11398.0;4
53000;BOT_MAKER;BOT_TAKER;TRANSLATOR_VOID_BLUE;XIRECS;10814.0;4
53000;BOT_MAKER;BOT_TAKER;PANEL_1X2;XIRECS;8614.0;4
53000;BOT_MAKER;BOT_TAKER;PANEL_2X2;XIRECS;9379.0;4
53000;BOT_MAKER;BOT_TAKER;PANEL_1X4;XIRECS;8537.0;4
53000;BOT_MAKER;BOT_TAKER;PANEL_2X4;XIRECS;11310.0;4
53000;BOT_MAKER;BOT_TAKER;PANEL_4X4;XIRECS;10325.0;4
53000;BOT_MAKER;BOT_TAKER;OXYGEN_SHAKE_MORNING_BREATH;XIRECS;9782.0;4
53000;BOT_MAKER;BOT_TAKER;OXYGEN_SHAKE_EVENING_BREATH;XIRECS;9167.0;4
53000;BOT_MAKER;BOT_TAKER;OXYGEN_SHAKE_MINT;XIRECS;9509.0;4
53000;BOT_MAKER;BOT_TAKER;OXYGEN_SHAKE_CHOCOLATE;XIRECS;9317.0;4
53000;BOT_MAKER;BOT_TAKER;OXYGEN_SHAKE_GARLIC;XIRECS;11958.0;4
53000;BOT_MAKER;BOT_TAKER;SNACKPACK_CHOCOLATE;XIRECS;9690.0;4
53000;BOT_MAKER;BOT_TAKER;SNACKPACK_VANILLA;XIRECS;10138.0;4
53000;BOT_MAKER;BOT_TAKER;SNACKPACK_PISTACHIO;XIRECS;9496.0;4
53000;BOT_MAKER;BOT_TAKER;SNACKPACK_STRAWBERRY;XIRECS;11110.0;4
53000;BOT_MAKER;BOT_TAKER;SNACKPACK_RASPBERRY;XIRECS;9845.0;4
53200;BOT_MAKER;BOT_TAKER;GALAXY_SOUNDS_DARK_MATTER;XIRECS;11064.0;3
53200;BOT_MAKER;BOT_TAKER;GALAXY_SOUNDS_BLACK_HOLES;XIRECS;12042.0;3
53200;BOT_MAKER;BOT_TAKER;GALAXY_SOUNDS_PLANETARY_RINGS;XIRECS;11095.0;3
53200;BOT_MAKER;BOT_TAKER;GALAXY_SOUNDS_SOLAR_WINDS;XIRECS;11038.0;3
53200;BOT_MAKER;BOT_TAKER;GALAXY_SOUNDS_SOLAR_FLAMES;XIRECS;10624.0;3
53200;BOT_MAKER;BOT_TAKER;SLEEP_POD_SUEDE;XIRECS;12241.0;3
53200;BOT_MAKER;BOT_TAKER;SLEEP_POD_LAMB_WOOL;XIRECS;11260.0;3
53200;BOT_MAKER;BOT_TAKER;SLEEP_POD_POLYESTER;XIRECS;12808.0;3
53200;BOT_MAKER;BOT_TAKER;SLEEP_POD_NYLON;XIRECS;9828.0;3
53200;BOT_MAKER;BOT_TAKER;SLEEP_POD_COTTON;XIRECS;11953.0;3
53200;BOT_MAKER;BOT_TAKER;ROBOT_VACUUMING;XIRECS;8604.0;3
53200;BOT_MAKER;BOT_TAKER;ROBOT_MOPPING;XIRECS;12690.0;3
53200;BOT_MAKER;BOT_TAKER;ROBOT_DISHES;XIRECS;10707.0;3
53200;SUBMISSION;BOT_TAKER;ROBOT_LAUNDRY;XIRECS;9468.0;1
53200;BOT_MAKER;BOT_TAKER;ROBOT_LAUNDRY;XIRECS;9467.0;2
53200;BOT_MAKER;BOT_TAKER;ROBOT_IRONING;XIRECS;7330.0;3
53200;BOT_MAKER;BOT_TAKER;UV_VISOR_YELLOW;XIRECS;11600.0;3
53200;BOT_MAKER;BOT_TAKER;UV_VISOR_AMBER;XIRECS;7257.0;3
53200;BOT_MAKER;BOT_TAKER;UV_VISOR_ORANGE;XIRECS;10555.0;3
53200;BOT_MAKER;BOT_TAKER;UV_VISOR_RED;XIRECS;11909.0;3
53200;BOT_MAKER;BOT_TAKER;UV_VISOR_MAGENTA;XIRECS;11630.0;3
53200;BOT_MAKER;BOT_TAKER;TRANSLATOR_SPACE_GRAY;XIRECS;9784.0;3
53200;SUBMISSION;BOT_TAKER;TRANSLATOR_ASTRO_BLACK;XIRECS;9144.0;2
53200;BOT_MAKER;BOT_TAKER;TRANSLATOR_ASTRO_BLACK;XIRECS;9143.0;1
53200;BOT_MAKER;BOT_TAKER;TRANSLATOR_ECLIPSE_CHARCOAL;XIRECS;9107.0;3
53200;BOT_MAKER;BOT_TAKER;TRANSLATOR_GRAPHITE_MIST;XIRECS;11388.0;3
53200;BOT_MAKER;BOT_TAKER;TRANSLATOR_VOID_BLUE;XIRECS;10820.0;3
53200;BOT_MAKER;BOT_TAKER;PANEL_1X2;XIRECS;8622.0;3
53200;BOT_MAKER;BOT_TAKER;PANEL_2X2;XIRECS;9379.0;3
53200;BOT_MAKER;BOT_TAKER;PANEL_1X4;XIRECS;8537.0;3
53200;BOT_MAKER;BOT_TAKER;PANEL_2X4;XIRECS;11333.0;3
53200;BOT_MAKER;BOT_TAKER;PANEL_4X4;XIRECS;10343.0;3
53200;BOT_MAKER;BOT_TAKER;OXYGEN_SHAKE_MORNING_BREATH;XIRECS;9764.0;3
53200;BOT_MAKER;BOT_TAKER;OXYGEN_SHAKE_EVENING_BREATH;XIRECS;9177.0;3
53200;BOT_MAKER;BOT_TAKER;OXYGEN_SHAKE_MINT;XIRECS;9513.0;3
53200;BOT_MAKER;BOT_TAKER;OXYGEN_SHAKE_CHOCOLATE;XIRECS;9340.0;3
53200;BOT_MAKER;BOT_TAKER;OXYGEN_SHAKE_GARLIC;XIRECS;11961.0;3
53200;BOT_MAKER;BOT_TAKER;SNACKPACK_CHOCOLATE;XIRECS;9693.0;3
53200;BOT_MAKER;BOT_TAKER;SNACKPACK_VANILLA;XIRECS;10134.0;3
53200;BOT_MAKER;BOT_TAKER;SNACKPACK_PISTACHIO;XIRECS;9502.0;3
53200;BOT_MAKER;BOT_TAKER;SNACKPACK_STRAWBERRY;XIRECS;11119.0;3
53200;BOT_MAKER;BOT_TAKER;SNACKPACK_RASPBERRY;XIRECS;9841.0;3
53200;BOT_TAKER;SUBMISSION;MICROCHIP_CIRCLE;XIRECS;8674.0;3
53200;BOT_TAKER;SUBMISSION;MICROCHIP_OVAL;XIRECS;7479.0;3
53200;BOT_TAKER;SUBMISSION;MICROCHIP_SQUARE;XIRECS;16410.0;3
53200;BOT_TAKER;BOT_MAKER;MICROCHIP_RECTANGLE;XIRECS;7711.0;3
53200;BOT_TAKER;BOT_MAKER;MICROCHIP_TRIANGLE;XIRECS;8530.0;3
55000;BOT_MAKER;BOT_TAKER;GALAXY_SOUNDS_DARK_MATTER;XIRECS;11045.0;4
55000;BOT_MAKER;BOT_TAKER;GALAXY_SOUNDS_BLACK_HOLES;XIRECS;12041.0;4
55000;BOT_MAKER;BOT_TAKER;GALAXY_SOUNDS_PLANETARY_RINGS;XIRECS;11065.0;4
55000;BOT_MAKER;BOT_TAKER;GALAXY_SOUNDS_SOLAR_WINDS;XIRECS;10943.0;4
55000;BOT_MAKER;BOT_TAKER;GALAXY_SOUNDS_SOLAR_FLAMES;XIRECS;10654.0;4
55000;BOT_MAKER;BOT_TAKER;SLEEP_POD_SUEDE;XIRECS;12280.0;4
55000;BOT_MAKER;BOT_TAKER;SLEEP_POD_LAMB_WOOL;XIRECS;11258.0;4
55000;BOT_MAKER;BOT_TAKER;SLEEP_POD_POLYESTER;XIRECS;12802.0;4
55000;BOT_MAKER;BOT_TAKER;SLEEP_POD_NYLON;XIRECS;9905.0;4
55000;BOT_MAKER;BOT_TAKER;SLEEP_POD_COTTON;XIRECS;11943.0;4
55000;BOT_MAKER;BOT_TAKER;ROBOT_VACUUMING;XIRECS;8628.0;4
55000;BOT_MAKER;BOT_TAKER;ROBOT_MOPPING;XIRECS;12697.0;4
55000;BOT_MAKER;BOT_TAKER;ROBOT_DISHES;XIRECS;10737.0;4
55000;BOT_MAKER;BOT_TAKER;ROBOT_LAUNDRY;XIRECS;9507.0;4
55000;BOT_MAKER;BOT_TAKER;ROBOT_IRONING;XIRECS;7324.0;4
55000;BOT_MAKER;BOT_TAKER;UV_VISOR_YELLOW;XIRECS;11595.0;4
55000;BOT_MAKER;BOT_TAKER;UV_VISOR_AMBER;XIRECS;7218.0;4
55000;BOT_MAKER;BOT_TAKER;UV_VISOR_ORANGE;XIRECS;10450.0;4
55000;BOT_MAKER;BOT_TAKER;UV_VISOR_RED;XIRECS;11851.0;4
55000;BOT_MAKER;BOT_TAKER;UV_VISOR_MAGENTA;XIRECS;11655.0;4
55000;BOT_MAKER;BOT_TAKER;TRANSLATOR_SPACE_GRAY;XIRECS;9794.0;4
55000;BOT_MAKER;BOT_TAKER;TRANSLATOR_ASTRO_BLACK;XIRECS;9154.0;4
55000;BOT_MAKER;BOT_TAKER;TRANSLATOR_ECLIPSE_CHARCOAL;XIRECS;9142.0;4
55000;BOT_MAKER;BOT_TAKER;TRANSLATOR_GRAPHITE_MIST;XIRECS;11348.0;4
55000;BOT_MAKER;BOT_TAKER;TRANSLATOR_VOID_BLUE;XIRECS;10856.0;4
55000;BOT_MAKER;BOT_TAKER;PANEL_1X2;XIRECS;8590.0;4
55000;BOT_MAKER;BOT_TAKER;PANEL_2X2;XIRECS;9397.0;4
55000;BOT_MAKER;BOT_TAKER;PANEL_1X4;XIRECS;8550.0;4
55000;BOT_MAKER;BOT_TAKER;PANEL_2X4;XIRECS;11387.0;4
55000;BOT_MAKER;BOT_TAKER;PANEL_4X4;XIRECS;10435.0;4
55000;BOT_MAKER;BOT_TAKER;OXYGEN_SHAKE_MORNING_BREATH;XIRECS;9730.0;4
55000;BOT_MAKER;BOT_TAKER;OXYGEN_SHAKE_EVENING_BREATH;XIRECS;9201.0;4
55000;BOT_MAKER;BOT_TAKER;OXYGEN_SHAKE_MINT;XIRECS;9496.0;4
55000;BOT_MAKER;BOT_TAKER;OXYGEN_SHAKE_CHOCOLATE;XIRECS;9288.0;4
55000;BOT_MAKER;BOT_TAKER;OXYGEN_SHAKE_GARLIC;XIRECS;11939.0;4
55000;BOT_MAKER;BOT_TAKER;SNACKPACK_CHOCOLATE;XIRECS;9714.0;4
55000;SUBMISSION;BOT_TAKER;SNACKPACK_VANILLA;XIRECS;10102.0;1
55000;BOT_MAKER;BOT_TAKER;SNACKPACK_VANILLA;XIRECS;10101.0;3
55000;BOT_MAKER;BOT_TAKER;SNACKPACK_PISTACHIO;XIRECS;9501.0;4
55000;BOT_MAKER;BOT_TAKER;SNACKPACK_STRAWBERRY;XIRECS;11119.0;4
55000;BOT_MAKER;BOT_TAKER;SNACKPACK_RASPBERRY;XIRECS;9854.0;4
56300;SUBMISSION;BOT_TAKER;PEBBLES_XS;XIRECS;6842.0;2
56300;BOT_MAKER;BOT_TAKER;PEBBLES_XS;XIRECS;6841.0;3
56300;BOT_MAKER;BOT_TAKER;PEBBLES_S;XIRECS;8380.0;5
56300;BOT_MAKER;BOT_TAKER;PEBBLES_M;XIRECS;11215.0;5
56300;SUBMISSION;BOT_TAKER;PEBBLES_L;XIRECS;11061.0;2
56300;BOT_MAKER;BOT_TAKER;PEBBLES_L;XIRECS;11060.0;3
56300;BOT_MAKER;BOT_TAKER;PEBBLES_XL;XIRECS;12472.0;5
61600;BOT_TAKER;SUBMISSION;MICROCHIP_CIRCLE;XIRECS;8523.0;2
61600;BOT_TAKER;BOT_MAKER;MICROCHIP_CIRCLE;XIRECS;8524.0;1
61600;BOT_TAKER;SUBMISSION;MICROCHIP_OVAL;XIRECS;7287.0;2
61600;BOT_TAKER;BOT_MAKER;MICROCHIP_OVAL;XIRECS;7288.0;1
61600;BOT_TAKER;SUBMISSION;MICROCHIP_SQUARE;XIRECS;16220.0;2
61600;BOT_TAKER;BOT_MAKER;MICROCHIP_SQUARE;XIRECS;16221.0;1
61600;BOT_TAKER;SUBMISSION;MICROCHIP_RECTANGLE;XIRECS;7837.0;3
61600;BOT_TAKER;BOT_MAKER;MICROCHIP_TRIANGLE;XIRECS;8540.0;3
65400;BOT_TAKER;SUBMISSION;PEBBLES_XS;XIRECS;6793.0;3
65400;BOT_TAKER;BOT_MAKER;PEBBLES_S;XIRECS;8511.0;3
65400;BOT_TAKER;BOT_MAKER;PEBBLES_M;XIRECS;11300.0;3
65400;BOT_TAKER;SUBMISSION;PEBBLES_L;XIRECS;11275.0;3
65400;BOT_TAKER;SUBMISSION;PEBBLES_XL;XIRECS;12148.0;3
65800;BOT_TAKER;SUBMISSION;GALAXY_SOUNDS_DARK_MATTER;XIRECS;11148.0;1
65800;BOT_TAKER;SUBMISSION;GALAXY_SOUNDS_BLACK_HOLES;XIRECS;12017.0;1
65800;BOT_TAKER;SUBMISSION;GALAXY_SOUNDS_PLANETARY_RINGS;XIRECS;10920.0;1
65800;BOT_TAKER;SUBMISSION;GALAXY_SOUNDS_SOLAR_WINDS;XIRECS;10962.0;1
65800;BOT_TAKER;BOT_MAKER;GALAXY_SOUNDS_SOLAR_FLAMES;XIRECS;10271.0;1
65800;BOT_TAKER;SUBMISSION;SLEEP_POD_SUEDE;XIRECS;12547.0;1
65800;BOT_TAKER;SUBMISSION;SLEEP_POD_LAMB_WOOL;XIRECS;11319.0;1
65800;BOT_TAKER;SUBMISSION;SLEEP_POD_POLYESTER;XIRECS;12940.0;1
65800;BOT_TAKER;SUBMISSION;SLEEP_POD_NYLON;XIRECS;9996.0;1
65800;BOT_TAKER;SUBMISSION;SLEEP_POD_COTTON;XIRECS;12034.0;1
65800;BOT_TAKER;SUBMISSION;ROBOT_VACUUMING;XIRECS;8785.0;1
65800;BOT_TAKER;SUBMISSION;ROBOT_MOPPING;XIRECS;12541.0;1
65800;BOT_TAKER;SUBMISSION;ROBOT_DISHES;XIRECS;10539.0;1
65800;BOT_TAKER;SUBMISSION;ROBOT_LAUNDRY;XIRECS;9689.0;1
65800;BOT_TAKER;SUBMISSION;ROBOT_IRONING;XIRECS;7435.0;1
65800;BOT_TAKER;SUBMISSION;UV_VISOR_YELLOW;XIRECS;11880.0;1
65800;BOT_TAKER;SUBMISSION;UV_VISOR_AMBER;XIRECS;7355.0;1
65800;BOT_TAKER;SUBMISSION;UV_VISOR_ORANGE;XIRECS;10500.0;1
65800;BOT_TAKER;SUBMISSION;UV_VISOR_RED;XIRECS;11684.0;1
65800;BOT_TAKER;SUBMISSION;UV_VISOR_MAGENTA;XIRECS;11895.0;1
65800;BOT_TAKER;SUBMISSION;TRANSLATOR_SPACE_GRAY;XIRECS;9511.0;1
65800;BOT_TAKER;SUBMISSION;TRANSLATOR_ASTRO_BLACK;XIRECS;9255.0;1
65800;BOT_TAKER;BOT_MAKER;TRANSLATOR_ECLIPSE_CHARCOAL;XIRECS;9181.0;1
65800;BOT_TAKER;SUBMISSION;TRANSLATOR_GRAPHITE_MIST;XIRECS;11301.0;1
65800;BOT_TAKER;SUBMISSION;TRANSLATOR_VOID_BLUE;XIRECS;10804.0;1
65800;BOT_TAKER;SUBMISSION;PANEL_1X2;XIRECS;8570.0;1
65800;BOT_TAKER;SUBMISSION;PANEL_2X2;XIRECS;9680.0;1
65800;BOT_TAKER;SUBMISSION;PANEL_1X4;XIRECS;8419.0;1
65800;BOT_TAKER;BOT_MAKER;PANEL_2X4;XIRECS;11315.0;1
65800;BOT_TAKER;SUBMISSION;PANEL_4X4;XIRECS;10256.0;1
65800;BOT_TAKER;SUBMISSION;OXYGEN_SHAKE_MORNING_BREATH;XIRECS;9783.0;1
65800;BOT_TAKER;SUBMISSION;OXYGEN_SHAKE_EVENING_BREATH;XIRECS;9140.0;1
65800;BOT_TAKER;SUBMISSION;OXYGEN_SHAKE_MINT;XIRECS;9296.0;1
65800;BOT_TAKER;SUBMISSION;OXYGEN_SHAKE_CHOCOLATE;XIRECS;9509.0;1
65800;BOT_TAKER;SUBMISSION;OXYGEN_SHAKE_GARLIC;XIRECS;12045.0;1
65800;BOT_TAKER;BOT_MAKER;SNACKPACK_CHOCOLATE;XIRECS;9762.0;1
65800;BOT_TAKER;SUBMISSION;SNACKPACK_VANILLA;XIRECS;10118.0;1
65800;BOT_TAKER;SUBMISSION;SNACKPACK_PISTACHIO;XIRECS;9481.0;1
65800;BOT_TAKER;SUBMISSION;SNACKPACK_STRAWBERRY;XIRECS;11125.0;1
65800;BOT_TAKER;BOT_MAKER;SNACKPACK_RASPBERRY;XIRECS;9933.0;1
66000;SUBMISSION;BOT_TAKER;PEBBLES_XS;XIRECS;6736.0;2
66000;BOT_MAKER;BOT_TAKER;PEBBLES_S;XIRECS;8492.0;2
66000;BOT_MAKER;BOT_TAKER;PEBBLES_M;XIRECS;11320.0;2
66000;SUBMISSION;BOT_TAKER;PEBBLES_L;XIRECS;11230.0;2
66000;BOT_MAKER;BOT_TAKER;PEBBLES_XL;XIRECS;12193.0;2
68300;BOT_TAKER;SUBMISSION;MICROCHIP_CIRCLE;XIRECS;8643.0;2
68300;BOT_TAKER;BOT_MAKER;MICROCHIP_CIRCLE;XIRECS;8644.0;1
68300;BOT_TAKER;SUBMISSION;MICROCHIP_OVAL;XIRECS;7433.0;2
68300;BOT_TAKER;BOT_MAKER;MICROCHIP_OVAL;XIRECS;7434.0;1
68300;BOT_TAKER;SUBMISSION;MICROCHIP_SQUARE;XIRECS;15620.0;2
68300;BOT_TAKER;BOT_MAKER;MICROCHIP_SQUARE;XIRECS;15621.0;1
68300;BOT_TAKER;BOT_MAKER;MICROCHIP_RECTANGLE;XIRECS;7734.0;3
68300;BOT_TAKER;BOT_MAKER;MICROCHIP_TRIANGLE;XIRECS;8653.0;3
70700;BOT_MAKER;BOT_TAKER;GALAXY_SOUNDS_DARK_MATTER;XIRECS;11191.0;3
70700;SUBMISSION;BOT_TAKER;GALAXY_SOUNDS_BLACK_HOLES;XIRECS;11990.0;1
70700;BOT_MAKER;BOT_TAKER;GALAXY_SOUNDS_BLACK_HOLES;XIRECS;11989.0;2
70700;SUBMISSION;BOT_TAKER;GALAXY_SOUNDS_PLANETARY_RINGS;XIRECS;10926.0;1
70700;BOT_MAKER;BOT_TAKER;GALAXY_SOUNDS_PLANETARY_RINGS;XIRECS;10925.0;2
70700;SUBMISSION;BOT_TAKER;GALAXY_SOUNDS_SOLAR_WINDS;XIRECS;11042.0;1
70700;BOT_MAKER;BOT_TAKER;GALAXY_SOUNDS_SOLAR_WINDS;XIRECS;11041.0;2
70700;BOT_MAKER;BOT_TAKER;GALAXY_SOUNDS_SOLAR_FLAMES;XIRECS;10286.0;3
70700;BOT_MAKER;BOT_TAKER;SLEEP_POD_SUEDE;XIRECS;12503.0;3
70700;BOT_MAKER;BOT_TAKER;SLEEP_POD_LAMB_WOOL;XIRECS;11322.0;3
70700;SUBMISSION;BOT_TAKER;SLEEP_POD_POLYESTER;XIRECS;13080.0;1
70700;BOT_MAKER;BOT_TAKER;SLEEP_POD_POLYESTER;XIRECS;13079.0;2
70700;BOT_MAKER;BOT_TAKER;SLEEP_POD_NYLON;XIRECS;9902.0;3
70700;SUBMISSION;BOT_TAKER;SLEEP_POD_COTTON;XIRECS;11937.0;1
70700;BOT_MAKER;BOT_TAKER;SLEEP_POD_COTTON;XIRECS;11936.0;2
70700;BOT_MAKER;BOT_TAKER;ROBOT_VACUUMING;XIRECS;8649.0;3
70700;SUBMISSION;BOT_TAKER;ROBOT_MOPPING;XIRECS;12585.0;1
70700;BOT_MAKER;BOT_TAKER;ROBOT_MOPPING;XIRECS;12584.0;2
70700;BOT_MAKER;BOT_TAKER;ROBOT_DISHES;XIRECS;10470.0;3
70700;BOT_MAKER;BOT_TAKER;ROBOT_LAUNDRY;XIRECS;9663.0;3
70700;SUBMISSION;BOT_TAKER;ROBOT_IRONING;XIRECS;7494.0;1
70700;BOT_MAKER;BOT_TAKER;ROBOT_IRONING;XIRECS;7493.0;2
70700;SUBMISSION;BOT_TAKER;UV_VISOR_YELLOW;XIRECS;11983.0;1
70700;BOT_MAKER;BOT_TAKER;UV_VISOR_YELLOW;XIRECS;11982.0;2
70700;SUBMISSION;BOT_TAKER;UV_VISOR_AMBER;XIRECS;7298.0;1
70700;BOT_MAKER;BOT_TAKER;UV_VISOR_AMBER;XIRECS;7297.0;2
70700;SUBMISSION;BOT_TAKER;UV_VISOR_ORANGE;XIRECS;10602.0;1
70700;BOT_MAKER;BOT_TAKER;UV_VISOR_ORANGE;XIRECS;10601.0;2
70700;BOT_MAKER;BOT_TAKER;UV_VISOR_RED;XIRECS;11623.0;3
70700;BOT_MAKER;BOT_TAKER;UV_VISOR_MAGENTA;XIRECS;11852.0;3
70700;SUBMISSION;BOT_TAKER;TRANSLATOR_SPACE_GRAY;XIRECS;9483.0;1
70700;BOT_MAKER;BOT_TAKER;TRANSLATOR_SPACE_GRAY;XIRECS;9482.0;2
70700;BOT_MAKER;BOT_TAKER;TRANSLATOR_ASTRO_BLACK;XIRECS;9297.0;3
70700;BOT_MAKER;BOT_TAKER;TRANSLATOR_ECLIPSE_CHARCOAL;XIRECS;9207.0;3
70700;SUBMISSION;BOT_TAKER;TRANSLATOR_GRAPHITE_MIST;XIRECS;11355.0;1
70700;BOT_MAKER;BOT_TAKER;TRANSLATOR_GRAPHITE_MIST;XIRECS;11354.0;2
70700;BOT_MAKER;BOT_TAKER;TRANSLATOR_VOID_BLUE;XIRECS;11009.0;3
70700;SUBMISSION;BOT_TAKER;PANEL_1X2;XIRECS;8601.0;1
70700;BOT_MAKER;BOT_TAKER;PANEL_1X2;XIRECS;8600.0;2
70700;SUBMISSION;BOT_TAKER;PANEL_2X2;XIRECS;9715.0;1
70700;BOT_MAKER;BOT_TAKER;PANEL_2X2;XIRECS;9714.0;2
70700;SUBMISSION;BOT_TAKER;PANEL_1X4;XIRECS;8469.0;1
70700;BOT_MAKER;BOT_TAKER;PANEL_1X4;XIRECS;8468.0;2
70700;BOT_MAKER;BOT_TAKER;PANEL_2X4;XIRECS;11340.0;3
70700;SUBMISSION;BOT_TAKER;PANEL_4X4;XIRECS;10336.0;1
70700;BOT_MAKER;BOT_TAKER;PANEL_4X4;XIRECS;10335.0;2
70700;SUBMISSION;BOT_TAKER;OXYGEN_SHAKE_MORNING_BREATH;XIRECS;9823.0;1
70700;BOT_MAKER;BOT_TAKER;OXYGEN_SHAKE_MORNING_BREATH;XIRECS;9822.0;2
70700;SUBMISSION;BOT_TAKER;OXYGEN_SHAKE_EVENING_BREATH;XIRECS;9151.0;1
70700;BOT_MAKER;BOT_TAKER;OXYGEN_SHAKE_EVENING_BREATH;XIRECS;9150.0;2
70700;SUBMISSION;BOT_TAKER;OXYGEN_SHAKE_MINT;XIRECS;9250.0;1
70700;BOT_MAKER;BOT_TAKER;OXYGEN_SHAKE_MINT;XIRECS;9249.0;2
70700;BOT_MAKER;BOT_TAKER;OXYGEN_SHAKE_CHOCOLATE;XIRECS;9586.0;3
70700;SUBMISSION;BOT_TAKER;OXYGEN_SHAKE_GARLIC;XIRECS;12031.0;1
70700;BOT_MAKER;BOT_TAKER;OXYGEN_SHAKE_GARLIC;XIRECS;12030.0;2
70700;BOT_MAKER;BOT_TAKER;SNACKPACK_CHOCOLATE;XIRECS;9789.0;3
70700;SUBMISSION;BOT_TAKER;SNACKPACK_VANILLA;XIRECS;10017.0;3
70700;BOT_MAKER;BOT_TAKER;SNACKPACK_PISTACHIO;XIRECS;9456.0;3
70700;BOT_MAKER;BOT_TAKER;SNACKPACK_STRAWBERRY;XIRECS;11132.0;3
70700;BOT_MAKER;BOT_TAKER;SNACKPACK_RASPBERRY;XIRECS;9912.0;3
71400;BOT_TAKER;SUBMISSION;GALAXY_SOUNDS_DARK_MATTER;XIRECS;11202.0;1
71400;BOT_TAKER;SUBMISSION;GALAXY_SOUNDS_BLACK_HOLES;XIRECS;11999.0;1
71400;BOT_TAKER;SUBMISSION;GALAXY_SOUNDS_PLANETARY_RINGS;XIRECS;10942.0;1
71400;BOT_TAKER;SUBMISSION;GALAXY_SOUNDS_SOLAR_WINDS;XIRECS;11062.0;1
71400;BOT_TAKER;BOT_MAKER;GALAXY_SOUNDS_SOLAR_FLAMES;XIRECS;10283.0;1
71400;BOT_TAKER;SUBMISSION;SLEEP_POD_SUEDE;XIRECS;12505.0;1
71400;BOT_TAKER;SUBMISSION;SLEEP_POD_LAMB_WOOL;XIRECS;11346.0;1
71400;BOT_TAKER;SUBMISSION;SLEEP_POD_POLYESTER;XIRECS;13104.0;1
71400;BOT_TAKER;SUBMISSION;SLEEP_POD_NYLON;XIRECS;9876.0;1
71400;BOT_TAKER;SUBMISSION;SLEEP_POD_COTTON;XIRECS;11976.0;1
71400;BOT_TAKER;SUBMISSION;ROBOT_VACUUMING;XIRECS;8635.0;1
71400;BOT_TAKER;SUBMISSION;ROBOT_MOPPING;XIRECS;12567.0;1
71400;BOT_TAKER;SUBMISSION;ROBOT_DISHES;XIRECS;10467.0;1
71400;BOT_TAKER;SUBMISSION;ROBOT_LAUNDRY;XIRECS;9643.0;1
71400;BOT_TAKER;SUBMISSION;ROBOT_IRONING;XIRECS;7504.0;1
71400;BOT_TAKER;SUBMISSION;UV_VISOR_YELLOW;XIRECS;11971.0;1
71400;BOT_TAKER;SUBMISSION;UV_VISOR_AMBER;XIRECS;7312.0;1
71400;BOT_TAKER;SUBMISSION;UV_VISOR_ORANGE;XIRECS;10619.0;1
71400;BOT_TAKER;SUBMISSION;UV_VISOR_RED;XIRECS;11600.0;1
71400;BOT_TAKER;SUBMISSION;UV_VISOR_MAGENTA;XIRECS;11815.0;1
71400;BOT_TAKER;SUBMISSION;TRANSLATOR_SPACE_GRAY;XIRECS;9505.0;1
71400;BOT_TAKER;SUBMISSION;TRANSLATOR_ASTRO_BLACK;XIRECS;9311.0;1
71400;BOT_TAKER;BOT_MAKER;TRANSLATOR_ECLIPSE_CHARCOAL;XIRECS;9230.0;1
71400;BOT_TAKER;SUBMISSION;TRANSLATOR_GRAPHITE_MIST;XIRECS;11302.0;1
71400;BOT_TAKER;SUBMISSION;TRANSLATOR_VOID_BLUE;XIRECS;11005.0;1
71400;BOT_TAKER;SUBMISSION;PANEL_1X2;XIRECS;8609.0;1
71400;BOT_TAKER;SUBMISSION;PANEL_2X2;XIRECS;9735.0;1
71400;BOT_TAKER;SUBMISSION;PANEL_1X4;XIRECS;8498.0;1
71400;BOT_TAKER;BOT_MAKER;PANEL_2X4;XIRECS;11347.0;1
71400;BOT_TAKER;SUBMISSION;PANEL_4X4;XIRECS;10335.0;1
71400;BOT_TAKER;SUBMISSION;OXYGEN_SHAKE_MORNING_BREATH;XIRECS;9842.0;1
71400;BOT_TAKER;SUBMISSION;OXYGEN_SHAKE_EVENING_BREATH;XIRECS;9208.0;1
71400;BOT_TAKER;SUBMISSION;OXYGEN_SHAKE_MINT;XIRECS;9239.0;1
71400;BOT_TAKER;SUBMISSION;OXYGEN_SHAKE_CHOCOLATE;XIRECS;9619.0;1
71400;BOT_TAKER;SUBMISSION;OXYGEN_SHAKE_GARLIC;XIRECS;12062.0;1
71400;BOT_TAKER;SUBMISSION;SNACKPACK_CHOCOLATE;XIRECS;9811.0;1
71400;BOT_TAKER;BOT_MAKER;SNACKPACK_VANILLA;XIRECS;10034.0;1
71400;BOT_TAKER;SUBMISSION;SNACKPACK_PISTACHIO;XIRECS;9457.0;1
71400;BOT_TAKER;SUBMISSION;SNACKPACK_STRAWBERRY;XIRECS;11127.0;1
71400;BOT_TAKER;BOT_MAKER;SNACKPACK_RASPBERRY;XIRECS;9951.0;1
72400;BOT_TAKER;SUBMISSION;GALAXY_SOUNDS_DARK_MATTER;XIRECS;11234.0;3
72400;BOT_TAKER;BOT_MAKER;GALAXY_SOUNDS_DARK_MATTER;XIRECS;11235.0;1
72400;BOT_TAKER;SUBMISSION;GALAXY_SOUNDS_BLACK_HOLES;XIRECS;12021.0;4
72400;BOT_TAKER;SUBMISSION;GALAXY_SOUNDS_PLANETARY_RINGS;XIRECS;10935.0;4
72400;BOT_TAKER;SUBMISSION;GALAXY_SOUNDS_SOLAR_WINDS;XIRECS;11110.0;4
72400;BOT_TAKER;BOT_MAKER;GALAXY_SOUNDS_SOLAR_FLAMES;XIRECS;10313.0;4
72400;BOT_TAKER;SUBMISSION;SLEEP_POD_SUEDE;XIRECS;12529.0;4
72400;BOT_TAKER;SUBMISSION;SLEEP_POD_LAMB_WOOL;XIRECS;11347.0;2
72400;BOT_TAKER;BOT_MAKER;SLEEP_POD_LAMB_WOOL;XIRECS;11348.0;2
72400;BOT_TAKER;SUBMISSION;SLEEP_POD_POLYESTER;XIRECS;13101.0;4
72400;BOT_TAKER;SUBMISSION;SLEEP_POD_NYLON;XIRECS;9939.0;2
72400;BOT_TAKER;BOT_MAKER;SLEEP_POD_NYLON;XIRECS;9940.0;2
72400;BOT_TAKER;SUBMISSION;SLEEP_POD_COTTON;XIRECS;11961.0;4
72400;BOT_TAKER;SUBMISSION;ROBOT_VACUUMING;XIRECS;8632.0;4
72400;BOT_TAKER;SUBMISSION;ROBOT_MOPPING;XIRECS;12548.0;4
72400;BOT_TAKER;SUBMISSION;ROBOT_DISHES;XIRECS;10472.0;2
72400;BOT_TAKER;BOT_MAKER;ROBOT_DISHES;XIRECS;10473.0;2
72400;BOT_TAKER;SUBMISSION;ROBOT_LAUNDRY;XIRECS;9612.0;4
72400;BOT_TAKER;SUBMISSION;ROBOT_IRONING;XIRECS;7484.0;4
72400;BOT_TAKER;SUBMISSION;UV_VISOR_YELLOW;XIRECS;11978.0;4
72400;BOT_TAKER;SUBMISSION;UV_VISOR_AMBER;XIRECS;7255.0;4
72400;BOT_TAKER;SUBMISSION;UV_VISOR_ORANGE;XIRECS;10630.0;4
72400;BOT_TAKER;SUBMISSION;UV_VISOR_RED;XIRECS;11601.0;2
72400;BOT_TAKER;BOT_MAKER;UV_VISOR_RED;XIRECS;11602.0;2
72400;BOT_TAKER;SUBMISSION;UV_VISOR_MAGENTA;XIRECS;11754.0;4
72400;BOT_TAKER;SUBMISSION;TRANSLATOR_SPACE_GRAY;XIRECS;9510.0;4
72400;BOT_TAKER;SUBMISSION;TRANSLATOR_ASTRO_BLACK;XIRECS;9338.0;4
72400;BOT_TAKER;BOT_MAKER;TRANSLATOR_ECLIPSE_CHARCOAL;XIRECS;9258.0;4
72400;BOT_TAKER;SUBMISSION;TRANSLATOR_GRAPHITE_MIST;XIRECS;11287.0;4
72400;BOT_TAKER;SUBMISSION;TRANSLATOR_VOID_BLUE;XIRECS;11009.0;2
72400;BOT_TAKER;BOT_MAKER;TRANSLATOR_VOID_BLUE;XIRECS;11010.0;2
72400;BOT_TAKER;SUBMISSION;PANEL_1X2;XIRECS;8567.0;4
72400;BOT_TAKER;SUBMISSION;PANEL_2X2;XIRECS;9726.0;4
72400;BOT_TAKER;SUBMISSION;PANEL_1X4;XIRECS;8488.0;4
72400;BOT_TAKER;BOT_MAKER;PANEL_2X4;XIRECS;11361.0;4
72400;BOT_TAKER;SUBMISSION;PANEL_4X4;XIRECS;10299.0;4
72400;BOT_TAKER;SUBMISSION;OXYGEN_SHAKE_MORNING_BREATH;XIRECS;9856.0;4
72400;BOT_TAKER;SUBMISSION;OXYGEN_SHAKE_EVENING_BREATH;XIRECS;9216.0;4
72400;BOT_TAKER;SUBMISSION;OXYGEN_SHAKE_MINT;XIRECS;9279.0;4
72400;BOT_TAKER;SUBMISSION;OXYGEN_SHAKE_CHOCOLATE;XIRECS;9623.0;4
72400;BOT_TAKER;SUBMISSION;OXYGEN_SHAKE_GARLIC;XIRECS;12032.0;4
72400;BOT_TAKER;SUBMISSION;SNACKPACK_CHOCOLATE;XIRECS;9806.0;1
72400;BOT_TAKER;BOT_MAKER;SNACKPACK_CHOCOLATE;XIRECS;9807.0;3
72400;BOT_TAKER;BOT_MAKER;SNACKPACK_VANILLA;XIRECS;10032.0;4
72400;BOT_TAKER;BOT_MAKER;SNACKPACK_PISTACHIO;XIRECS;9439.0;4
72400;BOT_TAKER;SUBMISSION;SNACKPACK_STRAWBERRY;XIRECS;11083.0;2
72400;BOT_TAKER;BOT_MAKER;SNACKPACK_STRAWBERRY;XIRECS;11084.0;2
72400;BOT_TAKER;BOT_MAKER;SNACKPACK_RASPBERRY;XIRECS;9985.0;4
75000;BOT_TAKER;BOT_MAKER;GALAXY_SOUNDS_DARK_MATTER;XIRECS;11143.0;2
75000;BOT_TAKER;SUBMISSION;GALAXY_SOUNDS_BLACK_HOLES;XIRECS;12047.0;2
75000;BOT_TAKER;SUBMISSION;GALAXY_SOUNDS_PLANETARY_RINGS;XIRECS;10919.0;2
75000;BOT_TAKER;SUBMISSION;GALAXY_SOUNDS_SOLAR_WINDS;XIRECS;11072.0;2
75000;BOT_TAKER;BOT_MAKER;GALAXY_SOUNDS_SOLAR_FLAMES;XIRECS;10349.0;2
75000;BOT_TAKER;SUBMISSION;SLEEP_POD_SUEDE;XIRECS;12467.0;2
75000;BOT_TAKER;BOT_MAKER;SLEEP_POD_LAMB_WOOL;XIRECS;11406.0;2
75000;BOT_TAKER;SUBMISSION;SLEEP_POD_POLYESTER;XIRECS;13138.0;2
75000;BOT_TAKER;BOT_MAKER;SLEEP_POD_NYLON;XIRECS;9886.0;2
75000;BOT_TAKER;SUBMISSION;SLEEP_POD_COTTON;XIRECS;12049.0;2
75000;BOT_TAKER;SUBMISSION;ROBOT_VACUUMING;XIRECS;8642.0;2
75000;BOT_TAKER;SUBMISSION;ROBOT_MOPPING;XIRECS;12530.0;2
75000;BOT_TAKER;BOT_MAKER;ROBOT_DISHES;XIRECS;10381.0;2
75000;BOT_TAKER;SUBMISSION;ROBOT_LAUNDRY;XIRECS;9681.0;2
75000;BOT_TAKER;SUBMISSION;ROBOT_IRONING;XIRECS;7423.0;2
75000;BOT_TAKER;SUBMISSION;UV_VISOR_YELLOW;XIRECS;11815.0;2
75000;BOT_TAKER;SUBMISSION;UV_VISOR_AMBER;XIRECS;7252.0;2
75000;BOT_TAKER;SUBMISSION;UV_VISOR_ORANGE;XIRECS;10578.0;2
75000;BOT_TAKER;BOT_MAKER;UV_VISOR_RED;XIRECS;11655.0;2
75000;BOT_TAKER;SUBMISSION;UV_VISOR_MAGENTA;XIRECS;11709.0;2
75000;BOT_TAKER;SUBMISSION;TRANSLATOR_SPACE_GRAY;XIRECS;9465.0;2
75000;BOT_TAKER;SUBMISSION;TRANSLATOR_ASTRO_BLACK;XIRECS;9398.0;2
75000;BOT_TAKER;BOT_MAKER;TRANSLATOR_ECLIPSE_CHARCOAL;XIRECS;9213.0;2
75000;BOT_TAKER;SUBMISSION;TRANSLATOR_GRAPHITE_MIST;XIRECS;11340.0;2
75000;BOT_TAKER;BOT_MAKER;TRANSLATOR_VOID_BLUE;XIRECS;11089.0;2
75000;BOT_TAKER;SUBMISSION;PANEL_1X2;XIRECS;8549.0;2
75000;BOT_TAKER;SUBMISSION;PANEL_2X2;XIRECS;9780.0;2
75000;BOT_TAKER;SUBMISSION;PANEL_1X4;XIRECS;8440.0;2
75000;BOT_TAKER;BOT_MAKER;PANEL_2X4;XIRECS;11366.0;2
75000;BOT_TAKER;SUBMISSION;PANEL_4X4;XIRECS;10332.0;2
75000;BOT_TAKER;SUBMISSION;OXYGEN_SHAKE_MORNING_BREATH;XIRECS;9853.0;2
75000;BOT_TAKER;SUBMISSION;OXYGEN_SHAKE_EVENING_BREATH;XIRECS;9139.0;2
75000;BOT_TAKER;SUBMISSION;OXYGEN_SHAKE_MINT;XIRECS;9313.0;2
75000;BOT_TAKER;SUBMISSION;OXYGEN_SHAKE_CHOCOLATE;XIRECS;9628.0;2
75000;BOT_TAKER;SUBMISSION;OXYGEN_SHAKE_GARLIC;XIRECS;12045.0;2
75000;BOT_TAKER;SUBMISSION;SNACKPACK_CHOCOLATE;XIRECS;9864.0;2
75000;BOT_TAKER;BOT_MAKER;SNACKPACK_VANILLA;XIRECS;9998.0;2
75000;BOT_TAKER;SUBMISSION;SNACKPACK_PISTACHIO;XIRECS;9451.0;2
75000;BOT_TAKER;BOT_MAKER;SNACKPACK_STRAWBERRY;XIRECS;11080.0;2
75000;BOT_TAKER;BOT_MAKER;SNACKPACK_RASPBERRY;XIRECS;9985.0;2
75000;BOT_TAKER;SUBMISSION;PEBBLES_XS;XIRECS;6815.0;4
75000;BOT_TAKER;BOT_MAKER;PEBBLES_S;XIRECS;8377.0;4
75000;BOT_TAKER;BOT_MAKER;PEBBLES_M;XIRECS;11259.0;4
75000;BOT_TAKER;SUBMISSION;PEBBLES_L;XIRECS;11011.0;4
75000;BOT_TAKER;SUBMISSION;PEBBLES_XL;XIRECS;12566.0;4
80800;BOT_MAKER;BOT_TAKER;GALAXY_SOUNDS_DARK_MATTER;XIRECS;11027.0;2
80800;SUBMISSION;BOT_TAKER;GALAXY_SOUNDS_BLACK_HOLES;XIRECS;11912.0;2
80800;SUBMISSION;BOT_TAKER;GALAXY_SOUNDS_PLANETARY_RINGS;XIRECS;10894.0;2
80800;SUBMISSION;BOT_TAKER;GALAXY_SOUNDS_SOLAR_WINDS;XIRECS;11022.0;2
80800;BOT_MAKER;BOT_TAKER;GALAXY_SOUNDS_SOLAR_FLAMES;XIRECS;10380.0;2
80800;BOT_MAKER;BOT_TAKER;SLEEP_POD_SUEDE;XIRECS;12460.0;2
80800;BOT_MAKER;BOT_TAKER;SLEEP_POD_LAMB_WOOL;XIRECS;11306.0;2
80800;SUBMISSION;BOT_TAKER;SLEEP_POD_POLYESTER;XIRECS;13216.0;2
80800;BOT_MAKER;BOT_TAKER;SLEEP_POD_NYLON;XIRECS;9918.0;2
80800;SUBMISSION;BOT_TAKER;SLEEP_POD_COTTON;XIRECS;12096.0;2
80800;BOT_MAKER;BOT_TAKER;ROBOT_VACUUMING;XIRECS;8613.0;2
80800;SUBMISSION;BOT_TAKER;ROBOT_MOPPING;XIRECS;12520.0;2
80800;SUBMISSION;BOT_TAKER;ROBOT_DISHES;XIRECS;10222.0;2
80800;BOT_MAKER;BOT_TAKER;ROBOT_LAUNDRY;XIRECS;9698.0;2
80800;SUBMISSION;BOT_TAKER;ROBOT_IRONING;XIRECS;7556.0;2
80800;SUBMISSION;BOT_TAKER;UV_VISOR_YELLOW;XIRECS;11804.0;2
80800;SUBMISSION;BOT_TAKER;UV_VISOR_AMBER;XIRECS;7212.0;2
80800;SUBMISSION;BOT_TAKER;UV_VISOR_ORANGE;XIRECS;10616.0;2
80800;BOT_MAKER;BOT_TAKER;UV_VISOR_RED;XIRECS;11622.0;2
80800;BOT_MAKER;BOT_TAKER;UV_VISOR_MAGENTA;XIRECS;11663.0;2
80800;SUBMISSION;BOT_TAKER;TRANSLATOR_SPACE_GRAY;XIRECS;9410.0;2
80800;BOT_MAKER;BOT_TAKER;TRANSLATOR_ASTRO_BLACK;XIRECS;9495.0;2
80800;BOT_MAKER;BOT_TAKER;TRANSLATOR_ECLIPSE_CHARCOAL;XIRECS;9123.0;2
80800;SUBMISSION;BOT_TAKER;TRANSLATOR_GRAPHITE_MIST;XIRECS;11258.0;2
80800;BOT_MAKER;BOT_TAKER;TRANSLATOR_VOID_BLUE;XIRECS;11005.0;2
80800;SUBMISSION;BOT_TAKER;PANEL_1X2;XIRECS;8563.0;2
80800;SUBMISSION;BOT_TAKER;PANEL_2X2;XIRECS;9816.0;2
80800;SUBMISSION;BOT_TAKER;PANEL_1X4;XIRECS;8393.0;2
80800;BOT_MAKER;BOT_TAKER;PANEL_2X4;XIRECS;11245.0;2
80800;SUBMISSION;BOT_TAKER;PANEL_4X4;XIRECS;10439.0;2
80800;SUBMISSION;BOT_TAKER;OXYGEN_SHAKE_MORNING_BREATH;XIRECS;9823.0;2
80800;SUBMISSION;BOT_TAKER;OXYGEN_SHAKE_EVENING_BREATH;XIRECS;9187.0;2
80800;SUBMISSION;BOT_TAKER;OXYGEN_SHAKE_MINT;XIRECS;9290.0;2
80800;BOT_MAKER;BOT_TAKER;OXYGEN_SHAKE_CHOCOLATE;XIRECS;9678.0;2
80800;SUBMISSION;BOT_TAKER;OXYGEN_SHAKE_GARLIC;XIRECS;12221.0;2
80800;BOT_MAKER;BOT_TAKER;SNACKPACK_CHOCOLATE;XIRECS;9867.0;2
80800;SUBMISSION;BOT_TAKER;SNACKPACK_VANILLA;XIRECS;9985.0;2
80800;BOT_MAKER;BOT_TAKER;SNACKPACK_PISTACHIO;XIRECS;9460.0;2
80800;BOT_MAKER;BOT_TAKER;SNACKPACK_STRAWBERRY;XIRECS;11107.0;2
80800;BOT_MAKER;BOT_TAKER;SNACKPACK_RASPBERRY;XIRECS;9921.0;2
81800;BOT_MAKER;BOT_TAKER;GALAXY_SOUNDS_DARK_MATTER;XIRECS;11021.0;2
81800;SUBMISSION;BOT_TAKER;GALAXY_SOUNDS_BLACK_HOLES;XIRECS;11919.0;2
81800;SUBMISSION;BOT_TAKER;GALAXY_SOUNDS_PLANETARY_RINGS;XIRECS;10882.0;2
81800;SUBMISSION;BOT_TAKER;GALAXY_SOUNDS_SOLAR_WINDS;XIRECS;11060.0;2
81800;BOT_MAKER;BOT_TAKER;GALAXY_SOUNDS_SOLAR_FLAMES;XIRECS;10376.0;2
81800;BOT_MAKER;BOT_TAKER;SLEEP_POD_SUEDE;XIRECS;12438.0;2
81800;BOT_MAKER;BOT_TAKER;SLEEP_POD_LAMB_WOOL;XIRECS;11334.0;2
81800;SUBMISSION;BOT_TAKER;SLEEP_POD_POLYESTER;XIRECS;13266.0;2
81800;BOT_MAKER;BOT_TAKER;SLEEP_POD_NYLON;XIRECS;9941.0;2
81800;SUBMISSION;BOT_TAKER;SLEEP_POD_COTTON;XIRECS;12117.0;2
81800;BOT_MAKER;BOT_TAKER;ROBOT_VACUUMING;XIRECS;8638.0;2
81800;SUBMISSION;BOT_TAKER;ROBOT_MOPPING;XIRECS;12481.0;2
81800;SUBMISSION;BOT_TAKER;ROBOT_DISHES;XIRECS;10232.0;2
81800;BOT_MAKER;BOT_TAKER;ROBOT_LAUNDRY;XIRECS;9713.0;2
81800;SUBMISSION;BOT_TAKER;ROBOT_IRONING;XIRECS;7580.0;2
81800;SUBMISSION;BOT_TAKER;UV_VISOR_YELLOW;XIRECS;11763.0;2
81800;SUBMISSION;BOT_TAKER;UV_VISOR_AMBER;XIRECS;7201.0;2
81800;SUBMISSION;BOT_TAKER;UV_VISOR_ORANGE;XIRECS;10596.0;2
81800;BOT_MAKER;BOT_TAKER;UV_VISOR_RED;XIRECS;11562.0;2
81800;BOT_MAKER;BOT_TAKER;UV_VISOR_MAGENTA;XIRECS;11726.0;2
81800;SUBMISSION;BOT_TAKER;TRANSLATOR_SPACE_GRAY;XIRECS;9392.0;2
81800;BOT_MAKER;BOT_TAKER;TRANSLATOR_ASTRO_BLACK;XIRECS;9504.0;2
81800;BOT_MAKER;BOT_TAKER;TRANSLATOR_ECLIPSE_CHARCOAL;XIRECS;9106.0;2
81800;SUBMISSION;BOT_TAKER;TRANSLATOR_GRAPHITE_MIST;XIRECS;11249.0;2
81800;BOT_MAKER;BOT_TAKER;TRANSLATOR_VOID_BLUE;XIRECS;11041.0;2
81800;SUBMISSION;BOT_TAKER;PANEL_1X2;XIRECS;8660.0;2
81800;SUBMISSION;BOT_TAKER;PANEL_2X2;XIRECS;9828.0;2
81800;SUBMISSION;BOT_TAKER;PANEL_1X4;XIRECS;8401.0;2
81800;BOT_MAKER;BOT_TAKER;PANEL_2X4;XIRECS;11299.0;2
81800;SUBMISSION;BOT_TAKER;PANEL_4X4;XIRECS;10445.0;2
81800;SUBMISSION;BOT_TAKER;OXYGEN_SHAKE_MORNING_BREATH;XIRECS;9842.0;2
81800;SUBMISSION;BOT_TAKER;OXYGEN_SHAKE_EVENING_BREATH;XIRECS;9225.0;2
81800;SUBMISSION;BOT_TAKER;OXYGEN_SHAKE_MINT;XIRECS;9260.0;2
81800;BOT_MAKER;BOT_TAKER;OXYGEN_SHAKE_CHOCOLATE;XIRECS;9695.0;2
81800;SUBMISSION;BOT_TAKER;OXYGEN_SHAKE_GARLIC;XIRECS;12184.0;2
81800;BOT_MAKER;BOT_TAKER;SNACKPACK_CHOCOLATE;XIRECS;9896.0;2
81800;SUBMISSION;BOT_TAKER;SNACKPACK_VANILLA;XIRECS;9960.0;2
81800;BOT_MAKER;BOT_TAKER;SNACKPACK_PISTACHIO;XIRECS;9446.0;2
81800;BOT_MAKER;BOT_TAKER;SNACKPACK_STRAWBERRY;XIRECS;11085.0;2
81800;BOT_MAKER;BOT_TAKER;SNACKPACK_RASPBERRY;XIRECS;9952.0;2
82500;BOT_TAKER;SUBMISSION;PEBBLES_XS;XIRECS;6783.0;3
82500;BOT_TAKER;BOT_MAKER;PEBBLES_S;XIRECS;8223.0;3
82500;BOT_TAKER;BOT_MAKER;PEBBLES_M;XIRECS;11214.0;3
82500;BOT_TAKER;SUBMISSION;PEBBLES_L;XIRECS;11045.0;3
82500;BOT_TAKER;SUBMISSION;PEBBLES_XL;XIRECS;12763.0;3
83000;BOT_TAKER;BOT_MAKER;GALAXY_SOUNDS_DARK_MATTER;XIRECS;10983.0;2
83000;BOT_TAKER;SUBMISSION;GALAXY_SOUNDS_BLACK_HOLES;XIRECS;11874.0;2
83000;BOT_TAKER;SUBMISSION;GALAXY_SOUNDS_PLANETARY_RINGS;XIRECS;10904.0;2
83000;BOT_TAKER;SUBMISSION;GALAXY_SOUNDS_SOLAR_WINDS;XIRECS;11079.0;2
83000;BOT_TAKER;BOT_MAKER;GALAXY_SOUNDS_SOLAR_FLAMES;XIRECS;10400.0;2
83000;BOT_TAKER;SUBMISSION;SLEEP_POD_SUEDE;XIRECS;12409.0;2
83000;BOT_TAKER;BOT_MAKER;SLEEP_POD_LAMB_WOOL;XIRECS;11391.0;2
83000;BOT_TAKER;SUBMISSION;SLEEP_POD_POLYESTER;XIRECS;13346.0;2
83000;BOT_TAKER;BOT_MAKER;SLEEP_POD_NYLON;XIRECS;9984.0;2
83000;BOT_TAKER;SUBMISSION;SLEEP_POD_COTTON;XIRECS;12106.0;2
83000;BOT_TAKER;SUBMISSION;ROBOT_VACUUMING;XIRECS;8678.0;2
83000;BOT_TAKER;SUBMISSION;ROBOT_MOPPING;XIRECS;12513.0;2
83000;BOT_TAKER;BOT_MAKER;ROBOT_DISHES;XIRECS;10156.0;2
83000;BOT_TAKER;SUBMISSION;ROBOT_LAUNDRY;XIRECS;9690.0;2
83000;BOT_TAKER;SUBMISSION;ROBOT_IRONING;XIRECS;7594.0;2
83000;BOT_TAKER;SUBMISSION;UV_VISOR_YELLOW;XIRECS;11799.0;2
83000;BOT_TAKER;SUBMISSION;UV_VISOR_AMBER;XIRECS;7149.0;2
83000;BOT_TAKER;SUBMISSION;UV_VISOR_ORANGE;XIRECS;10584.0;2
83000;BOT_TAKER;BOT_MAKER;UV_VISOR_RED;XIRECS;11586.0;2
83000;BOT_TAKER;SUBMISSION;UV_VISOR_MAGENTA;XIRECS;11730.0;2
83000;BOT_TAKER;SUBMISSION;TRANSLATOR_SPACE_GRAY;XIRECS;9353.0;2
83000;BOT_TAKER;SUBMISSION;TRANSLATOR_ASTRO_BLACK;XIRECS;9453.0;2
83000;BOT_TAKER;BOT_MAKER;TRANSLATOR_ECLIPSE_CHARCOAL;XIRECS;9128.0;2
83000;BOT_TAKER;SUBMISSION;TRANSLATOR_GRAPHITE_MIST;XIRECS;11304.0;2
83000;BOT_TAKER;BOT_MAKER;TRANSLATOR_VOID_BLUE;XIRECS;11089.0;2
83000;BOT_TAKER;SUBMISSION;PANEL_1X2;XIRECS;8644.0;2
83000;BOT_TAKER;SUBMISSION;PANEL_2X2;XIRECS;9881.0;2
83000;BOT_TAKER;SUBMISSION;PANEL_1X4;XIRECS;8403.0;2
83000;BOT_TAKER;BOT_MAKER;PANEL_2X4;XIRECS;11296.0;2
83000;BOT_TAKER;SUBMISSION;PANEL_4X4;XIRECS;10460.0;2
83000;BOT_TAKER;SUBMISSION;OXYGEN_SHAKE_MORNING_BREATH;XIRECS;9854.0;2
83000;BOT_TAKER;SUBMISSION;OXYGEN_SHAKE_EVENING_BREATH;XIRECS;9288.0;2
83000;BOT_TAKER;SUBMISSION;OXYGEN_SHAKE_MINT;XIRECS;9270.0;2
83000;BOT_TAKER;SUBMISSION;OXYGEN_SHAKE_CHOCOLATE;XIRECS;9727.0;2
83000;BOT_TAKER;SUBMISSION;OXYGEN_SHAKE_GARLIC;XIRECS;12202.0;2
83000;BOT_TAKER;SUBMISSION;SNACKPACK_CHOCOLATE;XIRECS;9914.0;2
83000;BOT_TAKER;BOT_MAKER;SNACKPACK_VANILLA;XIRECS;9967.0;2
83000;BOT_TAKER;BOT_MAKER;SNACKPACK_PISTACHIO;XIRECS;9448.0;2
83000;BOT_TAKER;BOT_MAKER;SNACKPACK_STRAWBERRY;XIRECS;11083.0;2
83000;BOT_TAKER;BOT_MAKER;SNACKPACK_RASPBERRY;XIRECS;10008.0;2
86400;SUBMISSION;BOT_TAKER;PEBBLES_XS;XIRECS;6781.0;3
86400;BOT_MAKER;BOT_TAKER;PEBBLES_S;XIRECS;8058.0;3
86400;BOT_MAKER;BOT_TAKER;PEBBLES_M;XIRECS;11169.0;3
86400;SUBMISSION;BOT_TAKER;PEBBLES_L;XIRECS;11089.0;3
86400;BOT_MAKER;BOT_TAKER;PEBBLES_XL;XIRECS;12874.0;3
87700;BOT_TAKER;SUBMISSION;PEBBLES_XS;XIRECS;6765.0;2
87700;BOT_TAKER;BOT_MAKER;PEBBLES_S;XIRECS;8044.0;2
87700;BOT_TAKER;BOT_MAKER;PEBBLES_M;XIRECS;11172.0;2
87700;BOT_TAKER;SUBMISSION;PEBBLES_L;XIRECS;11104.0;2
87700;BOT_TAKER;SUBMISSION;PEBBLES_XL;XIRECS;12943.0;2
88000;BOT_MAKER;BOT_TAKER;GALAXY_SOUNDS_DARK_MATTER;XIRECS;10990.0;2
88000;SUBMISSION;BOT_TAKER;GALAXY_SOUNDS_BLACK_HOLES;XIRECS;11932.0;2
88000;SUBMISSION;BOT_TAKER;GALAXY_SOUNDS_PLANETARY_RINGS;XIRECS;10915.0;2
88000;SUBMISSION;BOT_TAKER;GALAXY_SOUNDS_SOLAR_WINDS;XIRECS;11189.0;2
88000;BOT_MAKER;BOT_TAKER;GALAXY_SOUNDS_SOLAR_FLAMES;XIRECS;10468.0;2
88000;BOT_MAKER;BOT_TAKER;SLEEP_POD_SUEDE;XIRECS;12330.0;2
88000;BOT_MAKER;BOT_TAKER;SLEEP_POD_LAMB_WOOL;XIRECS;11397.0;2
88000;SUBMISSION;BOT_TAKER;SLEEP_POD_POLYESTER;XIRECS;13349.0;2
88000;BOT_MAKER;BOT_TAKER;SLEEP_POD_NYLON;XIRECS;10074.0;2
88000;SUBMISSION;BOT_TAKER;SLEEP_POD_COTTON;XIRECS;12149.0;2
88000;BOT_MAKER;BOT_TAKER;ROBOT_VACUUMING;XIRECS;8619.0;2
88000;SUBMISSION;BOT_TAKER;ROBOT_MOPPING;XIRECS;12557.0;2
88000;SUBMISSION;BOT_TAKER;ROBOT_DISHES;XIRECS;10215.0;2
88000;BOT_MAKER;BOT_TAKER;ROBOT_LAUNDRY;XIRECS;9765.0;2
88000;SUBMISSION;BOT_TAKER;ROBOT_IRONING;XIRECS;7583.0;2
88000;SUBMISSION;BOT_TAKER;UV_VISOR_YELLOW;XIRECS;11757.0;2
88000;SUBMISSION;BOT_TAKER;UV_VISOR_AMBER;XIRECS;7122.0;2
88000;SUBMISSION;BOT_TAKER;UV_VISOR_ORANGE;XIRECS;10489.0;2
88000;BOT_MAKER;BOT_TAKER;UV_VISOR_RED;XIRECS;11606.0;2
88000;BOT_MAKER;BOT_TAKER;UV_VISOR_MAGENTA;XIRECS;11804.0;2
88000;SUBMISSION;BOT_TAKER;TRANSLATOR_SPACE_GRAY;XIRECS;9403.0;2
88000;BOT_MAKER;BOT_TAKER;TRANSLATOR_ASTRO_BLACK;XIRECS;9544.0;2
88000;BOT_MAKER;BOT_TAKER;TRANSLATOR_ECLIPSE_CHARCOAL;XIRECS;9178.0;2
88000;SUBMISSION;BOT_TAKER;TRANSLATOR_GRAPHITE_MIST;XIRECS;11212.0;2
88000;BOT_MAKER;BOT_TAKER;TRANSLATOR_VOID_BLUE;XIRECS;11106.0;2
88000;SUBMISSION;BOT_TAKER;PANEL_1X2;XIRECS;8617.0;2
88000;SUBMISSION;BOT_TAKER;PANEL_2X2;XIRECS;10030.0;2
88000;SUBMISSION;BOT_TAKER;PANEL_1X4;XIRECS;8432.0;2
88000;BOT_MAKER;BOT_TAKER;PANEL_2X4;XIRECS;11229.0;2
88000;SUBMISSION;BOT_TAKER;PANEL_4X4;XIRECS;10461.0;2
88000;SUBMISSION;BOT_TAKER;OXYGEN_SHAKE_MORNING_BREATH;XIRECS;9959.0;2
88000;SUBMISSION;BOT_TAKER;OXYGEN_SHAKE_EVENING_BREATH;XIRECS;9260.0;2
88000;SUBMISSION;BOT_TAKER;OXYGEN_SHAKE_MINT;XIRECS;9313.0;2
88000;BOT_MAKER;BOT_TAKER;OXYGEN_SHAKE_CHOCOLATE;XIRECS;9771.0;2
88000;SUBMISSION;BOT_TAKER;OXYGEN_SHAKE_GARLIC;XIRECS;12167.0;2
88000;BOT_MAKER;BOT_TAKER;SNACKPACK_CHOCOLATE;XIRECS;9846.0;2
88000;SUBMISSION;BOT_TAKER;SNACKPACK_VANILLA;XIRECS;9981.0;2
88000;SUBMISSION;BOT_TAKER;SNACKPACK_PISTACHIO;XIRECS;9425.0;2
88000;BOT_MAKER;BOT_TAKER;SNACKPACK_STRAWBERRY;XIRECS;11056.0;2
88000;BOT_MAKER;BOT_TAKER;SNACKPACK_RASPBERRY;XIRECS;10019.0;2
88900;BOT_TAKER;SUBMISSION;PEBBLES_XS;XIRECS;6824.0;2
88900;BOT_TAKER;BOT_MAKER;PEBBLES_XS;XIRECS;6825.0;1
88900;BOT_TAKER;BOT_MAKER;PEBBLES_S;XIRECS;8061.0;3
88900;BOT_TAKER;BOT_MAKER;PEBBLES_M;XIRECS;11210.0;3
88900;BOT_TAKER;SUBMISSION;PEBBLES_L;XIRECS;11113.0;2
88900;BOT_TAKER;BOT_MAKER;PEBBLES_L;XIRECS;11114.0;1
88900;BOT_TAKER;SUBMISSION;PEBBLES_XL;XIRECS;12820.0;2
88900;BOT_TAKER;BOT_MAKER;PEBBLES_XL;XIRECS;12821.0;1
89800;SUBMISSION;BOT_TAKER;PEBBLES_XS;XIRECS;6801.0;3
89800;BOT_MAKER;BOT_TAKER;PEBBLES_S;XIRECS;8000.0;3
89800;BOT_MAKER;BOT_TAKER;PEBBLES_M;XIRECS;11239.0;3
89800;SUBMISSION;BOT_TAKER;PEBBLES_L;XIRECS;11128.0;3
89800;BOT_MAKER;BOT_TAKER;PEBBLES_XL;XIRECS;12803.0;3
93000;BOT_TAKER;BOT_MAKER;GALAXY_SOUNDS_DARK_MATTER;XIRECS;10935.0;2
93000;BOT_TAKER;SUBMISSION;GALAXY_SOUNDS_BLACK_HOLES;XIRECS;12031.0;2
93000;BOT_TAKER;SUBMISSION;GALAXY_SOUNDS_PLANETARY_RINGS;XIRECS;10963.0;2
93000;BOT_TAKER;SUBMISSION;GALAXY_SOUNDS_SOLAR_WINDS;XIRECS;11133.0;2
93000;BOT_TAKER;BOT_MAKER;GALAXY_SOUNDS_SOLAR_FLAMES;XIRECS;10519.0;2
93000;BOT_TAKER;SUBMISSION;SLEEP_POD_SUEDE;XIRECS;12379.0;2
93000;BOT_TAKER;BOT_MAKER;SLEEP_POD_LAMB_WOOL;XIRECS;11399.0;2
93000;BOT_TAKER;SUBMISSION;SLEEP_POD_POLYESTER;XIRECS;13386.0;2
93000;BOT_TAKER;BOT_MAKER;SLEEP_POD_NYLON;XIRECS;10322.0;2
93000;BOT_TAKER;SUBMISSION;SLEEP_POD_COTTON;XIRECS;12304.0;2
93000;BOT_TAKER;BOT_MAKER;ROBOT_VACUUMING;XIRECS;8491.0;2
93000;BOT_TAKER;SUBMISSION;ROBOT_MOPPING;XIRECS;12609.0;2
93000;BOT_TAKER;BOT_MAKER;ROBOT_DISHES;XIRECS;10183.0;2
93000;BOT_TAKER;SUBMISSION;ROBOT_LAUNDRY;XIRECS;9803.0;2
93000;BOT_TAKER;SUBMISSION;ROBOT_IRONING;XIRECS;7648.0;2
93000;BOT_TAKER;SUBMISSION;UV_VISOR_YELLOW;XIRECS;11702.0;2
93000;BOT_TAKER;SUBMISSION;UV_VISOR_AMBER;XIRECS;7093.0;2
93000;BOT_TAKER;SUBMISSION;UV_VISOR_ORANGE;XIRECS;10498.0;2
93000;BOT_TAKER;BOT_MAKER;UV_VISOR_RED;XIRECS;11505.0;2
93000;BOT_TAKER;SUBMISSION;UV_VISOR_MAGENTA;XIRECS;11825.0;2
93000;BOT_TAKER;SUBMISSION;TRANSLATOR_SPACE_GRAY;XIRECS;9444.0;2
93000;BOT_TAKER;SUBMISSION;TRANSLATOR_ASTRO_BLACK;XIRECS;9649.0;2
93000;BOT_TAKER;BOT_MAKER;TRANSLATOR_ECLIPSE_CHARCOAL;XIRECS;9275.0;2
93000;BOT_TAKER;SUBMISSION;TRANSLATOR_GRAPHITE_MIST;XIRECS;11256.0;2
93000;BOT_TAKER;BOT_MAKER;TRANSLATOR_VOID_BLUE;XIRECS;11188.0;2
93000;BOT_TAKER;SUBMISSION;PANEL_1X2;XIRECS;8625.0;2
93000;BOT_TAKER;SUBMISSION;PANEL_2X2;XIRECS;10158.0;2
93000;BOT_TAKER;SUBMISSION;PANEL_1X4;XIRECS;8430.0;2
93000;BOT_TAKER;BOT_MAKER;PANEL_2X4;XIRECS;11276.0;2
93000;BOT_TAKER;SUBMISSION;PANEL_4X4;XIRECS;10476.0;2
93000;BOT_TAKER;SUBMISSION;OXYGEN_SHAKE_MORNING_BREATH;XIRECS;9896.0;2
93000;BOT_TAKER;SUBMISSION;OXYGEN_SHAKE_EVENING_BREATH;XIRECS;9272.0;2
93000;BOT_TAKER;SUBMISSION;OXYGEN_SHAKE_MINT;XIRECS;9299.0;2
93000;BOT_TAKER;SUBMISSION;OXYGEN_SHAKE_CHOCOLATE;XIRECS;9871.0;2
93000;BOT_TAKER;SUBMISSION;OXYGEN_SHAKE_GARLIC;XIRECS;12189.0;2
93000;BOT_TAKER;SUBMISSION;SNACKPACK_CHOCOLATE;XIRECS;9890.0;2
93000;BOT_TAKER;BOT_MAKER;SNACKPACK_VANILLA;XIRECS;9966.0;2
93000;BOT_TAKER;SUBMISSION;SNACKPACK_PISTACHIO;XIRECS;9460.0;2
93000;BOT_TAKER;BOT_MAKER;SNACKPACK_STRAWBERRY;XIRECS;11099.0;2
93000;BOT_TAKER;BOT_MAKER;SNACKPACK_RASPBERRY;XIRECS;9998.0;2
96900;BOT_TAKER;SUBMISSION;PEBBLES_XS;XIRECS;6685.0;4
96900;BOT_TAKER;BOT_MAKER;PEBBLES_S;XIRECS;8140.0;4
96900;BOT_TAKER;BOT_MAKER;PEBBLES_M;XIRECS;11359.0;4
96900;BOT_TAKER;SUBMISSION;PEBBLES_L;XIRECS;10947.0;4
96900;BOT_TAKER;BOT_MAKER;PEBBLES_XL;XIRECS;12898.0;4
101300;SUBMISSION;BOT_TAKER;GALAXY_SOUNDS_DARK_MATTER;XIRECS;10593.0;4
101300;SUBMISSION;BOT_TAKER;GALAXY_SOUNDS_BLACK_HOLES;XIRECS;12055.0;2
101300;BOT_MAKER;BOT_TAKER;GALAXY_SOUNDS_BLACK_HOLES;XIRECS;12054.0;2
101300;SUBMISSION;BOT_TAKER;GALAXY_SOUNDS_PLANETARY_RINGS;XIRECS;10870.0;2
101300;BOT_MAKER;BOT_TAKER;GALAXY_SOUNDS_PLANETARY_RINGS;XIRECS;10869.0;2
101300;SUBMISSION;BOT_TAKER;GALAXY_SOUNDS_SOLAR_WINDS;XIRECS;11054.0;2
101300;BOT_MAKER;BOT_TAKER;GALAXY_SOUNDS_SOLAR_WINDS;XIRECS;11053.0;2
101300;BOT_MAKER;BOT_TAKER;GALAXY_SOUNDS_SOLAR_FLAMES;XIRECS;10584.0;4
101300;BOT_MAKER;BOT_TAKER;SLEEP_POD_SUEDE;XIRECS;12295.0;4
101300;BOT_MAKER;BOT_TAKER;SLEEP_POD_LAMB_WOOL;XIRECS;11405.0;4
101300;SUBMISSION;BOT_TAKER;SLEEP_POD_POLYESTER;XIRECS;13294.0;2
101300;BOT_MAKER;BOT_TAKER;SLEEP_POD_POLYESTER;XIRECS;13293.0;2
101300;BOT_MAKER;BOT_TAKER;SLEEP_POD_NYLON;XIRECS;10150.0;4
101300;SUBMISSION;BOT_TAKER;SLEEP_POD_COTTON;XIRECS;12366.0;2
101300;BOT_MAKER;BOT_TAKER;SLEEP_POD_COTTON;XIRECS;12365.0;2
101300;BOT_MAKER;BOT_TAKER;ROBOT_VACUUMING;XIRECS;8601.0;4
101300;SUBMISSION;BOT_TAKER;ROBOT_MOPPING;XIRECS;12487.0;2
101300;BOT_MAKER;BOT_TAKER;ROBOT_MOPPING;XIRECS;12486.0;2
101300;SUBMISSION;BOT_TAKER;ROBOT_DISHES;XIRECS;9918.0;4
101300;BOT_MAKER;BOT_TAKER;ROBOT_LAUNDRY;XIRECS;9772.0;4
101300;SUBMISSION;BOT_TAKER;ROBOT_IRONING;XIRECS;7725.0;2
101300;BOT_MAKER;BOT_TAKER;ROBOT_IRONING;XIRECS;7724.0;2
101300;SUBMISSION;BOT_TAKER;UV_VISOR_YELLOW;XIRECS;11600.0;2
101300;BOT_MAKER;BOT_TAKER;UV_VISOR_YELLOW;XIRECS;11599.0;2
101300;SUBMISSION;BOT_TAKER;UV_VISOR_AMBER;XIRECS;7083.0;2
101300;BOT_MAKER;BOT_TAKER;UV_VISOR_AMBER;XIRECS;7082.0;2
101300;SUBMISSION;BOT_TAKER;UV_VISOR_ORANGE;XIRECS;10651.0;2
101300;BOT_MAKER;BOT_TAKER;UV_VISOR_ORANGE;XIRECS;10650.0;2
101300;BOT_MAKER;BOT_TAKER;UV_VISOR_RED;XIRECS;11609.0;4
101300;BOT_MAKER;BOT_TAKER;UV_VISOR_MAGENTA;XIRECS;11717.0;4
101300;SUBMISSION;BOT_TAKER;TRANSLATOR_SPACE_GRAY;XIRECS;9445.0;2
101300;BOT_MAKER;BOT_TAKER;TRANSLATOR_SPACE_GRAY;XIRECS;9444.0;2
101300;BOT_MAKER;BOT_TAKER;TRANSLATOR_ASTRO_BLACK;XIRECS;9606.0;4
101300;BOT_MAKER;BOT_TAKER;TRANSLATOR_ECLIPSE_CHARCOAL;XIRECS;9372.0;4
101300;SUBMISSION;BOT_TAKER;TRANSLATOR_GRAPHITE_MIST;XIRECS;11318.0;2
101300;BOT_MAKER;BOT_TAKER;TRANSLATOR_GRAPHITE_MIST;XIRECS;11317.0;2
101300;BOT_MAKER;BOT_TAKER;TRANSLATOR_VOID_BLUE;XIRECS;11296.0;4
101300;SUBMISSION;BOT_TAKER;PANEL_1X2;XIRECS;8608.0;2
101300;BOT_MAKER;BOT_TAKER;PANEL_1X2;XIRECS;8607.0;2
101300;SUBMISSION;BOT_TAKER;PANEL_2X2;XIRECS;10081.0;2
101300;BOT_MAKER;BOT_TAKER;PANEL_2X2;XIRECS;10080.0;2
101300;SUBMISSION;BOT_TAKER;PANEL_1X4;XIRECS;8532.0;2
101300;BOT_MAKER;BOT_TAKER;PANEL_1X4;XIRECS;8531.0;2
101300;BOT_MAKER;BOT_TAKER;PANEL_2X4;XIRECS;11088.0;4
101300;SUBMISSION;BOT_TAKER;PANEL_4X4;XIRECS;10472.0;2
101300;BOT_MAKER;BOT_TAKER;PANEL_4X4;XIRECS;10471.0;2
101300;SUBMISSION;BOT_TAKER;OXYGEN_SHAKE_MORNING_BREATH;XIRECS;9882.0;2
101300;BOT_MAKER;BOT_TAKER;OXYGEN_SHAKE_MORNING_BREATH;XIRECS;9881.0;2
101300;SUBMISSION;BOT_TAKER;OXYGEN_SHAKE_EVENING_BREATH;XIRECS;9386.0;2
101300;BOT_MAKER;BOT_TAKER;OXYGEN_SHAKE_EVENING_BREATH;XIRECS;9385.0;2
101300;SUBMISSION;BOT_TAKER;OXYGEN_SHAKE_MINT;XIRECS;9154.0;2
101300;BOT_MAKER;BOT_TAKER;OXYGEN_SHAKE_MINT;XIRECS;9153.0;2
101300;BOT_MAKER;BOT_TAKER;OXYGEN_SHAKE_CHOCOLATE;XIRECS;9724.0;4
101300;SUBMISSION;BOT_TAKER;OXYGEN_SHAKE_GARLIC;XIRECS;12309.0;2
101300;BOT_MAKER;BOT_TAKER;OXYGEN_SHAKE_GARLIC;XIRECS;12308.0;2
101300;BOT_MAKER;BOT_TAKER;SNACKPACK_CHOCOLATE;XIRECS;9872.0;4
101300;SUBMISSION;BOT_TAKER;SNACKPACK_VANILLA;XIRECS;9932.0;4
101300;BOT_MAKER;BOT_TAKER;SNACKPACK_PISTACHIO;XIRECS;9452.0;4
101300;BOT_MAKER;BOT_TAKER;SNACKPACK_STRAWBERRY;XIRECS;11093.0;4
101300;BOT_MAKER;BOT_TAKER;SNACKPACK_RASPBERRY;XIRECS;9944.0;4
101500;BOT_TAKER;BOT_MAKER;GALAXY_SOUNDS_DARK_MATTER;XIRECS;10620.0;2
101500;BOT_TAKER;SUBMISSION;GALAXY_SOUNDS_BLACK_HOLES;XIRECS;12042.0;2
101500;BOT_TAKER;SUBMISSION;GALAXY_SOUNDS_PLANETARY_RINGS;XIRECS;10884.0;2
101500;BOT_TAKER;SUBMISSION;GALAXY_SOUNDS_SOLAR_WINDS;XIRECS;11076.0;2
101500;BOT_TAKER;SUBMISSION;GALAXY_SOUNDS_SOLAR_FLAMES;XIRECS;10593.0;2
101500;BOT_TAKER;SUBMISSION;SLEEP_POD_SUEDE;XIRECS;12294.0;2
101500;BOT_TAKER;BOT_MAKER;SLEEP_POD_LAMB_WOOL;XIRECS;11412.0;2
101500;BOT_TAKER;SUBMISSION;SLEEP_POD_POLYESTER;XIRECS;13300.0;2
101500;BOT_TAKER;BOT_MAKER;SLEEP_POD_NYLON;XIRECS;10169.0;2
101500;BOT_TAKER;SUBMISSION;SLEEP_POD_COTTON;XIRECS;12375.0;2
101500;BOT_TAKER;SUBMISSION;ROBOT_VACUUMING;XIRECS;8615.0;2
101500;BOT_TAKER;SUBMISSION;ROBOT_MOPPING;XIRECS;12482.0;2
101500;BOT_TAKER;BOT_MAKER;ROBOT_DISHES;XIRECS;9937.0;2
101500;BOT_TAKER;SUBMISSION;ROBOT_LAUNDRY;XIRECS;9775.0;1
101500;BOT_TAKER;BOT_MAKER;ROBOT_LAUNDRY;XIRECS;9776.0;1
101500;BOT_TAKER;SUBMISSION;ROBOT_IRONING;XIRECS;7712.0;2
101500;BOT_TAKER;SUBMISSION;UV_VISOR_YELLOW;XIRECS;11620.0;2
101500;BOT_TAKER;SUBMISSION;UV_VISOR_AMBER;XIRECS;7097.0;2
101500;BOT_TAKER;SUBMISSION;UV_VISOR_ORANGE;XIRECS;10657.0;2
101500;BOT_TAKER;BOT_MAKER;UV_VISOR_RED;XIRECS;11625.0;2
101500;BOT_TAKER;SUBMISSION;UV_VISOR_MAGENTA;XIRECS;11722.0;2
101500;BOT_TAKER;SUBMISSION;TRANSLATOR_SPACE_GRAY;XIRECS;9440.0;2
101500;BOT_TAKER;SUBMISSION;TRANSLATOR_ASTRO_BLACK;XIRECS;9622.0;2
101500;BOT_TAKER;BOT_MAKER;TRANSLATOR_ECLIPSE_CHARCOAL;XIRECS;9394.0;2
101500;BOT_TAKER;SUBMISSION;TRANSLATOR_GRAPHITE_MIST;XIRECS;11311.0;2
101500;BOT_TAKER;BOT_MAKER;TRANSLATOR_VOID_BLUE;XIRECS;11299.0;2
101500;BOT_TAKER;SUBMISSION;PANEL_1X2;XIRECS;8604.0;2
101500;BOT_TAKER;SUBMISSION;PANEL_2X2;XIRECS;10068.0;2
101500;BOT_TAKER;SUBMISSION;PANEL_1X4;XIRECS;8517.0;2
101500;BOT_TAKER;BOT_MAKER;PANEL_2X4;XIRECS;11094.0;2
101500;BOT_TAKER;SUBMISSION;PANEL_4X4;XIRECS;10467.0;2
101500;BOT_TAKER;SUBMISSION;OXYGEN_SHAKE_MORNING_BREATH;XIRECS;9898.0;2
101500;BOT_TAKER;SUBMISSION;OXYGEN_SHAKE_EVENING_BREATH;XIRECS;9389.0;2
101500;BOT_TAKER;SUBMISSION;OXYGEN_SHAKE_MINT;XIRECS;9159.0;2
101500;BOT_TAKER;SUBMISSION;OXYGEN_SHAKE_CHOCOLATE;XIRECS;9732.0;2
101500;BOT_TAKER;SUBMISSION;OXYGEN_SHAKE_GARLIC;XIRECS;12306.0;2
101500;BOT_TAKER;SUBMISSION;SNACKPACK_CHOCOLATE;XIRECS;9893.0;2
101500;BOT_TAKER;BOT_MAKER;SNACKPACK_VANILLA;XIRECS;9945.0;2
101500;BOT_TAKER;BOT_MAKER;SNACKPACK_PISTACHIO;XIRECS;9473.0;2
101500;BOT_TAKER;BOT_MAKER;SNACKPACK_STRAWBERRY;XIRECS;11119.0;2
101500;BOT_TAKER;BOT_MAKER;SNACKPACK_RASPBERRY;XIRECS;9954.0;2
101900;BOT_TAKER;SUBMISSION;PEBBLES_XS;XIRECS;6698.0;2
101900;BOT_TAKER;BOT_MAKER;PEBBLES_XS;XIRECS;6699.0;3
101900;BOT_TAKER;BOT_MAKER;PEBBLES_S;XIRECS;8082.0;5
101900;BOT_TAKER;BOT_MAKER;PEBBLES_M;XIRECS;11196.0;5
101900;BOT_TAKER;SUBMISSION;PEBBLES_L;XIRECS;11044.0;2
101900;BOT_TAKER;BOT_MAKER;PEBBLES_L;XIRECS;11045.0;3
101900;BOT_TAKER;BOT_MAKER;PEBBLES_XL;XIRECS;13009.0;5
102400;SUBMISSION;BOT_TAKER;PEBBLES_XS;XIRECS;6698.0;3
102400;BOT_MAKER;BOT_TAKER;PEBBLES_S;XIRECS;8085.0;3
102400;SUBMISSION;BOT_TAKER;PEBBLES_M;XIRECS;11160.0;1
102400;BOT_MAKER;BOT_TAKER;PEBBLES_M;XIRECS;11159.0;2
102400;SUBMISSION;BOT_TAKER;PEBBLES_L;XIRECS;11066.0;3
102400;BOT_MAKER;BOT_TAKER;PEBBLES_XL;XIRECS;12963.0;3
102500;SUBMISSION;BOT_TAKER;PEBBLES_XS;XIRECS;6726.0;5
102500;BOT_MAKER;BOT_TAKER;PEBBLES_S;XIRECS;8092.0;5
102500;SUBMISSION;BOT_TAKER;PEBBLES_M;XIRECS;11131.0;5
102500;SUBMISSION;BOT_TAKER;PEBBLES_L;XIRECS;11050.0;5
102500;BOT_MAKER;BOT_TAKER;PEBBLES_XL;XIRECS;12973.0;5
103300;BOT_TAKER;BOT_MAKER;GALAXY_SOUNDS_DARK_MATTER;XIRECS;10621.0;2
103300;BOT_TAKER;SUBMISSION;GALAXY_SOUNDS_BLACK_HOLES;XIRECS;11982.0;2
103300;BOT_TAKER;SUBMISSION;GALAXY_SOUNDS_PLANETARY_RINGS;XIRECS;10760.0;2
103300;BOT_TAKER;SUBMISSION;GALAXY_SOUNDS_SOLAR_WINDS;XIRECS;11142.0;2
103300;BOT_TAKER;SUBMISSION;GALAXY_SOUNDS_SOLAR_FLAMES;XIRECS;10621.0;2
103300;BOT_TAKER;BOT_MAKER;SLEEP_POD_SUEDE;XIRECS;12291.0;2
103300;BOT_TAKER;BOT_MAKER;SLEEP_POD_LAMB_WOOL;XIRECS;11404.0;2
103300;BOT_TAKER;SUBMISSION;SLEEP_POD_POLYESTER;XIRECS;13374.0;2
103300;BOT_TAKER;BOT_MAKER;SLEEP_POD_NYLON;XIRECS;10184.0;2
103300;BOT_TAKER;SUBMISSION;SLEEP_POD_COTTON;XIRECS;12427.0;2
103300;BOT_TAKER;BOT_MAKER;ROBOT_VACUUMING;XIRECS;8602.0;2
103300;BOT_TAKER;SUBMISSION;ROBOT_MOPPING;XIRECS;12479.0;2
103300;BOT_TAKER;BOT_MAKER;ROBOT_DISHES;XIRECS;9896.0;2
103300;BOT_TAKER;BOT_MAKER;ROBOT_LAUNDRY;XIRECS;9755.0;2
103300;BOT_TAKER;SUBMISSION;ROBOT_IRONING;XIRECS;7746.0;2
103300;BOT_TAKER;SUBMISSION;UV_VISOR_YELLOW;XIRECS;11568.0;2
103300;BOT_TAKER;SUBMISSION;UV_VISOR_AMBER;XIRECS;7099.0;2
103300;BOT_TAKER;SUBMISSION;UV_VISOR_ORANGE;XIRECS;10615.0;2
103300;BOT_TAKER;BOT_MAKER;UV_VISOR_RED;XIRECS;11632.0;2
103300;BOT_TAKER;BOT_MAKER;UV_VISOR_MAGENTA;XIRECS;11735.0;2
103300;BOT_TAKER;SUBMISSION;TRANSLATOR_SPACE_GRAY;XIRECS;9402.0;2
103300;BOT_TAKER;SUBMISSION;TRANSLATOR_ASTRO_BLACK;XIRECS;9595.0;2
103300;BOT_TAKER;BOT_MAKER;TRANSLATOR_ECLIPSE_CHARCOAL;XIRECS;9395.0;2
103300;BOT_TAKER;SUBMISSION;TRANSLATOR_GRAPHITE_MIST;XIRECS;11304.0;2
103300;BOT_TAKER;BOT_MAKER;TRANSLATOR_VOID_BLUE;XIRECS;11377.0;2
103300;BOT_TAKER;SUBMISSION;PANEL_1X2;XIRECS;8613.0;2
103300;BOT_TAKER;SUBMISSION;PANEL_2X2;XIRECS;10081.0;2
103300;BOT_TAKER;SUBMISSION;PANEL_1X4;XIRECS;8464.0;2
103300;BOT_TAKER;BOT_MAKER;PANEL_2X4;XIRECS;11096.0;2
103300;BOT_TAKER;SUBMISSION;PANEL_4X4;XIRECS;10418.0;2
103300;BOT_TAKER;SUBMISSION;OXYGEN_SHAKE_MORNING_BREATH;XIRECS;9886.0;2
103300;BOT_TAKER;SUBMISSION;OXYGEN_SHAKE_EVENING_BREATH;XIRECS;9322.0;2
103300;BOT_TAKER;SUBMISSION;OXYGEN_SHAKE_MINT;XIRECS;9147.0;2
103300;BOT_TAKER;SUBMISSION;OXYGEN_SHAKE_CHOCOLATE;XIRECS;9723.0;2
103300;BOT_TAKER;SUBMISSION;OXYGEN_SHAKE_GARLIC;XIRECS;12340.0;2
103300;BOT_TAKER;SUBMISSION;SNACKPACK_CHOCOLATE;XIRECS;9895.0;2
103300;BOT_TAKER;BOT_MAKER;SNACKPACK_VANILLA;XIRECS;9952.0;2
103300;BOT_TAKER;BOT_MAKER;SNACKPACK_PISTACHIO;XIRECS;9464.0;2
103300;BOT_TAKER;BOT_MAKER;SNACKPACK_STRAWBERRY;XIRECS;11107.0;2
103300;BOT_TAKER;BOT_MAKER;SNACKPACK_RASPBERRY;XIRECS;9962.0;2
103600;SUBMISSION;BOT_TAKER;PEBBLES_XS;XIRECS;6720.0;2
103600;BOT_MAKER;BOT_TAKER;PEBBLES_XS;XIRECS;6719.0;3
103600;BOT_MAKER;BOT_TAKER;PEBBLES_S;XIRECS;8142.0;5
103600;SUBMISSION;BOT_TAKER;PEBBLES_M;XIRECS;11134.0;2
103600;BOT_MAKER;BOT_TAKER;PEBBLES_M;XIRECS;11133.0;3
103600;SUBMISSION;BOT_TAKER;PEBBLES_L;XIRECS;11150.0;2
103600;BOT_MAKER;BOT_TAKER;PEBBLES_L;XIRECS;11149.0;3
103600;BOT_MAKER;BOT_TAKER;PEBBLES_XL;XIRECS;12826.0;5
108300;BOT_TAKER;SUBMISSION;MICROCHIP_CIRCLE;XIRECS;8986.0;2
108300;BOT_TAKER;BOT_MAKER;MICROCHIP_CIRCLE;XIRECS;8987.0;1
108300;BOT_TAKER;SUBMISSION;MICROCHIP_OVAL;XIRECS;7064.0;2
108300;BOT_TAKER;BOT_MAKER;MICROCHIP_OVAL;XIRECS;7065.0;1
108300;BOT_TAKER;SUBMISSION;MICROCHIP_SQUARE;XIRECS;15535.0;2
108300;BOT_TAKER;BOT_MAKER;MICROCHIP_SQUARE;XIRECS;15536.0;1
108300;BOT_TAKER;SUBMISSION;MICROCHIP_RECTANGLE;XIRECS;7957.0;3
108300;BOT_TAKER;BOT_MAKER;MICROCHIP_TRIANGLE;XIRECS;8383.0;3
110100;SUBMISSION;BOT_TAKER;PEBBLES_XS;XIRECS;6608.0;2
110100;BOT_MAKER;BOT_TAKER;PEBBLES_XS;XIRECS;6607.0;3
110100;BOT_MAKER;BOT_TAKER;PEBBLES_S;XIRECS;8120.0;5
110100;SUBMISSION;BOT_TAKER;PEBBLES_M;XIRECS;11079.0;5
110100;SUBMISSION;BOT_TAKER;PEBBLES_L;XIRECS;10881.0;2
110100;BOT_MAKER;BOT_TAKER;PEBBLES_L;XIRECS;10880.0;3
110100;BOT_MAKER;BOT_TAKER;PEBBLES_XL;XIRECS;13285.0;5
111500;BOT_TAKER;BOT_MAKER;GALAXY_SOUNDS_DARK_MATTER;XIRECS;10502.0;4
111500;BOT_TAKER;SUBMISSION;GALAXY_SOUNDS_BLACK_HOLES;XIRECS;12118.0;4
111500;BOT_TAKER;SUBMISSION;GALAXY_SOUNDS_PLANETARY_RINGS;XIRECS;10832.0;4
111500;BOT_TAKER;SUBMISSION;GALAXY_SOUNDS_SOLAR_WINDS;XIRECS;11261.0;4
111500;BOT_TAKER;SUBMISSION;GALAXY_SOUNDS_SOLAR_FLAMES;XIRECS;10623.0;4
111500;BOT_TAKER;BOT_MAKER;SLEEP_POD_SUEDE;XIRECS;12121.0;4
111500;BOT_TAKER;BOT_MAKER;SLEEP_POD_LAMB_WOOL;XIRECS;11212.0;4
111500;BOT_TAKER;SUBMISSION;SLEEP_POD_POLYESTER;XIRECS;13289.0;4
111500;BOT_TAKER;BOT_MAKER;SLEEP_POD_NYLON;XIRECS;10285.0;4
111500;BOT_TAKER;SUBMISSION;SLEEP_POD_COTTON;XIRECS;12407.0;4
111500;BOT_TAKER;BOT_MAKER;ROBOT_VACUUMING;XIRECS;8591.0;4
111500;BOT_TAKER;SUBMISSION;ROBOT_MOPPING;XIRECS;12741.0;4
111500;BOT_TAKER;BOT_MAKER;ROBOT_DISHES;XIRECS;10137.0;4
111500;BOT_TAKER;BOT_MAKER;ROBOT_LAUNDRY;XIRECS;9995.0;4
111500;BOT_TAKER;SUBMISSION;ROBOT_IRONING;XIRECS;7779.0;4
111500;BOT_TAKER;SUBMISSION;UV_VISOR_YELLOW;XIRECS;11441.0;4
111500;BOT_TAKER;SUBMISSION;UV_VISOR_AMBER;XIRECS;7033.0;4
111500;BOT_TAKER;SUBMISSION;UV_VISOR_ORANGE;XIRECS;10648.0;4
111500;BOT_TAKER;BOT_MAKER;UV_VISOR_RED;XIRECS;11614.0;4
111500;BOT_TAKER;BOT_MAKER;UV_VISOR_MAGENTA;XIRECS;11761.0;4
111500;BOT_TAKER;SUBMISSION;TRANSLATOR_SPACE_GRAY;XIRECS;9203.0;4
111500;BOT_TAKER;SUBMISSION;TRANSLATOR_ASTRO_BLACK;XIRECS;9645.0;4
111500;BOT_TAKER;SUBMISSION;TRANSLATOR_ECLIPSE_CHARCOAL;XIRECS;9580.0;4
111500;BOT_TAKER;SUBMISSION;TRANSLATOR_GRAPHITE_MIST;XIRECS;11089.0;4
111500;BOT_TAKER;BOT_MAKER;TRANSLATOR_VOID_BLUE;XIRECS;11235.0;4
111500;BOT_TAKER;SUBMISSION;PANEL_1X2;XIRECS;8639.0;4
111500;BOT_TAKER;SUBMISSION;PANEL_2X2;XIRECS;10201.0;4
111500;BOT_TAKER;SUBMISSION;PANEL_1X4;XIRECS;8430.0;4
111500;BOT_TAKER;BOT_MAKER;PANEL_2X4;XIRECS;11209.0;4
111500;BOT_TAKER;SUBMISSION;PANEL_4X4;XIRECS;10366.0;4
111500;BOT_TAKER;SUBMISSION;OXYGEN_SHAKE_MORNING_BREATH;XIRECS;9912.0;4
111500;BOT_TAKER;SUBMISSION;OXYGEN_SHAKE_EVENING_BREATH;XIRECS;9318.0;4
111500;BOT_TAKER;SUBMISSION;OXYGEN_SHAKE_MINT;XIRECS;9090.0;4
111500;BOT_TAKER;SUBMISSION;OXYGEN_SHAKE_CHOCOLATE;XIRECS;9700.0;4
111500;BOT_TAKER;SUBMISSION;OXYGEN_SHAKE_GARLIC;XIRECS;12354.0;4
111500;BOT_TAKER;SUBMISSION;SNACKPACK_CHOCOLATE;XIRECS;9835.0;4
111500;BOT_TAKER;BOT_MAKER;SNACKPACK_VANILLA;XIRECS;10040.0;4
111500;BOT_TAKER;BOT_MAKER;SNACKPACK_PISTACHIO;XIRECS;9437.0;4
111500;BOT_TAKER;BOT_MAKER;SNACKPACK_STRAWBERRY;XIRECS;11112.0;4
111500;BOT_TAKER;BOT_MAKER;SNACKPACK_RASPBERRY;XIRECS;9949.0;4
112000;BOT_TAKER;BOT_MAKER;GALAXY_SOUNDS_DARK_MATTER;XIRECS;10500.0;2
112000;BOT_TAKER;SUBMISSION;GALAXY_SOUNDS_BLACK_HOLES;XIRECS;12189.0;2
112000;BOT_TAKER;SUBMISSION;GALAXY_SOUNDS_PLANETARY_RINGS;XIRECS;10802.0;2
112000;BOT_TAKER;SUBMISSION;GALAXY_SOUNDS_SOLAR_WINDS;XIRECS;11244.0;2
112000;BOT_TAKER;BOT_MAKER;GALAXY_SOUNDS_SOLAR_FLAMES;XIRECS;10585.0;2
112000;BOT_TAKER;BOT_MAKER;SLEEP_POD_SUEDE;XIRECS;12129.0;2
112000;BOT_TAKER;BOT_MAKER;SLEEP_POD_LAMB_WOOL;XIRECS;11181.0;2
112000;BOT_TAKER;SUBMISSION;SLEEP_POD_POLYESTER;XIRECS;13273.0;2
112000;BOT_TAKER;BOT_MAKER;SLEEP_POD_NYLON;XIRECS;10320.0;2
112000;BOT_TAKER;SUBMISSION;SLEEP_POD_COTTON;XIRECS;12422.0;2
112000;BOT_TAKER;BOT_MAKER;ROBOT_VACUUMING;XIRECS;8602.0;2
112000;BOT_TAKER;SUBMISSION;ROBOT_MOPPING;XIRECS;12773.0;2
112000;BOT_TAKER;BOT_MAKER;ROBOT_DISHES;XIRECS;10188.0;2
112000;BOT_TAKER;BOT_MAKER;ROBOT_LAUNDRY;XIRECS;10003.0;2
112000;BOT_TAKER;SUBMISSION;ROBOT_IRONING;XIRECS;7750.0;2
112000;BOT_TAKER;SUBMISSION;UV_VISOR_YELLOW;XIRECS;11456.0;2
112000;BOT_TAKER;SUBMISSION;UV_VISOR_AMBER;XIRECS;7015.0;2
112000;BOT_TAKER;SUBMISSION;UV_VISOR_ORANGE;XIRECS;10634.0;2
112000;BOT_TAKER;BOT_MAKER;UV_VISOR_RED;XIRECS;11595.0;2
112000;BOT_TAKER;BOT_MAKER;UV_VISOR_MAGENTA;XIRECS;11793.0;2
112000;BOT_TAKER;SUBMISSION;TRANSLATOR_SPACE_GRAY;XIRECS;9183.0;2
112000;BOT_TAKER;BOT_MAKER;TRANSLATOR_ASTRO_BLACK;XIRECS;9658.0;2
112000;BOT_TAKER;SUBMISSION;TRANSLATOR_ECLIPSE_CHARCOAL;XIRECS;9576.0;2
112000;BOT_TAKER;SUBMISSION;TRANSLATOR_GRAPHITE_MIST;XIRECS;11079.0;2
112000;BOT_TAKER;BOT_MAKER;TRANSLATOR_VOID_BLUE;XIRECS;11256.0;2
112000;BOT_TAKER;SUBMISSION;PANEL_1X2;XIRECS;8663.0;2
112000;BOT_TAKER;SUBMISSION;PANEL_2X2;XIRECS;10221.0;2
112000;BOT_TAKER;SUBMISSION;PANEL_1X4;XIRECS;8428.0;2
112000;BOT_TAKER;BOT_MAKER;PANEL_2X4;XIRECS;11217.0;2
112000;BOT_TAKER;SUBMISSION;PANEL_4X4;XIRECS;10337.0;2
112000;BOT_TAKER;SUBMISSION;OXYGEN_SHAKE_MORNING_BREATH;XIRECS;9935.0;2
112000;BOT_TAKER;SUBMISSION;OXYGEN_SHAKE_EVENING_BREATH;XIRECS;9301.0;2
112000;BOT_TAKER;SUBMISSION;OXYGEN_SHAKE_MINT;XIRECS;9110.0;2
112000;BOT_TAKER;BOT_MAKER;OXYGEN_SHAKE_CHOCOLATE;XIRECS;9716.0;2
112000;BOT_TAKER;SUBMISSION;OXYGEN_SHAKE_GARLIC;XIRECS;12361.0;2
112000;BOT_TAKER;SUBMISSION;SNACKPACK_CHOCOLATE;XIRECS;9837.0;2
112000;BOT_TAKER;BOT_MAKER;SNACKPACK_VANILLA;XIRECS;10036.0;2
112000;BOT_TAKER;BOT_MAKER;SNACKPACK_PISTACHIO;XIRECS;9427.0;2
112000;BOT_TAKER;BOT_MAKER;SNACKPACK_STRAWBERRY;XIRECS;11113.0;2
112000;BOT_TAKER;BOT_MAKER;SNACKPACK_RASPBERRY;XIRECS;9951.0;2
112400;SUBMISSION;BOT_TAKER;MICROCHIP_CIRCLE;XIRECS;8920.0;1
112400;SUBMISSION;BOT_TAKER;MICROCHIP_OVAL;XIRECS;6910.0;1
112400;SUBMISSION;BOT_TAKER;MICROCHIP_SQUARE;XIRECS;15415.0;1
112400;BOT_MAKER;BOT_TAKER;MICROCHIP_RECTANGLE;XIRECS;7877.0;1
112400;SUBMISSION;BOT_TAKER;MICROCHIP_TRIANGLE;XIRECS;8368.0;1
116200;BOT_TAKER;SUBMISSION;MICROCHIP_CIRCLE;XIRECS;8952.0;2
116200;BOT_TAKER;BOT_MAKER;MICROCHIP_CIRCLE;XIRECS;8953.0;1
116200;BOT_TAKER;SUBMISSION;MICROCHIP_OVAL;XIRECS;6867.0;2
116200;BOT_TAKER;BOT_MAKER;MICROCHIP_OVAL;XIRECS;6868.0;1
116200;BOT_TAKER;SUBMISSION;MICROCHIP_SQUARE;XIRECS;15269.0;2
116200;BOT_TAKER;BOT_MAKER;MICROCHIP_SQUARE;XIRECS;15270.0;1
116200;BOT_TAKER;SUBMISSION;MICROCHIP_RECTANGLE;XIRECS;7957.0;3
116200;BOT_TAKER;BOT_MAKER;MICROCHIP_TRIANGLE;XIRECS;8364.0;3
117800;SUBMISSION;BOT_TAKER;MICROCHIP_CIRCLE;XIRECS;8843.0;2
117800;SUBMISSION;BOT_TAKER;MICROCHIP_OVAL;XIRECS;6808.0;2
117800;SUBMISSION;BOT_TAKER;MICROCHIP_SQUARE;XIRECS;15197.0;2
117800;BOT_MAKER;BOT_TAKER;MICROCHIP_RECTANGLE;XIRECS;8050.0;2
117800;BOT_MAKER;BOT_TAKER;MICROCHIP_TRIANGLE;XIRECS;8331.0;2
119000;BOT_TAKER;SUBMISSION;MICROCHIP_CIRCLE;XIRECS;8832.0;2
119000;BOT_TAKER;SUBMISSION;MICROCHIP_OVAL;XIRECS;6914.0;2
119000;BOT_TAKER;SUBMISSION;MICROCHIP_SQUARE;XIRECS;15339.0;2
119000;BOT_TAKER;SUBMISSION;MICROCHIP_RECTANGLE;XIRECS;8081.0;2
119000;BOT_TAKER;BOT_MAKER;MICROCHIP_TRIANGLE;XIRECS;8387.0;2
119800;SUBMISSION;BOT_TAKER;MICROCHIP_CIRCLE;XIRECS;8844.0;2
119800;SUBMISSION;BOT_TAKER;MICROCHIP_OVAL;XIRECS;6879.0;2
119800;SUBMISSION;BOT_TAKER;MICROCHIP_SQUARE;XIRECS;15291.0;2
119800;BOT_MAKER;BOT_TAKER;MICROCHIP_RECTANGLE;XIRECS;8032.0;2
119800;BOT_MAKER;BOT_TAKER;MICROCHIP_TRIANGLE;XIRECS;8446.0;2
