day;timestamp;product;bid_price_1;bid_volume_1;bid_price_2;bid_volume_2;bid_price_3;bid_volume_3;ask_price_1;ask_volume_1;ask_price_2;ask_volume_2;ask_price_3;ask_volume_3;mid_price;profit_and_loss
-1;0;HYDROGEL_PACK;9969;30;;;;;9987;11;9990;30;;;9978.0;0.0
-1;0;VELVETFRUIT_EXTRACT;5260;25;5259;40;;;5264;25;5265;42;;;5262.0;0.0
-1;0;VEV_4000;1252;11;1249;22;;;1273;11;1276;22;;;1262.5;0.0
-1;0;VEV_4500;752;19;;;;;770;11;772;19;;;761.0;0.0
-1;0;VEV_5000;263;7;;;;;269;6;;;;;266.0;0.0
-1;0;VEV_5100;173;6;172;19;;;177;21;178;23;;;175.0;0.0
-1;0;VEV_5200;100;9;99;12;;;;;;;;;100.0;0.0
-1;0;VEV_5300;49;24;48;17;;;51;24;52;13;;;50.0;0.0
-1;0;VEV_5400;16;18;15;25;;;17;20;;;;;16.5;0.0
-1;0;VEV_5500;6;25;;;;;7;21;;;;;6.5;0.0
-1;0;VEV_6000;0;26;;;;;1;26;;;;;0.5;0.0
-1;0;VEV_6500;0;18;;;;;1;18;;;;;0.5;0.0
-1;100;HYDROGEL_PACK;9970;10;9968;22;;;9986;10;9989;22;;;9978.0;0.0
-1;100;VELVETFRUIT_EXTRACT;5258;16;5257;49;;;5262;16;5263;46;;;5260.0;0.0
-1;100;VEV_4000;1251;13;1249;23;;;1272;13;1275;23;;;1261.5;0.0
-1;100;VEV_4500;754;12;;;;;770;12;772;20;;;762.0;0.0
-1;100;VEV_5000;261;23;260;15;;;267;6;268;30;;;264.0;0.0
-1;100;VEV_5100;173;21;;;;;179;14;;;;;176.0;0.0
-1;100;VEV_5200;99;29;;;;;103;17;;;;;101.0;0.0
-1;100;VEV_5300;49;27;;;;;51;21;;;;;50.0;0.0
-1;100;VEV_5400;;;;;;;17;19;;;;;17.0;0.0
-1;100;VEV_5500;6;24;;;;;7;18;;;;;6.5;0.0
-1;100;VEV_6000;0;23;;;;;1;23;;;;;0.5;0.0
-1;100;VEV_6500;0;19;;;;;1;19;;;;;0.5;0.0
-1;200;HYDROGEL_PACK;9968;12;9966;27;;;9984;12;9987;27;;;9976.0;0.0
-1;200;VELVETFRUIT_EXTRACT;5258;25;5257;44;;;5263;59;;;;;5260.5;0.0
-1;200;VEV_4000;1251;7;1249;27;;;1273;7;1275;27;;;1262.0;0.0
-1;200;VEV_4500;754;12;752;17;;;770;12;772;17;;;762.0;0.0
-1;200;VEV_5000;262;8;261;16;;;268;9;269;25;;;265.0;0.0
-1;200;VEV_5100;174;27;;;;;178;25;179;23;;;176.0;0.0
-1;200;VEV_5200;100;32;99;23;;;102;7;103;33;;;101.0;0.0
-1;200;VEV_5300;49;21;;;;;51;16;;;;;50.0;0.0
-1;200;VEV_5400;;;;;;;16;25;;;;;16.0;0.0
-1;200;VEV_5500;6;20;;;;;7;18;;;;;6.5;0.0
-1;200;VEV_6000;0;24;;;;;1;24;;;;;0.5;0.0
-1;200;VEV_6500;0;13;;;;;1;13;;;;;0.5;0.0
-1;300;HYDROGEL_PACK;9967;10;9964;21;;;9985;21;;;;;9976.0;0.0
-1;300;VELVETFRUIT_EXTRACT;5259;53;5259;24;;;5264;24;5265;52;;;5261.5;0.0
-1;300;VEV_4000;1250;8;1248;30;;;1271;8;1274;30;;;1260.5;0.0
-1;300;VEV_4500;753;6;751;23;;;771;23;;;;;762.0;0.0
-1;300;VEV_5000;260;8;259;23;;;266;12;;;;;263.0;0.0
-1;300;VEV_5100;176;6;;;;;180;9;181;26;;;178.0;0.0
-1;300;VEV_5200;98;26;;;;;101;12;;;;;99.5;0.0
-1;300;VEV_5300;49;27;48;16;;;51;5;;;;;50.0;0.0
-1;300;VEV_5400;15;22;;;;;17;15;;;;;16.0;0.0
-1;300;VEV_5500;6;19;;;;;7;16;;;;;6.5;0.0
-1;300;VEV_6000;0;25;;;;;1;25;;;;;0.5;0.0
-1;300;VEV_6500;0;13;;;;;1;13;;;;;0.5;0.0
-1;400;HYDROGEL_PACK;9964;13;9961;23;;;9980;13;9982;23;;;9972.0;0.0
-1;400;VELVETFRUIT_EXTRACT;5260;15;5259;54;;;5265;62;;;;;5262.5;0.0
-1;400;VEV_4000;1249;11;1247;17;;;1270;11;1273;17;;;1259.5;0.0
-1;400;VEV_4500;753;7;752;20;;;770;8;772;20;;;761.5;0.0
-1;400;VEV_5000;261;10;260;22;;;267;7;;;;;264.0;0.0
-1;400;VEV_5100;176;9;175;20;;;180;28;181;14;;;178.0;0.0
-1;400;VEV_5200;99;27;;;;;103;23;;;;;101.0;0.0
-1;400;VEV_5300;48;18;;;;;50;26;;;;;49.0;0.0
-1;400;VEV_5400;16;22;15;21;;;17;28;;;;;16.5;0.0
-1;400;VEV_5500;6;17;;;;;7;26;;;;;6.5;0.0
-1;400;VEV_6000;0;25;;;;;1;25;;;;;0.5;0.0
-1;400;VEV_6500;0;18;;;;;1;18;;;;;0.5;0.0
-1;500;HYDROGEL_PACK;9960;10;9958;27;;;9976;10;9979;27;;;9968.0;0.0
-1;500;VELVETFRUIT_EXTRACT;5261;21;5260;48;;;5266;24;;;;;5263.5;0.0
-1;500;VEV_4000;1250;15;1247;16;;;1271;15;1273;16;;;1260.5;0.0
-1;500;VEV_4500;754;7;752;14;;;770;7;772;14;;;762.0;0.0
-1;500;VEV_5000;257;21;;;;;265;13;;;;;261.0;0.0
-1;500;VEV_5100;177;12;;;;;181;25;182;21;;;179.0;0.0
-1;500;VEV_5200;99;25;;;;;103;24;;;;;101.0;0.0
-1;500;VEV_5300;48;20;;;;;50;23;;;;;49.0;0.0
-1;500;VEV_5400;15;22;;;;;17;23;;;;;16.0;0.0
-1;500;VEV_5500;6;22;;;;;7;20;;;;;6.5;0.0
-1;500;VEV_6000;0;23;;;;;1;23;;;;;0.5;0.0
-1;500;VEV_6500;0;13;;;;;1;13;;;;;0.5;0.0
-1;600;HYDROGEL_PACK;9961;10;9959;25;;;9977;10;9980;25;;;9969.0;0.0
-1;600;VELVETFRUIT_EXTRACT;5262;37;;;;;5267;17;5268;22;;;5264.5;0.0
-1;600;VEV_4000;1250;13;1247;27;;;1271;13;1273;27;;;1260.5;0.0
-1;600;VEV_4500;753;7;751;13;;;769;7;771;13;;;761.0;0.0
-1;600;VEV_5000;258;18;;;;;265;12;;;;;261.5;0.0
-1;600;VEV_5100;176;30;;;;;181;12;;;;;178.5;0.0
-1;600;VEV_5200;100;26;99;24;;;102;7;;;;;101.0;0.0
-1;600;VEV_5300;47;21;;;;;49;9;;;;;48.0;0.0
-1;600;VEV_5400;15;22;;;;;;;;;;;15.0;0.0
-1;600;VEV_5500;6;19;;;;;7;24;;;;;6.5;0.0
-1;600;VEV_6000;0;25;;;;;1;25;;;;;0.5;0.0
-1;600;VEV_6500;0;18;;;;;1;18;;;;;0.5;0.0
-1;700;HYDROGEL_PACK;9961;10;9959;25;;;9977;10;9980;25;;;9969.0;0.0
-1;700;VELVETFRUIT_EXTRACT;5262;49;5262;16;5261;32;5267;16;5268;34;;;5264.5;0.0
-1;700;VEV_4000;1249;12;1246;17;;;1270;12;1272;17;;;1259.5;0.0
-1;700;VEV_4500;754;11;;;;;770;11;771;10;772;21;762.0;0.0
-1;700;VEV_5000;260;22;;;;;267;12;;;;;263.5;0.0
-1;700;VEV_5100;176;23;;;;;180;7;181;19;;;178.0;0.0
-1;700;VEV_5200;99;30;;;;;102;22;103;18;;;100.5;0.0
-1;700;VEV_5300;47;19;;;;;49;23;;;;;48.0;0.0
-1;700;VEV_5400;;;;;;;;;;;;;0.0;0.0
-1;700;VEV_5500;6;29;;;;;7;27;;;;;6.5;0.0
-1;700;VEV_6000;0;25;;;;;1;25;;;;;0.5;0.0
-1;700;VEV_6500;0;10;;;;;1;10;;;;;0.5;0.0
-1;800;HYDROGEL_PACK;9961;15;9958;20;;;9977;15;9979;20;;;9969.0;0.0
-1;800;VELVETFRUIT_EXTRACT;5261;34;;;;;5266;21;5267;30;;;5263.5;0.0
-1;800;VEV_4000;1249;14;1247;20;;;1271;14;1273;20;;;1260.0;0.0
-1;800;VEV_4500;752;22;;;;;770;12;772;22;;;761.0;0.0
-1;800;VEV_5000;260;11;259;13;;;266;12;267;19;;;263.0;0.0
-1;800;VEV_5100;175;22;;;;;180;9;;;;;177.5;0.0
-1;800;VEV_5200;99;27;98;18;;;101;11;102;13;;;100.0;0.0
-1;800;VEV_5300;47;22;;;;;49;19;;;;;48.0;0.0
-1;800;VEV_5400;15;23;15;26;;;17;19;;;;;16.0;0.0
-1;800;VEV_5500;6;12;;;;;7;21;;;;;6.5;0.0
-1;800;VEV_6000;0;20;;;;;1;20;;;;;0.5;0.0
-1;800;VEV_6500;0;14;;;;;1;14;;;;;0.5;0.0
-1;900;HYDROGEL_PACK;9959;30;;;;;9978;11;9980;30;;;9968.5;0.0
-1;900;VELVETFRUIT_EXTRACT;5260;59;;;;;5266;65;;;;;5263.0;0.0
-1;900;VEV_4000;1250;10;1248;15;;;1271;10;1274;15;;;1260.5;0.0
-1;900;VEV_4500;754;8;752;20;;;770;8;772;20;;;762.0;0.0
-1;900;VEV_5000;261;6;260;13;;;267;26;268;24;;;264.0;0.0
-1;900;VEV_5100;175;24;174;22;;;179;8;180;13;;;177.0;0.0
-1;900;VEV_5200;98;16;;;;;102;17;;;;;100.0;0.0
-1;900;VEV_5300;47;25;46;11;;;49;20;50;10;;;48.0;0.0
-1;900;VEV_5400;15;24;;;;;17;21;;;;;16.0;0.0
-1;900;VEV_5500;6;25;;;;;7;25;;;;;6.5;0.0
-1;900;VEV_6000;0;18;;;;;1;18;;;;;0.5;0.0
-1;900;VEV_6500;0;21;;;;;1;21;;;;;0.5;0.0
-1;1000;HYDROGEL_PACK;9962;15;9960;25;;;9978;15;9981;25;;;9970.0;0.0
-1;1000;VELVETFRUIT_EXTRACT;5260;38;;;;;5265;24;5266;61;;;5262.5;0.0
-1;1000;VEV_4000;1250;14;1247;30;;;1271;14;1274;30;;;1260.5;0.0
-1;1000;VEV_4500;754;7;752;22;;;770;7;772;22;;;762.0;0.0
-1;1000;VEV_5000;261;12;260;21;;;267;24;;;;;264.0;0.0
-1;1000;VEV_5100;174;10;173;20;;;178;21;179;32;;;176.0;0.0
-1;1000;VEV_5200;98;12;;;;;101;29;102;17;;;99.5;0.0
-1;1000;VEV_5300;47;9;;;;;49;10;;;;;48.0;0.0
-1;1000;VEV_5400;;;;;;;17;25;;;;;17.0;0.0
-1;1000;VEV_5500;6;27;;;;;7;22;;;;;6.5;0.0
-1;1000;VEV_6000;0;16;;;;;1;16;;;;;0.5;0.0
-1;1000;VEV_6500;0;16;;;;;1;16;;;;;0.5;0.0
-1;1100;HYDROGEL_PACK;9963;14;9961;23;;;9979;14;9981;23;;;9971.0;0.0
-1;1100;VELVETFRUIT_EXTRACT;5261;20;5260;65;;;5266;32;;;;;5263.5;0.0
-1;1100;VEV_4000;1251;13;1248;24;;;1272;13;1274;24;;;1261.5;0.0
-1;1100;VEV_4500;751;15;;;;;769;10;771;15;;;760.0;0.0
-1;1100;VEV_5000;260;10;;;;;266;7;267;23;;;263.0;0.0
-1;1100;VEV_5100;174;27;173;19;;;178;11;;;;;176.0;0.0
-1;1100;VEV_5200;;;;;;;102;24;;;;;102.0;0.0
-1;1100;VEV_5300;47;22;;;;;49;21;;;;;48.0;0.0
-1;1100;VEV_5400;15;25;;;;;17;21;;;;;16.0;0.0
-1;1100;VEV_5500;6;27;;;;;7;25;;;;;6.5;0.0
-1;1100;VEV_6000;0;24;;;;;1;24;;;;;0.5;0.0
-1;1100;VEV_6500;0;15;;;;;1;15;;;;;0.5;0.0
-1;1200;HYDROGEL_PACK;9961;26;;;;;9979;15;9982;26;;;9970.0;0.0
-1;1200;VELVETFRUIT_EXTRACT;5261;55;;;;;5267;37;;;;;5264.0;0.0
-1;1200;VEV_4000;1251;7;1248;27;;;1272;7;1274;27;;;1261.5;0.0
-1;1200;VEV_4500;754;7;752;14;;;770;7;772;14;;;762.0;0.0
-1;1200;VEV_5000;260;30;259;13;;;266;7;267;15;;;263.0;0.0
-1;1200;VEV_5100;;;;;;;177;9;;;;;177.0;0.0
-1;1200;VEV_5200;98;12;;;;;102;27;;;;;100.0;0.0
-1;1200;VEV_5300;47;17;46;20;;;49;21;;;;;48.0;0.0
-1;1200;VEV_5400;16;21;15;24;;;17;19;;;;;16.5;0.0
-1;1200;VEV_5500;6;20;;;;;7;23;;;;;6.5;0.0
-1;1200;VEV_6000;0;17;;;;;1;17;;;;;0.5;0.0
-1;1200;VEV_6500;0;16;;;;;1;16;;;;;0.5;0.0
-1;1300;HYDROGEL_PACK;9964;14;9961;20;;;9980;14;9982;20;;;9972.0;0.0
-1;1300;VELVETFRUIT_EXTRACT;5260;70;;;;;5266;34;;;;;5263.0;0.0
-1;1300;VEV_4000;1250;12;1248;30;;;1271;12;1274;30;;;1260.5;0.0
-1;1300;VEV_4500;754;7;753;22;752;24;770;7;772;24;;;762.0;0.0
-1;1300;VEV_5000;260;8;;;;;;;;;;;260.0;0.0
-1;1300;VEV_5100;172;9;;;;;176;8;;;;;174.0;0.0
-1;1300;VEV_5200;99;8;98;32;;;102;15;;;;;100.5;0.0
-1;1300;VEV_5300;;;;;;;49;28;;;;;49.0;0.0
-1;1300;VEV_5400;16;16;16;21;;;18;27;;;;;17.0;0.0
-1;1300;VEV_5500;6;23;;;;;7;21;;;;;6.5;0.0
-1;1300;VEV_6000;0;23;;;;;1;23;;;;;0.5;0.0
-1;1300;VEV_6500;0;16;;;;;1;16;;;;;0.5;0.0
-1;1400;HYDROGEL_PACK;9964;13;9961;27;;;9980;13;9982;27;;;9972.0;0.0
-1;1400;VELVETFRUIT_EXTRACT;5262;21;5261;62;;;5267;54;;;;;5264.5;0.0
-1;1400;VEV_4000;1250;11;1247;30;;;1271;11;1273;30;;;1260.5;0.0
-1;1400;VEV_4500;752;7;750;12;;;768;7;770;12;;;760.0;0.0
-1;1400;VEV_5000;260;22;;;;;267;8;268;23;;;263.5;0.0
-1;1400;VEV_5100;172;7;171;19;;;176;11;177;27;;;174.0;0.0
-1;1400;VEV_5200;99;35;98;24;;;101;30;102;15;;;100.0;0.0
-1;1400;VEV_5300;46;23;;;;;;;;;;;46.0;0.0
-1;1400;VEV_5400;16;21;;;;;17;18;18;23;;;16.5;0.0
-1;1400;VEV_5500;6;23;;;;;7;22;;;;;6.5;0.0
-1;1400;VEV_6000;0;24;;;;;1;24;;;;;0.5;0.0
-1;1400;VEV_6500;0;16;;;;;1;16;;;;;0.5;0.0
-1;1500;HYDROGEL_PACK;9966;12;9964;30;;;9982;12;9985;30;;;9974.0;0.0
-1;1500;VELVETFRUIT_EXTRACT;5260;67;;;;;5266;19;;;;;5263.0;0.0
-1;1500;VEV_4000;1249;12;1247;15;;;1271;12;1273;15;;;1260.0;0.0
-1;1500;VEV_4500;753;9;751;15;;;769;9;770;7;771;15;761.0;0.0
-1;1500;VEV_5000;261;27;260;23;;;;;;;;;261.0;0.0
-1;1500;VEV_5100;169;13;;;;;174;6;175;22;;;171.5;0.0
-1;1500;VEV_5200;98;23;;;;;101;26;102;33;;;99.5;0.0
-1;1500;VEV_5300;48;26;47;10;;;50;10;;;;;49.0;0.0
-1;1500;VEV_5400;16;21;16;1;;;18;19;;;;;17.0;0.0
-1;1500;VEV_5500;6;18;;;;;7;21;;;;;6.5;0.0
-1;1500;VEV_6000;0;30;;;;;1;30;;;;;0.5;0.0
-1;1500;VEV_6500;0;16;;;;;1;16;;;;;0.5;0.0
-1;1600;HYDROGEL_PACK;9965;15;9962;22;;;9981;15;9983;22;;;9973.0;0.0
-1;1600;VELVETFRUIT_EXTRACT;5261;17;5260;15;;;5266;58;;;;;5263.5;0.0
-1;1600;VEV_4000;1251;7;1249;15;;;1272;7;1275;15;;;1261.5;0.0
-1;1600;VEV_4500;752;7;751;6;750;13;768;7;770;13;;;760.0;0.0
-1;1600;VEV_5000;261;8;260;12;;;267;6;268;28;;;264.0;0.0
-1;1600;VEV_5100;171;9;;;;;;;;;;;171.0;0.0
-1;1600;VEV_5200;99;19;;;;;;;;;;;99.0;0.0
-1;1600;VEV_5300;48;22;;;;;50;16;;;;;49.0;0.0
-1;1600;VEV_5400;16;23;16;24;;;18;24;;;;;17.0;0.0
-1;1600;VEV_5500;6;19;;;;;7;25;;;;;6.5;0.0
-1;1600;VEV_6000;0;30;;;;;1;30;;;;;0.5;0.0
-1;1600;VEV_6500;0;14;;;;;1;14;;;;;0.5;0.0
-1;1700;HYDROGEL_PACK;9965;14;9963;29;;;9981;14;9984;29;;;9973.0;0.0
-1;1700;VELVETFRUIT_EXTRACT;5261;48;5261;16;;;5266;16;5267;64;;;5263.5;0.0
-1;1700;VEV_4000;1253;14;1250;27;;;1274;14;1276;27;;;1263.5;0.0
-1;1700;VEV_4500;753;10;;;;;769;10;771;13;;;761.0;0.0
-1;1700;VEV_5000;261;6;260;23;;;267;12;268;23;;;264.0;0.0
-1;1700;VEV_5100;170;31;;;;;175;24;;;;;172.5;0.0
-1;1700;VEV_5200;101;33;100;22;;;103;6;104;23;;;102.0;0.0
-1;1700;VEV_5300;48;21;;;;;50;16;;;;;49.0;0.0
-1;1700;VEV_5400;16;7;;;;;18;26;;;;;17.0;0.0
-1;1700;VEV_5500;6;20;;;;;7;23;;;;;6.5;0.0
-1;1700;VEV_6000;0;27;;;;;1;27;;;;;0.5;0.0
-1;1700;VEV_6500;0;18;;;;;1;18;;;;;0.5;0.0
-1;1800;HYDROGEL_PACK;9965;13;9963;26;;;9981;13;9984;26;;;9973.0;0.0
-1;1800;VELVETFRUIT_EXTRACT;5261;16;5260;30;;;5266;49;;;;;5263.5;0.0
-1;1800;VEV_4000;1253;12;1251;26;;;1274;12;1277;26;;;1263.5;0.0
-1;1800;VEV_4500;754;11;752;23;;;772;23;;;;;763.0;0.0
-1;1800;VEV_5000;259;12;;;;;265;9;;;;;262.0;0.0
-1;1800;VEV_5100;171;35;170;23;;;175;8;176;19;;;173.0;0.0
-1;1800;VEV_5200;;;;;;;103;11;104;31;;;103.0;0.0
-1;1800;VEV_5300;49;21;;;;;51;21;;;;;50.0;0.0
-1;1800;VEV_5400;16;27;;;;;17;24;18;19;;;16.5;0.0
-1;1800;VEV_5500;6;19;;;;;7;18;;;;;6.5;0.0
-1;1800;VEV_6000;0;21;;;;;1;21;;;;;0.5;0.0
-1;1800;VEV_6500;0;19;;;;;1;19;;;;;0.5;0.0
-1;1900;HYDROGEL_PACK;9967;10;9965;25;;;9983;10;9986;25;;;9975.0;0.0
-1;1900;VELVETFRUIT_EXTRACT;5260;22;5259;67;;;5265;44;;;;;5262.5;0.0
-1;1900;VEV_4000;1254;12;1251;25;;;1275;12;1278;25;;;1264.5;0.0
-1;1900;VEV_4500;755;7;753;19;;;771;7;773;19;;;763.0;0.0
-1;1900;VEV_5000;260;8;259;13;;;266;8;267;15;;;263.0;0.0
-1;1900;VEV_5100;171;10;170;17;;;175;8;176;32;;;173.0;0.0
-1;1900;VEV_5200;100;12;99;22;;;103;32;;;;;101.5;0.0
-1;1900;VEV_5300;48;24;;;;;50;25;;;;;49.0;0.0
-1;1900;VEV_5400;16;26;;;;;17;21;18;22;;;16.5;0.0
-1;1900;VEV_5500;6;20;;;;;7;27;;;;;6.5;0.0
-1;1900;VEV_6000;0;18;;;;;1;18;;;;;0.5;0.0
-1;1900;VEV_6500;0;10;;;;;1;10;;;;;0.5;0.0
-1;2000;HYDROGEL_PACK;9964;24;;;;;9982;11;9985;24;;;9973.0;0.0
-1;2000;VELVETFRUIT_EXTRACT;5258;75;;;;;5263;16;5264;46;;;5260.5;0.0
-1;2000;VEV_4000;1255;13;1253;15;;;1276;13;1279;15;;;1265.5;0.0
-1;2000;VEV_4500;754;7;752;19;;;772;19;;;;;763.0;0.0
-1;2000;VEV_5000;261;7;260;24;;;267;8;268;26;;;264.0;0.0
-1;2000;VEV_5100;;;;;;;176;25;;;;;176.0;0.0
-1;2000;VEV_5200;100;26;99;25;;;;;;;;;100.0;0.0
-1;2000;VEV_5300;48;18;;;;;51;14;;;;;49.5;0.0
-1;2000;VEV_5400;16;27;16;25;;;18;23;;;;;17.0;0.0
-1;2000;VEV_5500;6;23;;;;;7;29;;;;;6.5;0.0
-1;2000;VEV_6000;0;20;;;;;1;20;;;;;0.5;0.0
-1;2000;VEV_6500;0;13;;;;;1;13;;;;;0.5;0.0
-1;2100;HYDROGEL_PACK;9968;12;9966;21;;;9984;12;9987;21;;;9976.0;0.0
-1;2100;VELVETFRUIT_EXTRACT;5258;25;;;;;5263;21;5264;71;;;5260.5;0.0
-1;2100;VEV_4000;1255;14;1252;24;;;1276;14;1279;24;;;1265.5;0.0
-1;2100;VEV_4500;755;10;754;15;753;13;772;6;773;13;;;763.5;0.0
-1;2100;VEV_5000;261;10;260;14;;;268;25;;;;;264.5;0.0
-1;2100;VEV_5100;169;23;;;;;173;9;;;;;171.0;0.0
-1;2100;VEV_5200;101;12;100;12;;;103;7;104;29;;;102.0;0.0
-1;2100;VEV_5300;48;7;;;;;50;18;;;;;49.0;0.0
-1;2100;VEV_5400;;;;;;;18;19;;;;;18.0;0.0
-1;2100;VEV_5500;6;18;;;;;7;10;;;;;6.5;0.0
-1;2100;VEV_6000;0;24;;;;;1;24;;;;;0.5;0.0
-1;2100;VEV_6500;0;15;;;;;1;15;;;;;0.5;0.0
-1;2200;HYDROGEL_PACK;9968;12;9966;24;;;9984;12;9987;24;;;9976.0;0.0
-1;2200;VELVETFRUIT_EXTRACT;5259;18;5258;59;;;5264;57;5265;46;;;5261.5;0.0
-1;2200;VEV_4000;1255;13;1252;21;;;1276;13;1279;21;;;1265.5;0.0
-1;2200;VEV_4500;753;10;751;12;;;769;10;772;12;;;761.0;0.0
-1;2200;VEV_5000;;;;;;;267;8;268;16;;;267.0;0.0
-1;2200;VEV_5100;170;7;;;;;175;12;;;;;172.5;0.0
-1;2200;VEV_5200;101;32;100;24;;;103;7;104;26;;;102.0;0.0
-1;2200;VEV_5300;48;18;47;12;;;50;9;;;;;49.0;0.0
-1;2200;VEV_5400;16;24;16;29;;;18;23;;;;;17.0;0.0
-1;2200;VEV_5500;6;27;;;;;7;18;;;;;6.5;0.0
-1;2200;VEV_6000;0;25;;;;;1;25;;;;;0.5;0.0
-1;2200;VEV_6500;0;21;;;;;1;21;;;;;0.5;0.0
-1;2300;HYDROGEL_PACK;9969;14;9967;30;;;9985;14;9988;30;;;9977.0;0.0
-1;2300;VELVETFRUIT_EXTRACT;5258;17;5257;64;;;5263;25;;;;;5260.5;0.0
-1;2300;VEV_4000;1254;10;1252;22;;;1276;10;1278;22;;;1265.0;0.0
-1;2300;VEV_4500;754;8;752;19;;;772;19;;;;;763.0;0.0
-1;2300;VEV_5000;263;25;262;13;;;269;7;270;17;;;266.0;0.0
-1;2300;VEV_5100;;;;;;;174;35;;;;;174.0;0.0
-1;2300;VEV_5200;101;30;100;22;;;104;31;;;;;102.5;0.0
-1;2300;VEV_5300;48;19;;;;;50;20;;;;;49.0;0.0
-1;2300;VEV_5400;16;23;;;;;18;16;;;;;17.0;0.0
-1;2300;VEV_5500;6;27;;;;;8;25;;;;;7.0;0.0
-1;2300;VEV_6000;0;20;;;;;1;20;;;;;0.5;0.0
-1;2300;VEV_6500;0;14;;;;;1;14;;;;;0.5;0.0
-1;2400;HYDROGEL_PACK;9971;11;9968;29;;;9987;11;9989;29;;;9979.0;0.0
-1;2400;VELVETFRUIT_EXTRACT;5257;65;;;;;5262;24;5263;31;5264;35;5259.5;0.0
-1;2400;VEV_4000;1256;7;1253;19;;;1277;7;1280;19;;;1266.5;0.0
-1;2400;VEV_4500;752;24;;;;;770;9;772;24;;;761.0;0.0
-1;2400;VEV_5000;263;7;262;24;;;269;12;270;19;;;266.0;0.0
-1;2400;VEV_5100;171;9;;;;;176;14;;;;;173.5;0.0
-1;2400;VEV_5200;101;25;100;27;;;103;7;104;21;;;102.0;0.0
-1;2400;VEV_5300;48;10;47;15;;;50;9;;;;;49.0;0.0
-1;2400;VEV_5400;;;;;;;17;19;18;23;;;17.0;0.0
-1;2400;VEV_5500;6;25;;;;;8;23;;;;;7.0;0.0
-1;2400;VEV_6000;0;26;;;;;1;26;;;;;0.5;0.0
-1;2400;VEV_6500;0;14;;;;;1;14;;;;;0.5;0.0
-1;2500;HYDROGEL_PACK;9969;10;9967;29;;;9985;10;9988;29;;;9977.0;0.0
-1;2500;VELVETFRUIT_EXTRACT;5256;35;;;;;5261;22;5262;56;;;5258.5;0.0
-1;2500;VEV_4000;1257;14;1254;27;;;1278;14;1281;27;;;1267.5;0.0
-1;2500;VEV_4500;754;10;752;17;;;770;10;;;;;762.0;0.0
-1;2500;VEV_5000;263;7;262;16;;;269;8;270;13;;;266.0;0.0
-1;2500;VEV_5100;171;23;170;18;;;176;17;;;;;173.5;0.0
-1;2500;VEV_5200;102;27;101;29;;;104;7;105;20;;;103.0;0.0
-1;2500;VEV_5300;;;;;;;50;18;51;15;;;50.0;0.0
-1;2500;VEV_5400;16;23;;;;;18;27;;;;;17.0;0.0
-1;2500;VEV_5500;6;17;;;;;8;12;;;;;7.0;0.0
-1;2500;VEV_6000;0;22;;;;;1;22;;;;;0.5;0.0
-1;2500;VEV_6500;0;14;;;;;1;14;;;;;0.5;0.0
-1;2600;HYDROGEL_PACK;9970;10;9967;28;;;9986;10;9988;28;;;9978.0;0.0
-1;2600;VELVETFRUIT_EXTRACT;5258;23;5257;56;;;5263;57;;;;;5260.5;0.0
-1;2600;VEV_4000;1256;11;1254;30;;;1278;11;1280;30;;;1267.0;0.0
-1;2600;VEV_4500;753;7;751;19;;;769;7;770;10;771;19;761.0;0.0
-1;2600;VEV_5000;263;11;262;21;;;269;6;270;22;;;266.0;0.0
-1;2600;VEV_5100;171;29;;;;;176;11;177;27;;;173.5;0.0
-1;2600;VEV_5200;101;20;100;24;;;103;22;104;26;;;102.0;0.0
-1;2600;VEV_5300;48;25;;;;;50;23;;;;;49.0;0.0
-1;2600;VEV_5400;16;19;;;;;;;;;;;16.0;0.0
-1;2600;VEV_5500;6;26;;;;;8;17;;;;;7.0;0.0
-1;2600;VEV_6000;0;25;;;;;1;25;;;;;0.5;0.0
-1;2600;VEV_6500;0;19;;;;;1;19;;;;;0.5;0.0
-1;2700;HYDROGEL_PACK;9970;13;9968;29;;;9986;13;9989;29;;;9978.0;0.0
-1;2700;VELVETFRUIT_EXTRACT;5257;58;;;;;5263;38;;;;;5260.0;0.0
-1;2700;VEV_4000;1256;14;1253;19;;;1277;14;1280;19;;;1266.5;0.0
-1;2700;VEV_4500;752;6;750;17;;;768;6;770;17;;;760.0;0.0
-1;2700;VEV_5000;263;22;;;;;270;6;271;13;;;266.5;0.0
-1;2700;VEV_5100;172;29;171;32;;;176;22;177;20;;;174.0;0.0
-1;2700;VEV_5200;102;30;;;;;;;;;;;102.0;0.0
-1;2700;VEV_5300;48;26;;;;;50;22;51;20;;;49.0;0.0
-1;2700;VEV_5400;;;;;;;;;;;;;0.0;0.0
-1;2700;VEV_5500;6;19;;;;;8;26;;;;;7.0;0.0
-1;2700;VEV_6000;0;24;;;;;1;24;;;;;0.5;0.0
-1;2700;VEV_6500;0;13;;;;;1;13;;;;;0.5;0.0
-1;2800;HYDROGEL_PACK;9970;15;9967;29;;;9986;15;9988;29;;;9978.0;0.0
-1;2800;VELVETFRUIT_EXTRACT;5258;66;5258;25;;;5263;25;5264;20;;;5260.5;0.0
-1;2800;VEV_4000;1256;10;1253;21;;;1277;10;1279;21;;;1266.5;0.0
-1;2800;VEV_4500;751;11;749;12;;;767;11;769;12;;;759.0;0.0
-1;2800;VEV_5000;263;6;262;16;;;269;12;270;22;;;266.0;0.0
-1;2800;VEV_5100;170;10;169;24;;;175;15;;;;;172.5;0.0
-1;2800;VEV_5200;102;26;;;;;106;26;;;;;104.0;0.0
-1;2800;VEV_5300;48;30;;;;;50;20;51;19;;;49.0;0.0
-1;2800;VEV_5400;15;22;;;;;17;28;;;;;16.0;0.0
-1;2800;VEV_5500;7;22;;;;;8;9;;;;;7.5;0.0
-1;2800;VEV_6000;0;19;;;;;1;19;;;;;0.5;0.0
-1;2800;VEV_6500;0;13;;;;;1;13;;;;;0.5;0.0
-1;2900;HYDROGEL_PACK;9972;15;9969;29;;;9988;15;9990;29;;;9980.0;0.0
-1;2900;VELVETFRUIT_EXTRACT;5259;32;5259;53;;;5264;18;5265;39;;;5261.5;0.0
-1;2900;VEV_4000;1255;8;1253;29;;;1276;8;1279;29;;;1265.5;0.0
-1;2900;VEV_4500;751;7;749;12;;;769;12;;;;;760.0;0.0
-1;2900;VEV_5000;263;9;262;24;;;270;28;;;;;266.5;0.0
-1;2900;VEV_5100;171;13;;;;;176;12;177;29;;;173.5;0.0
-1;2900;VEV_5200;;;;;;;105;28;106;13;;;105.0;0.0
-1;2900;VEV_5300;48;8;;;;;50;25;51;11;;;49.0;0.0
-1;2900;VEV_5400;16;10;15;18;;;;;;;;;16.0;0.0
-1;2900;VEV_5500;7;20;;;;;8;26;;;;;7.5;0.0
-1;2900;VEV_6000;0;20;;;;;1;20;;;;;0.5;0.0
-1;2900;VEV_6500;0;17;;;;;1;17;;;;;0.5;0.0
-1;3000;HYDROGEL_PACK;9974;11;9971;20;;;9990;11;9992;20;;;9982.0;0.0
-1;3000;VELVETFRUIT_EXTRACT;5258;46;;;;;5264;30;;;;;5261.0;0.0
-1;3000;VEV_4000;1256;9;1254;16;;;1278;9;1280;16;;;1267.0;0.0
-1;3000;VEV_4500;750;8;;;;;766;8;768;17;;;758.0;0.0
-1;3000;VEV_5000;263;12;262;14;;;269;6;270;23;;;266.0;0.0
-1;3000;VEV_5100;172;11;171;13;;;176;11;177;19;;;174.0;0.0
-1;3000;VEV_5200;103;18;;;;;107;27;;;;;105.0;0.0
-1;3000;VEV_5300;48;10;47;12;;;50;26;;;;;49.0;0.0
-1;3000;VEV_5400;15;24;;;;;17;13;;;;;16.0;0.0
-1;3000;VEV_5500;7;20;;;;;8;20;;;;;7.5;0.0
-1;3000;VEV_6000;0;18;;;;;1;18;;;;;0.5;0.0
-1;3000;VEV_6500;0;19;;;;;1;19;;;;;0.5;0.0
-1;3100;HYDROGEL_PACK;9974;10;9972;26;;;9990;10;9993;26;;;9982.0;0.0
-1;3100;VELVETFRUIT_EXTRACT;5260;58;;;;;5266;17;;;;;5263.0;0.0
-1;3100;VEV_4000;1257;11;1254;29;;;1278;11;1281;29;;;1267.5;0.0
-1;3100;VEV_4500;751;10;;;;;767;10;769;17;;;759.0;0.0
-1;3100;VEV_5000;;;;;;;268;8;269;21;;;268.0;0.0
-1;3100;VEV_5100;173;9;172;15;;;177;27;;;;;175.0;0.0
-1;3100;VEV_5200;102;29;;;;;105;10;106;17;;;103.5;0.0
-1;3100;VEV_5300;48;17;;;;;50;24;;;;;49.0;0.0
-1;3100;VEV_5400;16;17;;;;;17;24;18;20;;;16.5;0.0
-1;3100;VEV_5500;7;5;;;;;8;24;;;;;7.5;0.0
-1;3100;VEV_6000;0;26;;;;;1;26;;;;;0.5;0.0
-1;3100;VEV_6500;0;14;;;;;1;14;;;;;0.5;0.0
-1;3200;HYDROGEL_PACK;9972;14;9970;20;;;9988;14;9991;20;;;9980.0;0.0
-1;3200;VELVETFRUIT_EXTRACT;5261;50;5261;46;;;5266;19;5267;52;;;5263.5;0.0
-1;3200;VEV_4000;1257;7;1255;18;;;1279;7;1281;18;;;1268.0;0.0
-1;3200;VEV_4500;750;10;748;13;;;766;10;768;13;;;758.0;0.0
-1;3200;VEV_5000;262;26;261;34;;;268;7;269;22;;;265.0;0.0
-1;3200;VEV_5100;175;6;;;;;179;8;180;22;;;177.0;0.0
-1;3200;VEV_5200;103;19;;;;;106;30;107;30;;;104.5;0.0
-1;3200;VEV_5300;48;9;47;18;;;50;6;51;16;;;49.0;0.0
-1;3200;VEV_5400;16;6;15;20;;;16;20;17;18;;;16.0;0.0
-1;3200;VEV_5500;7;27;;;;;8;28;;;;;7.5;0.0
-1;3200;VEV_6000;0;22;;;;;1;22;;;;;0.5;0.0
-1;3200;VEV_6500;0;13;;;;;1;13;;;;;0.5;0.0
-1;3300;HYDROGEL_PACK;9971;11;9968;24;;;9987;11;9989;24;;;9979.0;0.0
-1;3300;VELVETFRUIT_EXTRACT;5261;67;;;;;5267;61;;;;;5264.0;0.0
-1;3300;VEV_4000;1256;12;1253;28;;;1277;12;1280;28;;;1266.5;0.0
-1;3300;VEV_4500;749;7;747;13;;;765;7;766;11;767;13;757.0;0.0
-1;3300;VEV_5000;261;26;260;26;;;267;12;;;;;264.0;0.0
-1;3300;VEV_5100;173;12;;;;;178;21;;;;;175.5;0.0
-1;3300;VEV_5200;;;;;;;106;7;;;;;106.0;0.0
-1;3300;VEV_5300;48;19;;;;;50;26;;;;;49.0;0.0
-1;3300;VEV_5400;15;20;;;;;17;28;;;;;16.0;0.0
-1;3300;VEV_5500;7;21;;;;;8;24;;;;;7.5;0.0
-1;3300;VEV_6000;0;23;;;;;1;23;;;;;0.5;0.0
-1;3300;VEV_6500;0;18;;;;;1;18;;;;;0.5;0.0
-1;3400;HYDROGEL_PACK;9973;13;9971;27;;;9989;13;9992;27;;;9981.0;0.0
-1;3400;VELVETFRUIT_EXTRACT;5265;17;5264;56;;;5270;30;;;;;5267.5;0.0
-1;3400;VEV_4000;1256;14;1254;28;;;1278;14;1280;28;;;1267.0;0.0
-1;3400;VEV_4500;749;8;747;23;;;765;8;766;7;767;23;757.0;0.0
-1;3400;VEV_5000;261;7;260;22;;;267;27;268;29;;;264.0;0.0
-1;3400;VEV_5100;173;9;;;;;177;26;178;16;;;175.0;0.0
-1;3400;VEV_5200;104;8;103;32;;;106;19;107;31;;;105.0;0.0
-1;3400;VEV_5300;48;21;;;;;;;;;;;48.0;0.0
-1;3400;VEV_5400;16;20;15;28;;;16;6;17;23;;;16.0;0.0
-1;3400;VEV_5500;7;17;;;;;8;24;;;;;7.5;0.0
-1;3400;VEV_6000;0;17;;;;;1;17;;;;;0.5;0.0
-1;3400;VEV_6500;0;10;;;;;1;10;;;;;0.5;0.0
-1;3500;HYDROGEL_PACK;9971;10;9969;20;;;9987;10;9990;20;;;9979.0;0.0
-1;3500;VELVETFRUIT_EXTRACT;5265;25;5264;39;;;5270;67;;;;;5267.5;0.0
-1;3500;VEV_4000;1257;12;1255;28;;;1279;12;1281;28;;;1268.0;0.0
-1;3500;VEV_4500;750;8;748;15;;;766;8;768;15;;;758.0;0.0
-1;3500;VEV_5000;261;9;260;17;;;267;9;268;12;;;264.0;0.0
-1;3500;VEV_5100;174;25;;;;;178;23;179;23;;;176.0;0.0
-1;3500;VEV_5200;102;35;;;;;105;11;;;;;103.5;0.0
-1;3500;VEV_5300;47;23;;;;;49;23;;;;;48.0;0.0
-1;3500;VEV_5400;15;28;;;;;16;26;17;19;;;15.5;0.0
-1;3500;VEV_5500;7;20;;;;;8;23;;;;;7.5;0.0
-1;3500;VEV_6000;0;19;;;;;1;19;;;;;0.5;0.0
-1;3500;VEV_6500;0;17;;;;;1;17;;;;;0.5;0.0
-1;3600;HYDROGEL_PACK;9974;11;9971;21;;;9990;11;9992;21;;;9982.0;0.0
-1;3600;VELVETFRUIT_EXTRACT;5265;58;;;;;5270;21;5271;30;;;5267.5;0.0
-1;3600;VEV_4000;1257;7;1255;25;;;1278;7;1281;25;;;1267.5;0.0
-1;3600;VEV_4500;751;8;749;21;;;768;23;769;21;;;759.5;0.0
-1;3600;VEV_5000;262;10;261;15;;;269;27;;;;;265.5;0.0
-1;3600;VEV_5100;175;8;;;;;180;24;;;;;177.5;0.0
-1;3600;VEV_5200;102;27;;;;;;;;;;;102.0;0.0
-1;3600;VEV_5300;48;21;;;;;50;22;;;;;49.0;0.0
-1;3600;VEV_5400;16;19;15;28;;;17;21;;;;;16.5;0.0
-1;3600;VEV_5500;7;16;;;;;8;26;;;;;7.5;0.0
-1;3600;VEV_6000;0;30;;;;;1;30;;;;;0.5;0.0
-1;3600;VEV_6500;0;17;;;;;1;17;;;;;0.5;0.0
-1;3700;HYDROGEL_PACK;9974;12;9972;27;;;;;;;;;9974.0;0.0
-1;3700;VELVETFRUIT_EXTRACT;5265;48;;;;;5271;65;;;;;5268.0;0.0
-1;3700;VEV_4000;1257;14;1254;24;;;1278;14;1280;24;;;1267.5;0.0
-1;3700;VEV_4500;750;9;748;18;;;766;9;768;18;;;758.0;0.0
-1;3700;VEV_5000;263;27;262;24;;;269;8;270;13;;;266.0;0.0
-1;3700;VEV_5100;174;30;;;;;179;9;180;22;;;176.5;0.0
-1;3700;VEV_5200;;;;;;;;;;;;;0.0;0.0
-1;3700;VEV_5300;49;25;;;;;51;25;;;;;50.0;0.0
-1;3700;VEV_5400;16;18;15;23;;;17;23;;;;;16.5;0.0
-1;3700;VEV_5500;7;22;;;;;8;19;;;;;7.5;0.0
-1;3700;VEV_6000;0;24;;;;;1;24;;;;;0.5;0.0
-1;3700;VEV_6500;0;13;;;;;1;13;;;;;0.5;0.0
-1;3800;HYDROGEL_PACK;9972;14;9970;24;;;9988;14;9991;24;;;9980.0;0.0
-1;3800;VELVETFRUIT_EXTRACT;5266;21;5265;35;5265;44;5270;21;5271;60;;;5268.0;0.0
-1;3800;VEV_4000;1257;13;1254;19;;;1278;13;1281;19;;;1267.5;0.0
-1;3800;VEV_4500;751;9;749;19;;;767;9;768;15;769;19;759.0;0.0
-1;3800;VEV_5000;262;12;261;18;;;269;20;;;;;265.5;0.0
-1;3800;VEV_5100;176;10;175;22;;;180;7;;;;;178.0;0.0
-1;3800;VEV_5200;103;21;;;;;106;7;107;12;;;104.5;0.0
-1;3800;VEV_5300;49;8;;;;;51;20;52;10;;;50.0;0.0
-1;3800;VEV_5400;16;20;;;;;18;25;;;;;17.0;0.0
-1;3800;VEV_5500;7;22;;;;;8;26;;;;;7.5;0.0
-1;3800;VEV_6000;0;24;;;;;1;24;;;;;0.5;0.0
-1;3800;VEV_6500;0;13;;;;;1;13;;;;;0.5;0.0
-1;3900;HYDROGEL_PACK;9974;13;9971;26;;;9990;13;9992;26;;;9982.0;0.0
-1;3900;VELVETFRUIT_EXTRACT;5264;55;;;;;5270;52;;;;;5267.0;0.0
-1;3900;VEV_4000;1257;12;1254;23;;;1278;12;1281;23;;;1267.5;0.0
-1;3900;VEV_4500;752;8;750;17;;;768;8;770;17;;;760.0;0.0
-1;3900;VEV_5000;262;18;261;22;;;268;6;269;24;;;265.0;0.0
-1;3900;VEV_5100;175;25;;;;;179;8;;;;;177.0;0.0
-1;3900;VEV_5200;103;23;;;;;;;;;;;103.0;0.0
-1;3900;VEV_5300;49;27;;;;;51;22;;;;;50.0;0.0
-1;3900;VEV_5400;16;22;15;17;;;17;16;;;;;16.5;0.0
-1;3900;VEV_5500;7;22;;;;;8;25;;;;;7.5;0.0
-1;3900;VEV_6000;0;27;;;;;1;27;;;;;0.5;0.0
-1;3900;VEV_6500;0;15;;;;;1;15;;;;;0.5;0.0
-1;4000;HYDROGEL_PACK;9974;13;9971;29;;;9992;29;;;;;9983.0;0.0
-1;4000;VELVETFRUIT_EXTRACT;5263;24;5262;44;;;5268;58;;;;;5265.5;0.0
-1;4000;VEV_4000;1254;15;1252;15;;;1275;15;1278;15;;;1264.5;0.0
-1;4000;VEV_4500;752;11;750;14;;;768;11;769;11;770;14;760.0;0.0
-1;4000;VEV_5000;262;19;;;;;269;18;270;26;;;265.5;0.0
-1;4000;VEV_5100;;;;;;;179;26;180;27;;;179.0;0.0
-1;4000;VEV_5200;103;12;102;22;;;105;7;106;16;;;104.0;0.0
-1;4000;VEV_5300;49;9;48;11;;;51;24;;;;;50.0;0.0
-1;4000;VEV_5400;15;15;15;17;;;17;25;;;;;16.0;0.0
-1;4000;VEV_5500;7;19;;;;;8;16;;;;;7.5;0.0
-1;4000;VEV_6000;0;28;;;;;1;28;;;;;0.5;0.0
-1;4000;VEV_6500;0;17;;;;;1;17;;;;;0.5;0.0
-1;4100;HYDROGEL_PACK;9972;11;9969;23;;;9988;11;9990;23;;;9980.0;0.0
-1;4100;VELVETFRUIT_EXTRACT;5262;47;;;;;5268;45;;;;;5265.0;0.0
-1;4100;VEV_4000;1254;11;1251;26;;;1275;11;1278;26;;;1264.5;0.0
-1;4100;VEV_4500;751;10;749;15;;;769;15;;;;;760.0;0.0
-1;4100;VEV_5000;264;9;263;15;;;270;9;271;23;;;267.0;0.0
-1;4100;VEV_5100;176;8;;;;;181;19;;;;;178.5;0.0
-1;4100;VEV_5200;104;24;103;22;;;107;29;;;;;105.5;0.0
-1;4100;VEV_5300;48;17;;;;;51;26;;;;;49.5;0.0
-1;4100;VEV_5400;15;16;;;;;17;13;;;;;16.0;0.0
-1;4100;VEV_5500;7;29;;;;;8;16;;;;;7.5;0.0
-1;4100;VEV_6000;0;24;;;;;1;24;;;;;0.5;0.0
-1;4100;VEV_6500;0;15;;;;;1;15;;;;;0.5;0.0
-1;4200;HYDROGEL_PACK;9973;15;9970;26;;;9989;15;9991;26;;;9981.0;0.0
-1;4200;VELVETFRUIT_EXTRACT;5263;37;;;;;5268;19;5269;42;;;5265.5;0.0
-1;4200;VEV_4000;1254;11;1252;26;;;1276;11;1278;26;;;1265.0;0.0
-1;4200;VEV_4500;751;8;749;23;;;769;23;;;;;760.0;0.0
-1;4200;VEV_5000;266;6;265;17;;;272;6;273;17;;;269.0;0.0
-1;4200;VEV_5100;177;27;176;18;;;181;31;182;14;;;179.0;0.0
-1;4200;VEV_5200;104;33;103;26;;;;;;;;;104.0;0.0
-1;4200;VEV_5300;50;9;;;;;52;28;;;;;51.0;0.0
-1;4200;VEV_5400;15;20;15;20;;;17;30;;;;;16.0;0.0
-1;4200;VEV_5500;7;26;;;;;8;30;;;;;7.5;0.0
-1;4200;VEV_6000;0;27;;;;;1;27;;;;;0.5;0.0
-1;4200;VEV_6500;0;18;;;;;1;18;;;;;0.5;0.0
-1;4300;HYDROGEL_PACK;9970;13;9968;23;;;9986;13;9988;23;;;9978.0;0.0
-1;4300;VELVETFRUIT_EXTRACT;5264;36;;;;;5270;56;;;;;5267.0;0.0
-1;4300;VEV_4000;1255;8;1252;29;;;1276;8;1279;29;;;1265.5;0.0
-1;4300;VEV_4500;749;20;;;;;767;8;768;12;769;20;758.0;0.0
-1;4300;VEV_5000;264;12;263;16;;;271;14;;;;;267.5;0.0
-1;4300;VEV_5100;178;7;177;27;;;182;26;183;21;;;180.0;0.0
-1;4300;VEV_5200;103;25;;;;;106;20;107;32;;;104.5;0.0
-1;4300;VEV_5300;50;23;;;;;53;10;;;;;51.5;0.0
-1;4300;VEV_5400;15;29;14;19;;;16;21;;;;;15.5;0.0
-1;4300;VEV_5500;7;24;;;;;8;25;;;;;7.5;0.0
-1;4300;VEV_6000;0;26;;;;;1;26;;;;;0.5;0.0
-1;4300;VEV_6500;0;18;;;;;1;18;;;;;0.5;0.0
-1;4400;HYDROGEL_PACK;9969;11;9967;24;;;9985;11;9988;24;;;9977.0;0.0
-1;4400;VELVETFRUIT_EXTRACT;5265;37;;;;;5270;20;5271;66;5272;38;5267.5;0.0
-1;4400;VEV_4000;1254;10;1252;25;;;1276;10;1278;25;;;1265.0;0.0
-1;4400;VEV_4500;750;10;748;20;;;766;10;768;20;;;758.0;0.0
-1;4400;VEV_5000;264;8;263;23;;;270;9;271;20;;;267.0;0.0
-1;4400;VEV_5100;179;27;178;13;;;183;30;184;12;;;181.0;0.0
-1;4400;VEV_5200;103;21;;;;;107;26;;;;;105.0;0.0
-1;4400;VEV_5300;50;26;49;18;;;52;23;;;;;51.0;0.0
-1;4400;VEV_5400;14;21;;;;;16;22;;;;;15.0;0.0
-1;4400;VEV_5500;7;24;;;;;8;21;;;;;7.5;0.0
-1;4400;VEV_6000;0;20;;;;;1;20;;;;;0.5;0.0
-1;4400;VEV_6500;0;17;;;;;1;17;;;;;0.5;0.0
-1;4500;HYDROGEL_PACK;9970;14;9967;25;;;9986;14;9988;25;;;9978.0;0.0
-1;4500;VELVETFRUIT_EXTRACT;5266;17;5265;69;;;5271;63;;;;;5268.5;0.0
-1;4500;VEV_4000;1255;7;1253;19;;;1276;7;1279;19;;;1265.5;0.0
-1;4500;VEV_4500;751;9;749;12;;;767;9;769;12;;;759.0;0.0
-1;4500;VEV_5000;263;25;262;21;;;269;6;270;12;;;266.0;0.0
-1;4500;VEV_5100;180;22;;;;;185;20;;;;;182.5;0.0
-1;4500;VEV_5200;104;27;;;;;107;10;108;32;;;105.5;0.0
-1;4500;VEV_5300;51;20;;;;;53;25;;;;;52.0;0.0
-1;4500;VEV_5400;15;19;;;;;;;;;;;15.0;0.0
-1;4500;VEV_5500;7;21;;;;;8;20;;;;;7.5;0.0
-1;4500;VEV_6000;0;27;;;;;1;27;;;;;0.5;0.0
-1;4500;VEV_6500;0;15;;;;;1;15;;;;;0.5;0.0
-1;4600;HYDROGEL_PACK;9969;14;9967;25;;;9985;14;9988;25;;;9977.0;0.0
-1;4600;VELVETFRUIT_EXTRACT;5265;17;5264;53;;;5270;69;;;;;5267.5;0.0
-1;4600;VEV_4000;1255;11;1253;23;;;1277;11;1279;23;;;1266.0;0.0
-1;4600;VEV_4500;750;23;;;;;768;10;770;23;;;759.0;0.0
-1;4600;VEV_5000;263;11;262;12;;;269;10;270;12;;;266.0;0.0
-1;4600;VEV_5100;179;12;178;17;;;184;25;;;;;181.5;0.0
-1;4600;VEV_5200;105;22;;;;;109;26;;;;;107.0;0.0
-1;4600;VEV_5300;50;22;49;26;;;52;24;;;;;51.0;0.0
-1;4600;VEV_5400;;;;;;;16;19;;;;;16.0;0.0
-1;4600;VEV_5500;7;18;;;;;8;19;;;;;7.5;0.0
-1;4600;VEV_6000;0;22;;;;;1;22;;;;;0.5;0.0
-1;4600;VEV_6500;0;16;;;;;1;16;;;;;0.5;0.0
-1;4700;HYDROGEL_PACK;9966;13;9963;30;;;9982;13;9984;30;;;9974.0;0.0
-1;4700;VELVETFRUIT_EXTRACT;5267;17;5266;58;;;5271;17;5272;51;;;5269.0;0.0
-1;4700;VEV_4000;1255;15;1252;25;;;1276;15;1279;25;;;1265.5;0.0
-1;4700;VEV_4500;753;12;751;13;;;769;12;770;7;771;13;761.0;0.0
-1;4700;VEV_5000;263;12;262;15;;;269;21;270;24;;;266.0;0.0
-1;4700;VEV_5100;179;11;;;;;183;28;184;21;;;181.0;0.0
-1;4700;VEV_5200;105;26;104;22;;;107;12;108;21;;;106.0;0.0
-1;4700;VEV_5300;51;19;;;;;53;29;;;;;52.0;0.0
-1;4700;VEV_5400;15;22;14;20;;;15;30;16;29;;;15.0;0.0
-1;4700;VEV_5500;7;26;;;;;8;21;;;;;7.5;0.0
-1;4700;VEV_6000;0;25;;;;;1;25;;;;;0.5;0.0
-1;4700;VEV_6500;0;13;;;;;1;13;;;;;0.5;0.0
-1;4800;HYDROGEL_PACK;9965;14;9963;30;;;9981;14;9984;30;;;9973.0;0.0
-1;4800;VELVETFRUIT_EXTRACT;5267;44;;;;;5272;20;5273;61;;;5269.5;0.0
-1;4800;VEV_4000;1256;9;1253;30;;;1277;9;1279;30;;;1266.5;0.0
-1;4800;VEV_4500;751;8;749;18;;;767;8;769;18;;;759.0;0.0
-1;4800;VEV_5000;263;26;262;13;;;269;29;270;29;;;266.0;0.0
-1;4800;VEV_5100;178;6;177;23;;;182;9;183;25;;;180.0;0.0
-1;4800;VEV_5200;104;23;;;;;108;29;;;;;106.0;0.0
-1;4800;VEV_5300;51;24;;;;;53;23;;;;;52.0;0.0
-1;4800;VEV_5400;14;26;;;;;16;12;;;;;15.0;0.0
-1;4800;VEV_5500;7;21;;;;;8;16;;;;;7.5;0.0
-1;4800;VEV_6000;0;26;;;;;1;26;;;;;0.5;0.0
-1;4800;VEV_6500;0;14;;;;;1;14;;;;;0.5;0.0
-1;4900;HYDROGEL_PACK;9964;11;9962;29;;;9980;11;9983;29;;;9972.0;0.0
-1;4900;VELVETFRUIT_EXTRACT;5268;22;5267;69;;;5273;61;;;;;5270.5;0.0
-1;4900;VEV_4000;1257;7;1254;19;;;1278;7;1281;19;;;1267.5;0.0
-1;4900;VEV_4500;751;6;749;20;;;767;6;768;9;769;20;759.0;0.0
-1;4900;VEV_5000;262;12;261;17;;;268;30;269;19;;;265.0;0.0
-1;4900;VEV_5100;178;12;177;12;;;183;33;;;;;180.5;0.0
-1;4900;VEV_5200;104;6;103;32;;;107;12;;;;;105.5;0.0
-1;4900;VEV_5300;51;10;;;;;53;21;;;;;52.0;0.0
-1;4900;VEV_5400;15;16;14;23;;;;;;;;;15.0;0.0
-1;4900;VEV_5500;7;26;;;;;8;19;;;;;7.5;0.0
-1;4900;VEV_6000;0;15;;;;;1;15;;;;;0.5;0.0
-1;4900;VEV_6500;0;13;;;;;1;13;;;;;0.5;0.0
-1;5000;HYDROGEL_PACK;9962;12;9960;30;;;9978;12;9981;30;;;9970.0;0.0
-1;5000;VELVETFRUIT_EXTRACT;5268;39;5268;55;;;5274;68;;;;;5271.0;0.0
-1;5000;VEV_4000;1257;15;1254;17;;;1278;15;1280;17;;;1267.5;0.0
-1;5000;VEV_4500;750;9;748;21;;;768;21;;;;;759.0;0.0
-1;5000;VEV_5000;261;33;260;17;;;267;9;268;24;;;264.0;0.0
-1;5000;VEV_5100;178;12;177;23;;;183;32;;;;;180.5;0.0
-1;5000;VEV_5200;102;29;;;;;105;22;106;31;;;103.5;0.0
-1;5000;VEV_5300;51;7;50;13;;;53;24;;;;;52.0;0.0
-1;5000;VEV_5400;15;21;;;;;17;23;;;;;16.0;0.0
-1;5000;VEV_5500;7;20;;;;;8;30;;;;;7.5;0.0
-1;5000;VEV_6000;0;26;;;;;1;26;;;;;0.5;0.0
-1;5000;VEV_6500;0;17;;;;;1;17;;;;;0.5;0.0
-1;5100;HYDROGEL_PACK;9965;12;9962;24;;;9981;12;9983;24;;;9973.0;0.0
-1;5100;VELVETFRUIT_EXTRACT;5266;48;;;;;5272;67;;;;;5269.0;0.0
-1;5100;VEV_4000;1258;15;1255;25;;;1279;15;1282;25;;;1268.5;0.0
-1;5100;VEV_4500;749;10;747;22;;;765;10;767;22;;;757.0;0.0
-1;5100;VEV_5000;261;7;260;18;;;267;6;268;13;;;264.0;0.0
-1;5100;VEV_5100;179;7;178;29;;;;;;;;;179.0;0.0
-1;5100;VEV_5200;102;8;101;29;;;104;33;;;;;103.0;0.0
-1;5100;VEV_5300;51;6;50;12;;;53;20;;;;;52.0;0.0
-1;5100;VEV_5400;14;19;;;;;16;16;;;;;15.0;0.0
-1;5100;VEV_5500;7;18;;;;;8;19;;;;;7.5;0.0
-1;5100;VEV_6000;0;23;;;;;1;23;;;;;0.5;0.0
-1;5100;VEV_6500;0;13;;;;;1;13;;;;;0.5;0.0
-1;5200;HYDROGEL_PACK;9965;12;9963;20;;;9981;12;9984;20;;;9973.0;0.0
-1;5200;VELVETFRUIT_EXTRACT;5267;22;5266;42;;;5272;58;5273;47;;;5269.5;0.0
-1;5200;VEV_4000;1259;14;1256;28;;;1280;14;1283;28;;;1269.5;0.0
-1;5200;VEV_4500;748;12;746;22;;;764;12;766;22;;;756.0;0.0
-1;5200;VEV_5000;261;22;260;20;;;267;6;268;18;;;264.0;0.0
-1;5200;VEV_5100;180;35;179;26;;;184;9;;;;;182.0;0.0
-1;5200;VEV_5200;101;22;;;;;105;19;;;;;103.0;0.0
-1;5200;VEV_5300;51;26;;;;;53;18;;;;;52.0;0.0
-1;5200;VEV_5400;14;29;14;8;;;;;;;;;14.0;0.0
-1;5200;VEV_5500;7;20;;;;;8;23;;;;;7.5;0.0
-1;5200;VEV_6000;0;23;;;;;1;23;;;;;0.5;0.0
-1;5200;VEV_6500;0;18;;;;;1;18;;;;;0.5;0.0
-1;5300;HYDROGEL_PACK;9965;13;9963;27;;;9981;13;9984;27;;;9973.0;0.0
-1;5300;VELVETFRUIT_EXTRACT;5266;35;5266;70;;;5272;31;;;;;5269.0;0.0
-1;5300;VEV_4000;1260;8;1258;22;;;1281;8;1284;22;;;1270.5;0.0
-1;5300;VEV_4500;747;7;745;22;;;763;7;765;22;;;755.0;0.0
-1;5300;VEV_5000;261;17;;;;;268;22;;;;;264.5;0.0
-1;5300;VEV_5100;179;12;178;24;;;183;12;184;13;;;181.0;0.0
-1;5300;VEV_5200;;;;;;;104;8;105;17;;;104.0;0.0
-1;5300;VEV_5300;51;28;;;;;53;17;;;;;52.0;0.0
-1;5300;VEV_5400;14;26;;;;;15;18;16;16;;;14.5;0.0
-1;5300;VEV_5500;7;26;;;;;8;21;;;;;7.5;0.0
-1;5300;VEV_6000;0;19;;;;;1;19;;;;;0.5;0.0
-1;5300;VEV_6500;0;19;;;;;1;19;;;;;0.5;0.0
-1;5400;HYDROGEL_PACK;9966;15;9963;30;;;9982;15;9984;30;;;9974.0;0.0
-1;5400;VELVETFRUIT_EXTRACT;5268;24;;;;;5274;63;;;;;5271.0;0.0
-1;5400;VEV_4000;1262;12;1260;21;;;1284;12;1286;21;;;1273.0;0.0
-1;5400;VEV_4500;746;6;744;12;;;764;12;;;;;755.0;0.0
-1;5400;VEV_5000;264;6;263;20;;;;;;;;;264.0;0.0
-1;5400;VEV_5100;177;25;;;;;182;28;183;15;;;179.5;0.0
-1;5400;VEV_5200;102;26;101;30;;;104;12;105;23;;;103.0;0.0
-1;5400;VEV_5300;53;23;;;;;;;;;;;53.0;0.0
-1;5400;VEV_5400;14;21;;;;;16;28;;;;;15.0;0.0
-1;5400;VEV_5500;7;18;;;;;8;18;;;;;7.5;0.0
-1;5400;VEV_6000;0;28;;;;;1;28;;;;;0.5;0.0
-1;5400;VEV_6500;0;17;;;;;1;17;;;;;0.5;0.0
-1;5500;HYDROGEL_PACK;9963;14;9960;25;;;9979;14;9981;25;;;9971.0;0.0
-1;5500;VELVETFRUIT_EXTRACT;5268;24;5268;24;;;5274;30;;;;;5271.0;0.0
-1;5500;VEV_4000;1263;15;1261;30;;;1285;15;1287;30;;;1274.0;0.0
-1;5500;VEV_4500;747;12;745;17;;;763;12;765;17;;;755.0;0.0
-1;5500;VEV_5000;264;31;263;22;;;270;6;271;24;;;267.0;0.0
-1;5500;VEV_5100;177;19;;;;;182;6;;;;;179.5;0.0
-1;5500;VEV_5200;101;18;;;;;104;11;105;30;;;102.5;0.0
-1;5500;VEV_5300;52;22;;;;;54;6;;;;;53.0;0.0
-1;5500;VEV_5400;14;29;;;;;;;;;;;14.0;0.0
-1;5500;VEV_5500;7;29;;;;;8;18;;;;;7.5;0.0
-1;5500;VEV_6000;0;21;;;;;1;21;;;;;0.5;0.0
-1;5500;VEV_6500;0;19;;;;;1;19;;;;;0.5;0.0
-1;5600;HYDROGEL_PACK;9962;13;9959;21;;;9978;13;9980;21;;;9970.0;0.0
-1;5600;VELVETFRUIT_EXTRACT;5267;23;;;;;5272;20;5273;75;;;5269.5;0.0
-1;5600;VEV_4000;1262;12;1259;19;;;1283;12;1286;19;;;1272.5;0.0
-1;5600;VEV_4500;746;15;;;;;764;6;766;15;;;755.0;0.0
-1;5600;VEV_5000;265;6;264;18;;;271;10;272;20;;;268.0;0.0
-1;5600;VEV_5100;;;;;;;183;29;184;27;;;183.0;0.0
-1;5600;VEV_5200;102;31;;;;;106;22;;;;;104.0;0.0
-1;5600;VEV_5300;52;21;51;21;;;54;10;55;30;;;53.0;0.0
-1;5600;VEV_5400;;;;;;;17;26;;;;;17.0;0.0
-1;5600;VEV_5500;7;21;;;;;8;20;;;;;7.5;0.0
-1;5600;VEV_6000;0;18;;;;;1;18;;;;;0.5;0.0
-1;5600;VEV_6500;0;15;;;;;1;15;;;;;0.5;0.0
-1;5700;HYDROGEL_PACK;9961;13;9959;21;;;9977;13;9980;21;;;9969.0;0.0
-1;5700;VELVETFRUIT_EXTRACT;5267;54;;;;;5273;60;;;;;5270.0;0.0
-1;5700;VEV_4000;1262;11;1259;18;;;1283;11;1286;18;;;1272.5;0.0
-1;5700;VEV_4500;748;12;746;19;;;764;12;766;19;;;756.0;0.0
-1;5700;VEV_5000;264;11;263;22;;;270;8;271;32;;;267.0;0.0
-1;5700;VEV_5100;179;12;178;24;;;183;6;;;;;181.0;0.0
-1;5700;VEV_5200;103;10;102;24;;;106;32;;;;;104.5;0.0
-1;5700;VEV_5300;53;22;;;;;55;25;55;27;;;54.0;0.0
-1;5700;VEV_5400;15;26;15;19;;;17;16;;;;;16.0;0.0
-1;5700;VEV_5500;7;20;;;;;8;25;;;;;7.5;0.0
-1;5700;VEV_6000;0;22;;;;;1;22;;;;;0.5;0.0
-1;5700;VEV_6500;0;18;;;;;1;18;;;;;0.5;0.0
-1;5800;HYDROGEL_PACK;9961;12;9959;24;;;9977;12;9980;24;;;9969.0;0.0
-1;5800;VELVETFRUIT_EXTRACT;5267;57;;;;;5272;19;5273;66;;;5269.5;0.0
-1;5800;VEV_4000;1262;14;1259;15;;;1283;14;1286;15;;;1272.5;0.0
-1;5800;VEV_4500;749;7;747;13;;;765;7;767;13;;;757.0;0.0
-1;5800;VEV_5000;263;28;;;;;269;26;270;21;;;266.0;0.0
-1;5800;VEV_5100;179;7;178;36;;;183;10;184;19;;;181.0;0.0
-1;5800;VEV_5200;103;25;102;24;;;105;9;106;23;;;104.0;0.0
-1;5800;VEV_5300;53;21;52;15;;;;;;;;;53.0;0.0
-1;5800;VEV_5400;15;21;14;25;;;15;27;16;21;;;15.0;0.0
-1;5800;VEV_5500;7;27;;;;;8;30;;;;;7.5;0.0
-1;5800;VEV_6000;0;24;;;;;1;24;;;;;0.5;0.0
-1;5800;VEV_6500;0;17;;;;;1;17;;;;;0.5;0.0
-1;5900;HYDROGEL_PACK;9962;14;9959;21;;;9978;14;9980;21;;;9970.0;0.0
-1;5900;VELVETFRUIT_EXTRACT;5267;60;;;;;5273;57;;;;;5270.0;0.0
-1;5900;VEV_4000;1262;12;1260;15;;;1284;12;1286;15;;;1273.0;0.0
-1;5900;VEV_4500;752;7;750;20;;;768;7;770;20;;;760.0;0.0
-1;5900;VEV_5000;262;12;261;19;;;268;25;;;;;265.0;0.0
-1;5900;VEV_5100;181;10;;;;;185;7;;;;;183.0;0.0
-1;5900;VEV_5200;103;24;102;16;;;105;27;106;32;;;104.0;0.0
-1;5900;VEV_5300;52;10;;;;;55;26;;;;;53.5;0.0
-1;5900;VEV_5400;15;27;15;21;;;17;19;;;;;16.0;0.0
-1;5900;VEV_5500;7;24;;;;;8;29;;;;;7.5;0.0
-1;5900;VEV_6000;0;25;;;;;1;25;;;;;0.5;0.0
-1;5900;VEV_6500;0;17;;;;;1;17;;;;;0.5;0.0
-1;6000;HYDROGEL_PACK;9961;13;9958;25;;;9977;13;9979;25;;;9969.0;0.0
-1;6000;VELVETFRUIT_EXTRACT;5267;23;;;;;5272;15;5273;51;;;5269.5;0.0
-1;6000;VEV_4000;1263;11;1260;17;;;1284;11;1286;17;;;1273.5;0.0
-1;6000;VEV_4500;751;10;;;;;767;10;768;13;;;759.0;0.0
-1;6000;VEV_5000;260;9;259;13;;;266;19;267;13;;;263.0;0.0
-1;6000;VEV_5100;181;31;180;21;;;185;7;186;13;;;183.0;0.0
-1;6000;VEV_5200;102;25;101;24;;;105;24;;;;;103.5;0.0
-1;6000;VEV_5300;52;6;;;;;54;20;;;;;53.0;0.0
-1;6000;VEV_5400;;;;;;;17;25;;;;;17.0;0.0
-1;6000;VEV_5500;7;15;;;;;8;27;;;;;7.5;0.0
-1;6000;VEV_6000;0;25;;;;;1;25;;;;;0.5;0.0
-1;6000;VEV_6500;0;15;;;;;1;15;;;;;0.5;0.0
-1;6100;HYDROGEL_PACK;9961;13;9959;30;;;9977;13;9980;30;;;9969.0;0.0
-1;6100;VELVETFRUIT_EXTRACT;5268;56;5268;16;;;5274;37;;;;;5271.0;0.0
-1;6100;VEV_4000;1265;12;1262;27;;;1286;12;1289;27;;;1275.5;0.0
-1;6100;VEV_4500;752;10;750;21;;;768;10;770;21;;;760.0;0.0
-1;6100;VEV_5000;258;18;;;;;265;6;266;24;;;261.5;0.0
-1;6100;VEV_5100;179;24;;;;;;;;;;;179.0;0.0
-1;6100;VEV_5200;103;18;102;24;;;105;27;106;21;;;104.0;0.0
-1;6100;VEV_5300;53;10;;;;;55;27;;;;;54.0;0.0
-1;6100;VEV_5400;15;25;;;;;;;;;;;15.0;0.0
-1;6100;VEV_5500;7;26;;;;;8;23;;;;;7.5;0.0
-1;6100;VEV_6000;0;27;;;;;1;27;;;;;0.5;0.0
-1;6100;VEV_6500;0;15;;;;;1;15;;;;;0.5;0.0
-1;6200;HYDROGEL_PACK;9962;11;9960;29;;;9978;11;9981;29;;;9970.0;0.0
-1;6200;VELVETFRUIT_EXTRACT;5267;64;;;;;5273;30;;;;;5270.0;0.0
-1;6200;VEV_4000;1266;10;1263;26;;;1287;10;1290;26;;;1276.5;0.0
-1;6200;VEV_4500;753;6;751;13;;;771;13;;;;;762.0;0.0
-1;6200;VEV_5000;259;26;258;20;;;266;19;;;;;262.5;0.0
-1;6200;VEV_5100;180;31;179;24;;;184;22;;;;;182.0;0.0
-1;6200;VEV_5200;102;27;101;18;;;104;5;105;16;;;103.0;0.0
-1;6200;VEV_5300;53;28;;;;;55;22;;;;;54.0;0.0
-1;6200;VEV_5400;15;22;14;15;;;16;25;;;;;15.5;0.0
-1;6200;VEV_5500;7;21;;;;;8;20;;;;;7.5;0.0
-1;6200;VEV_6000;0;25;;;;;1;25;;;;;0.5;0.0
-1;6200;VEV_6500;0;20;;;;;1;20;;;;;0.5;0.0
-1;6300;HYDROGEL_PACK;9963;13;9960;22;;;9979;13;9981;22;;;9971.0;0.0
-1;6300;VELVETFRUIT_EXTRACT;5267;21;5266;44;;;5271;21;5272;16;;;5269.0;0.0
-1;6300;VEV_4000;1264;10;1262;18;;;1286;10;1288;18;;;1275.0;0.0
-1;6300;VEV_4500;754;9;752;17;;;770;9;772;17;;;762.0;0.0
-1;6300;VEV_5000;257;10;256;17;;;263;23;264;25;;;260.0;0.0
-1;6300;VEV_5100;179;27;;;;;184;12;185;30;;;181.5;0.0
-1;6300;VEV_5200;101;27;;;;;104;21;105;15;;;102.5;0.0
-1;6300;VEV_5300;52;9;51;16;;;54;7;55;12;;;53.0;0.0
-1;6300;VEV_5400;;;;;;;15;22;16;23;;;15.0;0.0
-1;6300;VEV_5500;7;27;;;;;8;21;;;;;7.5;0.0
-1;6300;VEV_6000;0;22;;;;;1;22;;;;;0.5;0.0
-1;6300;VEV_6500;0;16;;;;;1;16;;;;;0.5;0.0
-1;6400;HYDROGEL_PACK;9960;12;9957;30;;;9976;12;9978;30;;;9968.0;0.0
-1;6400;VELVETFRUIT_EXTRACT;5266;20;5265;35;;;5271;66;;;;;5268.5;0.0
-1;6400;VEV_4000;1264;13;1262;15;;;1286;13;1288;15;;;1275.0;0.0
-1;6400;VEV_4500;756;9;754;12;;;772;9;774;12;;;764.0;0.0
-1;6400;VEV_5000;258;10;257;34;;;265;23;;;;;261.5;0.0
-1;6400;VEV_5100;180;33;179;26;;;184;9;185;23;;;182.0;0.0
-1;6400;VEV_5200;101;26;;;;;;;;;;;101.0;0.0
-1;6400;VEV_5300;52;26;;;;;54;24;;;;;53.0;0.0
-1;6400;VEV_5400;14;19;;;;;15;21;;;;;14.5;0.0
-1;6400;VEV_5500;7;25;;;;;8;24;;;;;7.5;0.0
-1;6400;VEV_6000;0;24;;;;;1;24;;;;;0.5;0.0
-1;6400;VEV_6500;0;20;;;;;1;20;;;;;0.5;0.0
-1;6500;HYDROGEL_PACK;9961;10;9959;23;;;9977;10;9980;23;;;9969.0;0.0
-1;6500;VELVETFRUIT_EXTRACT;5265;33;5264;38;;;5270;22;5271;67;;;5267.5;0.0
-1;6500;VEV_4000;1264;12;1261;16;;;1285;12;1288;16;;;1274.5;0.0
-1;6500;VEV_4500;756;10;754;12;;;774;12;;;;;765.0;0.0
-1;6500;VEV_5000;258;12;257;22;;;264;9;265;24;;;261.0;0.0
-1;6500;VEV_5100;180;11;;;;;184;22;;;;;182.0;0.0
-1;6500;VEV_5200;101;12;100;24;;;103;26;104;27;;;102.0;0.0
-1;6500;VEV_5300;53;18;;;;;55;29;;;;;54.0;0.0
-1;6500;VEV_5400;15;27;;;;;17;22;;;;;16.0;0.0
-1;6500;VEV_5500;7;28;;;;;8;10;;;;;7.5;0.0
-1;6500;VEV_6000;0;22;;;;;1;22;;;;;0.5;0.0
-1;6500;VEV_6500;0;12;;;;;1;12;;;;;0.5;0.0
-1;6600;HYDROGEL_PACK;9962;14;9960;30;;;9978;14;9981;30;;;9970.0;0.0
-1;6600;VELVETFRUIT_EXTRACT;5266;16;5265;40;5265;47;5271;39;;;;;5268.5;0.0
-1;6600;VEV_4000;1263;7;1261;17;;;1285;7;1287;17;;;1274.0;0.0
-1;6600;VEV_4500;756;9;754;13;;;772;9;774;13;;;764.0;0.0
-1;6600;VEV_5000;257;12;256;27;;;263;6;264;20;;;260.0;0.0
-1;6600;VEV_5100;179;12;178;17;;;183;6;;;;;181.0;0.0
-1;6600;VEV_5200;100;31;;;;;103;12;104;25;;;101.5;0.0
-1;6600;VEV_5300;52;24;;;;;54;6;;;;;53.0;0.0
-1;6600;VEV_5400;15;20;;;;;16;18;;;;;15.5;0.0
-1;6600;VEV_5500;7;24;;;;;8;16;;;;;7.5;0.0
-1;6600;VEV_6000;0;27;;;;;1;27;;;;;0.5;0.0
-1;6600;VEV_6500;0;18;;;;;1;18;;;;;0.5;0.0
-1;6700;HYDROGEL_PACK;9960;13;9957;29;;;9976;13;9978;29;;;9968.0;0.0
-1;6700;VELVETFRUIT_EXTRACT;5265;20;5264;61;;;5270;62;5271;38;;;5267.5;0.0
-1;6700;VEV_4000;1266;15;1264;24;;;1287;15;1290;24;;;1276.5;0.0
-1;6700;VEV_4500;756;6;754;23;;;772;6;774;23;;;764.0;0.0
-1;6700;VEV_5000;257;7;256;22;;;263;7;264;13;;;260.0;0.0
-1;6700;VEV_5100;178;29;;;;;183;24;;;;;180.5;0.0
-1;6700;VEV_5200;101;31;;;;;104;10;105;19;;;102.5;0.0
-1;6700;VEV_5300;51;19;;;;;54;17;54;24;;;52.5;0.0
-1;6700;VEV_5400;;;;;;;17;25;;;;;17.0;0.0
-1;6700;VEV_5500;7;22;;;;;8;22;;;;;7.5;0.0
-1;6700;VEV_6000;0;21;;;;;1;21;;;;;0.5;0.0
-1;6700;VEV_6500;0;19;;;;;1;19;;;;;0.5;0.0
-1;6800;HYDROGEL_PACK;9960;11;9958;23;;;9976;11;9979;23;;;9968.0;0.0
-1;6800;VELVETFRUIT_EXTRACT;5264;32;;;;;5269;15;5270;67;;;5266.5;0.0
-1;6800;VEV_4000;1266;10;1264;30;;;1288;10;1290;30;;;1277.0;0.0
-1;6800;VEV_4500;755;8;753;18;;;773;18;;;;;764.0;0.0
-1;6800;VEV_5000;;;;;;;264;7;265;19;;;264.0;0.0
-1;6800;VEV_5100;178;12;;;;;183;24;;;;;180.5;0.0
-1;6800;VEV_5200;102;15;;;;;106;22;;;;;104.0;0.0
-1;6800;VEV_5300;53;5;;;;;55;25;;;;;54.0;0.0
-1;6800;VEV_5400;15;22;;;;;17;19;;;;;16.0;0.0
-1;6800;VEV_5500;7;17;;;;;8;29;;;;;7.5;0.0
-1;6800;VEV_6000;0;19;;;;;1;19;;;;;0.5;0.0
-1;6800;VEV_6500;0;17;;;;;1;17;;;;;0.5;0.0
-1;6900;HYDROGEL_PACK;9963;14;9961;20;;;9979;14;9982;20;;;9971.0;0.0
-1;6900;VELVETFRUIT_EXTRACT;5263;43;;;;;5269;37;;;;;5266.0;0.0
-1;6900;VEV_4000;1266;10;1264;15;;;1288;10;1290;15;;;1277.0;0.0
-1;6900;VEV_4500;754;17;;;;;772;9;773;23;774;17;763.0;0.0
-1;6900;VEV_5000;256;8;255;13;;;262;11;263;19;;;259.0;0.0
-1;6900;VEV_5100;176;23;;;;;181;9;182;20;;;178.5;0.0
-1;6900;VEV_5200;103;27;102;32;;;105;22;106;13;;;104.0;0.0
-1;6900;VEV_5300;;;;;;;55;22;56;16;;;55.0;0.0
-1;6900;VEV_5400;15;25;;;;;17;23;;;;;16.0;0.0
-1;6900;VEV_5500;7;20;;;;;8;23;;;;;7.5;0.0
-1;6900;VEV_6000;0;19;;;;;1;19;;;;;0.5;0.0
-1;6900;VEV_6500;0;17;;;;;1;17;;;;;0.5;0.0
-1;7000;HYDROGEL_PACK;9962;14;9960;28;;;9978;14;9981;28;;;9970.0;0.0
-1;7000;VELVETFRUIT_EXTRACT;5264;24;5263;34;5263;74;5268;24;5269;30;;;5266.0;0.0
-1;7000;VEV_4000;1266;12;1263;15;;;1287;12;1290;15;;;1276.5;0.0
-1;7000;VEV_4500;756;21;;;;;774;8;776;21;;;765.0;0.0
-1;7000;VEV_5000;256;12;255;12;;;262;7;263;16;;;259.0;0.0
-1;7000;VEV_5100;177;32;;;;;182;27;183;24;;;179.5;0.0
-1;7000;VEV_5200;;;;;;;;;;;;;0.0;0.0
-1;7000;VEV_5300;53;20;;;;;56;21;;;;;54.5;0.0
-1;7000;VEV_5400;;;;;;;17;21;;;;;17.0;0.0
-1;7000;VEV_5500;7;22;;;;;8;28;;;;;7.5;0.0
-1;7000;VEV_6000;0;26;;;;;1;26;;;;;0.5;0.0
-1;7000;VEV_6500;0;15;;;;;1;15;;;;;0.5;0.0
-1;7100;HYDROGEL_PACK;9962;11;9960;21;;;9978;11;9980;21;;;9970.0;0.0
-1;7100;VELVETFRUIT_EXTRACT;5263;23;5262;44;;;5268;50;;;;;5265.5;0.0
-1;7100;VEV_4000;1264;15;1262;18;;;1286;15;1288;18;;;1275.0;0.0
-1;7100;VEV_4500;759;12;757;14;;;775;12;777;14;;;767.0;0.0
-1;7100;VEV_5000;257;8;256;15;;;263;28;264;19;;;260.0;0.0
-1;7100;VEV_5100;179;21;;;;;183;6;184;24;;;181.0;0.0
-1;7100;VEV_5200;102;13;;;;;105;6;;;;;103.5;0.0
-1;7100;VEV_5300;54;21;;;;;56;26;;;;;55.0;0.0
-1;7100;VEV_5400;;;;;;;17;24;;;;;17.0;0.0
-1;7100;VEV_5500;7;21;;;;;8;20;;;;;7.5;0.0
-1;7100;VEV_6000;0;21;;;;;1;21;;;;;0.5;0.0
-1;7100;VEV_6500;0;17;;;;;1;17;;;;;0.5;0.0
-1;7200;HYDROGEL_PACK;9962;10;9959;22;;;9978;10;9980;22;;;9970.0;0.0
-1;7200;VELVETFRUIT_EXTRACT;5261;45;5261;17;;;5267;45;;;;;5264.0;0.0
-1;7200;VEV_4000;1263;14;1260;16;;;1284;14;1287;16;;;1273.5;0.0
-1;7200;VEV_4500;759;8;758;11;757;20;775;8;;;;;767.0;0.0
-1;7200;VEV_5000;256;6;255;18;;;;;;;;;256.0;0.0
-1;7200;VEV_5100;179;25;178;13;;;183;12;;;;;181.0;0.0
-1;7200;VEV_5200;103;22;102;24;;;106;21;;;;;104.5;0.0
-1;7200;VEV_5300;53;22;;;;;55;6;;;;;54.0;0.0
-1;7200;VEV_5400;15;20;;;;;;;;;;;15.0;0.0
-1;7200;VEV_5500;7;20;;;;;8;23;;;;;7.5;0.0
-1;7200;VEV_6000;0;23;;;;;1;23;;;;;0.5;0.0
-1;7200;VEV_6500;0;18;;;;;1;18;;;;;0.5;0.0
-1;7300;HYDROGEL_PACK;9961;11;9959;26;;;9977;11;9980;26;;;9969.0;0.0
-1;7300;VELVETFRUIT_EXTRACT;5259;47;5259;30;;;5265;63;5266;47;;;5262.0;0.0
-1;7300;VEV_4000;1263;10;1261;19;;;1285;10;1287;19;;;1274.0;0.0
-1;7300;VEV_4500;757;12;755;15;;;773;12;775;15;;;765.0;0.0
-1;7300;VEV_5000;257;10;256;16;;;263;8;;;;;260.0;0.0
-1;7300;VEV_5100;177;8;176;18;;;182;24;;;;;179.5;0.0
-1;7300;VEV_5200;103;7;;;;;106;30;;;;;104.5;0.0
-1;7300;VEV_5300;53;21;;;;;55;24;;;;;54.0;0.0
-1;7300;VEV_5400;15;17;;;;;16;20;17;23;;;15.5;0.0
-1;7300;VEV_5500;7;19;;;;;8;27;;;;;7.5;0.0
-1;7300;VEV_6000;0;28;;;;;1;28;;;;;0.5;0.0
-1;7300;VEV_6500;0;17;;;;;1;17;;;;;0.5;0.0
-1;7400;HYDROGEL_PACK;9960;15;9958;28;;;9976;15;9979;28;;;9968.0;0.0
-1;7400;VELVETFRUIT_EXTRACT;5258;40;;;;;5263;17;5264;32;;;5260.5;0.0
-1;7400;VEV_4000;1264;15;1261;18;;;1285;15;1288;18;;;1274.5;0.0
-1;7400;VEV_4500;758;11;756;12;;;775;7;776;12;;;766.5;0.0
-1;7400;VEV_5000;256;8;255;24;;;263;20;;;;;259.5;0.0
-1;7400;VEV_5100;176;6;175;19;;;181;16;;;;;178.5;0.0
-1;7400;VEV_5200;102;35;;;;;106;17;;;;;104.0;0.0
-1;7400;VEV_5300;53;19;;;;;;;;;;;53.0;0.0
-1;7400;VEV_5400;15;22;15;29;;;17;16;;;;;16.0;0.0
-1;7400;VEV_5500;7;24;;;;;8;22;;;;;7.5;0.0
-1;7400;VEV_6000;0;21;;;;;1;21;;;;;0.5;0.0
-1;7400;VEV_6500;0;16;;;;;1;16;;;;;0.5;0.0
-1;7500;HYDROGEL_PACK;9960;13;9958;25;;;9976;13;9979;25;;;9968.0;0.0
-1;7500;VELVETFRUIT_EXTRACT;5258;15;5257;48;;;5263;72;;;;;5260.5;0.0
-1;7500;VEV_4000;1264;9;1261;19;;;1285;9;1288;19;;;1274.5;0.0
-1;7500;VEV_4500;756;18;;;;;776;18;;;;;766.0;0.0
-1;7500;VEV_5000;256;31;;;;;262;7;263;20;;;259.0;0.0
-1;7500;VEV_5100;177;7;176;19;;;182;15;;;;;179.5;0.0
-1;7500;VEV_5200;;;;;;;107;22;;;;;107.0;0.0
-1;7500;VEV_5300;53;20;;;;;55;23;;;;;54.0;0.0
-1;7500;VEV_5400;14;19;;;;;16;18;;;;;15.0;0.0
-1;7500;VEV_5500;7;23;;;;;8;27;;;;;7.5;0.0
-1;7500;VEV_6000;0;22;;;;;1;22;;;;;0.5;0.0
-1;7500;VEV_6500;0;17;;;;;1;17;;;;;0.5;0.0
-1;7600;HYDROGEL_PACK;9961;14;9959;20;;;9977;14;9980;20;;;9969.0;0.0
-1;7600;VELVETFRUIT_EXTRACT;5259;17;5258;40;;;5263;17;5264;49;;;5261.0;0.0
-1;7600;VEV_4000;1263;7;1261;21;;;1285;7;1287;21;;;1274.0;0.0
-1;7600;VEV_4500;759;12;758;23;757;21;775;12;777;21;;;767.0;0.0
-1;7600;VEV_5000;256;6;;;;;262;9;;;;;259.0;0.0
-1;7600;VEV_5100;;;;;;;181;32;182;25;;;181.0;0.0
-1;7600;VEV_5200;102;27;;;;;105;27;;;;;103.5;0.0
-1;7600;VEV_5300;52;23;;;;;54;20;;;;;53.0;0.0
-1;7600;VEV_5400;14;23;;;;;16;26;;;;;15.0;0.0
-1;7600;VEV_5500;7;23;;;;;8;29;;;;;7.5;0.0
-1;7600;VEV_6000;;;;;;;1;17;;;;;1.0;0.0
-1;7600;VEV_6500;0;10;;;;;1;10;;;;;0.5;0.0
-1;7700;HYDROGEL_PACK;9957;12;9955;27;;;9973;12;9976;27;;;9965.0;0.0
-1;7700;VELVETFRUIT_EXTRACT;5258;55;;;;;5263;15;5264;32;;;5260.5;0.0
-1;7700;VEV_4000;1264;13;1261;16;;;1285;13;1288;16;;;1274.5;0.0
-1;7700;VEV_4500;759;8;758;8;757;19;775;8;777;19;;;767.0;0.0
-1;7700;VEV_5000;256;8;255;22;;;262;22;263;12;;;259.0;0.0
-1;7700;VEV_5100;177;31;;;;;181;7;;;;;179.0;0.0
-1;7700;VEV_5200;103;19;;;;;106;6;107;27;;;104.5;0.0
-1;7700;VEV_5300;52;19;;;;;54;23;55;11;;;53.0;0.0
-1;7700;VEV_5400;15;26;;;;;17;17;;;;;16.0;0.0
-1;7700;VEV_5500;7;18;;;;;8;26;;;;;7.5;0.0
-1;7700;VEV_6000;0;25;;;;;1;25;;;;;0.5;0.0
-1;7700;VEV_6500;0;14;;;;;1;14;;;;;0.5;0.0
-1;7800;HYDROGEL_PACK;9959;14;9957;25;;;9975;14;9978;25;;;9967.0;0.0
-1;7800;VELVETFRUIT_EXTRACT;5258;36;;;;;5264;44;;;;;5261.0;0.0
-1;7800;VEV_4000;1263;8;1260;22;;;1284;8;1287;22;;;1273.5;0.0
-1;7800;VEV_4500;759;12;757;23;;;775;12;777;23;;;767.0;0.0
-1;7800;VEV_5000;256;8;255;17;;;262;10;;;;;259.0;0.0
-1;7800;VEV_5100;175;11;174;20;;;179;6;180;24;;;177.0;0.0
-1;7800;VEV_5200;103;26;;;;;107;13;;;;;105.0;0.0
-1;7800;VEV_5300;53;20;;;;;55;24;56;22;;;54.0;0.0
-1;7800;VEV_5400;;;;;;;17;23;;;;;17.0;0.0
-1;7800;VEV_5500;7;22;;;;;8;30;;;;;7.5;0.0
-1;7800;VEV_6000;0;30;;;;;1;30;;;;;0.5;0.0
-1;7800;VEV_6500;0;11;;;;;1;11;;;;;0.5;0.0
-1;7900;HYDROGEL_PACK;9960;15;9957;20;;;9976;15;9978;20;;;9968.0;0.0
-1;7900;VELVETFRUIT_EXTRACT;5256;36;5256;60;;;5261;25;5262;32;;;5258.5;0.0
-1;7900;VEV_4000;1264;8;1261;22;;;1285;8;1288;22;;;1274.5;0.0
-1;7900;VEV_4500;758;12;;;;;776;9;778;12;;;767.0;0.0
-1;7900;VEV_5000;254;28;;;;;261;7;262;14;;;257.5;0.0
-1;7900;VEV_5100;174;9;173;27;;;178;24;;;;;176.0;0.0
-1;7900;VEV_5200;105;29;;;;;108;29;;;;;106.5;0.0
-1;7900;VEV_5300;53;21;;;;;;;;;;;53.0;0.0
-1;7900;VEV_5400;15;20;;;;;17;24;;;;;16.0;0.0
-1;7900;VEV_5500;7;24;;;;;8;26;;;;;7.5;0.0
-1;7900;VEV_6000;0;25;;;;;1;25;;;;;0.5;0.0
-1;7900;VEV_6500;0;11;;;;;1;11;;;;;0.5;0.0
-1;8000;HYDROGEL_PACK;9957;28;;;;;9975;14;9977;28;;;9966.0;0.0
-1;8000;VELVETFRUIT_EXTRACT;5257;15;5256;64;;;5262;66;;;;;5259.5;0.0
-1;8000;VEV_4000;1264;9;1262;18;;;1286;9;1288;18;;;1275.0;0.0
-1;8000;VEV_4500;761;11;759;22;;;777;11;779;22;;;769.0;0.0
-1;8000;VEV_5000;256;34;255;17;;;262;9;263;24;;;259.0;0.0
-1;8000;VEV_5100;174;10;;;;;178;25;179;12;;;176.0;0.0
-1;8000;VEV_5200;103;14;;;;;106;6;107;27;;;104.5;0.0
-1;8000;VEV_5300;53;27;;;;;55;19;56;19;;;54.0;0.0
-1;8000;VEV_5400;;;;;;;;;;;;;0.0;0.0
-1;8000;VEV_5500;7;20;;;;;8;21;;;;;7.5;0.0
-1;8000;VEV_6000;0;21;;;;;1;21;;;;;0.5;0.0
-1;8000;VEV_6500;0;15;;;;;1;15;;;;;0.5;0.0
-1;8100;HYDROGEL_PACK;9959;14;9956;22;;;9975;14;9977;22;;;9967.0;0.0
-1;8100;VELVETFRUIT_EXTRACT;5255;66;;;;;5260;18;5261;54;;;5257.5;0.0
-1;8100;VEV_4000;1264;9;1262;27;;;1286;9;1288;27;;;1275.0;0.0
-1;8100;VEV_4500;761;8;760;15;759;20;777;8;779;20;;;769.0;0.0
-1;8100;VEV_5000;258;26;257;24;;;264;9;265;12;;;261.0;0.0
-1;8100;VEV_5100;175;9;174;20;;;179;33;;;;;177.0;0.0
-1;8100;VEV_5200;104;21;103;19;;;107;12;;;;;105.5;0.0
-1;8100;VEV_5300;53;23;52;13;;;55;19;56;20;;;54.0;0.0
-1;8100;VEV_5400;16;21;15;15;;;;;;;;;16.0;0.0
-1;8100;VEV_5500;7;24;;;;;8;22;;;;;7.5;0.0
-1;8100;VEV_6000;0;19;;;;;1;19;;;;;0.5;0.0
-1;8100;VEV_6500;0;10;;;;;1;10;;;;;0.5;0.0
-1;8200;HYDROGEL_PACK;9957;10;9955;23;;;9973;10;9976;23;;;9965.0;0.0
-1;8200;VELVETFRUIT_EXTRACT;5255;66;;;;;5261;45;;;;;5258.0;0.0
-1;8200;VEV_4000;1264;10;1261;20;;;1285;10;1288;20;;;1274.5;0.0
-1;8200;VEV_4500;759;11;757;12;;;775;11;777;12;;;767.0;0.0
-1;8200;VEV_5000;257;7;256;16;;;263;8;264;17;;;260.0;0.0
-1;8200;VEV_5100;;;;;;;177;21;;;;;177.0;0.0
-1;8200;VEV_5200;104;24;;;;;;;;;;;104.0;0.0
-1;8200;VEV_5300;53;23;;;;;55;19;56;10;;;54.0;0.0
-1;8200;VEV_5400;15;20;15;22;;;17;18;;;;;16.0;0.0
-1;8200;VEV_5500;7;21;;;;;8;25;;;;;7.5;0.0
-1;8200;VEV_6000;0;22;;;;;1;22;;;;;0.5;0.0
-1;8200;VEV_6500;0;11;;;;;1;11;;;;;0.5;0.0
-1;8300;HYDROGEL_PACK;9955;13;9952;30;;;9971;13;9973;30;;;9963.0;0.0
-1;8300;VELVETFRUIT_EXTRACT;5258;30;;;;;5264;47;;;;;5261.0;0.0
-1;8300;VEV_4000;1264;12;1262;24;;;1286;12;1288;24;;;1275.0;0.0
-1;8300;VEV_4500;759;7;757;18;;;775;7;776;8;777;18;767.0;0.0
-1;8300;VEV_5000;257;8;256;16;;;263;7;264;21;;;260.0;0.0
-1;8300;VEV_5100;173;8;172;14;;;;;;;;;173.0;0.0
-1;8300;VEV_5200;103;21;;;;;106;22;107;13;;;104.5;0.0
-1;8300;VEV_5300;53;22;;;;;55;24;;;;;54.0;0.0
-1;8300;VEV_5400;;;;;;;17;22;;;;;17.0;0.0
-1;8300;VEV_5500;7;24;;;;;8;28;;;;;7.5;0.0
-1;8300;VEV_6000;0;22;;;;;1;22;;;;;0.5;0.0
-1;8300;VEV_6500;0;18;;;;;1;18;;;;;0.5;0.0
-1;8400;HYDROGEL_PACK;9952;10;9950;23;;;9968;10;9971;23;;;9960.0;0.0
-1;8400;VELVETFRUIT_EXTRACT;5258;23;;;;;5263;25;5264;49;;;5260.5;0.0
-1;8400;VEV_4000;1266;7;1264;20;;;1288;7;1290;20;;;1277.0;0.0
-1;8400;VEV_4500;758;12;756;16;;;774;12;776;16;;;766.0;0.0
-1;8400;VEV_5000;257;8;;;;;263;11;264;17;;;260.0;0.0
-1;8400;VEV_5100;171;11;;;;;175;30;176;20;;;173.0;0.0
-1;8400;VEV_5200;103;9;102;29;;;106;22;;;;;104.5;0.0
-1;8400;VEV_5300;53;26;;;;;55;28;56;12;;;54.0;0.0
-1;8400;VEV_5400;16;21;15;23;;;;;;;;;16.0;0.0
-1;8400;VEV_5500;7;16;;;;;8;19;;;;;7.5;0.0
-1;8400;VEV_6000;0;20;;;;;1;20;;;;;0.5;0.0
-1;8400;VEV_6500;0;15;;;;;1;15;;;;;0.5;0.0
-1;8500;HYDROGEL_PACK;9952;12;9949;21;;;9968;12;9970;21;;;9960.0;0.0
-1;8500;VELVETFRUIT_EXTRACT;5257;59;;;;;5263;62;;;;;5260.0;0.0
-1;8500;VEV_4000;1267;8;1264;18;;;1288;8;1291;18;;;1277.5;0.0
-1;8500;VEV_4500;755;19;;;;;773;12;775;19;;;764.0;0.0
-1;8500;VEV_5000;256;22;255;28;;;262;7;;;;;259.0;0.0
-1;8500;VEV_5100;;;;;;;176;30;;;;;176.0;0.0
-1;8500;VEV_5200;103;23;102;18;;;106;32;;;;;104.5;0.0
-1;8500;VEV_5300;53;22;;;;;55;24;;;;;54.0;0.0
-1;8500;VEV_5400;;;;;;;;;;;;;0.0;0.0
-1;8500;VEV_5500;7;9;;;;;8;23;;;;;7.5;0.0
-1;8500;VEV_6000;0;19;;;;;1;19;;;;;0.5;0.0
-1;8500;VEV_6500;0;10;;;;;1;10;;;;;0.5;0.0
-1;8600;HYDROGEL_PACK;9953;15;9950;23;;;9969;15;9971;23;;;9961.0;0.0
-1;8600;VELVETFRUIT_EXTRACT;5258;47;;;;;5264;50;;;;;5261.0;0.0
-1;8600;VEV_4000;1266;9;1264;17;;;1288;9;1290;17;;;1277.0;0.0
-1;8600;VEV_4500;755;14;;;;;773;9;775;14;;;764.0;0.0
-1;8600;VEV_5000;256;7;255;13;;;262;35;263;14;;;259.0;0.0
-1;8600;VEV_5100;172;20;171;13;;;176;28;177;28;;;174.0;0.0
-1;8600;VEV_5200;;;;;;;104;11;105;15;;;104.0;0.0
-1;8600;VEV_5300;53;23;;;;;55;22;;;;;54.0;0.0
-1;8600;VEV_5400;16;19;15;23;;;16;24;;;;;16.0;0.0
-1;8600;VEV_5500;7;6;;;;;8;18;;;;;7.5;0.0
-1;8600;VEV_6000;0;23;;;;;1;23;;;;;0.5;0.0
-1;8600;VEV_6500;0;15;;;;;1;15;;;;;0.5;0.0
-1;8700;HYDROGEL_PACK;9951;28;;;;;9969;15;9972;28;;;9960.0;0.0
-1;8700;VELVETFRUIT_EXTRACT;5257;69;;;;;5262;15;5263;33;;;5259.5;0.0
-1;8700;VEV_4000;1268;11;1265;18;;;1289;11;1292;18;;;1278.5;0.0
-1;8700;VEV_4500;756;11;754;17;;;772;11;774;17;;;764.0;0.0
-1;8700;VEV_5000;256;28;255;21;;;262;8;263;27;;;259.0;0.0
-1;8700;VEV_5100;173;12;;;;;177;12;;;;;175.0;0.0
-1;8700;VEV_5200;100;28;;;;;103;26;104;14;;;101.5;0.0
-1;8700;VEV_5300;53;10;;;;;55;20;;;;;54.0;0.0
-1;8700;VEV_5400;15;28;;;;;17;20;;;;;16.0;0.0
-1;8700;VEV_5500;7;13;;;;;8;15;;;;;7.5;0.0
-1;8700;VEV_6000;0;24;;;;;1;24;;;;;0.5;0.0
-1;8700;VEV_6500;0;14;;;;;1;14;;;;;0.5;0.0
-1;8800;HYDROGEL_PACK;9953;11;9950;24;;;9969;11;9971;24;;;9961.0;0.0
-1;8800;VELVETFRUIT_EXTRACT;5258;24;5257;22;;;5263;65;;;;;5260.5;0.0
-1;8800;VEV_4000;1267;8;1264;18;;;1288;8;1291;18;;;1277.5;0.0
-1;8800;VEV_4500;757;11;755;20;;;773;11;776;20;;;765.0;0.0
-1;8800;VEV_5000;255;25;254;12;;;261;26;262;24;;;258.0;0.0
-1;8800;VEV_5100;173;6;172;19;;;177;19;178;23;;;175.0;0.0
-1;8800;VEV_5200;99;8;98;17;;;101;6;;;;;100.0;0.0
-1;8800;VEV_5300;52;24;51;26;;;54;22;55;25;;;53.0;0.0
-1;8800;VEV_5400;15;28;;;;;;;;;;;15.0;0.0
-1;8800;VEV_5500;7;28;;;;;8;25;;;;;7.5;0.0
-1;8800;VEV_6000;0;28;;;;;1;28;;;;;0.5;0.0
-1;8800;VEV_6500;0;12;;;;;1;12;;;;;0.5;0.0
-1;8900;HYDROGEL_PACK;9953;10;9951;25;;;9969;10;9972;25;;;9961.0;0.0
-1;8900;VELVETFRUIT_EXTRACT;5256;52;;;;;5262;37;;;;;5259.0;0.0
-1;8900;VEV_4000;1267;8;1264;16;;;1288;8;1291;16;;;1277.5;0.0
-1;8900;VEV_4500;758;7;757;12;756;15;774;7;776;15;;;766.0;0.0
-1;8900;VEV_5000;255;31;254;27;;;261;7;;;;;258.0;0.0
-1;8900;VEV_5100;173;9;172;23;;;177;6;178;27;;;175.0;0.0
-1;8900;VEV_5200;98;28;;;;;102;30;;;;;100.0;0.0
-1;8900;VEV_5300;52;21;;;;;54;7;;;;;53.0;0.0
-1;8900;VEV_5400;;;;;;;;;;;;;0.0;0.0
-1;8900;VEV_5500;7;18;;;;;8;19;;;;;7.5;0.0
-1;8900;VEV_6000;0;23;;;;;1;23;;;;;0.5;0.0
-1;8900;VEV_6500;0;15;;;;;1;15;;;;;0.5;0.0
-1;9000;HYDROGEL_PACK;9953;15;9951;27;;;9969;15;9972;27;;;9961.0;0.0
-1;9000;VELVETFRUIT_EXTRACT;5256;53;;;;;5261;23;5262;34;;;5258.5;0.0
-1;9000;VEV_4000;1266;9;1264;30;;;1288;9;1290;30;;;1277.0;0.0
-1;9000;VEV_4500;758;11;756;13;;;776;13;;;;;767.0;0.0
-1;9000;VEV_5000;254;7;253;21;;;260;24;261;15;;;257.0;0.0
-1;9000;VEV_5100;172;11;171;35;;;177;22;;;;;174.5;0.0
-1;9000;VEV_5200;98;33;;;;;101;25;102;21;;;99.5;0.0
-1;9000;VEV_5300;52;22;;;;;54;16;55;13;;;53.0;0.0
-1;9000;VEV_5400;15;24;15;21;;;16;19;17;26;;;15.5;0.0
-1;9000;VEV_5500;7;22;;;;;8;24;;;;;7.5;0.0
-1;9000;VEV_6000;0;23;;;;;1;23;;;;;0.5;0.0
-1;9000;VEV_6500;0;13;;;;;1;13;;;;;0.5;0.0
-1;9100;HYDROGEL_PACK;9955;15;9952;30;;;9971;15;9973;30;;;9963.0;0.0
-1;9100;VELVETFRUIT_EXTRACT;5255;30;;;;;5261;15;5262;49;;;5258.0;0.0
-1;9100;VEV_4000;1267;12;1264;27;;;1288;12;1291;27;;;1277.5;0.0
-1;9100;VEV_4500;756;9;755;17;;;773;8;774;23;775;17;764.5;0.0
-1;9100;VEV_5000;254;6;253;27;;;260;8;261;17;;;257.0;0.0
-1;9100;VEV_5100;172;7;171;23;;;177;12;;;;;174.5;0.0
-1;9100;VEV_5200;;;;;;;101;22;;;;;101.0;0.0
-1;9100;VEV_5300;52;24;;;;;54;22;55;15;;;53.0;0.0
-1;9100;VEV_5400;15;16;;;;;17;28;;;;;16.0;0.0
-1;9100;VEV_5500;7;21;;;;;8;28;;;;;7.5;0.0
-1;9100;VEV_6000;0;25;;;;;1;25;;;;;0.5;0.0
-1;9100;VEV_6500;0;16;;;;;1;16;;;;;0.5;0.0
-1;9200;HYDROGEL_PACK;9953;14;9950;20;;;9969;14;9971;20;;;9961.0;0.0
-1;9200;VELVETFRUIT_EXTRACT;5256;57;;;;;5261;24;5262;45;;;5258.5;0.0
-1;9200;VEV_4000;1267;15;1265;23;;;1289;15;1291;23;;;1278.0;0.0
-1;9200;VEV_4500;754;17;;;;;772;7;774;17;;;763.0;0.0
-1;9200;VEV_5000;256;30;255;12;;;262;12;263;31;;;259.0;0.0
-1;9200;VEV_5100;172;32;;;;;177;8;178;26;;;174.5;0.0
-1;9200;VEV_5200;96;33;;;;;99;28;100;24;;;97.5;0.0
-1;9200;VEV_5300;52;20;;;;;54;23;55;11;;;53.0;0.0
-1;9200;VEV_5400;15;22;14;20;;;16;15;;;;;15.5;0.0
-1;9200;VEV_5500;7;22;;;;;8;24;;;;;7.5;0.0
-1;9200;VEV_6000;0;28;;;;;1;28;;;;;0.5;0.0
-1;9200;VEV_6500;0;19;;;;;1;19;;;;;0.5;0.0
-1;9300;HYDROGEL_PACK;9954;10;9952;22;;;9970;10;9973;22;;;9962.0;0.0
-1;9300;VELVETFRUIT_EXTRACT;5259;24;5258;41;;;5263;24;5264;20;;;5261.0;0.0
-1;9300;VEV_4000;1267;13;1264;20;;;1288;13;1291;20;;;1277.5;0.0
-1;9300;VEV_4500;756;12;;;;;772;12;774;19;;;764.0;0.0
-1;9300;VEV_5000;257;7;256;13;;;263;6;264;13;;;260.0;0.0
-1;9300;VEV_5100;172;7;;;;;176;30;177;27;;;174.0;0.0
-1;9300;VEV_5200;97;24;96;20;;;99;11;;;;;98.0;0.0
-1;9300;VEV_5300;52;6;;;;;54;19;;;;;53.0;0.0
-1;9300;VEV_5400;;;;;;;16;24;;;;;16.0;0.0
-1;9300;VEV_5500;7;20;;;;;8;18;;;;;7.5;0.0
-1;9300;VEV_6000;0;24;;;;;1;24;;;;;0.5;0.0
-1;9300;VEV_6500;0;18;;;;;1;18;;;;;0.5;0.0
-1;9400;HYDROGEL_PACK;9954;10;9952;25;;;9970;10;9973;25;;;9962.0;0.0
-1;9400;VELVETFRUIT_EXTRACT;5259;44;;;;;5264;18;5265;32;;;5261.5;0.0
-1;9400;VEV_4000;1268;9;1265;20;;;1289;9;1292;20;;;1278.5;0.0
-1;9400;VEV_4500;753;16;;;;;771;12;773;16;;;762.0;0.0
-1;9400;VEV_5000;257;9;256;13;;;263;12;264;12;;;260.0;0.0
-1;9400;VEV_5100;173;32;172;23;;;177;11;178;19;;;175.0;0.0
-1;9400;VEV_5200;97;19;;;;;100;8;101;32;;;98.5;0.0
-1;9400;VEV_5300;52;25;51;15;;;54;19;55;27;;;53.0;0.0
-1;9400;VEV_5400;15;21;14;19;;;16;25;;;;;15.5;0.0
-1;9400;VEV_5500;7;19;;;;;8;26;;;;;7.5;0.0
-1;9400;VEV_6000;0;24;;;;;1;24;;;;;0.5;0.0
-1;9400;VEV_6500;0;18;;;;;1;18;;;;;0.5;0.0
-1;9500;HYDROGEL_PACK;9956;14;9953;29;;;9972;14;9974;29;;;9964.0;0.0
-1;9500;VELVETFRUIT_EXTRACT;5261;15;5260;37;5260;23;5266;47;;;;;5263.5;0.0
-1;9500;VEV_4000;1267;15;1264;23;;;1288;15;1291;23;;;1277.5;0.0
-1;9500;VEV_4500;757;12;755;12;;;773;12;775;12;;;765.0;0.0
-1;9500;VEV_5000;256;9;;;;;263;13;;;;;259.5;0.0
-1;9500;VEV_5100;;;;;;;176;11;;;;;176.0;0.0
-1;9500;VEV_5200;98;22;;;;;102;23;;;;;100.0;0.0
-1;9500;VEV_5300;52;28;;;;;54;22;55;10;;;53.0;0.0
-1;9500;VEV_5400;;;;;;;;;;;;;0.0;0.0
-1;9500;VEV_5500;7;24;;;;;8;26;;;;;7.5;0.0
-1;9500;VEV_6000;0;27;;;;;1;27;;;;;0.5;0.0
-1;9500;VEV_6500;0;18;;;;;1;18;;;;;0.5;0.0
-1;9600;HYDROGEL_PACK;9953;26;;;;;9971;10;9973;26;;;9962.0;0.0
-1;9600;VELVETFRUIT_EXTRACT;5260;43;;;;;5265;25;5266;41;;;5262.5;0.0
-1;9600;VEV_4000;1265;12;1263;19;;;1287;12;1289;19;;;1276.0;0.0
-1;9600;VEV_4500;758;7;756;16;;;776;16;;;;;767.0;0.0
-1;9600;VEV_5000;256;8;255;22;;;262;8;263;19;;;259.0;0.0
-1;9600;VEV_5100;171;19;;;;;176;12;177;16;;;173.5;0.0
-1;9600;VEV_5200;98;32;;;;;101;6;;;;;99.5;0.0
-1;9600;VEV_5300;52;21;;;;;54;17;;;;;53.0;0.0
-1;9600;VEV_5400;14;25;;;;;16;23;;;;;15.0;0.0
-1;9600;VEV_5500;7;21;;;;;8;27;;;;;7.5;0.0
-1;9600;VEV_6000;0;20;;;;;1;20;;;;;0.5;0.0
-1;9600;VEV_6500;0;15;;;;;1;15;;;;;0.5;0.0
-1;9700;HYDROGEL_PACK;9951;12;9948;21;;;9967;12;9969;21;;;9959.0;0.0
-1;9700;VELVETFRUIT_EXTRACT;5261;72;;;;;5266;18;5267;72;;;5263.5;0.0
-1;9700;VEV_4000;1266;11;1263;16;;;1287;11;1290;16;;;1276.5;0.0
-1;9700;VEV_4500;757;12;755;19;;;773;12;775;19;;;765.0;0.0
-1;9700;VEV_5000;;;;;;;263;8;264;20;;;263.0;0.0
-1;9700;VEV_5100;172;6;;;;;176;7;;;;;174.0;0.0
-1;9700;VEV_5200;;;;;;;102;8;103;31;;;102.0;0.0
-1;9700;VEV_5300;53;17;;;;;55;23;;;;;54.0;0.0
-1;9700;VEV_5400;15;19;14;26;;;15;28;16;20;;;15.0;0.0
-1;9700;VEV_5500;7;29;;;;;8;10;;;;;7.5;0.0
-1;9700;VEV_6000;0;27;;;;;1;27;;;;;0.5;0.0
-1;9700;VEV_6500;0;15;;;;;1;15;;;;;0.5;0.0
-1;9800;HYDROGEL_PACK;9951;15;9949;23;;;9967;15;9970;23;;;9959.0;0.0
-1;9800;VELVETFRUIT_EXTRACT;5261;20;5260;25;;;5265;20;5266;41;;;5263.0;0.0
-1;9800;VEV_4000;1266;11;1263;21;;;1287;11;1290;21;;;1276.5;0.0
-1;9800;VEV_4500;754;9;752;13;;;770;9;772;13;;;762.0;0.0
-1;9800;VEV_5000;256;10;255;26;;;262;7;263;20;;;259.0;0.0
-1;9800;VEV_5100;172;15;;;;;177;25;;;;;174.5;0.0
-1;9800;VEV_5200;98;20;;;;;;;;;;;98.0;0.0
-1;9800;VEV_5300;53;19;;;;;55;19;55;29;;;54.0;0.0
-1;9800;VEV_5400;14;17;;;;;15;23;;;;;14.5;0.0
-1;9800;VEV_5500;7;18;;;;;8;22;;;;;7.5;0.0
-1;9800;VEV_6000;0;29;;;;;1;29;;;;;0.5;0.0
-1;9800;VEV_6500;0;11;;;;;1;11;;;;;0.5;0.0
-1;9900;HYDROGEL_PACK;9952;15;9950;24;;;9968;15;9971;24;;;9960.0;0.0
-1;9900;VELVETFRUIT_EXTRACT;5260;22;5259;60;;;5265;38;;;;;5262.5;0.0
-1;9900;VEV_4000;1265;13;1263;18;;;1287;13;1289;18;;;1276.0;0.0
-1;9900;VEV_4500;755;7;753;14;;;773;14;;;;;764.0;0.0
-1;9900;VEV_5000;257;10;256;22;;;264;16;;;;;260.5;0.0
-1;9900;VEV_5100;174;9;;;;;178;32;179;16;;;176.0;0.0
-1;9900;VEV_5200;100;9;99;28;;;103;21;;;;;101.5;0.0
-1;9900;VEV_5300;53;24;52;11;;;;;;;;;53.0;0.0
-1;9900;VEV_5400;14;23;14;29;;;16;22;;;;;15.0;0.0
-1;9900;VEV_5500;7;25;;;;;8;19;;;;;7.5;0.0
-1;9900;VEV_6000;0;21;;;;;1;21;;;;;0.5;0.0
-1;9900;VEV_6500;0;18;;;;;1;18;;;;;0.5;0.0
-1;10000;HYDROGEL_PACK;9951;14;9948;26;;;9967;14;9969;26;;;9959.0;0.0
-1;10000;VELVETFRUIT_EXTRACT;5258;23;;;;;5263;24;5264;61;;;5260.5;0.0
-1;10000;VEV_4000;1267;15;1264;15;;;1288;15;1291;15;;;1277.5;0.0
-1;10000;VEV_4500;756;9;754;13;;;772;9;775;13;;;764.0;0.0
-1;10000;VEV_5000;257;11;256;20;;;263;9;264;19;;;260.0;0.0
-1;10000;VEV_5100;175;25;174;15;;;179;9;180;19;;;177.0;0.0
-1;10000;VEV_5200;99;10;;;;;102;22;;;;;100.5;0.0
-1;10000;VEV_5300;54;10;53;11;;;56;28;;;;;55.0;0.0
-1;10000;VEV_5400;14;26;;;;;16;23;;;;;15.0;0.0
-1;10000;VEV_5500;7;18;;;;;8;24;;;;;7.5;0.0
-1;10000;VEV_6000;0;21;;;;;1;21;;;;;0.5;0.0
-1;10000;VEV_6500;0;17;;;;;1;17;;;;;0.5;0.0
-1;10100;HYDROGEL_PACK;9953;13;9950;25;;;9971;25;;;;;9962.0;0.0
-1;10100;VELVETFRUIT_EXTRACT;5258;49;;;;;5263;15;5264;60;;;5260.5;0.0
-1;10100;VEV_4000;1267;13;1264;18;;;1288;13;1291;18;;;1277.5;0.0
-1;10100;VEV_4500;758;9;756;15;;;774;9;775;10;776;15;766.0;0.0
-1;10100;VEV_5000;257;17;;;;;264;6;265;12;;;260.5;0.0
-1;10100;VEV_5100;173;18;;;;;178;24;179;15;;;175.5;0.0
-1;10100;VEV_5200;99;27;98;14;;;101;12;102;12;;;100.0;0.0
-1;10100;VEV_5300;54;22;;;;;56;27;;;;;55.0;0.0
-1;10100;VEV_5400;;;;;;;16;23;;;;;16.0;0.0
-1;10100;VEV_5500;7;15;;;;;8;22;;;;;7.5;0.0
-1;10100;VEV_6000;0;23;;;;;1;23;;;;;0.5;0.0
-1;10100;VEV_6500;0;11;;;;;1;11;;;;;0.5;0.0
-1;10200;HYDROGEL_PACK;9952;10;9949;22;;;9968;10;9970;22;;;9960.0;0.0
-1;10200;VELVETFRUIT_EXTRACT;5258;62;5258;21;5257;34;5263;21;5264;75;;;5260.5;0.0
-1;10200;VEV_4000;1268;7;1266;15;;;1290;7;1292;15;;;1279.0;0.0
-1;10200;VEV_4500;757;9;755;12;;;773;9;775;12;;;765.0;0.0
-1;10200;VEV_5000;258;11;257;15;;;264;8;;;;;261.0;0.0
-1;10200;VEV_5100;175;31;174;21;;;180;28;;;;;177.5;0.0
-1;10200;VEV_5200;101;22;;;;;;;;;;;101.0;0.0
-1;10200;VEV_5300;54;6;;;;;56;23;;;;;55.0;0.0
-1;10200;VEV_5400;13;25;;;;;15;15;;;;;14.0;0.0
-1;10200;VEV_5500;7;28;;;;;8;22;;;;;7.5;0.0
-1;10200;VEV_6000;0;25;;;;;1;25;;;;;0.5;0.0
-1;10200;VEV_6500;0;17;;;;;1;17;;;;;0.5;0.0
-1;10300;HYDROGEL_PACK;9953;13;9950;24;;;9969;13;9971;24;;;9961.0;0.0
-1;10300;VELVETFRUIT_EXTRACT;5258;63;;;;;5263;23;5264;61;;;5260.5;0.0
-1;10300;VEV_4000;1268;8;1266;25;;;1290;8;1292;25;;;1279.0;0.0
-1;10300;VEV_4500;759;7;757;15;;;775;7;777;15;;;767.0;0.0
-1;10300;VEV_5000;258;9;;;;;264;9;;;;;261.0;0.0
-1;10300;VEV_5100;;;;;;;178;8;179;17;;;178.0;0.0
-1;10300;VEV_5200;101;12;;;;;104;9;105;20;;;102.5;0.0
-1;10300;VEV_5300;54;20;;;;;56;27;57;29;;;55.0;0.0
-1;10300;VEV_5400;14;25;;;;;16;26;;;;;15.0;0.0
-1;10300;VEV_5500;7;18;;;;;8;22;;;;;7.5;0.0
-1;10300;VEV_6000;0;26;;;;;1;26;;;;;0.5;0.0
-1;10300;VEV_6500;0;16;;;;;1;16;;;;;0.5;0.0
-1;10400;HYDROGEL_PACK;9954;12;9952;28;;;9970;12;9973;28;;;9962.0;0.0
-1;10400;VELVETFRUIT_EXTRACT;5257;59;;;;;5263;41;;;;;5260.0;0.0
-1;10400;VEV_4000;1268;7;1266;16;;;1290;7;1292;16;;;1279.0;0.0
-1;10400;VEV_4500;759;11;757;15;;;775;11;777;15;;;767.0;0.0
-1;10400;VEV_5000;257;7;256;16;;;263;9;264;20;;;260.0;0.0
-1;10400;VEV_5100;175;7;174;19;;;179;9;180;15;;;177.0;0.0
-1;10400;VEV_5200;101;28;;;;;104;24;;;;;102.5;0.0
-1;10400;VEV_5300;;;;;;;56;27;;;;;56.0;0.0
-1;10400;VEV_5400;13;15;;;;;15;23;;;;;14.0;0.0
-1;10400;VEV_5500;7;18;;;;;8;29;;;;;7.5;0.0
-1;10400;VEV_6000;0;21;;;;;1;21;;;;;0.5;0.0
-1;10400;VEV_6500;0;18;;;;;1;18;;;;;0.5;0.0
-1;10500;HYDROGEL_PACK;9952;11;9950;25;;;9968;11;9971;25;;;9960.0;0.0
-1;10500;VELVETFRUIT_EXTRACT;5259;32;5259;16;;;5265;21;;;;;5262.0;0.0
-1;10500;VEV_4000;1268;15;1266;17;;;1290;15;1292;17;;;1279.0;0.0
-1;10500;VEV_4500;758;8;756;14;;;776;14;;;;;767.0;0.0
-1;10500;VEV_5000;256;10;255;21;;;262;6;;;;;259.0;0.0
-1;10500;VEV_5100;174;10;;;;;178;27;179;15;;;176.0;0.0
-1;10500;VEV_5200;101;7;100;22;;;103;10;104;18;;;102.0;0.0
-1;10500;VEV_5300;54;21;53;14;;;;;;;;;54.0;0.0
-1;10500;VEV_5400;14;19;;;;;16;20;;;;;15.0;0.0
-1;10500;VEV_5500;7;27;;;;;8;18;;;;;7.5;0.0
-1;10500;VEV_6000;0;29;;;;;1;29;;;;;0.5;0.0
-1;10500;VEV_6500;0;15;;;;;1;15;;;;;0.5;0.0
-1;10600;HYDROGEL_PACK;9953;12;9950;30;;;9969;12;9971;30;;;9961.0;0.0
-1;10600;VELVETFRUIT_EXTRACT;5260;25;5259;63;;;5264;25;5265;40;;;5262.0;0.0
-1;10600;VEV_4000;1269;7;1267;17;;;1291;7;1293;17;;;1280.0;0.0
-1;10600;VEV_4500;758;6;756;15;;;774;6;776;15;;;766.0;0.0
-1;10600;VEV_5000;256;11;255;20;;;262;12;263;13;;;259.0;0.0
-1;10600;VEV_5100;175;22;;;;;180;22;;;;;177.5;0.0
-1;10600;VEV_5200;101;12;;;;;105;15;;;;;103.0;0.0
-1;10600;VEV_5300;54;26;;;;;56;15;;;;;55.0;0.0
-1;10600;VEV_5400;14;20;14;5;;;15;18;16;21;;;14.5;0.0
-1;10600;VEV_5500;7;20;;;;;8;27;;;;;7.5;0.0
-1;10600;VEV_6000;0;26;;;;;1;26;;;;;0.5;0.0
-1;10600;VEV_6500;0;13;;;;;1;13;;;;;0.5;0.0
-1;10700;HYDROGEL_PACK;9952;10;9950;29;;;9968;10;9971;29;;;9960.0;0.0
-1;10700;VELVETFRUIT_EXTRACT;5261;25;5260;63;;;5266;39;;;;;5263.5;0.0
-1;10700;VEV_4000;1269;11;1266;20;;;1290;11;1293;20;;;1279.5;0.0
-1;10700;VEV_4500;758;9;756;23;;;776;23;;;;;767.0;0.0
-1;10700;VEV_5000;256;22;;;;;263;6;;;;;259.5;0.0
-1;10700;VEV_5100;174;7;173;22;;;178;24;;;;;176.0;0.0
-1;10700;VEV_5200;102;27;101;35;;;105;13;;;;;103.5;0.0
-1;10700;VEV_5300;54;23;;;;;;;;;;;54.0;0.0
-1;10700;VEV_5400;14;17;;;;;16;24;;;;;15.0;0.0
-1;10700;VEV_5500;7;24;;;;;8;20;;;;;7.5;0.0
-1;10700;VEV_6000;0;27;;;;;1;27;;;;;0.5;0.0
-1;10700;VEV_6500;0;12;;;;;1;12;;;;;0.5;0.0
-1;10800;HYDROGEL_PACK;9952;12;9949;23;;;9968;12;9970;23;;;9960.0;0.0
-1;10800;VELVETFRUIT_EXTRACT;5261;22;5261;24;;;5267;63;;;;;5264.0;0.0
-1;10800;VEV_4000;1269;7;1266;22;;;1290;7;1293;22;;;1279.5;0.0
-1;10800;VEV_4500;759;8;757;15;;;775;8;777;15;;;767.0;0.0
-1;10800;VEV_5000;256;24;255;22;;;262;8;263;26;;;259.0;0.0
-1;10800;VEV_5100;173;8;;;;;177;6;178;12;;;175.0;0.0
-1;10800;VEV_5200;102;7;101;13;;;;;;;;;102.0;0.0
-1;10800;VEV_5300;53;6;52;12;;;55;20;56;22;;;54.0;0.0
-1;10800;VEV_5400;14;18;;;;;15;23;16;25;;;14.5;0.0
-1;10800;VEV_5500;7;22;;;;;8;24;;;;;7.5;0.0
-1;10800;VEV_6000;0;18;;;;;1;18;;;;;0.5;0.0
-1;10800;VEV_6500;0;16;;;;;1;16;;;;;0.5;0.0
-1;10900;HYDROGEL_PACK;9946;15;9943;28;;;9962;15;9964;28;;;9954.0;0.0
-1;10900;VELVETFRUIT_EXTRACT;5260;49;5260;59;;;5266;53;;;;;5263.0;0.0
-1;10900;VEV_4000;1268;14;1265;23;;;1289;14;1292;23;;;1278.5;0.0
-1;10900;VEV_4500;759;6;757;12;;;775;6;777;12;;;767.0;0.0
-1;10900;VEV_5000;258;10;257;22;;;265;13;;;;;261.5;0.0
-1;10900;VEV_5100;172;16;;;;;177;7;;;;;174.5;0.0
-1;10900;VEV_5200;101;17;;;;;105;21;;;;;103.0;0.0
-1;10900;VEV_5300;54;27;;;;;;;;;;;54.0;0.0
-1;10900;VEV_5400;14;27;;;;;15;23;16;24;;;14.5;0.0
-1;10900;VEV_5500;7;24;;;;;8;19;;;;;7.5;0.0
-1;10900;VEV_6000;0;24;;;;;1;24;;;;;0.5;0.0
-1;10900;VEV_6500;0;14;;;;;1;14;;;;;0.5;0.0
-1;11000;HYDROGEL_PACK;9945;10;9943;25;;;9961;10;9964;25;;;9953.0;0.0
-1;11000;VELVETFRUIT_EXTRACT;5260;53;;;;;5266;46;;;;;5263.0;0.0
-1;11000;VEV_4000;1268;15;1265;28;;;1289;15;1292;28;;;1278.5;0.0
-1;11000;VEV_4500;759;12;757;20;;;775;12;778;20;;;767.0;0.0
-1;11000;VEV_5000;257;11;256;13;;;263;8;264;18;;;260.0;0.0
-1;11000;VEV_5100;174;22;173;15;;;178;18;179;23;;;176.0;0.0
-1;11000;VEV_5200;101;23;100;22;;;103;22;;;;;102.0;0.0
-1;11000;VEV_5300;53;17;;;;;55;29;;;;;54.0;0.0
-1;11000;VEV_5400;14;27;;;;;16;20;;;;;15.0;0.0
-1;11000;VEV_5500;7;29;;;;;8;25;;;;;7.5;0.0
-1;11000;VEV_6000;0;17;;;;;1;17;;;;;0.5;0.0
-1;11000;VEV_6500;0;16;;;;;1;16;;;;;0.5;0.0
-1;11100;HYDROGEL_PACK;9942;11;9940;21;;;9958;11;9961;21;;;9950.0;0.0
-1;11100;VELVETFRUIT_EXTRACT;5261;39;;;;;5266;24;5267;49;5267;62;5263.5;0.0
-1;11100;VEV_4000;1268;12;1265;23;;;1289;12;1292;23;;;1278.5;0.0
-1;11100;VEV_4500;759;8;757;22;;;775;8;777;22;;;767.0;0.0
-1;11100;VEV_5000;257;29;256;22;;;264;15;;;;;260.5;0.0
-1;11100;VEV_5100;172;30;171;26;;;177;26;;;;;174.5;0.0
-1;11100;VEV_5200;;;;;;;104;22;;;;;104.0;0.0
-1;11100;VEV_5300;53;27;;;;;55;20;56;11;;;54.0;0.0
-1;11100;VEV_5400;14;18;;;;;16;29;;;;;15.0;0.0
-1;11100;VEV_5500;7;30;;;;;8;29;;;;;7.5;0.0
-1;11100;VEV_6000;0;27;;;;;1;27;;;;;0.5;0.0
-1;11100;VEV_6500;0;20;;;;;1;20;;;;;0.5;0.0
-1;11200;HYDROGEL_PACK;9941;12;9939;23;;;9957;12;9960;23;;;9949.0;0.0
-1;11200;VELVETFRUIT_EXTRACT;5261;15;5260;47;5260;64;5265;15;5266;49;;;5263.0;0.0
-1;11200;VEV_4000;1267;13;1265;21;;;1289;13;1291;21;;;1278.0;0.0
-1;11200;VEV_4500;759;23;;;;;777;8;778;12;779;23;768.0;0.0
-1;11200;VEV_5000;258;11;257;16;;;264;7;265;22;;;261.0;0.0
-1;11200;VEV_5100;;;;;;;176;10;;;;;176.0;0.0
-1;11200;VEV_5200;101;29;100;23;;;104;12;;;;;102.5;0.0
-1;11200;VEV_5300;54;16;;;;;;;;;;;54.0;0.0
-1;11200;VEV_5400;14;19;14;23;;;15;18;16;27;;;14.5;0.0
-1;11200;VEV_5500;7;20;;;;;8;22;;;;;7.5;0.0
-1;11200;VEV_6000;0;18;;;;;1;18;;;;;0.5;0.0
-1;11200;VEV_6500;0;17;;;;;1;17;;;;;0.5;0.0
-1;11300;HYDROGEL_PACK;9940;15;9938;26;;;9956;15;9958;26;;;9948.0;0.0
-1;11300;VELVETFRUIT_EXTRACT;5258;70;;;;;5263;21;5264;58;;;5260.5;0.0
-1;11300;VEV_4000;1266;11;1264;26;;;1288;11;1290;26;;;1277.0;0.0
-1;11300;VEV_4500;759;9;757;19;;;775;9;777;19;;;767.0;0.0
-1;11300;VEV_5000;256;11;255;14;;;262;8;263;13;;;259.0;0.0
-1;11300;VEV_5100;172;8;;;;;176;27;177;23;;;174.0;0.0
-1;11300;VEV_5200;99;17;;;;;103;30;;;;;101.0;0.0
-1;11300;VEV_5300;54;23;;;;;56;15;;;;;55.0;0.0
-1;11300;VEV_5400;14;29;;;;;15;8;16;25;;;14.5;0.0
-1;11300;VEV_5500;7;20;;;;;8;18;;;;;7.5;0.0
-1;11300;VEV_6000;0;22;;;;;1;22;;;;;0.5;0.0
-1;11300;VEV_6500;0;17;;;;;1;17;;;;;0.5;0.0
-1;11400;HYDROGEL_PACK;9941;15;9939;23;;;9957;15;9960;23;;;9949.0;0.0
-1;11400;VELVETFRUIT_EXTRACT;5258;58;;;;;5264;53;;;;;5261.0;0.0
-1;11400;VEV_4000;1267;8;1264;22;;;1288;8;1291;22;;;1277.5;0.0
-1;11400;VEV_4500;759;9;757;23;;;776;9;777;23;;;767.5;0.0
-1;11400;VEV_5000;256;12;;;;;262;6;;;;;259.0;0.0
-1;11400;VEV_5100;172;31;171;26;;;176;6;177;22;;;174.0;0.0
-1;11400;VEV_5200;99;36;;;;;102;12;;;;;100.5;0.0
-1;11400;VEV_5300;53;22;;;;;;;;;;;53.0;0.0
-1;11400;VEV_5400;;;;;;;;;;;;;0.0;0.0
-1;11400;VEV_5500;7;30;;;;;8;22;;;;;7.5;0.0
-1;11400;VEV_6000;0;29;;;;;1;29;;;;;0.5;0.0
-1;11400;VEV_6500;0;13;;;;;1;13;;;;;0.5;0.0
-1;11500;HYDROGEL_PACK;9941;15;9938;27;;;9957;15;9959;27;;;9949.0;0.0
-1;11500;VELVETFRUIT_EXTRACT;5259;68;;;;;5265;51;;;;;5262.0;0.0
-1;11500;VEV_4000;1266;15;1264;23;;;1288;15;1290;23;;;1277.0;0.0
-1;11500;VEV_4500;759;6;757;22;;;777;22;;;;;768.0;0.0
-1;11500;VEV_5000;256;12;;;;;;;;;;;256.0;0.0
-1;11500;VEV_5100;173;11;;;;;178;22;;;;;175.5;0.0
-1;11500;VEV_5200;100;22;99;24;;;;;;;;;100.0;0.0
-1;11500;VEV_5300;53;19;52;14;;;56;17;;;;;54.5;0.0
-1;11500;VEV_5400;14;26;;;;;16;17;;;;;15.0;0.0
-1;11500;VEV_5500;7;24;;;;;8;20;;;;;7.5;0.0
-1;11500;VEV_6000;0;23;;;;;1;23;;;;;0.5;0.0
-1;11500;VEV_6500;0;11;;;;;1;11;;;;;0.5;0.0
-1;11600;HYDROGEL_PACK;9940;13;9938;27;;;9956;13;9959;27;;;9948.0;0.0
-1;11600;VELVETFRUIT_EXTRACT;5258;47;;;;;5264;53;5265;44;;;5261.0;0.0
-1;11600;VEV_4000;1265;12;1262;23;;;1286;12;1289;23;;;1275.5;0.0
-1;11600;VEV_4500;759;11;757;21;;;775;11;777;21;;;767.0;0.0
-1;11600;VEV_5000;256;9;255;21;;;262;12;;;;;259.0;0.0
-1;11600;VEV_5100;172;34;171;15;;;176;8;;;;;174.0;0.0
-1;11600;VEV_5200;100;29;;;;;102;25;103;12;;;101.0;0.0
-1;11600;VEV_5300;53;22;;;;;55;25;;;;;54.0;0.0
-1;11600;VEV_5400;14;26;;;;;16;25;;;;;15.0;0.0
-1;11600;VEV_5500;7;26;;;;;8;30;;;;;7.5;0.0
-1;11600;VEV_6000;0;24;;;;;1;24;;;;;0.5;0.0
-1;11600;VEV_6500;0;13;;;;;1;13;;;;;0.5;0.0
-1;11700;HYDROGEL_PACK;9938;13;9935;25;;;9954;13;9956;25;;;9946.0;0.0
-1;11700;VELVETFRUIT_EXTRACT;5260;69;;;;;5266;45;;;;;5263.0;0.0
-1;11700;VEV_4000;1265;7;1262;22;;;1286;7;1289;22;;;1275.5;0.0
-1;11700;VEV_4500;759;6;757;18;;;775;6;777;18;;;767.0;0.0
-1;11700;VEV_5000;257;9;;;;;263;10;264;16;;;260.0;0.0
-1;11700;VEV_5100;171;29;;;;;176;21;;;;;173.5;0.0
-1;11700;VEV_5200;99;9;98;32;;;101;10;102;21;;;100.0;0.0
-1;11700;VEV_5300;53;28;;;;;55;9;;;;;54.0;0.0
-1;11700;VEV_5400;14;23;14;29;;;15;20;16;24;;;14.5;0.0
-1;11700;VEV_5500;7;25;;;;;8;16;;;;;7.5;0.0
-1;11700;VEV_6000;0;22;;;;;1;22;;;;;0.5;0.0
-1;11700;VEV_6500;0;17;;;;;1;17;;;;;0.5;0.0
-1;11800;HYDROGEL_PACK;9937;14;9935;20;;;9953;14;9955;20;;;9945.0;0.0
-1;11800;VELVETFRUIT_EXTRACT;5260;34;;;;;5265;22;5266;54;;;5262.5;0.0
-1;11800;VEV_4000;1264;12;1262;27;;;1285;12;1288;27;;;1274.5;0.0
-1;11800;VEV_4500;757;24;;;;;775;10;777;24;;;766.0;0.0
-1;11800;VEV_5000;258;27;257;13;;;265;14;;;;;261.5;0.0
-1;11800;VEV_5100;172;29;171;29;;;;;;;;;172.0;0.0
-1;11800;VEV_5200;100;7;99;27;;;102;7;;;;;101.0;0.0
-1;11800;VEV_5300;52;25;51;26;;;54;7;;;;;53.0;0.0
-1;11800;VEV_5400;14;20;;;;;16;16;;;;;15.0;0.0
-1;11800;VEV_5500;7;19;;;;;8;27;;;;;7.5;0.0
-1;11800;VEV_6000;0;26;;;;;1;26;;;;;0.5;0.0
-1;11800;VEV_6500;0;18;;;;;1;18;;;;;0.5;0.0
-1;11900;HYDROGEL_PACK;9934;10;9932;27;;;9950;10;9953;27;;;9942.0;0.0
-1;11900;VELVETFRUIT_EXTRACT;5259;72;;;;;5265;58;;;;;5262.0;0.0
-1;11900;VEV_4000;1266;9;1263;20;;;1287;9;1290;20;;;1276.5;0.0
-1;11900;VEV_4500;756;11;754;20;;;772;11;774;20;;;764.0;0.0
-1;11900;VEV_5000;257;12;256;27;;;263;12;264;16;;;260.0;0.0
-1;11900;VEV_5100;172;22;171;21;;;176;10;;;;;174.0;0.0
-1;11900;VEV_5200;100;33;99;31;;;102;9;;;;;101.0;0.0
-1;11900;VEV_5300;52;17;;;;;54;27;;;;;53.0;0.0
-1;11900;VEV_5400;14;25;14;19;;;;;;;;;14.0;0.0
-1;11900;VEV_5500;7;24;;;;;8;19;;;;;7.5;0.0
-1;11900;VEV_6000;0;19;;;;;1;19;;;;;0.5;0.0
-1;11900;VEV_6500;0;17;;;;;1;17;;;;;0.5;0.0
-1;12000;HYDROGEL_PACK;9934;14;9931;21;;;9950;14;9952;21;;;9942.0;0.0
-1;12000;VELVETFRUIT_EXTRACT;5259;57;5259;23;;;5265;24;;;;;5262.0;0.0
-1;12000;VEV_4000;1264;7;1262;25;;;1286;7;1288;25;;;1275.0;0.0
-1;12000;VEV_4500;755;13;754;24;;;772;10;773;10;774;24;763.5;0.0
-1;12000;VEV_5000;256;6;255;17;;;262;9;263;20;;;259.0;0.0
-1;12000;VEV_5100;171;30;;;;;;;;;;;171.0;0.0
-1;12000;VEV_5200;99;31;;;;;102;10;103;29;;;100.5;0.0
-1;12000;VEV_5300;53;20;;;;;55;26;55;29;;;54.0;0.0
-1;12000;VEV_5400;14;23;14;24;;;16;21;;;;;15.0;0.0
-1;12000;VEV_5500;7;19;;;;;8;18;;;;;7.5;0.0
-1;12000;VEV_6000;0;23;;;;;1;23;;;;;0.5;0.0
-1;12000;VEV_6500;0;14;;;;;1;14;;;;;0.5;0.0
-1;12100;HYDROGEL_PACK;9934;15;9931;24;;;9950;15;9952;24;;;9942.0;0.0
-1;12100;VELVETFRUIT_EXTRACT;5258;24;5257;37;5257;53;5263;35;;;;;5260.5;0.0
-1;12100;VEV_4000;1264;9;1261;26;;;1285;9;1288;26;;;1274.5;0.0
-1;12100;VEV_4500;755;10;753;19;;;771;10;773;19;;;763.0;0.0
-1;12100;VEV_5000;255;12;254;18;;;;;;;;;255.0;0.0
-1;12100;VEV_5100;171;12;170;14;;;175;10;;;;;173.0;0.0
-1;12100;VEV_5200;;;;;;;102;9;103;21;;;102.0;0.0
-1;12100;VEV_5300;53;17;;;;;55;24;56;25;;;54.0;0.0
-1;12100;VEV_5400;14;20;14;7;;;;;;;;;14.0;0.0
-1;12100;VEV_5500;7;20;;;;;8;20;;;;;7.5;0.0
-1;12100;VEV_6000;0;19;;;;;1;19;;;;;0.5;0.0
-1;12100;VEV_6500;0;15;;;;;1;15;;;;;0.5;0.0
-1;12200;HYDROGEL_PACK;9932;10;9930;27;;;9948;10;9951;27;;;9940.0;0.0
-1;12200;VELVETFRUIT_EXTRACT;5257;19;5257;21;;;5263;63;;;;;5260.0;0.0
-1;12200;VEV_4000;1264;13;1261;20;;;1285;13;1288;20;;;1274.5;0.0
-1;12200;VEV_4500;756;8;754;12;;;774;12;;;;;765.0;0.0
-1;12200;VEV_5000;255;9;254;19;;;261;10;;;;;258.0;0.0
-1;12200;VEV_5100;171;30;;;;;175;11;176;28;;;173.0;0.0
-1;12200;VEV_5200;100;26;;;;;102;8;103;17;;;101.0;0.0
-1;12200;VEV_5300;53;21;;;;;55;24;;;;;54.0;0.0
-1;12200;VEV_5400;15;21;;;;;16;21;;;;;15.5;0.0
-1;12200;VEV_5500;7;19;;;;;8;18;;;;;7.5;0.0
-1;12200;VEV_6000;0;25;;;;;1;25;;;;;0.5;0.0
-1;12200;VEV_6500;0;19;;;;;1;19;;;;;0.5;0.0
-1;12300;HYDROGEL_PACK;9935;10;9933;24;;;9951;10;9954;24;;;9943.0;0.0
-1;12300;VELVETFRUIT_EXTRACT;5258;15;5257;65;;;5262;15;5263;62;5264;47;5260.0;0.0
-1;12300;VEV_4000;1265;7;1262;23;;;1286;7;1289;23;;;1275.5;0.0
-1;12300;VEV_4500;;;;;;;772;8;774;21;;;772.0;0.0
-1;12300;VEV_5000;254;24;;;;;261;21;;;;;257.5;0.0
-1;12300;VEV_5100;170;11;;;;;175;20;;;;;172.5;0.0
-1;12300;VEV_5200;99;10;98;24;;;102;23;;;;;100.5;0.0
-1;12300;VEV_5300;53;6;;;;;55;29;56;14;;;54.0;0.0
-1;12300;VEV_5400;;;;;;;16;21;;;;;16.0;0.0
-1;12300;VEV_5500;7;20;;;;;8;22;;;;;7.5;0.0
-1;12300;VEV_6000;0;22;;;;;1;22;;;;;0.5;0.0
-1;12300;VEV_6500;0;15;;;;;1;15;;;;;0.5;0.0
-1;12400;HYDROGEL_PACK;9936;14;9934;29;;;9952;14;9955;29;;;9944.0;0.0
-1;12400;VELVETFRUIT_EXTRACT;5256;35;;;;;5262;56;;;;;5259.0;0.0
-1;12400;VEV_4000;1264;11;1262;17;;;1286;11;1288;17;;;1275.0;0.0
-1;12400;VEV_4500;756;14;;;;;774;12;777;14;;;765.0;0.0
-1;12400;VEV_5000;256;23;;;;;264;33;;;;;260.0;0.0
-1;12400;VEV_5100;171;7;170;20;;;175;7;;;;;173.0;0.0
-1;12400;VEV_5200;;;;;;;101;17;;;;;101.0;0.0
-1;12400;VEV_5300;53;19;;;;;55;23;;;;;54.0;0.0
-1;12400;VEV_5400;14;23;;;;;16;24;;;;;15.0;0.0
-1;12400;VEV_5500;7;16;;;;;8;24;;;;;7.5;0.0
-1;12400;VEV_6000;0;17;;;;;1;17;;;;;0.5;0.0
-1;12400;VEV_6500;0;15;;;;;1;15;;;;;0.5;0.0
-1;12500;HYDROGEL_PACK;9936;15;9934;25;;;9952;15;9955;25;;;9944.0;0.0
-1;12500;VELVETFRUIT_EXTRACT;5257;24;5256;21;;;5261;24;5262;59;;;5259.0;0.0
-1;12500;VEV_4000;1264;12;1261;20;;;1285;12;1288;20;;;1274.5;0.0
-1;12500;VEV_4500;761;9;759;19;;;777;9;779;19;;;769.0;0.0
-1;12500;VEV_5000;256;12;;;;;262;8;263;21;;;259.0;0.0
-1;12500;VEV_5100;170;21;169;13;;;174;21;;;;;172.0;0.0
-1;12500;VEV_5200;98;12;;;;;100;6;101;30;;;99.0;0.0
-1;12500;VEV_5300;52;18;;;;;54;6;55;25;;;53.0;0.0
-1;12500;VEV_5400;14;13;;;;;16;12;;;;;15.0;0.0
-1;12500;VEV_5500;7;22;;;;;8;23;;;;;7.5;0.0
-1;12500;VEV_6000;0;16;;;;;1;16;;;;;0.5;0.0
-1;12500;VEV_6500;0;14;;;;;1;14;;;;;0.5;0.0
-1;12600;HYDROGEL_PACK;9937;13;9935;30;;;9953;13;9956;30;;;9945.0;0.0
-1;12600;VELVETFRUIT_EXTRACT;5255;48;;;;;5261;15;;;;;5258.0;0.0
-1;12600;VEV_4000;1263;14;1261;26;;;1285;14;1287;26;;;1274.0;0.0
-1;12600;VEV_4500;759;12;757;18;;;775;12;778;18;;;767.0;0.0
-1;12600;VEV_5000;256;7;;;;;262;6;263;14;;;259.0;0.0
-1;12600;VEV_5100;;;;;;;174;26;175;12;;;174.0;0.0
-1;12600;VEV_5200;98;31;97;13;;;100;22;101;17;;;99.0;0.0
-1;12600;VEV_5300;53;25;;;;;55;26;56;10;;;54.0;0.0
-1;12600;VEV_5400;14;27;14;22;;;16;19;;;;;15.0;0.0
-1;12600;VEV_5500;;;;;;;8;12;;;;;8.0;0.0
-1;12600;VEV_6000;0;20;;;;;1;20;;;;;0.5;0.0
-1;12600;VEV_6500;0;16;;;;;1;16;;;;;0.5;0.0
-1;12700;HYDROGEL_PACK;9937;11;9934;20;;;9953;11;9955;20;;;9945.0;0.0
-1;12700;VELVETFRUIT_EXTRACT;5256;16;5255;19;;;5260;16;5261;30;;;5258.0;0.0
-1;12700;VEV_4000;1264;10;1261;26;;;1285;10;1288;26;;;1274.5;0.0
-1;12700;VEV_4500;759;8;;;;;775;8;776;8;777;16;767.0;0.0
-1;12700;VEV_5000;256;11;255;16;;;262;6;263;15;;;259.0;0.0
-1;12700;VEV_5100;170;7;169;32;;;174;25;175;21;;;172.0;0.0
-1;12700;VEV_5200;97;23;;;;;101;23;;;;;99.0;0.0
-1;12700;VEV_5300;53;27;;;;;55;23;56;15;;;54.0;0.0
-1;12700;VEV_5400;14;21;;;;;15;27;;;;;14.5;0.0
-1;12700;VEV_5500;7;20;;;;;8;10;;;;;7.5;0.0
-1;12700;VEV_6000;0;26;;;;;1;26;;;;;0.5;0.0
-1;12700;VEV_6500;0;15;;;;;1;15;;;;;0.5;0.0
-1;12800;HYDROGEL_PACK;9934;11;9931;30;;;9950;11;9952;30;;;9942.0;0.0
-1;12800;VELVETFRUIT_EXTRACT;5255;47;5255;49;;;5261;46;;;;;5258.0;0.0
-1;12800;VEV_4000;1265;15;1263;23;;;1287;15;1289;23;;;1276.0;0.0
-1;12800;VEV_4500;760;9;758;13;;;776;9;778;13;;;768.0;0.0
-1;12800;VEV_5000;255;10;254;12;;;261;7;262;24;;;258.0;0.0
-1;12800;VEV_5100;170;12;169;20;;;174;22;175;17;;;172.0;0.0
-1;12800;VEV_5200;99;32;;;;;102;7;103;16;;;100.5;0.0
-1;12800;VEV_5300;53;27;52;19;;;;;;;;;53.0;0.0
-1;12800;VEV_5400;;;;;;;;;;;;;0.0;0.0
-1;12800;VEV_5500;7;24;;;;;8;16;;;;;7.5;0.0
-1;12800;VEV_6000;0;19;;;;;1;19;;;;;0.5;0.0
-1;12800;VEV_6500;0;18;;;;;1;18;;;;;0.5;0.0
-1;12900;HYDROGEL_PACK;9938;13;9936;23;;;9954;13;9957;23;;;9946.0;0.0
-1;12900;VELVETFRUIT_EXTRACT;5254;56;5254;17;;;5259;17;5260;36;;;5256.5;0.0
-1;12900;VEV_4000;1265;12;1263;28;;;1287;12;1289;28;;;1276.0;0.0
-1;12900;VEV_4500;759;7;757;19;;;775;7;776;8;777;19;767.0;0.0
-1;12900;VEV_5000;255;9;;;;;262;12;;;;;258.5;0.0
-1;12900;VEV_5100;169;9;168;16;;;;;;;;;169.0;0.0
-1;12900;VEV_5200;100;27;;;;;102;10;103;32;;;101.0;0.0
-1;12900;VEV_5300;54;24;;;;;56;5;57;12;;;55.0;0.0
-1;12900;VEV_5400;13;22;;;;;15;27;;;;;14.0;0.0
-1;12900;VEV_5500;7;22;;;;;8;21;;;;;7.5;0.0
-1;12900;VEV_6000;0;25;;;;;1;25;;;;;0.5;0.0
-1;12900;VEV_6500;0;16;;;;;1;16;;;;;0.5;0.0
-1;13000;HYDROGEL_PACK;9939;11;9936;24;;;9955;11;9957;24;;;9947.0;0.0
-1;13000;VELVETFRUIT_EXTRACT;5255;70;;;;;5260;15;5261;56;;;5257.5;0.0
-1;13000;VEV_4000;1265;12;1263;26;;;1287;12;1289;26;;;1276.0;0.0
-1;13000;VEV_4500;757;12;755;15;;;773;12;775;15;;;765.0;0.0
-1;13000;VEV_5000;254;8;;;;;260;6;261;24;;;257.0;0.0
-1;13000;VEV_5100;169;6;168;16;;;173;26;174;22;;;171.0;0.0
-1;13000;VEV_5200;99;24;;;;;102;12;;;;;100.5;0.0
-1;13000;VEV_5300;54;25;;;;;56;24;;;;;55.0;0.0
-1;13000;VEV_5400;;;;;;;;;;;;;0.0;0.0
-1;13000;VEV_5500;7;28;;;;;8;19;;;;;7.5;0.0
-1;13000;VEV_6000;0;25;;;;;1;25;;;;;0.5;0.0
-1;13000;VEV_6500;0;16;;;;;1;16;;;;;0.5;0.0
-1;13100;HYDROGEL_PACK;9935;12;9933;25;;;9951;12;9954;25;;;9943.0;0.0
-1;13100;VELVETFRUIT_EXTRACT;5257;42;;;;;5262;21;5263;56;;;5259.5;0.0
-1;13100;VEV_4000;1265;15;1263;29;;;1287;15;1289;29;;;1276.0;0.0
-1;13100;VEV_4500;758;8;756;20;;;774;8;776;20;;;766.0;0.0
-1;13100;VEV_5000;254;23;253;28;;;261;20;;;;;257.5;0.0
-1;13100;VEV_5100;168;31;167;24;;;172;9;;;;;170.0;0.0
-1;13100;VEV_5200;101;28;100;28;;;103;27;;;;;102.0;0.0
-1;13100;VEV_5300;54;10;53;15;;;56;23;;;;;55.0;0.0
-1;13100;VEV_5400;14;24;13;23;;;15;23;;;;;14.5;0.0
-1;13100;VEV_5500;7;21;;;;;8;16;;;;;7.5;0.0
-1;13100;VEV_6000;0;26;;;;;1;26;;;;;0.5;0.0
-1;13100;VEV_6500;0;13;;;;;1;13;;;;;0.5;0.0
-1;13200;HYDROGEL_PACK;9936;15;9934;28;;;9952;15;9955;28;;;9944.0;0.0
-1;13200;VELVETFRUIT_EXTRACT;5257;24;5256;17;;;5261;24;5262;34;5263;47;5259.0;0.0
-1;13200;VEV_4000;1266;14;1264;26;;;1288;14;1290;26;;;1277.0;0.0
-1;13200;VEV_4500;758;10;756;19;;;776;19;;;;;767.0;0.0
-1;13200;VEV_5000;256;10;255;20;;;262;6;;;;;259.0;0.0
-1;13200;VEV_5100;168;10;167;12;;;173;24;;;;;170.5;0.0
-1;13200;VEV_5200;100;12;;;;;104;15;;;;;102.0;0.0
-1;13200;VEV_5300;54;22;;;;;;;;;;;54.0;0.0
-1;13200;VEV_5400;13;13;;;;;15;21;;;;;14.0;0.0
-1;13200;VEV_5500;7;12;;;;;8;22;;;;;7.5;0.0
-1;13200;VEV_6000;0;28;;;;;1;28;;;;;0.5;0.0
-1;13200;VEV_6500;0;15;;;;;1;15;;;;;0.5;0.0
-1;13300;HYDROGEL_PACK;9938;15;9935;28;;;9954;15;9956;28;;;9946.0;0.0
-1;13300;VELVETFRUIT_EXTRACT;5254;52;;;;;5259;22;5260;72;;;5256.5;0.0
-1;13300;VEV_4000;1266;15;1263;27;;;1287;15;1290;27;;;1276.5;0.0
-1;13300;VEV_4500;757;10;755;20;;;773;10;775;20;;;765.0;0.0
-1;13300;VEV_5000;257;21;256;19;;;263;27;;;;;260.0;0.0
-1;13300;VEV_5100;167;25;;;;;172;23;;;;;169.5;0.0
-1;13300;VEV_5200;;;;;;;103;10;104;32;;;103.0;0.0
-1;13300;VEV_5300;54;26;;;;;56;24;;;;;55.0;0.0
-1;13300;VEV_5400;13;16;;;;;15;21;;;;;14.0;0.0
-1;13300;VEV_5500;7;21;;;;;8;19;;;;;7.5;0.0
-1;13300;VEV_6000;0;22;;;;;1;22;;;;;0.5;0.0
-1;13300;VEV_6500;0;18;;;;;1;18;;;;;0.5;0.0
-1;13400;HYDROGEL_PACK;9935;15;9933;21;;;9954;21;;;;;9944.5;0.0
-1;13400;VELVETFRUIT_EXTRACT;5253;50;;;;;5259;30;;;;;5256.0;0.0
-1;13400;VEV_4000;1266;14;1264;23;;;1288;14;1290;23;;;1277.0;0.0
-1;13400;VEV_4500;757;10;756;10;755;24;773;10;775;24;;;765.0;0.0
-1;13400;VEV_5000;258;24;257;15;;;264;9;265;19;;;261.0;0.0
-1;13400;VEV_5100;168;11;167;29;;;172;8;173;22;;;170.0;0.0
-1;13400;VEV_5200;102;19;101;23;;;104;6;105;31;;;103.0;0.0
-1;13400;VEV_5300;55;19;;;;;;;;;;;55.0;0.0
-1;13400;VEV_5400;14;6;13;26;;;15;18;;;;;14.5;0.0
-1;13400;VEV_5500;7;25;;;;;8;22;;;;;7.5;0.0
-1;13400;VEV_6000;0;27;;;;;1;27;;;;;0.5;0.0
-1;13400;VEV_6500;0;13;;;;;1;13;;;;;0.5;0.0
-1;13500;HYDROGEL_PACK;9935;12;9933;30;;;9951;12;9954;30;;;9943.0;0.0
-1;13500;VELVETFRUIT_EXTRACT;5254;17;5253;35;;;5258;17;5259;33;;;5256.0;0.0
-1;13500;VEV_4000;1267;14;1264;26;;;1288;14;1291;26;;;1277.5;0.0
-1;13500;VEV_4500;758;9;756;23;;;776;23;;;;;767.0;0.0
-1;13500;VEV_5000;258;12;;;;;264;9;265;20;;;261.0;0.0
-1;13500;VEV_5100;167;10;;;;;171;10;;;;;169.0;0.0
-1;13500;VEV_5200;102;6;101;28;;;104;8;105;31;;;103.0;0.0
-1;13500;VEV_5300;55;23;;;;;57;20;;;;;56.0;0.0
-1;13500;VEV_5400;13;20;;;;;14;24;15;23;;;13.5;0.0
-1;13500;VEV_5500;7;22;;;;;8;15;;;;;7.5;0.0
-1;13500;VEV_6000;0;20;;;;;1;20;;;;;0.5;0.0
-1;13500;VEV_6500;0;10;;;;;1;10;;;;;0.5;0.0
-1;13600;HYDROGEL_PACK;9936;13;9933;25;;;9952;13;9954;25;;;9944.0;0.0
-1;13600;VELVETFRUIT_EXTRACT;5252;59;;;;;5258;31;;;;;5255.0;0.0
-1;13600;VEV_4000;1265;11;1263;28;;;1287;11;1289;28;;;1276.0;0.0
-1;13600;VEV_4500;759;6;757;24;;;775;6;777;24;;;767.0;0.0
-1;13600;VEV_5000;259;12;258;12;;;265;29;266;17;;;262.0;0.0
-1;13600;VEV_5100;168;9;167;24;;;173;22;;;;;170.5;0.0
-1;13600;VEV_5200;102;36;;;;;105;31;106;15;;;103.5;0.0
-1;13600;VEV_5300;54;23;;;;;56;22;57;11;;;55.0;0.0
-1;13600;VEV_5400;13;19;;;;;15;27;;;;;14.0;0.0
-1;13600;VEV_5500;7;20;;;;;8;25;;;;;7.5;0.0
-1;13600;VEV_6000;0;28;;;;;1;28;;;;;0.5;0.0
-1;13600;VEV_6500;0;20;;;;;1;20;;;;;0.5;0.0
-1;13700;HYDROGEL_PACK;9933;14;9931;20;;;9949;14;9952;20;;;9941.0;0.0
-1;13700;VELVETFRUIT_EXTRACT;5254;23;5253;49;5253;49;5259;48;;;;;5256.5;0.0
-1;13700;VEV_4000;1265;11;1262;30;;;1286;11;1289;30;;;1275.5;0.0
-1;13700;VEV_4500;758;10;756;15;;;774;10;776;15;;;766.0;0.0
-1;13700;VEV_5000;258;24;257;12;;;264;6;265;13;;;261.0;0.0
-1;13700;VEV_5100;168;21;167;19;;;172;27;173;22;;;170.0;0.0
-1;13700;VEV_5200;103;26;102;23;;;105;12;106;23;;;104.0;0.0
-1;13700;VEV_5300;55;18;54;10;;;57;28;;;;;56.0;0.0
-1;13700;VEV_5400;14;7;13;16;;;15;24;;;;;14.5;0.0
-1;13700;VEV_5500;7;21;;;;;8;22;;;;;7.5;0.0
-1;13700;VEV_6000;0;23;;;;;1;23;;;;;0.5;0.0
-1;13700;VEV_6500;0;15;;;;;1;15;;;;;0.5;0.0
-1;13800;HYDROGEL_PACK;9933;13;9931;24;;;9949;13;9952;24;;;9941.0;0.0
-1;13800;VELVETFRUIT_EXTRACT;5255;35;5254;41;;;5260;19;5261;60;;;5257.5;0.0
-1;13800;VEV_4000;1265;14;1262;25;;;1286;14;1288;25;;;1275.5;0.0
-1;13800;VEV_4500;757;8;755;12;;;773;8;775;12;;;765.0;0.0
-1;13800;VEV_5000;257;9;256;24;;;263;28;264;21;;;260.0;0.0
-1;13800;VEV_5100;167;26;166;14;;;171;10;172;21;;;169.0;0.0
-1;13800;VEV_5200;104;33;103;15;;;107;26;;;;;105.5;0.0
-1;13800;VEV_5300;56;16;;;;;58;23;;;;;57.0;0.0
-1;13800;VEV_5400;14;29;;;;;15;24;16;12;;;14.5;0.0
-1;13800;VEV_5500;7;23;;;;;8;21;;;;;7.5;0.0
-1;13800;VEV_6000;0;20;;;;;1;20;;;;;0.5;0.0
-1;13800;VEV_6500;0;18;;;;;1;18;;;;;0.5;0.0
-1;13900;HYDROGEL_PACK;9933;10;9931;30;;;9949;10;9951;30;;;9941.0;0.0
-1;13900;VELVETFRUIT_EXTRACT;5255;33;;;;;5260;20;5261;65;;;5257.5;0.0
-1;13900;VEV_4000;1265;15;1263;17;;;1287;15;1289;17;;;1276.0;0.0
-1;13900;VEV_4500;758;12;756;15;;;774;12;775;8;776;15;766.0;0.0
-1;13900;VEV_5000;258;7;;;;;264;6;265;15;;;261.0;0.0
-1;13900;VEV_5100;167;12;166;12;;;171;6;172;19;;;169.0;0.0
-1;13900;VEV_5200;;;;;;;106;15;;;;;106.0;0.0
-1;13900;VEV_5300;56;28;55;25;;;58;28;59;18;;;57.0;0.0
-1;13900;VEV_5400;14;21;;;;;;;;;;;14.0;0.0
-1;13900;VEV_5500;7;21;;;;;8;25;;;;;7.5;0.0
-1;13900;VEV_6000;0;20;;;;;1;20;;;;;0.5;0.0
-1;13900;VEV_6500;0;12;;;;;1;12;;;;;0.5;0.0
-1;14000;HYDROGEL_PACK;9936;13;9934;20;;;9952;13;9954;20;;;9944.0;0.0
-1;14000;VELVETFRUIT_EXTRACT;5256;57;;;;;5261;18;5262;58;5263;30;5258.5;0.0
-1;14000;VEV_4000;1265;11;1263;25;;;1287;11;1289;25;;;1276.0;0.0
-1;14000;VEV_4500;757;10;756;12;755;16;773;10;775;16;;;765.0;0.0
-1;14000;VEV_5000;257;7;256;24;;;263;9;;;;;260.0;0.0
-1;14000;VEV_5100;166;25;;;;;171;8;172;12;;;168.5;0.0
-1;14000;VEV_5200;103;28;102;19;;;105;23;106;33;;;104.0;0.0
-1;14000;VEV_5300;55;22;;;;;57;18;;;;;56.0;0.0
-1;14000;VEV_5400;14;24;;;;;15;20;16;23;;;14.5;0.0
-1;14000;VEV_5500;7;16;;;;;8;28;;;;;7.5;0.0
-1;14000;VEV_6000;0;24;;;;;1;24;;;;;0.5;0.0
-1;14000;VEV_6500;0;15;;;;;1;15;;;;;0.5;0.0
-1;14100;HYDROGEL_PACK;9934;10;9932;25;;;9950;10;9953;25;;;9942.0;0.0
-1;14100;VELVETFRUIT_EXTRACT;5256;60;;;;;5262;49;;;;;5259.0;0.0
-1;14100;VEV_4000;1266;8;1263;15;;;1287;8;1290;15;;;1276.5;0.0
-1;14100;VEV_4500;755;10;753;12;;;771;10;773;12;;;763.0;0.0
-1;14100;VEV_5000;256;33;255;13;;;262;11;263;13;;;259.0;0.0
-1;14100;VEV_5100;;;;;;;171;24;;;;;171.0;0.0
-1;14100;VEV_5200;103;26;;;;;106;11;107;32;;;104.5;0.0
-1;14100;VEV_5300;55;22;;;;;57;20;57;6;;;56.0;0.0
-1;14100;VEV_5400;14;16;;;;;15;24;16;25;;;14.5;0.0
-1;14100;VEV_5500;7;17;;;;;8;26;;;;;7.5;0.0
-1;14100;VEV_6000;0;21;;;;;1;21;;;;;0.5;0.0
-1;14100;VEV_6500;0;17;;;;;1;17;;;;;0.5;0.0
-1;14200;HYDROGEL_PACK;9933;15;9931;27;;;9949;15;9951;27;;;9941.0;0.0
-1;14200;VELVETFRUIT_EXTRACT;5256;56;;;;;5261;22;5262;71;;;5258.5;0.0
-1;14200;VEV_4000;1265;12;1263;18;;;1287;12;1289;18;;;1276.0;0.0
-1;14200;VEV_4500;756;6;754;14;;;774;14;;;;;765.0;0.0
-1;14200;VEV_5000;257;12;256;19;;;263;8;264;21;;;260.0;0.0
-1;14200;VEV_5100;166;14;;;;;171;26;172;14;;;168.5;0.0
-1;14200;VEV_5200;104;21;103;30;;;106;7;107;24;;;105.0;0.0
-1;14200;VEV_5300;55;21;;;;;57;24;;;;;56.0;0.0
-1;14200;VEV_5400;14;27;;;;;15;9;16;27;;;14.5;0.0
-1;14200;VEV_5500;7;26;;;;;8;21;;;;;7.5;0.0
-1;14200;VEV_6000;0;18;;;;;;;;;;;0.0;0.0
-1;14200;VEV_6500;0;18;;;;;1;18;;;;;0.5;0.0
-1;14300;HYDROGEL_PACK;9934;13;9932;26;;;9950;13;9953;26;;;9942.0;0.0
-1;14300;VELVETFRUIT_EXTRACT;5257;60;;;;;5263;52;;;;;5260.0;0.0
-1;14300;VEV_4000;1267;7;1265;25;;;1289;7;1291;25;;;1278.0;0.0
-1;14300;VEV_4500;757;8;;;;;773;8;775;19;;;765.0;0.0
-1;14300;VEV_5000;259;10;258;23;;;266;22;;;;;262.5;0.0
-1;14300;VEV_5100;166;28;165;31;;;170;12;;;;;168.0;0.0
-1;14300;VEV_5200;103;7;102;20;;;;;;;;;103.0;0.0
-1;14300;VEV_5300;55;24;;;;;;;;;;;55.0;0.0
-1;14300;VEV_5400;14;28;14;18;;;16;24;;;;;15.0;0.0
-1;14300;VEV_5500;7;26;;;;;8;20;;;;;7.5;0.0
-1;14300;VEV_6000;0;26;;;;;1;26;;;;;0.5;0.0
-1;14300;VEV_6500;0;21;;;;;1;21;;;;;0.5;0.0
-1;14400;HYDROGEL_PACK;9935;10;9933;30;;;9951;10;9954;30;;;9943.0;0.0
-1;14400;VELVETFRUIT_EXTRACT;5257;63;;;;;5262;15;5263;67;;;5259.5;0.0
-1;14400;VEV_4000;1269;15;1267;30;;;1291;15;1293;30;;;1280.0;0.0
-1;14400;VEV_4500;756;9;754;12;;;772;9;774;12;;;764.0;0.0
-1;14400;VEV_5000;257;24;;;;;264;8;;;;;260.5;0.0
-1;14400;VEV_5100;166;24;;;;;171;6;172;18;;;168.5;0.0
-1;14400;VEV_5200;104;7;103;25;;;107;34;;;;;105.5;0.0
-1;14400;VEV_5300;55;20;54;15;;;57;21;;;;;56.0;0.0
-1;14400;VEV_5400;;;;;;;16;23;;;;;16.0;0.0
-1;14400;VEV_5500;7;25;;;;;8;25;;;;;7.5;0.0
-1;14400;VEV_6000;0;19;;;;;1;19;;;;;0.5;0.0
-1;14400;VEV_6500;0;13;;;;;1;13;;;;;0.5;0.0
-1;14500;HYDROGEL_PACK;9933;11;9930;29;;;9949;11;9951;29;;;9941.0;0.0
-1;14500;VELVETFRUIT_EXTRACT;5259;25;5258;67;;;5264;58;;;;;5261.5;0.0
-1;14500;VEV_4000;1272;14;1269;30;;;1293;14;1296;30;;;1282.5;0.0
-1;14500;VEV_4500;757;11;755;16;;;773;11;775;16;;;765.0;0.0
-1;14500;VEV_5000;260;11;259;23;;;267;21;;;;;263.5;0.0
-1;14500;VEV_5100;167;19;166;12;;;172;23;;;;;169.5;0.0
-1;14500;VEV_5200;104;9;103;12;;;107;13;;;;;105.5;0.0
-1;14500;VEV_5300;55;25;;;;;57;21;;;;;56.0;0.0
-1;14500;VEV_5400;14;14;;;;;;;;;;;14.0;0.0
-1;14500;VEV_5500;7;21;;;;;8;22;;;;;7.5;0.0
-1;14500;VEV_6000;0;18;;;;;1;18;;;;;0.5;0.0
-1;14500;VEV_6500;0;14;;;;;1;14;;;;;0.5;0.0
-1;14600;HYDROGEL_PACK;9933;10;9931;25;;;9949;10;9952;25;;;9941.0;0.0
-1;14600;VELVETFRUIT_EXTRACT;5260;60;;;;;5266;63;;;;;5263.0;0.0
-1;14600;VEV_4000;1274;14;1272;24;;;1296;14;1298;24;;;1285.0;0.0
-1;14600;VEV_4500;758;10;757;9;756;23;774;10;776;23;;;766.0;0.0
-1;14600;VEV_5000;259;10;258;31;;;265;10;266;16;;;262.0;0.0
-1;14600;VEV_5100;166;30;;;;;171;26;172;30;;;168.5;0.0
-1;14600;VEV_5200;103;29;;;;;106;22;;;;;104.5;0.0
-1;14600;VEV_5300;56;29;;;;;58;18;;;;;57.0;0.0
-1;14600;VEV_5400;14;7;13;18;;;15;17;;;;;14.5;0.0
-1;14600;VEV_5500;7;19;;;;;8;26;;;;;7.5;0.0
-1;14600;VEV_6000;0;23;;;;;1;23;;;;;0.5;0.0
-1;14600;VEV_6500;0;18;;;;;1;18;;;;;0.5;0.0
-1;14700;HYDROGEL_PACK;9932;14;9930;29;;;9948;14;9951;29;;;9940.0;0.0
-1;14700;VELVETFRUIT_EXTRACT;5260;33;;;;;5265;21;5266;66;;;5262.5;0.0
-1;14700;VEV_4000;1275;15;1272;28;;;1296;15;1299;28;;;1285.5;0.0
-1;14700;VEV_4500;758;11;756;17;;;774;11;776;17;;;766.0;0.0
-1;14700;VEV_5000;259;9;258;15;;;265;7;266;13;;;262.0;0.0
-1;14700;VEV_5100;166;31;165;21;;;170;9;;;;;168.0;0.0
-1;14700;VEV_5200;102;30;;;;;105;2;106;13;;;103.5;0.0
-1;14700;VEV_5300;;;;;;;58;15;;;;;58.0;0.0
-1;14700;VEV_5400;14;24;;;;;16;21;;;;;15.0;0.0
-1;14700;VEV_5500;7;28;;;;;8;21;;;;;7.5;0.0
-1;14700;VEV_6000;0;20;;;;;1;20;;;;;0.5;0.0
-1;14700;VEV_6500;0;17;;;;;1;17;;;;;0.5;0.0
-1;14800;HYDROGEL_PACK;9932;12;9929;20;;;9948;12;9950;20;;;9940.0;0.0
-1;14800;VELVETFRUIT_EXTRACT;5260;45;5260;53;;;5266;17;5267;45;;;5263.0;0.0
-1;14800;VEV_4000;1275;13;1272;24;;;1296;13;1299;24;;;1285.5;0.0
-1;14800;VEV_4500;756;11;754;17;;;772;11;774;17;;;764.0;0.0
-1;14800;VEV_5000;258;6;257;18;;;265;23;;;;;261.5;0.0
-1;14800;VEV_5100;167;7;166;23;;;171;6;172;19;;;169.0;0.0
-1;14800;VEV_5200;;;;;;;104;26;;;;;104.0;0.0
-1;14800;VEV_5300;57;26;;;;;59;7;;;;;58.0;0.0
-1;14800;VEV_5400;14;20;;;;;15;24;16;21;;;14.5;0.0
-1;14800;VEV_5500;7;24;;;;;8;22;;;;;7.5;0.0
-1;14800;VEV_6000;0;21;;;;;1;21;;;;;0.5;0.0
-1;14800;VEV_6500;0;17;;;;;1;17;;;;;0.5;0.0
-1;14900;HYDROGEL_PACK;9932;11;9929;26;;;9948;11;9950;26;;;9940.0;0.0
-1;14900;VELVETFRUIT_EXTRACT;5259;49;;;;;5265;37;;;;;5262.0;0.0
-1;14900;VEV_4000;1275;14;1273;19;;;1297;14;1299;19;;;1286.0;0.0
-1;14900;VEV_4500;757;12;755;21;;;773;12;775;21;;;765.0;0.0
-1;14900;VEV_5000;260;8;;;;;267;13;;;;;263.5;0.0
-1;14900;VEV_5100;168;12;167;26;;;172;30;;;;;170.0;0.0
-1;14900;VEV_5200;101;29;;;;;105;17;;;;;103.0;0.0
-1;14900;VEV_5300;56;28;;;;;58;18;;;;;57.0;0.0
-1;14900;VEV_5400;;;;;;;16;19;;;;;16.0;0.0
-1;14900;VEV_5500;7;26;;;;;8;19;;;;;7.5;0.0
-1;14900;VEV_6000;0;21;;;;;1;21;;;;;0.5;0.0
-1;14900;VEV_6500;0;17;;;;;1;17;;;;;0.5;0.0
-1;15000;HYDROGEL_PACK;9930;14;9927;29;;;9946;14;9948;29;;;9938.0;0.0
-1;15000;VELVETFRUIT_EXTRACT;5259;23;;;;;5265;64;;;;;5262.0;0.0
-1;15000;VEV_4000;1275;13;1272;23;;;1297;13;1299;23;;;1286.0;0.0
-1;15000;VEV_4500;758;8;756;20;;;774;8;776;20;;;766.0;0.0
-1;15000;VEV_5000;261;8;260;18;;;268;24;;;;;264.5;0.0
-1;15000;VEV_5100;166;26;;;;;171;7;172;23;;;168.5;0.0
-1;15000;VEV_5200;102;6;101;23;;;105;24;;;;;103.5;0.0
-1;15000;VEV_5300;57;4;;;;;59;10;;;;;58.0;0.0
-1;15000;VEV_5400;14;29;13;19;;;;;;;;;14.0;0.0
-1;15000;VEV_5500;7;18;;;;;8;29;;;;;7.5;0.0
-1;15000;VEV_6000;0;24;;;;;1;24;;;;;0.5;0.0
-1;15000;VEV_6500;0;12;;;;;1;12;;;;;0.5;0.0
-1;15100;HYDROGEL_PACK;9927;12;9925;22;;;9943;12;9946;22;;;9935.0;0.0
-1;15100;VELVETFRUIT_EXTRACT;5258;37;;;;;5264;37;;;;;5261.0;0.0
-1;15100;VEV_4000;1275;14;1273;25;;;1297;14;1300;25;;;1286.0;0.0
-1;15100;VEV_4500;758;11;756;19;;;774;11;776;19;;;766.0;0.0
-1;15100;VEV_5000;261;10;260;26;;;267;9;268;24;;;264.0;0.0
-1;15100;VEV_5100;168;11;;;;;172;28;;;;;170.0;0.0
-1;15100;VEV_5200;;;;;;;105;27;;;;;105.0;0.0
-1;15100;VEV_5300;56;18;;;;;58;18;;;;;57.0;0.0
-1;15100;VEV_5400;14;21;13;23;;;14;22;15;28;;;14.0;0.0
-1;15100;VEV_5500;7;23;;;;;8;19;;;;;7.5;0.0
-1;15100;VEV_6000;0;22;;;;;1;22;;;;;0.5;0.0
-1;15100;VEV_6500;0;16;;;;;1;16;;;;;0.5;0.0
-1;15200;HYDROGEL_PACK;9929;10;9926;23;;;9945;10;9947;23;;;9937.0;0.0
-1;15200;VELVETFRUIT_EXTRACT;5259;50;;;;;5265;42;;;;;5262.0;0.0
-1;15200;VEV_4000;1276;8;1274;28;;;1298;8;1301;28;;;1287.0;0.0
-1;15200;VEV_4500;758;8;756;18;;;774;8;776;18;;;766.0;0.0
-1;15200;VEV_5000;;;;;;;267;9;268;23;;;267.0;0.0
-1;15200;VEV_5100;168;21;167;23;;;173;21;;;;;170.5;0.0
-1;15200;VEV_5200;102;9;101;22;;;105;27;;;;;103.5;0.0
-1;15200;VEV_5300;57;19;;;;;;;;;;;57.0;0.0
-1;15200;VEV_5400;13;19;;;;;15;27;;;;;14.0;0.0
-1;15200;VEV_5500;7;27;;;;;8;18;;;;;7.5;0.0
-1;15200;VEV_6000;0;22;;;;;1;22;;;;;0.5;0.0
-1;15200;VEV_6500;0;16;;;;;1;16;;;;;0.5;0.0
-1;15300;HYDROGEL_PACK;9924;15;9922;24;;;9940;15;9943;24;;;9932.0;0.0
-1;15300;VELVETFRUIT_EXTRACT;5257;49;;;;;5263;36;;;;;5260.0;0.0
-1;15300;VEV_4000;1278;10;1275;27;;;1300;10;1302;27;;;1289.0;0.0
-1;15300;VEV_4500;758;12;756;12;;;774;12;776;12;;;766.0;0.0
-1;15300;VEV_5000;260;7;259;23;;;266;7;267;12;;;263.0;0.0
-1;15300;VEV_5100;168;29;167;14;;;172;9;173;30;;;170.0;0.0
-1;15300;VEV_5200;102;10;101;28;;;105;25;;;;;103.5;0.0
-1;15300;VEV_5300;57;5;;;;;59;10;59;25;;;58.0;0.0
-1;15300;VEV_5400;14;27;14;25;;;16;27;;;;;15.0;0.0
-1;15300;VEV_5500;7;25;;;;;8;26;;;;;7.5;0.0
-1;15300;VEV_6000;0;19;;;;;1;19;;;;;0.5;0.0
-1;15300;VEV_6500;0;14;;;;;1;14;;;;;0.5;0.0
-1;15400;HYDROGEL_PACK;9923;11;9920;28;;;9939;11;9941;28;;;9931.0;0.0
-1;15400;VELVETFRUIT_EXTRACT;5258;30;5258;16;5257;36;5264;58;;;;;5261.0;0.0
-1;15400;VEV_4000;1278;13;1276;26;;;1300;13;1303;26;;;1289.0;0.0
-1;15400;VEV_4500;758;12;756;21;;;774;12;776;21;;;766.0;0.0
-1;15400;VEV_5000;259;6;;;;;265;6;266;21;;;262.0;0.0
-1;15400;VEV_5100;168;11;167;33;;;172;34;173;20;;;170.0;0.0
-1;15400;VEV_5200;102;26;101;17;;;104;26;105;35;;;103.0;0.0
-1;15400;VEV_5300;56;7;55;18;;;58;9;;;;;57.0;0.0
-1;15400;VEV_5400;13;15;;;;;15;24;;;;;14.0;0.0
-1;15400;VEV_5500;7;22;;;;;8;25;;;;;7.5;0.0
-1;15400;VEV_6000;0;22;;;;;1;22;;;;;0.5;0.0
-1;15400;VEV_6500;0;21;;;;;1;21;;;;;0.5;0.0
-1;15500;HYDROGEL_PACK;9919;15;9917;23;;;9935;15;9937;23;;;9927.0;0.0
-1;15500;VELVETFRUIT_EXTRACT;5257;55;;;;;5262;18;5263;39;;;5259.5;0.0
