timestamp;buyer;seller;symbol;currency;price;quantity
0;BOT_MAKER;BOT_TAKER;HYDROGEL_PACK;XIRECS;9969.0;5
0;BOT_TAKER;BOT_MAKER;VELVETFRUIT_EXTRACT;XIRECS;5264.0;7
100;BOT_TAKER;BOT_MAKER;VELVETFRUIT_EXTRACT;XIRECS;5262.0;8
100;BOT_MAKER;BOT_TAKER;VELVETFRUIT_EXTRACT;XIRECS;5258.0;7
100;SUBMISSION;BOT_TAKER;HYDROGEL_PACK;XIRECS;9971.0;3
200;SUBMISSION;BOT_TAKER;VEV_4000;XIRECS;1252.0;2
300;BOT_MAKER;BOT_TAKER;VEV_4000;XIRECS;1250.0;1
300;BOT_MAKER;BOT_TAKER;VEV_5400;XIRECS;15.0;4
400;BOT_TAKER;BOT_MAKER;HYDROGEL_PACK;XIRECS;9980.0;5
400;BOT_TAKER;BOT_MAKER;VELVETFRUIT_EXTRACT;XIRECS;5265.0;8
400;SUBMISSION;BOT_TAKER;HYDROGEL_PACK;XIRECS;9965.0;5
400;BOT_TAKER;SUBMISSION;VELVETFRUIT_EXTRACT;XIRECS;5264.0;5
400;BOT_TAKER;BOT_MAKER;VELVETFRUIT_EXTRACT;XIRECS;5265.0;1
600;BOT_TAKER;BOT_MAKER;HYDROGEL_PACK;XIRECS;9977.0;5
600;BOT_TAKER;BOT_MAKER;VEV_4000;XIRECS;1271.0;1
800;BOT_TAKER;BOT_MAKER;VELVETFRUIT_EXTRACT;XIRECS;5266.0;8
800;BOT_TAKER;BOT_MAKER;VEV_4000;XIRECS;1271.0;2
900;BOT_TAKER;BOT_MAKER;VEV_4000;XIRECS;1271.0;1
900;BOT_TAKER;BOT_MAKER;VEV_5400;XIRECS;17.0;5
1000;BOT_TAKER;BOT_MAKER;HYDROGEL_PACK;XIRECS;9978.0;5
1100;BOT_TAKER;BOT_MAKER;VELVETFRUIT_EXTRACT;XIRECS;5266.0;5
1200;BOT_TAKER;BOT_MAKER;VELVETFRUIT_EXTRACT;XIRECS;5267.0;8
1200;BOT_MAKER;BOT_TAKER;VEV_5400;XIRECS;16.0;5
1300;BOT_MAKER;BOT_TAKER;VELVETFRUIT_EXTRACT;XIRECS;5260.0;7
1400;BOT_TAKER;BOT_MAKER;VEV_6000;XIRECS;1.0;2
1500;BOT_MAKER;BOT_TAKER;HYDROGEL_PACK;XIRECS;9966.0;5
1500;BOT_TAKER;SUBMISSION;VEV_4000;XIRECS;1270.0;2
1600;BOT_MAKER;BOT_TAKER;VELVETFRUIT_EXTRACT;XIRECS;5261.0;4
1600;BOT_TAKER;BOT_MAKER;VELVETFRUIT_EXTRACT;XIRECS;5266.0;7
1700;BOT_MAKER;BOT_TAKER;VELVETFRUIT_EXTRACT;XIRECS;5261.0;14
1700;BOT_MAKER;BOT_TAKER;VEV_6000;XIRECS;0.0;5
1800;BOT_MAKER;BOT_TAKER;VELVETFRUIT_EXTRACT;XIRECS;5261.0;4
1800;BOT_MAKER;BOT_TAKER;VEV_4000;XIRECS;1253.0;1
1800;BOT_TAKER;BOT_MAKER;VEV_5300;XIRECS;51.0;5
1900;BOT_TAKER;BOT_MAKER;VEV_5400;XIRECS;17.0;2
1900;BOT_TAKER;SUBMISSION;HYDROGEL_PACK;XIRECS;9982.0;2
2000;BOT_TAKER;BOT_MAKER;VEV_6500;XIRECS;1.0;2
2100;BOT_TAKER;BOT_MAKER;HYDROGEL_PACK;XIRECS;9984.0;5
2100;BOT_TAKER;BOT_MAKER;VEV_5400;XIRECS;18.0;4
2100;BOT_TAKER;SUBMISSION;HYDROGEL_PACK;XIRECS;9983.0;2
2200;BOT_TAKER;BOT_MAKER;VELVETFRUIT_EXTRACT;XIRECS;5264.0;12
2300;BOT_MAKER;BOT_TAKER;VELVETFRUIT_EXTRACT;XIRECS;5258.0;5
2300;SUBMISSION;BOT_TAKER;HYDROGEL_PACK;XIRECS;9970.0;5
2300;BOT_MAKER;BOT_TAKER;HYDROGEL_PACK;XIRECS;9969.0;1
2300;SUBMISSION;BOT_TAKER;VELVETFRUIT_EXTRACT;XIRECS;5259.0;5
2400;BOT_TAKER;BOT_MAKER;VEV_6000;XIRECS;1.0;2
2500;BOT_MAKER;BOT_TAKER;VELVETFRUIT_EXTRACT;XIRECS;5256.0;10
2500;BOT_MAKER;BOT_TAKER;VEV_4000;XIRECS;1257.0;3
2600;BOT_MAKER;BOT_TAKER;VELVETFRUIT_EXTRACT;XIRECS;5258.0;5
2700;BOT_MAKER;BOT_TAKER;HYDROGEL_PACK;XIRECS;9970.0;6
2700;BOT_TAKER;BOT_MAKER;VEV_4000;XIRECS;1277.0;2
2800;BOT_TAKER;BOT_MAKER;HYDROGEL_PACK;XIRECS;9986.0;6
2800;BOT_TAKER;BOT_MAKER;VELVETFRUIT_EXTRACT;XIRECS;5263.0;4
2900;BOT_TAKER;BOT_MAKER;VELVETFRUIT_EXTRACT;XIRECS;5264.0;8
3000;BOT_TAKER;BOT_MAKER;VELVETFRUIT_EXTRACT;XIRECS;5264.0;6
3000;BOT_MAKER;BOT_TAKER;VEV_4000;XIRECS;1256.0;2
3000;SUBMISSION;BOT_TAKER;VEV_4000;XIRECS;1257.0;1
3100;BOT_TAKER;BOT_MAKER;VELVETFRUIT_EXTRACT;XIRECS;5266.0;4
3100;BOT_MAKER;BOT_TAKER;VEV_6500;XIRECS;0.0;3
3200;BOT_TAKER;BOT_MAKER;VELVETFRUIT_EXTRACT;XIRECS;5266.0;10
3300;BOT_TAKER;BOT_MAKER;VEV_4000;XIRECS;1277.0;1
3300;BOT_TAKER;BOT_MAKER;VEV_5400;XIRECS;17.0;2
3500;BOT_MAKER;BOT_TAKER;HYDROGEL_PACK;XIRECS;9971.0;2
3500;BOT_TAKER;BOT_MAKER;VELVETFRUIT_EXTRACT;XIRECS;5270.0;3
3600;BOT_MAKER;BOT_TAKER;VELVETFRUIT_EXTRACT;XIRECS;5265.0;4
3600;BOT_TAKER;BOT_MAKER;VEV_4000;XIRECS;1278.0;2
3700;BOT_MAKER;BOT_TAKER;VELVETFRUIT_EXTRACT;XIRECS;5265.0;5
3700;BOT_TAKER;SUBMISSION;VELVETFRUIT_EXTRACT;XIRECS;5270.0;5
3800;BOT_MAKER;BOT_TAKER;HYDROGEL_PACK;XIRECS;9972.0;2
3800;BOT_TAKER;BOT_MAKER;VELVETFRUIT_EXTRACT;XIRECS;5270.0;4
4000;BOT_TAKER;BOT_MAKER;VELVETFRUIT_EXTRACT;XIRECS;5268.0;9
4100;BOT_MAKER;BOT_TAKER;VELVETFRUIT_EXTRACT;XIRECS;5262.0;8
4200;BOT_TAKER;SUBMISSION;HYDROGEL_PACK;XIRECS;9988.0;4
4300;BOT_MAKER;BOT_TAKER;VELVETFRUIT_EXTRACT;XIRECS;5264.0;7
4300;BOT_MAKER;BOT_TAKER;VEV_5300;XIRECS;50.0;4
4300;BOT_MAKER;BOT_TAKER;VEV_6000;XIRECS;0.0;4
4400;BOT_MAKER;BOT_TAKER;HYDROGEL_PACK;XIRECS;9969.0;3
4400;BOT_TAKER;BOT_MAKER;VELVETFRUIT_EXTRACT;XIRECS;5270.0;5
4400;BOT_TAKER;BOT_MAKER;VEV_5400;XIRECS;16.0;5
4500;BOT_TAKER;BOT_MAKER;HYDROGEL_PACK;XIRECS;9986.0;2
4700;BOT_MAKER;BOT_TAKER;VELVETFRUIT_EXTRACT;XIRECS;5267.0;3
4800;BOT_TAKER;BOT_MAKER;VEV_4000;XIRECS;1277.0;1
4900;BOT_MAKER;BOT_TAKER;HYDROGEL_PACK;XIRECS;9964.0;2
5000;BOT_TAKER;BOT_MAKER;VELVETFRUIT_EXTRACT;XIRECS;5274.0;3
5100;BOT_MAKER;BOT_TAKER;HYDROGEL_PACK;XIRECS;9965.0;5
5200;BOT_MAKER;BOT_TAKER;HYDROGEL_PACK;XIRECS;9965.0;6
5200;BOT_MAKER;BOT_TAKER;VEV_6500;XIRECS;0.0;3
5300;BOT_TAKER;BOT_MAKER;VELVETFRUIT_EXTRACT;XIRECS;5272.0;8
5400;BOT_TAKER;BOT_MAKER;HYDROGEL_PACK;XIRECS;9982.0;4
5400;BOT_TAKER;BOT_MAKER;VELVETFRUIT_EXTRACT;XIRECS;5274.0;8
5500;SUBMISSION;BOT_TAKER;VELVETFRUIT_EXTRACT;XIRECS;5269.0;3
5600;BOT_MAKER;BOT_TAKER;VELVETFRUIT_EXTRACT;XIRECS;5267.0;8
5700;BOT_MAKER;BOT_TAKER;HYDROGEL_PACK;XIRECS;9961.0;5
5700;SUBMISSION;BOT_TAKER;VELVETFRUIT_EXTRACT;XIRECS;5268.0;4
5800;BOT_MAKER;BOT_TAKER;HYDROGEL_PACK;XIRECS;9961.0;5
5800;BOT_TAKER;BOT_MAKER;VELVETFRUIT_EXTRACT;XIRECS;5272.0;7
5900;BOT_MAKER;BOT_TAKER;VEV_4000;XIRECS;1262.0;2
6000;BOT_MAKER;BOT_TAKER;VELVETFRUIT_EXTRACT;XIRECS;5267.0;7
6100;BOT_MAKER;BOT_TAKER;VELVETFRUIT_EXTRACT;XIRECS;5268.0;4
6200;BOT_MAKER;BOT_TAKER;HYDROGEL_PACK;XIRECS;9962.0;2
6200;BOT_MAKER;BOT_TAKER;VELVETFRUIT_EXTRACT;XIRECS;5267.0;8
6200;BOT_MAKER;BOT_TAKER;VEV_5500;XIRECS;7.0;3
6500;BOT_MAKER;BOT_TAKER;VELVETFRUIT_EXTRACT;XIRECS;5265.0;4
6500;BOT_TAKER;BOT_MAKER;VEV_5400;XIRECS;17.0;3
6600;BOT_MAKER;BOT_TAKER;VEV_5300;XIRECS;52.0;4
6900;BOT_MAKER;BOT_TAKER;HYDROGEL_PACK;XIRECS;9963.0;5
6900;BOT_TAKER;BOT_MAKER;VEV_5300;XIRECS;55.0;5
6900;BOT_MAKER;BOT_TAKER;VEV_5500;XIRECS;7.0;3
7100;BOT_TAKER;BOT_MAKER;VELVETFRUIT_EXTRACT;XIRECS;5268.0;5
7100;BOT_MAKER;BOT_TAKER;VEV_4000;XIRECS;1264.0;2
7100;BOT_TAKER;BOT_MAKER;VEV_5500;XIRECS;8.0;5
7200;BOT_TAKER;BOT_MAKER;HYDROGEL_PACK;XIRECS;9978.0;5
7200;BOT_MAKER;BOT_TAKER;VELVETFRUIT_EXTRACT;XIRECS;5261.0;5
7500;BOT_MAKER;BOT_TAKER;VELVETFRUIT_EXTRACT;XIRECS;5258.0;3
7700;BOT_TAKER;BOT_MAKER;VEV_5400;XIRECS;17.0;3
7700;SUBMISSION;BOT_TAKER;VELVETFRUIT_EXTRACT;XIRECS;5259.0;5
7700;BOT_MAKER;BOT_TAKER;VELVETFRUIT_EXTRACT;XIRECS;5258.0;1
7800;BOT_TAKER;BOT_MAKER;HYDROGEL_PACK;XIRECS;9975.0;5
7800;BOT_TAKER;BOT_MAKER;VELVETFRUIT_EXTRACT;XIRECS;5264.0;5
7900;BOT_TAKER;BOT_MAKER;VELVETFRUIT_EXTRACT;XIRECS;5261.0;8
8000;BOT_TAKER;BOT_MAKER;HYDROGEL_PACK;XIRECS;9975.0;3
8000;BOT_MAKER;BOT_TAKER;VEV_4000;XIRECS;1264.0;2
8000;BOT_TAKER;BOT_MAKER;VEV_6000;XIRECS;1.0;3
8100;BOT_TAKER;BOT_MAKER;VELVETFRUIT_EXTRACT;XIRECS;5260.0;11
8200;BOT_TAKER;BOT_MAKER;VELVETFRUIT_EXTRACT;XIRECS;5261.0;4
8200;BOT_TAKER;BOT_MAKER;VEV_6000;XIRECS;1.0;4
8300;BOT_TAKER;BOT_MAKER;HYDROGEL_PACK;XIRECS;9971.0;5
8300;BOT_MAKER;BOT_TAKER;VELVETFRUIT_EXTRACT;XIRECS;5258.0;5
8300;BOT_MAKER;BOT_TAKER;VEV_4000;XIRECS;1264.0;1
8400;BOT_MAKER;BOT_TAKER;VELVETFRUIT_EXTRACT;XIRECS;5258.0;3
8500;BOT_MAKER;BOT_TAKER;VELVETFRUIT_EXTRACT;XIRECS;5257.0;4
8600;BOT_MAKER;BOT_TAKER;HYDROGEL_PACK;XIRECS;9953.0;4
8700;BOT_TAKER;BOT_MAKER;VEV_5300;XIRECS;55.0;5
8800;BOT_MAKER;BOT_TAKER;HYDROGEL_PACK;XIRECS;9953.0;5
8800;BOT_MAKER;BOT_TAKER;VEV_6000;XIRECS;0.0;3
8900;BOT_TAKER;BOT_MAKER;VELVETFRUIT_EXTRACT;XIRECS;5262.0;10
9000;BOT_MAKER;BOT_TAKER;VELVETFRUIT_EXTRACT;XIRECS;5256.0;5
9100;BOT_MAKER;BOT_TAKER;VELVETFRUIT_EXTRACT;XIRECS;5255.0;9
9200;BOT_TAKER;SUBMISSION;VELVETFRUIT_EXTRACT;XIRECS;5260.0;5
9200;BOT_TAKER;BOT_MAKER;VELVETFRUIT_EXTRACT;XIRECS;5261.0;1
9300;BOT_TAKER;BOT_MAKER;VELVETFRUIT_EXTRACT;XIRECS;5263.0;6
9300;BOT_MAKER;BOT_TAKER;VEV_6000;XIRECS;0.0;4
9300;BOT_TAKER;BOT_MAKER;VEV_6500;XIRECS;1.0;2
9300;SUBMISSION;BOT_TAKER;VEV_4000;XIRECS;1268.0;2
9400;BOT_TAKER;BOT_MAKER;HYDROGEL_PACK;XIRECS;9970.0;4
9400;BOT_TAKER;BOT_MAKER;VEV_4000;XIRECS;1289.0;3
9500;BOT_MAKER;BOT_TAKER;HYDROGEL_PACK;XIRECS;9956.0;6
9500;BOT_TAKER;BOT_MAKER;VELVETFRUIT_EXTRACT;XIRECS;5266.0;6
9600;BOT_TAKER;BOT_MAKER;VEV_6000;XIRECS;1.0;3
9700;BOT_TAKER;BOT_MAKER;VELVETFRUIT_EXTRACT;XIRECS;5266.0;12
9700;BOT_TAKER;SUBMISSION;HYDROGEL_PACK;XIRECS;9966.0;5
9800;BOT_MAKER;BOT_TAKER;VELVETFRUIT_EXTRACT;XIRECS;5261.0;6
10000;BOT_MAKER;BOT_TAKER;VEV_4000;XIRECS;1267.0;2
10100;BOT_MAKER;BOT_TAKER;VELVETFRUIT_EXTRACT;XIRECS;5258.0;6
10200;BOT_MAKER;BOT_TAKER;VELVETFRUIT_EXTRACT;XIRECS;5258.0;3
10300;BOT_TAKER;BOT_MAKER;HYDROGEL_PACK;XIRECS;9969.0;4
10300;SUBMISSION;BOT_TAKER;VELVETFRUIT_EXTRACT;XIRECS;5259.0;5
10300;BOT_MAKER;BOT_TAKER;VELVETFRUIT_EXTRACT;XIRECS;5258.0;10
10400;BOT_TAKER;BOT_MAKER;HYDROGEL_PACK;XIRECS;9970.0;3
10400;BOT_TAKER;BOT_MAKER;VELVETFRUIT_EXTRACT;XIRECS;5263.0;4
10500;BOT_TAKER;BOT_MAKER;VELVETFRUIT_EXTRACT;XIRECS;5265.0;6
10700;BOT_MAKER;BOT_TAKER;VEV_6000;XIRECS;0.0;2
10800;BOT_MAKER;BOT_TAKER;VELVETFRUIT_EXTRACT;XIRECS;5261.0;7
11100;BOT_MAKER;BOT_TAKER;VELVETFRUIT_EXTRACT;XIRECS;5261.0;7
11200;BOT_MAKER;BOT_TAKER;HYDROGEL_PACK;XIRECS;9941.0;6
11200;BOT_TAKER;BOT_MAKER;VELVETFRUIT_EXTRACT;XIRECS;5265.0;3
11300;BOT_MAKER;BOT_TAKER;VEV_6500;XIRECS;0.0;4
11500;BOT_TAKER;BOT_MAKER;VELVETFRUIT_EXTRACT;XIRECS;5265.0;6
11500;BOT_MAKER;BOT_TAKER;VEV_4000;XIRECS;1266.0;1
11600;BOT_TAKER;BOT_MAKER;VELVETFRUIT_EXTRACT;XIRECS;5264.0;6
11600;BOT_TAKER;BOT_MAKER;VEV_4000;XIRECS;1286.0;2
11700;BOT_TAKER;BOT_MAKER;HYDROGEL_PACK;XIRECS;9954.0;3
11700;BOT_MAKER;BOT_TAKER;VEV_5500;XIRECS;7.0;4
11800;BOT_TAKER;BOT_MAKER;HYDROGEL_PACK;XIRECS;9953.0;5
11900;BOT_TAKER;BOT_MAKER;VELVETFRUIT_EXTRACT;XIRECS;5265.0;8
12000;BOT_TAKER;BOT_MAKER;VELVETFRUIT_EXTRACT;XIRECS;5265.0;6
12000;BOT_TAKER;BOT_MAKER;VEV_6000;XIRECS;1.0;2
12200;BOT_MAKER;BOT_TAKER;HYDROGEL_PACK;XIRECS;9932.0;4
12200;BOT_MAKER;BOT_TAKER;VELVETFRUIT_EXTRACT;XIRECS;5257.0;9
12400;BOT_TAKER;BOT_MAKER;HYDROGEL_PACK;XIRECS;9952.0;3
12400;BOT_MAKER;BOT_TAKER;HYDROGEL_PACK;XIRECS;9936.0;3
12400;BOT_TAKER;BOT_MAKER;VELVETFRUIT_EXTRACT;XIRECS;5262.0;3
12400;SUBMISSION;BOT_TAKER;VEV_4000;XIRECS;1265.0;3
12500;BOT_TAKER;BOT_MAKER;VELVETFRUIT_EXTRACT;XIRECS;5261.0;5
12500;BOT_TAKER;BOT_MAKER;VEV_5500;XIRECS;8.0;5
12600;BOT_TAKER;SUBMISSION;HYDROGEL_PACK;XIRECS;9952.0;5
12700;BOT_MAKER;BOT_TAKER;VELVETFRUIT_EXTRACT;XIRECS;5256.0;8
12700;BOT_MAKER;BOT_TAKER;VELVETFRUIT_EXTRACT;XIRECS;5256.0;4
12700;BOT_TAKER;BOT_MAKER;VEV_5400;XIRECS;15.0;4
12800;SUBMISSION;BOT_TAKER;VELVETFRUIT_EXTRACT;XIRECS;5256.0;4
12900;BOT_TAKER;BOT_MAKER;VEV_4000;XIRECS;1287.0;1
12900;BOT_MAKER;BOT_TAKER;VEV_6500;XIRECS;0.0;2
13100;BOT_TAKER;BOT_MAKER;VELVETFRUIT_EXTRACT;XIRECS;5262.0;8
13100;BOT_TAKER;SUBMISSION;VELVETFRUIT_EXTRACT;XIRECS;5261.0;5
13200;BOT_MAKER;BOT_TAKER;VELVETFRUIT_EXTRACT;XIRECS;5257.0;3
13200;BOT_TAKER;SUBMISSION;HYDROGEL_PACK;XIRECS;9951.0;5
13200;BOT_TAKER;BOT_MAKER;HYDROGEL_PACK;XIRECS;9952.0;1
13200;SUBMISSION;BOT_TAKER;VELVETFRUIT_EXTRACT;XIRECS;5258.0;5
13200;BOT_MAKER;BOT_TAKER;VELVETFRUIT_EXTRACT;XIRECS;5257.0;1
13200;SUBMISSION;BOT_TAKER;VEV_4000;XIRECS;1267.0;2
13300;BOT_MAKER;BOT_TAKER;VELVETFRUIT_EXTRACT;XIRECS;5254.0;5
13400;BOT_TAKER;BOT_MAKER;VELVETFRUIT_EXTRACT;XIRECS;5259.0;6
13400;BOT_TAKER;BOT_MAKER;VEV_6000;XIRECS;1.0;5
13400;BOT_TAKER;BOT_MAKER;VEV_6500;XIRECS;1.0;3
13500;BOT_TAKER;BOT_MAKER;HYDROGEL_PACK;XIRECS;9951.0;3
13600;BOT_TAKER;BOT_MAKER;VELVETFRUIT_EXTRACT;XIRECS;5258.0;8
13600;BOT_MAKER;BOT_TAKER;VEV_4000;XIRECS;1265.0;2
13700;BOT_MAKER;BOT_TAKER;HYDROGEL_PACK;XIRECS;9933.0;3
13700;BOT_TAKER;BOT_MAKER;VELVETFRUIT_EXTRACT;XIRECS;5259.0;13
13800;BOT_TAKER;BOT_MAKER;HYDROGEL_PACK;XIRECS;9949.0;4
13800;BOT_TAKER;BOT_MAKER;VELVETFRUIT_EXTRACT;XIRECS;5260.0;6
13800;BOT_TAKER;BOT_MAKER;VEV_4000;XIRECS;1286.0;3
13900;BOT_MAKER;BOT_TAKER;VEV_6500;XIRECS;0.0;3
14000;BOT_MAKER;BOT_TAKER;HYDROGEL_PACK;XIRECS;9936.0;5
14000;BOT_TAKER;BOT_MAKER;VEV_4000;XIRECS;1287.0;3
14000;BOT_TAKER;SUBMISSION;VELVETFRUIT_EXTRACT;XIRECS;5260.0;5
14000;BOT_TAKER;BOT_MAKER;VELVETFRUIT_EXTRACT;XIRECS;5261.0;1
14100;BOT_MAKER;BOT_TAKER;HYDROGEL_PACK;XIRECS;9934.0;3
14200;BOT_MAKER;BOT_TAKER;HYDROGEL_PACK;XIRECS;9933.0;2
14200;BOT_TAKER;BOT_MAKER;VELVETFRUIT_EXTRACT;XIRECS;5261.0;7
14200;BOT_MAKER;BOT_TAKER;VEV_6500;XIRECS;0.0;2
14300;BOT_MAKER;BOT_TAKER;HYDROGEL_PACK;XIRECS;9934.0;5
14300;BOT_TAKER;SUBMISSION;VELVETFRUIT_EXTRACT;XIRECS;5262.0;5
14300;BOT_TAKER;BOT_MAKER;VELVETFRUIT_EXTRACT;XIRECS;5263.0;3
14400;BOT_TAKER;BOT_MAKER;VEV_4000;XIRECS;1291.0;3
14500;BOT_MAKER;BOT_TAKER;HYDROGEL_PACK;XIRECS;9933.0;2
14500;BOT_MAKER;BOT_TAKER;VEV_5500;XIRECS;7.0;5
14600;BOT_MAKER;BOT_TAKER;VELVETFRUIT_EXTRACT;XIRECS;5260.0;4
14600;BOT_MAKER;BOT_TAKER;VEV_5400;XIRECS;14.0;3
14600;BOT_TAKER;BOT_MAKER;VEV_5500;XIRECS;8.0;3
14700;BOT_TAKER;BOT_MAKER;VEV_5400;XIRECS;16.0;4
14800;BOT_TAKER;BOT_MAKER;VEV_5400;XIRECS;15.0;2
14900;BOT_MAKER;BOT_TAKER;HYDROGEL_PACK;XIRECS;9932.0;6
14900;BOT_TAKER;BOT_MAKER;VELVETFRUIT_EXTRACT;XIRECS;5265.0;8
14900;BOT_TAKER;BOT_MAKER;VEV_4000;XIRECS;1297.0;3
14900;BOT_MAKER;BOT_TAKER;VEV_6000;XIRECS;0.0;5
14900;BOT_TAKER;BOT_MAKER;VEV_6500;XIRECS;1.0;4
14900;SUBMISSION;BOT_TAKER;VELVETFRUIT_EXTRACT;XIRECS;5260.0;5
14900;BOT_MAKER;BOT_TAKER;VELVETFRUIT_EXTRACT;XIRECS;5259.0;3
15200;SUBMISSION;BOT_TAKER;HYDROGEL_PACK;XIRECS;9930.0;3
15200;SUBMISSION;BOT_TAKER;VELVETFRUIT_EXTRACT;XIRECS;5260.0;3
15300;BOT_MAKER;BOT_TAKER;VELVETFRUIT_EXTRACT;XIRECS;5257.0;8
15500;BOT_MAKER;BOT_TAKER;HYDROGEL_PACK;XIRECS;9919.0;2
15500;BOT_TAKER;BOT_MAKER;VELVETFRUIT_EXTRACT;XIRECS;5262.0;8
15500;BOT_MAKER;BOT_TAKER;VEV_4000;XIRECS;1278.0;1
15600;SUBMISSION;BOT_TAKER;HYDROGEL_PACK;XIRECS;9919.0;2
15700;BOT_MAKER;BOT_TAKER;VELVETFRUIT_EXTRACT;XIRECS;5258.0;8
15700;BOT_MAKER;BOT_TAKER;VEV_4000;XIRECS;1276.0;2
15800;BOT_TAKER;BOT_MAKER;VELVETFRUIT_EXTRACT;XIRECS;5263.0;7
15800;BOT_TAKER;BOT_MAKER;VEV_4000;XIRECS;1299.0;3
15900;BOT_TAKER;SUBMISSION;VEV_4000;XIRECS;1296.0;1
16000;BOT_TAKER;BOT_MAKER;VELVETFRUIT_EXTRACT;XIRECS;5266.0;3
16000;BOT_MAKER;BOT_TAKER;VEV_4000;XIRECS;1277.0;2
16100;BOT_TAKER;BOT_MAKER;HYDROGEL_PACK;XIRECS;9941.0;2
16100;BOT_TAKER;SUBMISSION;VELVETFRUIT_EXTRACT;XIRECS;5264.0;3
16200;BOT_TAKER;BOT_MAKER;HYDROGEL_PACK;XIRECS;9938.0;6
16200;BOT_MAKER;BOT_TAKER;VELVETFRUIT_EXTRACT;XIRECS;5260.0;8
16200;BOT_TAKER;BOT_MAKER;VEV_6500;XIRECS;1.0;4
16300;BOT_MAKER;BOT_TAKER;VELVETFRUIT_EXTRACT;XIRECS;5258.0;8
16300;BOT_TAKER;BOT_MAKER;VEV_6000;XIRECS;1.0;4
16400;BOT_MAKER;BOT_TAKER;HYDROGEL_PACK;XIRECS;9920.0;2
16400;BOT_TAKER;BOT_MAKER;VELVETFRUIT_EXTRACT;XIRECS;5262.0;5
16400;BOT_TAKER;BOT_MAKER;VEV_6000;XIRECS;1.0;4
16600;BOT_MAKER;BOT_TAKER;VELVETFRUIT_EXTRACT;XIRECS;5257.0;7
16600;BOT_MAKER;BOT_TAKER;VEV_5300;XIRECS;57.0;5
16600;BOT_TAKER;BOT_MAKER;VEV_6000;XIRECS;1.0;3
16700;BOT_TAKER;BOT_MAKER;VELVETFRUIT_EXTRACT;XIRECS;5263.0;6
16800;BOT_MAKER;BOT_TAKER;VELVETFRUIT_EXTRACT;XIRECS;5256.0;6
16900;BOT_MAKER;BOT_TAKER;VEV_5400;XIRECS;13.0;2
17000;BOT_TAKER;BOT_MAKER;VEV_6500;XIRECS;1.0;4
17000;BOT_TAKER;SUBMISSION;VELVETFRUIT_EXTRACT;XIRECS;5260.0;3
17100;BOT_TAKER;BOT_MAKER;VELVETFRUIT_EXTRACT;XIRECS;5262.0;7
17200;BOT_TAKER;BOT_MAKER;HYDROGEL_PACK;XIRECS;9926.0;6
17200;BOT_MAKER;BOT_TAKER;VELVETFRUIT_EXTRACT;XIRECS;5256.0;7
17300;BOT_TAKER;BOT_MAKER;VELVETFRUIT_EXTRACT;XIRECS;5260.0;7
17400;BOT_TAKER;BOT_MAKER;VELVETFRUIT_EXTRACT;XIRECS;5261.0;8
17500;BOT_MAKER;BOT_TAKER;VELVETFRUIT_EXTRACT;XIRECS;5255.0;7
17500;BOT_TAKER;BOT_MAKER;VEV_6500;XIRECS;1.0;4
17600;BOT_TAKER;BOT_MAKER;HYDROGEL_PACK;XIRECS;9928.0;6
17600;BOT_MAKER;BOT_TAKER;VELVETFRUIT_EXTRACT;XIRECS;5253.0;5
17700;BOT_TAKER;SUBMISSION;VELVETFRUIT_EXTRACT;XIRECS;5259.0;5
17700;BOT_TAKER;BOT_MAKER;VELVETFRUIT_EXTRACT;XIRECS;5260.0;3
17800;BOT_TAKER;BOT_MAKER;HYDROGEL_PACK;XIRECS;9933.0;3
17800;BOT_MAKER;BOT_TAKER;VELVETFRUIT_EXTRACT;XIRECS;5255.0;8
17800;BOT_MAKER;BOT_TAKER;VEV_6500;XIRECS;0.0;5
17900;BOT_TAKER;BOT_MAKER;HYDROGEL_PACK;XIRECS;9933.0;3
17900;BOT_MAKER;BOT_TAKER;VEV_5400;XIRECS;14.0;3
17900;SUBMISSION;BOT_TAKER;VELVETFRUIT_EXTRACT;XIRECS;5256.0;5
17900;BOT_MAKER;BOT_TAKER;VELVETFRUIT_EXTRACT;XIRECS;5255.0;3
18000;BOT_TAKER;BOT_MAKER;HYDROGEL_PACK;XIRECS;9932.0;2
18000;BOT_TAKER;BOT_MAKER;VEV_4000;XIRECS;1297.0;3
18000;BOT_MAKER;BOT_TAKER;VEV_5400;XIRECS;14.0;2
18000;BOT_TAKER;BOT_MAKER;VEV_5500;XIRECS;8.0;3
18200;BOT_TAKER;BOT_MAKER;HYDROGEL_PACK;XIRECS;9930.0;5
18300;BOT_MAKER;BOT_TAKER;VELVETFRUIT_EXTRACT;XIRECS;5254.0;5
18400;BOT_TAKER;BOT_MAKER;HYDROGEL_PACK;XIRECS;9931.0;4
18500;BOT_MAKER;BOT_TAKER;HYDROGEL_PACK;XIRECS;9916.0;4
18500;BOT_TAKER;BOT_MAKER;VELVETFRUIT_EXTRACT;XIRECS;5257.0;8
18600;BOT_TAKER;BOT_MAKER;HYDROGEL_PACK;XIRECS;9934.0;2
18600;BOT_TAKER;BOT_MAKER;HYDROGEL_PACK;XIRECS;9934.0;4
18600;BOT_TAKER;BOT_MAKER;VELVETFRUIT_EXTRACT;XIRECS;5258.0;4
18600;BOT_TAKER;SUBMISSION;VEV_4000;XIRECS;1294.0;3
18700;BOT_MAKER;BOT_TAKER;HYDROGEL_PACK;XIRECS;9915.0;6
18700;BOT_MAKER;BOT_TAKER;VEV_6000;XIRECS;0.0;5
18700;BOT_TAKER;SUBMISSION;HYDROGEL_PACK;XIRECS;9930.0;2
18800;BOT_MAKER;BOT_TAKER;VEV_4000;XIRECS;1271.0;3
18800;SUBMISSION;BOT_TAKER;HYDROGEL_PACK;XIRECS;9917.0;5
19100;BOT_MAKER;BOT_TAKER;VELVETFRUIT_EXTRACT;XIRECS;5254.0;7
19100;BOT_TAKER;SUBMISSION;VELVETFRUIT_EXTRACT;XIRECS;5257.0;3
19200;BOT_MAKER;BOT_TAKER;VEV_6000;XIRECS;0.0;3
19400;BOT_MAKER;BOT_TAKER;HYDROGEL_PACK;XIRECS;9912.0;2
19500;BOT_MAKER;BOT_TAKER;HYDROGEL_PACK;XIRECS;9911.0;5
19500;BOT_MAKER;BOT_TAKER;VELVETFRUIT_EXTRACT;XIRECS;5254.0;8
19500;BOT_TAKER;SUBMISSION;VELVETFRUIT_EXTRACT;XIRECS;5258.0;4
19600;BOT_TAKER;BOT_MAKER;HYDROGEL_PACK;XIRECS;9923.0;5
19600;BOT_TAKER;BOT_MAKER;VELVETFRUIT_EXTRACT;XIRECS;5260.0;8
19600;BOT_TAKER;BOT_MAKER;VEV_4000;XIRECS;1293.0;2
19600;BOT_MAKER;BOT_TAKER;VEV_6000;XIRECS;0.0;4
19700;BOT_MAKER;BOT_TAKER;HYDROGEL_PACK;XIRECS;9909.0;4
19700;BOT_TAKER;BOT_MAKER;VEV_6000;XIRECS;1.0;2
19800;BOT_TAKER;BOT_MAKER;VEV_4000;XIRECS;1293.0;2
19800;BOT_MAKER;BOT_TAKER;VEV_5300;XIRECS;58.0;2
20000;BOT_MAKER;BOT_TAKER;VELVETFRUIT_EXTRACT;XIRECS;5253.0;8
20100;BOT_TAKER;BOT_MAKER;HYDROGEL_PACK;XIRECS;9925.0;4
20100;BOT_MAKER;BOT_TAKER;VELVETFRUIT_EXTRACT;XIRECS;5255.0;5
20100;BOT_MAKER;BOT_TAKER;VEV_5300;XIRECS;59.0;4
20200;BOT_MAKER;BOT_TAKER;HYDROGEL_PACK;XIRECS;9914.0;3
20200;BOT_TAKER;BOT_MAKER;VELVETFRUIT_EXTRACT;XIRECS;5262.0;8
20200;BOT_MAKER;BOT_TAKER;VEV_4000;XIRECS;1276.0;3
20300;BOT_TAKER;BOT_MAKER;VELVETFRUIT_EXTRACT;XIRECS;5261.0;7
20300;BOT_TAKER;BOT_MAKER;VEV_4000;XIRECS;1298.0;2
20300;BOT_MAKER;BOT_TAKER;VEV_5300;XIRECS;59.0;2
20400;BOT_TAKER;BOT_MAKER;HYDROGEL_PACK;XIRECS;9927.0;6
20600;BOT_MAKER;BOT_TAKER;HYDROGEL_PACK;XIRECS;9909.0;5
20600;BOT_TAKER;BOT_MAKER;VELVETFRUIT_EXTRACT;XIRECS;5260.0;6
20600;BOT_MAKER;BOT_TAKER;VEV_5400;XIRECS;15.0;5
20700;BOT_TAKER;BOT_MAKER;VEV_4000;XIRECS;1298.0;2
20800;BOT_MAKER;BOT_TAKER;HYDROGEL_PACK;XIRECS;9906.0;3
20800;BOT_MAKER;BOT_TAKER;VEV_4000;XIRECS;1278.0;3
20800;BOT_MAKER;BOT_TAKER;VEV_5300;XIRECS;60.0;5
20900;BOT_TAKER;BOT_MAKER;VEV_5300;XIRECS;62.0;2
20900;BOT_TAKER;BOT_MAKER;VEV_5400;XIRECS;15.0;3
21000;BOT_MAKER;BOT_TAKER;VEV_6000;XIRECS;0.0;4
21000;BOT_MAKER;BOT_TAKER;VEV_6500;XIRECS;0.0;5
21300;BOT_TAKER;BOT_MAKER;VELVETFRUIT_EXTRACT;XIRECS;5260.0;4
21300;SUBMISSION;BOT_TAKER;HYDROGEL_PACK;XIRECS;9914.0;5
21300;BOT_MAKER;BOT_TAKER;HYDROGEL_PACK;XIRECS;9913.0;1
21500;BOT_MAKER;BOT_TAKER;VELVETFRUIT_EXTRACT;XIRECS;5254.0;7
21500;BOT_MAKER;BOT_TAKER;VELVETFRUIT_EXTRACT;XIRECS;5254.0;3
21500;BOT_TAKER;BOT_MAKER;VEV_4000;XIRECS;1302.0;3
21600;BOT_MAKER;BOT_TAKER;VELVETFRUIT_EXTRACT;XIRECS;5252.0;4
21700;BOT_MAKER;BOT_TAKER;HYDROGEL_PACK;XIRECS;9914.0;3
21700;BOT_MAKER;BOT_TAKER;VELVETFRUIT_EXTRACT;XIRECS;5254.0;4
21800;BOT_MAKER;BOT_TAKER;VELVETFRUIT_EXTRACT;XIRECS;5256.0;5
22000;BOT_TAKER;BOT_MAKER;HYDROGEL_PACK;XIRECS;9930.0;4
22000;BOT_MAKER;BOT_TAKER;VELVETFRUIT_EXTRACT;XIRECS;5253.0;4
22100;BOT_MAKER;BOT_TAKER;HYDROGEL_PACK;XIRECS;9916.0;3
22100;BOT_TAKER;BOT_MAKER;VELVETFRUIT_EXTRACT;XIRECS;5257.0;5
22400;BOT_TAKER;BOT_MAKER;VEV_5300;XIRECS;63.0;2
22600;BOT_MAKER;BOT_TAKER;VEV_6000;XIRECS;0.0;4
22700;BOT_TAKER;BOT_MAKER;HYDROGEL_PACK;XIRECS;9931.0;6
22700;BOT_MAKER;BOT_TAKER;VEV_5500;XIRECS;6.0;4
22900;BOT_MAKER;BOT_TAKER;VELVETFRUIT_EXTRACT;XIRECS;5246.0;5
22900;BOT_MAKER;BOT_TAKER;VEV_5500;XIRECS;6.0;3
23000;BOT_TAKER;BOT_MAKER;VELVETFRUIT_EXTRACT;XIRECS;5253.0;3
23000;BOT_MAKER;BOT_TAKER;VEV_4000;XIRECS;1282.0;1
23100;BOT_TAKER;BOT_MAKER;VELVETFRUIT_EXTRACT;XIRECS;5252.0;3
23100;BOT_TAKER;BOT_MAKER;VEV_4000;XIRECS;1303.0;3
23200;BOT_MAKER;BOT_TAKER;VEV_4000;XIRECS;1282.0;1
23300;BOT_MAKER;BOT_TAKER;HYDROGEL_PACK;XIRECS;9921.0;4
23300;BOT_TAKER;BOT_MAKER;VELVETFRUIT_EXTRACT;XIRECS;5252.0;7
23300;BOT_MAKER;BOT_TAKER;VEV_5400;XIRECS;15.0;2
23300;BOT_TAKER;BOT_MAKER;VEV_5400;XIRECS;17.0;4
23400;BOT_MAKER;BOT_TAKER;HYDROGEL_PACK;XIRECS;9919.0;5
23400;BOT_TAKER;BOT_MAKER;VELVETFRUIT_EXTRACT;XIRECS;5252.0;3
23500;BOT_TAKER;BOT_MAKER;VEV_5500;XIRECS;8.0;5
23600;BOT_TAKER;BOT_MAKER;HYDROGEL_PACK;XIRECS;9936.0;3
23700;SUBMISSION;BOT_TAKER;HYDROGEL_PACK;XIRECS;9921.0;5
23700;BOT_MAKER;BOT_TAKER;HYDROGEL_PACK;XIRECS;9920.0;1
24100;BOT_TAKER;BOT_MAKER;VELVETFRUIT_EXTRACT;XIRECS;5250.0;8
24100;BOT_TAKER;BOT_MAKER;VEV_4000;XIRECS;1305.0;2
24100;BOT_TAKER;BOT_MAKER;VEV_6500;XIRECS;1.0;2
24200;BOT_TAKER;BOT_MAKER;VEV_6500;XIRECS;1.0;4
24300;BOT_MAKER;BOT_TAKER;VEV_5500;XIRECS;6.0;2
24400;BOT_TAKER;BOT_MAKER;VELVETFRUIT_EXTRACT;XIRECS;5253.0;4
24400;BOT_MAKER;BOT_TAKER;VEV_5300;XIRECS;59.0;3
24500;BOT_TAKER;BOT_MAKER;VELVETFRUIT_EXTRACT;XIRECS;5255.0;5
24500;BOT_TAKER;BOT_MAKER;VEV_4000;XIRECS;1307.0;3
24600;BOT_MAKER;BOT_TAKER;VELVETFRUIT_EXTRACT;XIRECS;5250.0;6
24600;BOT_MAKER;BOT_TAKER;VEV_4000;XIRECS;1283.0;2
24900;BOT_MAKER;BOT_TAKER;HYDROGEL_PACK;XIRECS;9924.0;5
24900;BOT_TAKER;BOT_MAKER;VELVETFRUIT_EXTRACT;XIRECS;5254.0;3
24900;BOT_MAKER;BOT_TAKER;VELVETFRUIT_EXTRACT;XIRECS;5249.0;5
24900;BOT_MAKER;BOT_TAKER;VEV_6500;XIRECS;0.0;4
25000;BOT_MAKER;BOT_TAKER;HYDROGEL_PACK;XIRECS;9921.0;5
25000;BOT_MAKER;BOT_TAKER;VEV_5300;XIRECS;59.0;4
25000;BOT_TAKER;BOT_MAKER;VEV_6500;XIRECS;1.0;2
25000;BOT_TAKER;SUBMISSION;VELVETFRUIT_EXTRACT;XIRECS;5256.0;5
25000;BOT_TAKER;BOT_MAKER;VELVETFRUIT_EXTRACT;XIRECS;5257.0;1
25100;BOT_TAKER;BOT_MAKER;VELVETFRUIT_EXTRACT;XIRECS;5255.0;9
25100;BOT_TAKER;BOT_MAKER;VEV_5500;XIRECS;7.0;2
25200;BOT_TAKER;BOT_MAKER;VEV_6000;XIRECS;1.0;5
25300;BOT_MAKER;BOT_TAKER;VELVETFRUIT_EXTRACT;XIRECS;5248.0;5
25300;BOT_MAKER;BOT_TAKER;VEV_4000;XIRECS;1282.0;3
25300;BOT_MAKER;BOT_TAKER;VEV_4000;XIRECS;1282.0;3
25400;BOT_MAKER;BOT_TAKER;HYDROGEL_PACK;XIRECS;9919.0;3
25500;BOT_TAKER;BOT_MAKER;VELVETFRUIT_EXTRACT;XIRECS;5253.0;3
25500;BOT_TAKER;BOT_MAKER;VEV_5300;XIRECS;60.0;3
25600;BOT_MAKER;BOT_TAKER;VELVETFRUIT_EXTRACT;XIRECS;5249.0;6
25600;BOT_TAKER;BOT_MAKER;VEV_4000;XIRECS;1304.0;1
25600;BOT_TAKER;BOT_MAKER;VEV_6500;XIRECS;1.0;2
25700;BOT_TAKER;BOT_MAKER;HYDROGEL_PACK;XIRECS;9945.0;6
25800;BOT_TAKER;BOT_MAKER;VELVETFRUIT_EXTRACT;XIRECS;5256.0;6
25800;BOT_TAKER;BOT_MAKER;VEV_4000;XIRECS;1302.0;3
25800;BOT_MAKER;BOT_TAKER;VEV_5500;XIRECS;6.0;5
25900;BOT_TAKER;BOT_MAKER;VELVETFRUIT_EXTRACT;XIRECS;5256.0;7
26000;BOT_MAKER;BOT_TAKER;VELVETFRUIT_EXTRACT;XIRECS;5251.0;10
26100;BOT_TAKER;BOT_MAKER;VEV_4000;XIRECS;1304.0;1
26200;BOT_TAKER;BOT_MAKER;HYDROGEL_PACK;XIRECS;9943.0;4
26300;BOT_TAKER;BOT_MAKER;HYDROGEL_PACK;XIRECS;9940.0;4
26300;BOT_TAKER;BOT_MAKER;VEV_5400;XIRECS;17.0;5
26400;BOT_TAKER;BOT_MAKER;VELVETFRUIT_EXTRACT;XIRECS;5254.0;8
26500;BOT_MAKER;BOT_TAKER;HYDROGEL_PACK;XIRECS;9923.0;2
26500;BOT_TAKER;BOT_MAKER;VELVETFRUIT_EXTRACT;XIRECS;5254.0;10
26500;BOT_TAKER;BOT_MAKER;VEV_5400;XIRECS;16.0;5
26600;BOT_TAKER;BOT_MAKER;VELVETFRUIT_EXTRACT;XIRECS;5254.0;8
26700;BOT_MAKER;BOT_TAKER;HYDROGEL_PACK;XIRECS;9923.0;6
26800;BOT_MAKER;BOT_TAKER;HYDROGEL_PACK;XIRECS;9922.0;6
26800;BOT_TAKER;SUBMISSION;HYDROGEL_PACK;XIRECS;9937.0;2
27000;BOT_MAKER;BOT_TAKER;HYDROGEL_PACK;XIRECS;9919.0;3
27000;BOT_MAKER;BOT_TAKER;VELVETFRUIT_EXTRACT;XIRECS;5251.0;8
27000;BOT_MAKER;BOT_TAKER;VEV_4000;XIRECS;1283.0;1
27100;BOT_TAKER;BOT_MAKER;VEV_6500;XIRECS;1.0;3
27200;BOT_TAKER;BOT_MAKER;HYDROGEL_PACK;XIRECS;9932.0;5
27200;BOT_MAKER;BOT_TAKER;VELVETFRUIT_EXTRACT;XIRECS;5250.0;7
27200;BOT_TAKER;SUBMISSION;HYDROGEL_PACK;XIRECS;9931.0;4
27200;BOT_TAKER;SUBMISSION;VELVETFRUIT_EXTRACT;XIRECS;5254.0;5
27200;BOT_TAKER;BOT_MAKER;VELVETFRUIT_EXTRACT;XIRECS;5255.0;2
27400;BOT_TAKER;BOT_MAKER;VELVETFRUIT_EXTRACT;XIRECS;5256.0;5
27400;BOT_TAKER;BOT_MAKER;VEV_4000;XIRECS;1308.0;3
27500;BOT_MAKER;BOT_TAKER;HYDROGEL_PACK;XIRECS;9914.0;4
27500;BOT_TAKER;BOT_MAKER;VELVETFRUIT_EXTRACT;XIRECS;5255.0;4
27500;BOT_MAKER;BOT_TAKER;VEV_5500;XIRECS;6.0;2
27600;BOT_TAKER;BOT_MAKER;HYDROGEL_PACK;XIRECS;9929.0;6
27700;BOT_TAKER;BOT_MAKER;VEV_4000;XIRECS;1308.0;2
27700;BOT_TAKER;BOT_MAKER;VEV_5400;XIRECS;17.0;5
27800;BOT_TAKER;BOT_MAKER;VELVETFRUIT_EXTRACT;XIRECS;5256.0;7
27800;BOT_MAKER;BOT_TAKER;VEV_4000;XIRECS;1286.0;3
27900;BOT_MAKER;BOT_TAKER;VEV_6500;XIRECS;0.0;5
27900;BOT_TAKER;SUBMISSION;HYDROGEL_PACK;XIRECS;9928.0;2
28000;BOT_MAKER;BOT_TAKER;HYDROGEL_PACK;XIRECS;9910.0;4
28100;BOT_MAKER;BOT_TAKER;VEV_6000;XIRECS;0.0;5
28200;BOT_MAKER;BOT_TAKER;HYDROGEL_PACK;XIRECS;9912.0;3
28200;BOT_MAKER;BOT_TAKER;VELVETFRUIT_EXTRACT;XIRECS;5248.0;3
28200;BOT_MAKER;BOT_TAKER;VEV_6000;XIRECS;0.0;4
28300;BOT_TAKER;BOT_MAKER;VELVETFRUIT_EXTRACT;XIRECS;5255.0;8
28300;BOT_TAKER;SUBMISSION;VELVETFRUIT_EXTRACT;XIRECS;5254.0;5
28300;BOT_TAKER;BOT_MAKER;VELVETFRUIT_EXTRACT;XIRECS;5255.0;2
28500;BOT_MAKER;BOT_TAKER;HYDROGEL_PACK;XIRECS;9912.0;6
28500;BOT_TAKER;SUBMISSION;HYDROGEL_PACK;XIRECS;9927.0;3
28700;BOT_MAKER;BOT_TAKER;HYDROGEL_PACK;XIRECS;9910.0;4
28700;BOT_MAKER;BOT_TAKER;VELVETFRUIT_EXTRACT;XIRECS;5248.0;3
28800;BOT_MAKER;BOT_TAKER;VEV_4000;XIRECS;1282.0;3
28800;SUBMISSION;BOT_TAKER;HYDROGEL_PACK;XIRECS;9910.0;2
28900;BOT_TAKER;BOT_MAKER;HYDROGEL_PACK;XIRECS;9924.0;2
28900;BOT_MAKER;BOT_TAKER;VEV_4000;XIRECS;1282.0;1
29000;BOT_TAKER;BOT_MAKER;VELVETFRUIT_EXTRACT;XIRECS;5254.0;7
29000;SUBMISSION;BOT_TAKER;HYDROGEL_PACK;XIRECS;9910.0;4
29000;BOT_TAKER;SUBMISSION;VELVETFRUIT_EXTRACT;XIRECS;5253.0;5
29000;BOT_TAKER;BOT_MAKER;VELVETFRUIT_EXTRACT;XIRECS;5254.0;1
29300;BOT_MAKER;BOT_TAKER;VELVETFRUIT_EXTRACT;XIRECS;5251.0;5
29500;BOT_MAKER;BOT_TAKER;VELVETFRUIT_EXTRACT;XIRECS;5251.0;7
29600;BOT_TAKER;BOT_MAKER;HYDROGEL_PACK;XIRECS;9922.0;3
29600;BOT_MAKER;BOT_TAKER;VELVETFRUIT_EXTRACT;XIRECS;5251.0;3
29600;SUBMISSION;BOT_TAKER;HYDROGEL_PACK;XIRECS;9907.0;2
29700;BOT_TAKER;BOT_MAKER;HYDROGEL_PACK;XIRECS;9922.0;5
29700;BOT_TAKER;BOT_MAKER;VELVETFRUIT_EXTRACT;XIRECS;5255.0;5
29800;BOT_MAKER;BOT_TAKER;VEV_6000;XIRECS;0.0;2
29900;BOT_MAKER;BOT_TAKER;HYDROGEL_PACK;XIRECS;9904.0;6
29900;BOT_MAKER;BOT_TAKER;VELVETFRUIT_EXTRACT;XIRECS;5250.0;4
29900;BOT_MAKER;BOT_TAKER;VEV_4000;XIRECS;1281.0;3
30000;BOT_TAKER;BOT_MAKER;VELVETFRUIT_EXTRACT;XIRECS;5253.0;5
30100;BOT_MAKER;BOT_TAKER;HYDROGEL_PACK;XIRECS;9908.0;4
30100;BOT_TAKER;BOT_MAKER;VELVETFRUIT_EXTRACT;XIRECS;5253.0;4
30100;BOT_MAKER;BOT_TAKER;VEV_6500;XIRECS;0.0;4
30200;BOT_MAKER;BOT_TAKER;VEV_5500;XIRECS;5.0;5
30300;BOT_MAKER;BOT_TAKER;VEV_6000;XIRECS;0.0;5
30400;BOT_TAKER;BOT_MAKER;HYDROGEL_PACK;XIRECS;9924.0;6
30400;BOT_MAKER;BOT_TAKER;VEV_6000;XIRECS;0.0;3
30600;BOT_TAKER;BOT_MAKER;VELVETFRUIT_EXTRACT;XIRECS;5254.0;15
30600;BOT_TAKER;BOT_MAKER;VEV_5500;XIRECS;6.0;3
30700;BOT_TAKER;BOT_MAKER;VELVETFRUIT_EXTRACT;XIRECS;5254.0;12
30700;BOT_MAKER;BOT_TAKER;VEV_5400;XIRECS;16.0;3
30800;BOT_MAKER;BOT_TAKER;HYDROGEL_PACK;XIRECS;9909.0;2
30800;SUBMISSION;BOT_TAKER;HYDROGEL_PACK;XIRECS;9910.0;5
30800;BOT_MAKER;BOT_TAKER;HYDROGEL_PACK;XIRECS;9909.0;1
30900;BOT_TAKER;BOT_MAKER;HYDROGEL_PACK;XIRECS;9922.0;6
30900;SUBMISSION;BOT_TAKER;HYDROGEL_PACK;XIRECS;9907.0;3
31000;BOT_MAKER;BOT_TAKER;VELVETFRUIT_EXTRACT;XIRECS;5249.0;5
31100;BOT_MAKER;BOT_TAKER;VELVETFRUIT_EXTRACT;XIRECS;5250.0;8
31100;BOT_TAKER;BOT_MAKER;VEV_6500;XIRECS;1.0;5
31200;BOT_MAKER;BOT_TAKER;VELVETFRUIT_EXTRACT;XIRECS;5252.0;5
31200;BOT_TAKER;SUBMISSION;VELVETFRUIT_EXTRACT;XIRECS;5257.0;5
31400;BOT_TAKER;BOT_MAKER;VEV_6000;XIRECS;1.0;5
31500;BOT_TAKER;SUBMISSION;VEV_4000;XIRECS;1305.0;2
31700;BOT_MAKER;BOT_TAKER;VELVETFRUIT_EXTRACT;XIRECS;5254.0;3
31800;BOT_TAKER;BOT_MAKER;VEV_6000;XIRECS;1.0;5
31900;BOT_TAKER;BOT_MAKER;HYDROGEL_PACK;XIRECS;9922.0;5
32000;BOT_TAKER;BOT_MAKER;VELVETFRUIT_EXTRACT;XIRECS;5259.0;8
32100;BOT_TAKER;BOT_MAKER;HYDROGEL_PACK;XIRECS;9918.0;4
32100;BOT_MAKER;BOT_TAKER;VELVETFRUIT_EXTRACT;XIRECS;5254.0;14
32100;BOT_TAKER;BOT_MAKER;VEV_5400;XIRECS;19.0;5
32200;BOT_TAKER;BOT_MAKER;HYDROGEL_PACK;XIRECS;9915.0;2
32200;BOT_TAKER;BOT_MAKER;VEV_4000;XIRECS;1302.0;1
32300;BOT_TAKER;BOT_MAKER;VELVETFRUIT_EXTRACT;XIRECS;5258.0;3
32300;BOT_MAKER;BOT_TAKER;VELVETFRUIT_EXTRACT;XIRECS;5253.0;8
32500;BOT_TAKER;BOT_MAKER;HYDROGEL_PACK;XIRECS;9909.0;6
32600;BOT_MAKER;BOT_TAKER;HYDROGEL_PACK;XIRECS;9898.0;6
32600;BOT_TAKER;BOT_MAKER;VEV_4000;XIRECS;1306.0;3
32600;BOT_TAKER;SUBMISSION;HYDROGEL_PACK;XIRECS;9913.0;2
32700;BOT_TAKER;BOT_MAKER;VEV_4000;XIRECS;1302.0;1
32700;BOT_MAKER;BOT_TAKER;VEV_6000;XIRECS;0.0;3
32800;BOT_TAKER;BOT_MAKER;HYDROGEL_PACK;XIRECS;9909.0;3
32800;SUBMISSION;BOT_TAKER;VELVETFRUIT_EXTRACT;XIRECS;5255.0;5
32800;BOT_MAKER;BOT_TAKER;VELVETFRUIT_EXTRACT;XIRECS;5254.0;3
33000;BOT_TAKER;BOT_MAKER;VELVETFRUIT_EXTRACT;XIRECS;5260.0;5
33000;BOT_MAKER;BOT_TAKER;VEV_5400;XIRECS;17.0;2
33200;BOT_TAKER;BOT_MAKER;VELVETFRUIT_EXTRACT;XIRECS;5259.0;6
33200;BOT_TAKER;BOT_MAKER;VEV_4000;XIRECS;1302.0;1
33300;BOT_MAKER;BOT_TAKER;VELVETFRUIT_EXTRACT;XIRECS;5252.0;11
33400;BOT_TAKER;BOT_MAKER;HYDROGEL_PACK;XIRECS;9900.0;3
33400;BOT_TAKER;BOT_MAKER;VEV_5500;XIRECS;6.0;2
33400;BOT_TAKER;BOT_MAKER;VEV_6000;XIRECS;1.0;5
33600;BOT_MAKER;BOT_TAKER;HYDROGEL_PACK;XIRECS;9882.0;6
33600;BOT_MAKER;BOT_TAKER;VELVETFRUIT_EXTRACT;XIRECS;5249.0;12
33600;BOT_MAKER;BOT_TAKER;VEV_6000;XIRECS;0.0;5
33800;BOT_TAKER;BOT_MAKER;HYDROGEL_PACK;XIRECS;9900.0;6
33800;BOT_TAKER;BOT_MAKER;VEV_5300;XIRECS;65.0;3
33800;BOT_TAKER;BOT_MAKER;VEV_5500;XIRECS;6.0;3
33800;BOT_TAKER;BOT_MAKER;VEV_5500;XIRECS;6.0;2
33900;BOT_MAKER;BOT_TAKER;HYDROGEL_PACK;XIRECS;9883.0;6
33900;BOT_TAKER;BOT_MAKER;VELVETFRUIT_EXTRACT;XIRECS;5255.0;8
33900;BOT_MAKER;BOT_TAKER;VEV_6500;XIRECS;0.0;2
34000;BOT_TAKER;BOT_MAKER;HYDROGEL_PACK;XIRECS;9898.0;4
34000;BOT_TAKER;BOT_MAKER;VELVETFRUIT_EXTRACT;XIRECS;5253.0;5
34000;BOT_MAKER;BOT_TAKER;VEV_5500;XIRECS;5.0;3
34100;BOT_MAKER;BOT_TAKER;HYDROGEL_PACK;XIRECS;9883.0;6
34100;BOT_TAKER;BOT_MAKER;VELVETFRUIT_EXTRACT;XIRECS;5254.0;3
34100;BOT_MAKER;BOT_TAKER;VEV_6000;XIRECS;0.0;3
34200;BOT_MAKER;BOT_TAKER;VELVETFRUIT_EXTRACT;XIRECS;5249.0;7
34200;BOT_TAKER;BOT_MAKER;VEV_5300;XIRECS;64.0;2
34300;BOT_TAKER;BOT_MAKER;HYDROGEL_PACK;XIRECS;9898.0;6
34300;BOT_TAKER;BOT_MAKER;VELVETFRUIT_EXTRACT;XIRECS;5253.0;8
34500;BOT_MAKER;BOT_TAKER;VELVETFRUIT_EXTRACT;XIRECS;5249.0;7
34500;BOT_TAKER;BOT_MAKER;VEV_6000;XIRECS;1.0;5
34700;BOT_MAKER;BOT_TAKER;VELVETFRUIT_EXTRACT;XIRECS;5252.0;3
34800;BOT_TAKER;BOT_MAKER;VEV_4000;XIRECS;1303.0;1
34900;BOT_MAKER;BOT_TAKER;VEV_5400;XIRECS;17.0;4
35000;BOT_MAKER;BOT_TAKER;VEV_4000;XIRECS;1280.0;1
35000;BOT_TAKER;BOT_MAKER;VEV_6000;XIRECS;1.0;2
35200;BOT_MAKER;BOT_TAKER;VELVETFRUIT_EXTRACT;XIRECS;5250.0;7
35200;BOT_TAKER;BOT_MAKER;VELVETFRUIT_EXTRACT;XIRECS;5256.0;6
35200;BOT_MAKER;BOT_TAKER;VEV_5500;XIRECS;5.0;2
35200;BOT_MAKER;BOT_TAKER;VEV_6000;XIRECS;0.0;5
35200;BOT_TAKER;SUBMISSION;VEV_4000;XIRECS;1300.0;3
35300;SUBMISSION;BOT_TAKER;VELVETFRUIT_EXTRACT;XIRECS;5251.0;5
35300;BOT_MAKER;BOT_TAKER;VELVETFRUIT_EXTRACT;XIRECS;5250.0;9
35400;BOT_MAKER;BOT_TAKER;HYDROGEL_PACK;XIRECS;9893.0;4
35400;BOT_MAKER;BOT_TAKER;VEV_6500;XIRECS;0.0;4
35500;BOT_MAKER;BOT_TAKER;VELVETFRUIT_EXTRACT;XIRECS;5250.0;8
35500;BOT_TAKER;BOT_MAKER;VEV_4000;XIRECS;1299.0;2
35600;BOT_MAKER;BOT_TAKER;HYDROGEL_PACK;XIRECS;9891.0;4
35600;BOT_MAKER;BOT_TAKER;VELVETFRUIT_EXTRACT;XIRECS;5250.0;6
35600;BOT_MAKER;BOT_TAKER;VEV_5400;XIRECS;17.0;5
35700;BOT_TAKER;BOT_MAKER;HYDROGEL_PACK;XIRECS;9905.0;6
35700;BOT_MAKER;BOT_TAKER;VELVETFRUIT_EXTRACT;XIRECS;5248.0;7
35800;BOT_MAKER;BOT_TAKER;VELVETFRUIT_EXTRACT;XIRECS;5250.0;7
36000;BOT_TAKER;BOT_MAKER;HYDROGEL_PACK;XIRECS;9906.0;2
36100;BOT_MAKER;BOT_TAKER;VELVETFRUIT_EXTRACT;XIRECS;5248.0;4
36200;BOT_TAKER;BOT_MAKER;VEV_6500;XIRECS;1.0;4
36300;BOT_TAKER;BOT_MAKER;HYDROGEL_PACK;XIRECS;9900.0;6
36300;BOT_TAKER;BOT_MAKER;VEV_4000;XIRECS;1300.0;2
36600;BOT_TAKER;BOT_MAKER;VELVETFRUIT_EXTRACT;XIRECS;5256.0;5
36600;BOT_TAKER;BOT_MAKER;VEV_4000;XIRECS;1301.0;3
36600;BOT_TAKER;SUBMISSION;VELVETFRUIT_EXTRACT;XIRECS;5255.0;4
36700;BOT_MAKER;BOT_TAKER;HYDROGEL_PACK;XIRECS;9883.0;6
36700;BOT_TAKER;BOT_MAKER;VELVETFRUIT_EXTRACT;XIRECS;5257.0;5
36700;BOT_MAKER;BOT_TAKER;VEV_4000;XIRECS;1281.0;2
36700;SUBMISSION;BOT_TAKER;VELVETFRUIT_EXTRACT;XIRECS;5252.0;3
36800;BOT_TAKER;BOT_MAKER;HYDROGEL_PACK;XIRECS;9898.0;3
36800;BOT_TAKER;BOT_MAKER;VEV_6000;XIRECS;1.0;3
36900;BOT_MAKER;BOT_TAKER;HYDROGEL_PACK;XIRECS;9880.0;2
37000;BOT_MAKER;BOT_TAKER;VELVETFRUIT_EXTRACT;XIRECS;5252.0;6
37000;BOT_MAKER;BOT_TAKER;VEV_6500;XIRECS;0.0;2
37000;SUBMISSION;BOT_TAKER;HYDROGEL_PACK;XIRECS;9881.0;5
37200;BOT_MAKER;BOT_TAKER;VELVETFRUIT_EXTRACT;XIRECS;5251.0;3
37300;BOT_MAKER;BOT_TAKER;HYDROGEL_PACK;XIRECS;9881.0;6
37300;BOT_MAKER;BOT_TAKER;VELVETFRUIT_EXTRACT;XIRECS;5252.0;8
37300;SUBMISSION;BOT_TAKER;HYDROGEL_PACK;XIRECS;9882.0;2
37300;SUBMISSION;BOT_TAKER;VELVETFRUIT_EXTRACT;XIRECS;5253.0;3
37300;BOT_TAKER;SUBMISSION;VEV_4000;XIRECS;1298.0;2
37400;BOT_MAKER;BOT_TAKER;HYDROGEL_PACK;XIRECS;9882.0;6
37400;BOT_TAKER;BOT_MAKER;VEV_5400;XIRECS;19.0;3
37400;BOT_TAKER;BOT_MAKER;VEV_5400;XIRECS;19.0;5
37400;BOT_MAKER;BOT_TAKER;VEV_5500;XIRECS;5.0;4
37500;BOT_TAKER;BOT_MAKER;HYDROGEL_PACK;XIRECS;9897.0;3
37500;BOT_TAKER;BOT_MAKER;VELVETFRUIT_EXTRACT;XIRECS;5257.0;3
37600;BOT_TAKER;BOT_MAKER;HYDROGEL_PACK;XIRECS;9896.0;5
37700;BOT_MAKER;BOT_TAKER;HYDROGEL_PACK;XIRECS;9882.0;3
37700;BOT_TAKER;BOT_MAKER;VELVETFRUIT_EXTRACT;XIRECS;5256.0;9
37800;BOT_TAKER;BOT_MAKER;VELVETFRUIT_EXTRACT;XIRECS;5255.0;7
37800;BOT_MAKER;BOT_TAKER;VEV_4000;XIRECS;1278.0;3
37800;BOT_MAKER;BOT_TAKER;VEV_5300;XIRECS;59.0;3
37900;BOT_MAKER;BOT_TAKER;VEV_6000;XIRECS;0.0;4
38000;BOT_MAKER;BOT_TAKER;VEV_4000;XIRECS;1277.0;2
38100;BOT_TAKER;BOT_MAKER;VEV_4000;XIRECS;1296.0;2
38100;BOT_TAKER;BOT_MAKER;VEV_5500;XIRECS;6.0;3
38100;BOT_MAKER;BOT_TAKER;VEV_6000;XIRECS;0.0;3
38200;BOT_TAKER;BOT_MAKER;HYDROGEL_PACK;XIRECS;9901.0;2
38200;BOT_TAKER;BOT_MAKER;VELVETFRUIT_EXTRACT;XIRECS;5253.0;8
38300;BOT_TAKER;BOT_MAKER;VELVETFRUIT_EXTRACT;XIRECS;5253.0;7
38500;BOT_TAKER;BOT_MAKER;HYDROGEL_PACK;XIRECS;9905.0;3
38500;BOT_MAKER;BOT_TAKER;VEV_4000;XIRECS;1276.0;3
38600;BOT_MAKER;BOT_TAKER;VEV_6500;XIRECS;0.0;4
38600;BOT_TAKER;SUBMISSION;VELVETFRUIT_EXTRACT;XIRECS;5253.0;5
38600;BOT_TAKER;BOT_MAKER;VELVETFRUIT_EXTRACT;XIRECS;5254.0;2
38700;BOT_MAKER;BOT_TAKER;VELVETFRUIT_EXTRACT;XIRECS;5249.0;4
39000;BOT_TAKER;BOT_MAKER;VELVETFRUIT_EXTRACT;XIRECS;5254.0;5
39100;BOT_TAKER;BOT_MAKER;HYDROGEL_PACK;XIRECS;9903.0;2
39100;BOT_TAKER;BOT_MAKER;VELVETFRUIT_EXTRACT;XIRECS;5253.0;7
39100;BOT_TAKER;BOT_MAKER;VEV_5400;XIRECS;18.0;3
39100;BOT_MAKER;BOT_TAKER;VEV_6500;XIRECS;0.0;5
39200;BOT_MAKER;BOT_TAKER;VELVETFRUIT_EXTRACT;XIRECS;5249.0;6
39200;BOT_TAKER;BOT_MAKER;VEV_6000;XIRECS;1.0;2
39300;BOT_MAKER;BOT_TAKER;HYDROGEL_PACK;XIRECS;9887.0;2
39300;BOT_MAKER;BOT_TAKER;VELVETFRUIT_EXTRACT;XIRECS;5248.0;3
39400;BOT_TAKER;BOT_MAKER;VEV_6500;XIRECS;1.0;3
39500;SUBMISSION;BOT_TAKER;VELVETFRUIT_EXTRACT;XIRECS;5250.0;4
39600;BOT_TAKER;BOT_MAKER;VEV_6000;XIRECS;1.0;4
39700;BOT_TAKER;BOT_MAKER;HYDROGEL_PACK;XIRECS;9900.0;2
39700;BOT_MAKER;BOT_TAKER;VELVETFRUIT_EXTRACT;XIRECS;5251.0;8
39700;BOT_MAKER;BOT_TAKER;VEV_4000;XIRECS;1273.0;3
39800;BOT_MAKER;BOT_TAKER;VELVETFRUIT_EXTRACT;XIRECS;5250.0;3
39800;BOT_MAKER;BOT_TAKER;VEV_6000;XIRECS;0.0;3
39900;BOT_MAKER;BOT_TAKER;VEV_4000;XIRECS;1274.0;2
39900;BOT_TAKER;SUBMISSION;HYDROGEL_PACK;XIRECS;9897.0;3
40000;BOT_TAKER;BOT_MAKER;HYDROGEL_PACK;XIRECS;9896.0;6
40000;BOT_TAKER;BOT_MAKER;VEV_6000;XIRECS;1.0;4
40200;BOT_TAKER;BOT_MAKER;VEV_5200;XIRECS;95.0;3
40200;BOT_MAKER;BOT_TAKER;VEV_5500;XIRECS;5.0;5
40200;BOT_TAKER;BOT_MAKER;VEV_6500;XIRECS;1.0;3
40300;BOT_MAKER;BOT_TAKER;HYDROGEL_PACK;XIRECS;9876.0;2
40300;BOT_MAKER;BOT_TAKER;VELVETFRUIT_EXTRACT;XIRECS;5250.0;7
40400;BOT_TAKER;BOT_MAKER;VEV_4000;XIRECS;1295.0;3
40500;BOT_TAKER;BOT_MAKER;HYDROGEL_PACK;XIRECS;9888.0;6
40500;BOT_MAKER;BOT_TAKER;VELVETFRUIT_EXTRACT;XIRECS;5251.0;6
40600;BOT_TAKER;BOT_MAKER;VELVETFRUIT_EXTRACT;XIRECS;5254.0;4
40600;BOT_MAKER;BOT_TAKER;VEV_5400;XIRECS;18.0;5
40600;BOT_MAKER;BOT_TAKER;VEV_5500;XIRECS;5.0;4
40600;BOT_TAKER;BOT_MAKER;VEV_6000;XIRECS;1.0;5
40800;BOT_MAKER;BOT_TAKER;HYDROGEL_PACK;XIRECS;9876.0;6
40800;BOT_TAKER;BOT_MAKER;VELVETFRUIT_EXTRACT;XIRECS;5253.0;4
40900;BOT_MAKER;BOT_TAKER;VELVETFRUIT_EXTRACT;XIRECS;5248.0;10
40900;BOT_MAKER;BOT_TAKER;VEV_4000;XIRECS;1272.0;2
40900;BOT_TAKER;SUBMISSION;VELVETFRUIT_EXTRACT;XIRECS;5253.0;5
40900;BOT_TAKER;BOT_MAKER;VELVETFRUIT_EXTRACT;XIRECS;5254.0;3
41000;BOT_MAKER;BOT_TAKER;HYDROGEL_PACK;XIRECS;9874.0;3
41100;BOT_TAKER;BOT_MAKER;VEV_5300;XIRECS;63.0;5
41200;BOT_MAKER;BOT_TAKER;VELVETFRUIT_EXTRACT;XIRECS;5248.0;6
41200;BOT_MAKER;BOT_TAKER;VEV_4000;XIRECS;1272.0;1
41300;BOT_TAKER;BOT_MAKER;HYDROGEL_PACK;XIRECS;9890.0;6
41300;BOT_MAKER;BOT_TAKER;HYDROGEL_PACK;XIRECS;9874.0;4
41400;BOT_MAKER;BOT_TAKER;VELVETFRUIT_EXTRACT;XIRECS;5252.0;12
41400;BOT_TAKER;BOT_MAKER;VEV_5500;XIRECS;6.0;5
41700;BOT_TAKER;BOT_MAKER;VELVETFRUIT_EXTRACT;XIRECS;5259.0;8
41800;BOT_TAKER;BOT_MAKER;VEV_4000;XIRECS;1294.0;2
41900;BOT_TAKER;BOT_MAKER;VEV_5300;XIRECS;64.0;3
42000;BOT_MAKER;BOT_TAKER;VEV_4000;XIRECS;1273.0;1
42000;BOT_MAKER;BOT_TAKER;VEV_6000;XIRECS;0.0;5
42100;BOT_TAKER;BOT_MAKER;HYDROGEL_PACK;XIRECS;9904.0;2
42100;BOT_TAKER;BOT_MAKER;VEV_4000;XIRECS;1294.0;3
42100;SUBMISSION;BOT_TAKER;HYDROGEL_PACK;XIRECS;9889.0;3
42100;BOT_TAKER;SUBMISSION;VELVETFRUIT_EXTRACT;XIRECS;5257.0;5
42100;BOT_TAKER;BOT_MAKER;VELVETFRUIT_EXTRACT;XIRECS;5258.0;3
42200;BOT_MAKER;BOT_TAKER;VELVETFRUIT_EXTRACT;XIRECS;5255.0;3
42200;BOT_MAKER;BOT_TAKER;VEV_6000;XIRECS;0.0;4
42300;BOT_TAKER;BOT_MAKER;HYDROGEL_PACK;XIRECS;9905.0;6
42400;BOT_TAKER;BOT_MAKER;HYDROGEL_PACK;XIRECS;9903.0;3
42400;BOT_MAKER;BOT_TAKER;VELVETFRUIT_EXTRACT;XIRECS;5256.0;8
42500;BOT_TAKER;BOT_MAKER;VEV_4000;XIRECS;1294.0;2
42700;BOT_TAKER;BOT_MAKER;VELVETFRUIT_EXTRACT;XIRECS;5263.0;5
42700;BOT_TAKER;BOT_MAKER;VEV_4000;XIRECS;1292.0;2
42800;BOT_MAKER;BOT_TAKER;HYDROGEL_PACK;XIRECS;9885.0;4
42800;BOT_TAKER;BOT_MAKER;VEV_6000;XIRECS;1.0;4
42900;BOT_MAKER;BOT_TAKER;VELVETFRUIT_EXTRACT;XIRECS;5257.0;8
42900;BOT_TAKER;BOT_MAKER;VEV_5400;XIRECS;19.0;4
43200;BOT_MAKER;BOT_TAKER;VELVETFRUIT_EXTRACT;XIRECS;5257.0;4
43200;BOT_MAKER;BOT_TAKER;VEV_6500;XIRECS;0.0;4
43300;BOT_TAKER;BOT_MAKER;VELVETFRUIT_EXTRACT;XIRECS;5260.0;3
43300;BOT_MAKER;BOT_TAKER;VEV_6500;XIRECS;0.0;2
43400;BOT_TAKER;BOT_MAKER;HYDROGEL_PACK;XIRECS;9900.0;4
43400;BOT_TAKER;BOT_MAKER;VELVETFRUIT_EXTRACT;XIRECS;5262.0;4
43400;BOT_TAKER;BOT_MAKER;VEV_6500;XIRECS;1.0;4
43500;BOT_MAKER;BOT_TAKER;HYDROGEL_PACK;XIRECS;9883.0;3
43600;BOT_TAKER;BOT_MAKER;VELVETFRUIT_EXTRACT;XIRECS;5263.0;5
43700;BOT_MAKER;BOT_TAKER;HYDROGEL_PACK;XIRECS;9882.0;5
43700;BOT_TAKER;BOT_MAKER;VEV_4000;XIRECS;1292.0;3
43800;BOT_TAKER;BOT_MAKER;VELVETFRUIT_EXTRACT;XIRECS;5261.0;7
43900;BOT_TAKER;BOT_MAKER;HYDROGEL_PACK;XIRECS;9899.0;3
43900;BOT_MAKER;BOT_TAKER;VELVETFRUIT_EXTRACT;XIRECS;5255.0;7
43900;BOT_MAKER;BOT_TAKER;VELVETFRUIT_EXTRACT;XIRECS;5255.0;7
43900;BOT_TAKER;BOT_MAKER;VEV_4000;XIRECS;1292.0;2
44000;BOT_TAKER;BOT_MAKER;HYDROGEL_PACK;XIRECS;9896.0;6
44100;BOT_TAKER;BOT_MAKER;HYDROGEL_PACK;XIRECS;9896.0;5
44100;BOT_MAKER;BOT_TAKER;VEV_5500;XIRECS;5.0;3
44100;SUBMISSION;BOT_TAKER;HYDROGEL_PACK;XIRECS;9881.0;5
44300;BOT_TAKER;BOT_MAKER;HYDROGEL_PACK;XIRECS;9893.0;4
44400;BOT_MAKER;BOT_TAKER;VEV_5300;XIRECS;60.0;4
44400;BOT_MAKER;BOT_TAKER;VEV_6500;XIRECS;0.0;5
44500;BOT_TAKER;BOT_MAKER;VELVETFRUIT_EXTRACT;XIRECS;5260.0;8
44800;BOT_TAKER;BOT_MAKER;VELVETFRUIT_EXTRACT;XIRECS;5259.0;7
45000;BOT_MAKER;BOT_TAKER;HYDROGEL_PACK;XIRECS;9874.0;2
45000;BOT_MAKER;BOT_TAKER;VELVETFRUIT_EXTRACT;XIRECS;5254.0;6
45100;BOT_MAKER;BOT_TAKER;VEV_6500;XIRECS;0.0;3
45200;BOT_MAKER;BOT_TAKER;HYDROGEL_PACK;XIRECS;9878.0;3
45200;SUBMISSION;BOT_TAKER;HYDROGEL_PACK;XIRECS;9879.0;5
45200;BOT_MAKER;BOT_TAKER;HYDROGEL_PACK;XIRECS;9878.0;1
45300;BOT_TAKER;BOT_MAKER;VELVETFRUIT_EXTRACT;XIRECS;5256.0;8
45400;BOT_MAKER;BOT_TAKER;VELVETFRUIT_EXTRACT;XIRECS;5251.0;8
45600;BOT_TAKER;BOT_MAKER;VELVETFRUIT_EXTRACT;XIRECS;5256.0;6
45700;BOT_TAKER;BOT_MAKER;VELVETFRUIT_EXTRACT;XIRECS;5257.0;8
45700;BOT_TAKER;BOT_MAKER;VEV_4000;XIRECS;1285.0;2
45700;BOT_TAKER;BOT_MAKER;VEV_5500;XIRECS;7.0;2
45800;BOT_TAKER;BOT_MAKER;HYDROGEL_PACK;XIRECS;9887.0;5
45900;BOT_MAKER;BOT_TAKER;VELVETFRUIT_EXTRACT;XIRECS;5250.0;8
46000;BOT_TAKER;BOT_MAKER;VEV_4000;XIRECS;1287.0;3
46200;BOT_TAKER;BOT_MAKER;VELVETFRUIT_EXTRACT;XIRECS;5257.0;4
46200;BOT_TAKER;BOT_MAKER;VEV_4000;XIRECS;1287.0;3
46400;BOT_MAKER;BOT_TAKER;VELVETFRUIT_EXTRACT;XIRECS;5251.0;3
46400;BOT_TAKER;SUBMISSION;VEV_4000;XIRECS;1286.0;2
46500;BOT_MAKER;BOT_TAKER;VEV_6500;XIRECS;0.0;4
46500;BOT_TAKER;SUBMISSION;VELVETFRUIT_EXTRACT;XIRECS;5256.0;5
46500;BOT_TAKER;BOT_MAKER;VELVETFRUIT_EXTRACT;XIRECS;5257.0;3
46600;BOT_TAKER;BOT_MAKER;VEV_6500;XIRECS;1.0;2
46700;BOT_MAKER;BOT_TAKER;HYDROGEL_PACK;XIRECS;9862.0;3
46700;BOT_MAKER;BOT_TAKER;VELVETFRUIT_EXTRACT;XIRECS;5252.0;6
46800;BOT_TAKER;BOT_MAKER;VELVETFRUIT_EXTRACT;XIRECS;5256.0;6
47000;BOT_MAKER;BOT_TAKER;HYDROGEL_PACK;XIRECS;9865.0;3
47000;BOT_MAKER;BOT_TAKER;VELVETFRUIT_EXTRACT;XIRECS;5252.0;5
47000;BOT_MAKER;BOT_TAKER;VEV_5400;XIRECS;20.0;5
47000;BOT_MAKER;BOT_TAKER;VEV_5400;XIRECS;20.0;3
47100;BOT_TAKER;BOT_MAKER;VELVETFRUIT_EXTRACT;XIRECS;5258.0;8
47200;BOT_TAKER;BOT_MAKER;VELVETFRUIT_EXTRACT;XIRECS;5259.0;5
47200;BOT_TAKER;BOT_MAKER;VELVETFRUIT_EXTRACT;XIRECS;5259.0;4
47200;BOT_MAKER;BOT_TAKER;VEV_6000;XIRECS;0.0;4
47200;BOT_TAKER;BOT_MAKER;VEV_6500;XIRECS;1.0;2
47400;SUBMISSION;BOT_TAKER;VELVETFRUIT_EXTRACT;XIRECS;5256.0;5
47400;BOT_MAKER;BOT_TAKER;VELVETFRUIT_EXTRACT;XIRECS;5255.0;2
47500;BOT_MAKER;BOT_TAKER;HYDROGEL_PACK;XIRECS;9863.0;6
47600;BOT_TAKER;BOT_MAKER;VELVETFRUIT_EXTRACT;XIRECS;5260.0;5
47700;BOT_MAKER;BOT_TAKER;HYDROGEL_PACK;XIRECS;9861.0;5
47700;BOT_TAKER;BOT_MAKER;HYDROGEL_PACK;XIRECS;9877.0;3
47800;BOT_MAKER;BOT_TAKER;HYDROGEL_PACK;XIRECS;9858.0;6
47900;BOT_TAKER;SUBMISSION;HYDROGEL_PACK;XIRECS;9872.0;4
48100;BOT_TAKER;BOT_MAKER;VELVETFRUIT_EXTRACT;XIRECS;5262.0;7
48200;BOT_TAKER;BOT_MAKER;HYDROGEL_PACK;XIRECS;9874.0;5
48300;BOT_TAKER;BOT_MAKER;HYDROGEL_PACK;XIRECS;9875.0;6
48300;BOT_TAKER;BOT_MAKER;VELVETFRUIT_EXTRACT;XIRECS;5262.0;4
48300;BOT_MAKER;BOT_TAKER;VEV_5500;XIRECS;6.0;5
48400;BOT_TAKER;BOT_MAKER;VEV_5500;XIRECS;8.0;5
48500;BOT_MAKER;BOT_TAKER;HYDROGEL_PACK;XIRECS;9859.0;4
48500;BOT_TAKER;BOT_MAKER;VELVETFRUIT_EXTRACT;XIRECS;5262.0;3
48700;BOT_MAKER;BOT_TAKER;VELVETFRUIT_EXTRACT;XIRECS;5260.0;5
48700;BOT_MAKER;BOT_TAKER;VEV_6500;XIRECS;0.0;5
48800;BOT_TAKER;BOT_MAKER;VEV_4000;XIRECS;1280.0;3
48900;SUBMISSION;BOT_TAKER;HYDROGEL_PACK;XIRECS;9861.0;3
48900;SUBMISSION;BOT_TAKER;VELVETFRUIT_EXTRACT;XIRECS;5260.0;5
48900;BOT_MAKER;BOT_TAKER;VELVETFRUIT_EXTRACT;XIRECS;5259.0;1
49100;BOT_MAKER;BOT_TAKER;HYDROGEL_PACK;XIRECS;9859.0;3
49100;BOT_TAKER;BOT_MAKER;VELVETFRUIT_EXTRACT;XIRECS;5265.0;5
49100;BOT_MAKER;BOT_TAKER;VEV_4000;XIRECS;1257.0;2
49100;SUBMISSION;BOT_TAKER;VELVETFRUIT_EXTRACT;XIRECS;5260.0;5
49100;BOT_MAKER;BOT_TAKER;VELVETFRUIT_EXTRACT;XIRECS;5259.0;3
49200;BOT_MAKER;BOT_TAKER;HYDROGEL_PACK;XIRECS;9859.0;6
49200;BOT_TAKER;BOT_MAKER;VEV_4000;XIRECS;1281.0;3
49300;BOT_TAKER;BOT_MAKER;HYDROGEL_PACK;XIRECS;9873.0;6
49300;BOT_MAKER;BOT_TAKER;VEV_6500;XIRECS;0.0;5
49400;BOT_TAKER;BOT_MAKER;VEV_5500;XIRECS;8.0;2
49500;BOT_TAKER;BOT_MAKER;VEV_6000;XIRECS;1.0;5
49700;BOT_MAKER;BOT_TAKER;VELVETFRUIT_EXTRACT;XIRECS;5258.0;8
49700;BOT_TAKER;BOT_MAKER;VEV_4000;XIRECS;1277.0;2
49900;SUBMISSION;BOT_TAKER;HYDROGEL_PACK;XIRECS;9848.0;5
50000;BOT_MAKER;BOT_TAKER;HYDROGEL_PACK;XIRECS;9846.0;3
50100;BOT_MAKER;BOT_TAKER;VELVETFRUIT_EXTRACT;XIRECS;5261.0;6
50100;SUBMISSION;BOT_TAKER;VELVETFRUIT_EXTRACT;XIRECS;5262.0;3
50100;BOT_TAKER;SUBMISSION;VEV_4000;XIRECS;1275.0;1
50300;BOT_MAKER;BOT_TAKER;HYDROGEL_PACK;XIRECS;9852.0;5
50400;BOT_MAKER;BOT_TAKER;VELVETFRUIT_EXTRACT;XIRECS;5264.0;6
50400;BOT_MAKER;BOT_TAKER;VEV_5300;XIRECS;63.0;3
50500;BOT_MAKER;BOT_TAKER;VELVETFRUIT_EXTRACT;XIRECS;5261.0;7
50600;BOT_MAKER;BOT_TAKER;VEV_5400;XIRECS;20.0;2
50600;BOT_MAKER;BOT_TAKER;VEV_5400;XIRECS;19.0;3
50700;BOT_TAKER;BOT_MAKER;VEV_4000;XIRECS;1272.0;2
51000;BOT_MAKER;BOT_TAKER;VEV_5500;XIRECS;7.0;4
51100;BOT_TAKER;BOT_MAKER;VEV_4000;XIRECS;1270.0;3
51300;BOT_TAKER;BOT_MAKER;VELVETFRUIT_EXTRACT;XIRECS;5264.0;4
51400;BOT_TAKER;BOT_MAKER;VELVETFRUIT_EXTRACT;XIRECS;5265.0;4
51600;BOT_TAKER;BOT_MAKER;HYDROGEL_PACK;XIRECS;9877.0;4
51600;BOT_MAKER;BOT_TAKER;VELVETFRUIT_EXTRACT;XIRECS;5258.0;3
51600;BOT_TAKER;BOT_MAKER;VEV_5500;XIRECS;8.0;5
51700;BOT_TAKER;BOT_MAKER;VELVETFRUIT_EXTRACT;XIRECS;5263.0;8
51700;BOT_TAKER;BOT_MAKER;VELVETFRUIT_EXTRACT;XIRECS;5263.0;4
51800;BOT_MAKER;BOT_TAKER;VEV_6000;XIRECS;0.0;4
51900;BOT_TAKER;BOT_MAKER;VELVETFRUIT_EXTRACT;XIRECS;5259.0;8
52000;BOT_TAKER;BOT_MAKER;VELVETFRUIT_EXTRACT;XIRECS;5261.0;8
52100;BOT_MAKER;BOT_TAKER;VELVETFRUIT_EXTRACT;XIRECS;5254.0;7
52200;BOT_TAKER;BOT_MAKER;HYDROGEL_PACK;XIRECS;9883.0;6
52200;BOT_MAKER;BOT_TAKER;VELVETFRUIT_EXTRACT;XIRECS;5254.0;5
52200;SUBMISSION;BOT_TAKER;VELVETFRUIT_EXTRACT;XIRECS;5255.0;3
52300;BOT_MAKER;BOT_TAKER;HYDROGEL_PACK;XIRECS;9863.0;4
52300;BOT_TAKER;BOT_MAKER;VELVETFRUIT_EXTRACT;XIRECS;5261.0;5
52300;BOT_TAKER;BOT_MAKER;VEV_6000;XIRECS;1.0;4
52400;BOT_TAKER;BOT_MAKER;VELVETFRUIT_EXTRACT;XIRECS;5261.0;8
52400;BOT_TAKER;BOT_MAKER;VEV_6500;XIRECS;1.0;4
52500;BOT_MAKER;BOT_TAKER;HYDROGEL_PACK;XIRECS;9864.0;4
52500;BOT_MAKER;BOT_TAKER;VEV_5400;XIRECS;18.0;4
52500;BOT_MAKER;BOT_TAKER;VEV_6500;XIRECS;0.0;2
52500;SUBMISSION;BOT_TAKER;HYDROGEL_PACK;XIRECS;9865.0;5
52600;BOT_MAKER;BOT_TAKER;HYDROGEL_PACK;XIRECS;9863.0;5
52600;BOT_TAKER;BOT_MAKER;VELVETFRUIT_EXTRACT;XIRECS;5263.0;7
52700;BOT_MAKER;BOT_TAKER;HYDROGEL_PACK;XIRECS;9861.0;3
52800;BOT_MAKER;BOT_TAKER;VELVETFRUIT_EXTRACT;XIRECS;5256.0;8
52800;BOT_MAKER;BOT_TAKER;VEV_5500;XIRECS;7.0;3
52800;BOT_MAKER;BOT_TAKER;VEV_6000;XIRECS;0.0;3
53000;BOT_MAKER;BOT_TAKER;VELVETFRUIT_EXTRACT;XIRECS;5254.0;3
53000;BOT_TAKER;BOT_MAKER;VEV_6000;XIRECS;1.0;3
53100;BOT_TAKER;BOT_MAKER;VELVETFRUIT_EXTRACT;XIRECS;5261.0;7
53100;BOT_MAKER;BOT_TAKER;VELVETFRUIT_EXTRACT;XIRECS;5255.0;3
53200;BOT_TAKER;BOT_MAKER;HYDROGEL_PACK;XIRECS;9879.0;5
53300;BOT_MAKER;BOT_TAKER;VELVETFRUIT_EXTRACT;XIRECS;5253.0;8
53400;BOT_TAKER;BOT_MAKER;VEV_4000;XIRECS;1268.0;1
53500;BOT_TAKER;BOT_MAKER;HYDROGEL_PACK;XIRECS;9872.0;3
53500;BOT_TAKER;BOT_MAKER;VEV_4000;XIRECS;1267.0;2
53500;BOT_TAKER;BOT_MAKER;VEV_5300;XIRECS;61.0;5
53500;SUBMISSION;BOT_TAKER;VELVETFRUIT_EXTRACT;XIRECS;5255.0;4
53700;BOT_MAKER;BOT_TAKER;VELVETFRUIT_EXTRACT;XIRECS;5256.0;3
53800;BOT_MAKER;BOT_TAKER;HYDROGEL_PACK;XIRECS;9853.0;4
53900;BOT_TAKER;BOT_MAKER;VELVETFRUIT_EXTRACT;XIRECS;5261.0;8
54000;BOT_TAKER;BOT_MAKER;HYDROGEL_PACK;XIRECS;9867.0;6
54000;BOT_TAKER;BOT_MAKER;VELVETFRUIT_EXTRACT;XIRECS;5260.0;3
54000;BOT_MAKER;BOT_TAKER;VELVETFRUIT_EXTRACT;XIRECS;5254.0;5
54100;BOT_TAKER;BOT_MAKER;HYDROGEL_PACK;XIRECS;9867.0;5
54100;SUBMISSION;BOT_TAKER;VELVETFRUIT_EXTRACT;XIRECS;5255.0;5
54100;BOT_MAKER;BOT_TAKER;VELVETFRUIT_EXTRACT;XIRECS;5254.0;1
54300;BOT_TAKER;SUBMISSION;HYDROGEL_PACK;XIRECS;9864.0;5
54300;BOT_TAKER;BOT_MAKER;HYDROGEL_PACK;XIRECS;9865.0;1
54600;BOT_TAKER;BOT_MAKER;VELVETFRUIT_EXTRACT;XIRECS;5261.0;3
54700;BOT_TAKER;BOT_MAKER;VELVETFRUIT_EXTRACT;XIRECS;5260.0;5
54700;BOT_TAKER;BOT_MAKER;VEV_6000;XIRECS;1.0;4
54800;BOT_MAKER;BOT_TAKER;HYDROGEL_PACK;XIRECS;9847.0;4
54800;BOT_MAKER;BOT_TAKER;VEV_4000;XIRECS;1249.0;1
54800;BOT_MAKER;BOT_TAKER;VEV_4000;XIRECS;1249.0;2
54800;BOT_TAKER;BOT_MAKER;VEV_5500;XIRECS;8.0;2
54900;BOT_TAKER;SUBMISSION;VEV_4000;XIRECS;1269.0;2
55000;BOT_TAKER;BOT_MAKER;VELVETFRUIT_EXTRACT;XIRECS;5258.0;8
55000;BOT_TAKER;BOT_MAKER;VEV_4000;XIRECS;1271.0;3
55000;SUBMISSION;BOT_TAKER;VELVETFRUIT_EXTRACT;XIRECS;5254.0;4
55100;BOT_MAKER;BOT_TAKER;VELVETFRUIT_EXTRACT;XIRECS;5254.0;4
55100;SUBMISSION;BOT_TAKER;VELVETFRUIT_EXTRACT;XIRECS;5255.0;5
55100;BOT_MAKER;BOT_TAKER;VELVETFRUIT_EXTRACT;XIRECS;5254.0;1
55200;BOT_TAKER;BOT_MAKER;HYDROGEL_PACK;XIRECS;9864.0;3
55200;BOT_TAKER;BOT_MAKER;VELVETFRUIT_EXTRACT;XIRECS;5259.0;4
55200;BOT_MAKER;BOT_TAKER;VEV_6500;XIRECS;0.0;4
55300;BOT_TAKER;BOT_MAKER;VELVETFRUIT_EXTRACT;XIRECS;5258.0;3
55300;BOT_TAKER;BOT_MAKER;VELVETFRUIT_EXTRACT;XIRECS;5258.0;8
55300;BOT_MAKER;BOT_TAKER;VEV_4000;XIRECS;1250.0;2
55300;SUBMISSION;BOT_TAKER;VEV_4000;XIRECS;1251.0;2
55400;BOT_TAKER;BOT_MAKER;HYDROGEL_PACK;XIRECS;9862.0;4
55400;BOT_TAKER;SUBMISSION;VELVETFRUIT_EXTRACT;XIRECS;5256.0;5
55400;BOT_TAKER;BOT_MAKER;VELVETFRUIT_EXTRACT;XIRECS;5257.0;1
55500;BOT_MAKER;BOT_TAKER;VELVETFRUIT_EXTRACT;XIRECS;5252.0;6
55600;BOT_TAKER;SUBMISSION;HYDROGEL_PACK;XIRECS;9861.0;3
55700;BOT_MAKER;BOT_TAKER;VEV_6500;XIRECS;0.0;5
55800;BOT_TAKER;BOT_MAKER;VEV_4000;XIRECS;1270.0;1
56000;BOT_TAKER;BOT_MAKER;HYDROGEL_PACK;XIRECS;9860.0;5
56000;SUBMISSION;BOT_TAKER;VEV_4000;XIRECS;1250.0;1
56200;SUBMISSION;BOT_TAKER;VELVETFRUIT_EXTRACT;XIRECS;5252.0;5
56200;BOT_MAKER;BOT_TAKER;VELVETFRUIT_EXTRACT;XIRECS;5251.0;3
56300;BOT_MAKER;BOT_TAKER;VELVETFRUIT_EXTRACT;XIRECS;5252.0;9
56300;BOT_MAKER;BOT_TAKER;VEV_6000;XIRECS;0.0;3
56300;SUBMISSION;BOT_TAKER;VELVETFRUIT_EXTRACT;XIRECS;5253.0;5
56400;BOT_TAKER;BOT_MAKER;VEV_6000;XIRECS;1.0;5
56800;BOT_MAKER;BOT_TAKER;VEV_6000;XIRECS;0.0;4
56900;BOT_TAKER;BOT_MAKER;VEV_4000;XIRECS;1268.0;2
57000;BOT_MAKER;BOT_TAKER;HYDROGEL_PACK;XIRECS;9835.0;4
57000;BOT_MAKER;BOT_TAKER;VELVETFRUIT_EXTRACT;XIRECS;5247.0;6
57000;BOT_TAKER;BOT_MAKER;VEV_5500;XIRECS;8.0;4
57100;BOT_TAKER;BOT_MAKER;HYDROGEL_PACK;XIRECS;9853.0;6
57200;BOT_MAKER;BOT_TAKER;VELVETFRUIT_EXTRACT;XIRECS;5248.0;7
57400;BOT_TAKER;SUBMISSION;VELVETFRUIT_EXTRACT;XIRECS;5250.0;5
57400;BOT_TAKER;BOT_MAKER;VELVETFRUIT_EXTRACT;XIRECS;5251.0;3
57500;BOT_MAKER;BOT_TAKER;VELVETFRUIT_EXTRACT;XIRECS;5246.0;5
57500;BOT_MAKER;BOT_TAKER;VEV_4000;XIRECS;1247.0;2
57500;BOT_TAKER;BOT_MAKER;VEV_5500;XIRECS;7.0;2
57600;BOT_TAKER;BOT_MAKER;VELVETFRUIT_EXTRACT;XIRECS;5252.0;7
57900;BOT_TAKER;BOT_MAKER;HYDROGEL_PACK;XIRECS;9847.0;6
57900;BOT_MAKER;BOT_TAKER;VELVETFRUIT_EXTRACT;XIRECS;5248.0;4
58000;BOT_MAKER;BOT_TAKER;VELVETFRUIT_EXTRACT;XIRECS;5247.0;7
58200;BOT_TAKER;BOT_MAKER;VELVETFRUIT_EXTRACT;XIRECS;5255.0;4
58300;BOT_MAKER;BOT_TAKER;VEV_5500;XIRECS;6.0;5
58400;BOT_TAKER;BOT_MAKER;VELVETFRUIT_EXTRACT;XIRECS;5256.0;6
58500;BOT_TAKER;BOT_MAKER;VELVETFRUIT_EXTRACT;XIRECS;5255.0;5
58500;SUBMISSION;BOT_TAKER;VELVETFRUIT_EXTRACT;XIRECS;5251.0;5
58500;BOT_MAKER;BOT_TAKER;VELVETFRUIT_EXTRACT;XIRECS;5250.0;3
58600;BOT_MAKER;BOT_TAKER;HYDROGEL_PACK;XIRECS;9837.0;5
58600;BOT_TAKER;BOT_MAKER;VELVETFRUIT_EXTRACT;XIRECS;5254.0;3
58700;BOT_TAKER;BOT_MAKER;VEV_5400;XIRECS;18.0;2
58800;BOT_MAKER;BOT_TAKER;HYDROGEL_PACK;XIRECS;9837.0;6
58800;BOT_TAKER;BOT_MAKER;VELVETFRUIT_EXTRACT;XIRECS;5254.0;6
58900;BOT_MAKER;BOT_TAKER;HYDROGEL_PACK;XIRECS;9839.0;3
58900;BOT_MAKER;BOT_TAKER;VEV_5500;XIRECS;6.0;5
58900;BOT_TAKER;BOT_MAKER;VEV_6500;XIRECS;1.0;5
59000;BOT_MAKER;BOT_TAKER;HYDROGEL_PACK;XIRECS;9840.0;2
59000;BOT_TAKER;BOT_MAKER;VEV_5400;XIRECS;19.0;3
59000;BOT_TAKER;BOT_MAKER;VEV_5500;XIRECS;7.0;4
59100;BOT_MAKER;BOT_TAKER;VELVETFRUIT_EXTRACT;XIRECS;5249.0;3
59200;BOT_MAKER;BOT_TAKER;VEV_5400;XIRECS;17.0;3
59300;BOT_MAKER;BOT_TAKER;HYDROGEL_PACK;XIRECS;9841.0;2
59300;BOT_TAKER;BOT_MAKER;VEV_6000;XIRECS;1.0;3
59600;BOT_TAKER;BOT_MAKER;VELVETFRUIT_EXTRACT;XIRECS;5250.0;4
59700;BOT_TAKER;BOT_MAKER;HYDROGEL_PACK;XIRECS;9852.0;6
59700;BOT_TAKER;BOT_MAKER;VELVETFRUIT_EXTRACT;XIRECS;5250.0;7
59800;BOT_MAKER;BOT_TAKER;VELVETFRUIT_EXTRACT;XIRECS;5244.0;6
59900;BOT_TAKER;BOT_MAKER;VEV_5500;XIRECS;7.0;5
60000;BOT_TAKER;BOT_MAKER;VELVETFRUIT_EXTRACT;XIRECS;5248.0;5
60100;BOT_MAKER;BOT_TAKER;VELVETFRUIT_EXTRACT;XIRECS;5241.0;4
60100;BOT_MAKER;BOT_TAKER;VEV_4000;XIRECS;1244.0;3
60100;BOT_TAKER;BOT_MAKER;VEV_5400;XIRECS;18.0;2
60300;BOT_TAKER;BOT_MAKER;VEV_5300;XIRECS;60.0;2
60300;BOT_TAKER;BOT_MAKER;VEV_5500;XIRECS;7.0;2
60300;SUBMISSION;BOT_TAKER;VEV_4000;XIRECS;1244.0;3
60400;BOT_MAKER;BOT_TAKER;VELVETFRUIT_EXTRACT;XIRECS;5243.0;7
60500;BOT_TAKER;BOT_MAKER;HYDROGEL_PACK;XIRECS;9857.0;3
60600;BOT_TAKER;BOT_MAKER;HYDROGEL_PACK;XIRECS;9861.0;3
60700;BOT_MAKER;BOT_TAKER;VELVETFRUIT_EXTRACT;XIRECS;5244.0;6
60800;BOT_TAKER;BOT_MAKER;VELVETFRUIT_EXTRACT;XIRECS;5249.0;8
60900;BOT_MAKER;BOT_TAKER;VELVETFRUIT_EXTRACT;XIRECS;5245.0;3
61000;BOT_TAKER;BOT_MAKER;HYDROGEL_PACK;XIRECS;9861.0;3
61100;BOT_TAKER;BOT_MAKER;HYDROGEL_PACK;XIRECS;9861.0;4
61100;BOT_TAKER;BOT_MAKER;VELVETFRUIT_EXTRACT;XIRECS;5252.0;5
61100;BOT_TAKER;SUBMISSION;VEV_4000;XIRECS;1264.0;2
61200;BOT_MAKER;BOT_TAKER;HYDROGEL_PACK;XIRECS;9843.0;4
61200;BOT_TAKER;BOT_MAKER;VELVETFRUIT_EXTRACT;XIRECS;5253.0;7
61200;BOT_TAKER;BOT_MAKER;VEV_4000;XIRECS;1265.0;3
61400;BOT_TAKER;BOT_MAKER;VELVETFRUIT_EXTRACT;XIRECS;5254.0;6
61500;SUBMISSION;BOT_TAKER;VELVETFRUIT_EXTRACT;XIRECS;5251.0;4
61600;BOT_MAKER;BOT_TAKER;VEV_6500;XIRECS;0.0;4
61700;SUBMISSION;BOT_TAKER;VELVETFRUIT_EXTRACT;XIRECS;5251.0;4
61800;BOT_TAKER;BOT_MAKER;VEV_5500;XIRECS;7.0;4
62000;BOT_MAKER;BOT_TAKER;VEV_4000;XIRECS;1239.0;2
62000;SUBMISSION;BOT_TAKER;VELVETFRUIT_EXTRACT;XIRECS;5249.0;3
62100;BOT_TAKER;BOT_MAKER;VEV_6000;XIRECS;1.0;3
62200;BOT_MAKER;BOT_TAKER;VELVETFRUIT_EXTRACT;XIRECS;5246.0;12
62300;BOT_TAKER;BOT_MAKER;HYDROGEL_PACK;XIRECS;9854.0;5
62300;BOT_TAKER;BOT_MAKER;VEV_6000;XIRECS;1.0;3
62400;BOT_MAKER;BOT_TAKER;VEV_6500;XIRECS;0.0;5
62500;BOT_MAKER;BOT_TAKER;HYDROGEL_PACK;XIRECS;9834.0;2
62500;BOT_MAKER;BOT_TAKER;VEV_6500;XIRECS;0.0;4
62500;SUBMISSION;BOT_TAKER;VELVETFRUIT_EXTRACT;XIRECS;5246.0;5
62500;BOT_MAKER;BOT_TAKER;VELVETFRUIT_EXTRACT;XIRECS;5245.0;2
62600;BOT_TAKER;BOT_MAKER;VELVETFRUIT_EXTRACT;XIRECS;5252.0;4
62600;BOT_TAKER;BOT_MAKER;VEV_4000;XIRECS;1258.0;3
62700;BOT_TAKER;BOT_MAKER;VELVETFRUIT_EXTRACT;XIRECS;5251.0;3
62700;BOT_TAKER;BOT_MAKER;VEV_6000;XIRECS;1.0;2
62800;BOT_MAKER;BOT_TAKER;HYDROGEL_PACK;XIRECS;9839.0;5
62900;BOT_MAKER;BOT_TAKER;VEV_5500;XIRECS;6.0;5
63100;BOT_MAKER;BOT_TAKER;VELVETFRUIT_EXTRACT;XIRECS;5246.0;8
63300;BOT_MAKER;BOT_TAKER;HYDROGEL_PACK;XIRECS;9846.0;2
63300;BOT_MAKER;BOT_TAKER;VEV_6000;XIRECS;0.0;3
63300;BOT_TAKER;BOT_MAKER;VEV_6500;XIRECS;1.0;4
63400;BOT_MAKER;BOT_TAKER;VEV_5500;XIRECS;6.0;5
63600;BOT_MAKER;BOT_TAKER;VELVETFRUIT_EXTRACT;XIRECS;5246.0;8
63600;BOT_TAKER;BOT_MAKER;VEV_4000;XIRECS;1256.0;2
63700;BOT_TAKER;BOT_MAKER;VELVETFRUIT_EXTRACT;XIRECS;5252.0;3
63700;BOT_MAKER;BOT_TAKER;VEV_4000;XIRECS;1233.0;1
63800;BOT_TAKER;BOT_MAKER;VELVETFRUIT_EXTRACT;XIRECS;5250.0;5
63800;BOT_MAKER;BOT_TAKER;VEV_6500;XIRECS;0.0;4
63800;BOT_TAKER;SUBMISSION;VEV_4000;XIRECS;1254.0;3
63900;BOT_MAKER;BOT_TAKER;HYDROGEL_PACK;XIRECS;9847.0;4
64000;BOT_TAKER;BOT_MAKER;HYDROGEL_PACK;XIRECS;9859.0;6
64000;BOT_TAKER;BOT_MAKER;VEV_5500;XIRECS;7.0;3
64100;BOT_TAKER;BOT_MAKER;HYDROGEL_PACK;XIRECS;9860.0;5
64100;BOT_MAKER;BOT_TAKER;VELVETFRUIT_EXTRACT;XIRECS;5246.0;6
64100;BOT_MAKER;BOT_TAKER;VELVETFRUIT_EXTRACT;XIRECS;5246.0;8
64100;BOT_MAKER;BOT_TAKER;VEV_6000;XIRECS;0.0;5
64200;BOT_TAKER;BOT_MAKER;VEV_4000;XIRECS;1253.0;3
64300;BOT_TAKER;BOT_MAKER;VELVETFRUIT_EXTRACT;XIRECS;5250.0;8
64500;BOT_TAKER;BOT_MAKER;HYDROGEL_PACK;XIRECS;9857.0;6
64500;BOT_TAKER;BOT_MAKER;VELVETFRUIT_EXTRACT;XIRECS;5251.0;7
64700;BOT_MAKER;BOT_TAKER;HYDROGEL_PACK;XIRECS;9841.0;6
64700;SUBMISSION;BOT_TAKER;VELVETFRUIT_EXTRACT;XIRECS;5245.0;3
64800;BOT_TAKER;BOT_MAKER;VEV_5400;XIRECS;18.0;4
64800;BOT_TAKER;BOT_MAKER;VEV_5500;XIRECS;7.0;5
64800;BOT_MAKER;BOT_TAKER;VEV_5500;XIRECS;6.0;4
64900;BOT_MAKER;BOT_TAKER;VEV_4000;XIRECS;1233.0;1
64900;BOT_MAKER;BOT_TAKER;VEV_6500;XIRECS;0.0;2
65200;BOT_TAKER;BOT_MAKER;VEV_4000;XIRECS;1253.0;1
65300;BOT_TAKER;BOT_MAKER;HYDROGEL_PACK;XIRECS;9850.0;6
65400;BOT_TAKER;BOT_MAKER;HYDROGEL_PACK;XIRECS;9852.0;5
65400;BOT_MAKER;BOT_TAKER;VEV_4000;XIRECS;1232.0;3
65500;BOT_MAKER;BOT_TAKER;VELVETFRUIT_EXTRACT;XIRECS;5247.0;7
65500;BOT_MAKER;BOT_TAKER;VEV_6000;XIRECS;0.0;2
65600;BOT_TAKER;BOT_MAKER;VEV_6000;XIRECS;1.0;4
65700;BOT_MAKER;BOT_TAKER;HYDROGEL_PACK;XIRECS;9835.0;2
65700;BOT_MAKER;BOT_TAKER;VEV_6500;XIRECS;0.0;4
65900;BOT_MAKER;BOT_TAKER;HYDROGEL_PACK;XIRECS;9834.0;5
65900;BOT_TAKER;BOT_MAKER;VELVETFRUIT_EXTRACT;XIRECS;5253.0;7
66100;SUBMISSION;BOT_TAKER;HYDROGEL_PACK;XIRECS;9837.0;3
66200;BOT_MAKER;BOT_TAKER;VELVETFRUIT_EXTRACT;XIRECS;5249.0;6
66300;BOT_MAKER;BOT_TAKER;VELVETFRUIT_EXTRACT;XIRECS;5249.0;5
66400;BOT_TAKER;BOT_MAKER;HYDROGEL_PACK;XIRECS;9855.0;6
66500;BOT_MAKER;BOT_TAKER;VELVETFRUIT_EXTRACT;XIRECS;5249.0;13
66500;BOT_MAKER;BOT_TAKER;VEV_5500;XIRECS;6.0;3
66500;BOT_TAKER;SUBMISSION;HYDROGEL_PACK;XIRECS;9855.0;2
66600;BOT_TAKER;BOT_MAKER;VELVETFRUIT_EXTRACT;XIRECS;5252.0;7
66700;BOT_TAKER;BOT_MAKER;VEV_5500;XIRECS;7.0;3
66800;BOT_TAKER;BOT_MAKER;VELVETFRUIT_EXTRACT;XIRECS;5253.0;6
66800;BOT_TAKER;BOT_MAKER;VEV_6500;XIRECS;1.0;3
66900;BOT_TAKER;BOT_MAKER;VELVETFRUIT_EXTRACT;XIRECS;5252.0;10
66900;SUBMISSION;BOT_TAKER;VELVETFRUIT_EXTRACT;XIRECS;5248.0;3
67000;BOT_TAKER;BOT_MAKER;VEV_5500;XIRECS;7.0;5
67100;BOT_TAKER;SUBMISSION;VELVETFRUIT_EXTRACT;XIRECS;5251.0;5
67100;BOT_TAKER;BOT_MAKER;VELVETFRUIT_EXTRACT;XIRECS;5252.0;1
67300;BOT_TAKER;BOT_MAKER;HYDROGEL_PACK;XIRECS;9861.0;5
67300;BOT_TAKER;BOT_MAKER;VELVETFRUIT_EXTRACT;XIRECS;5255.0;8
67400;SUBMISSION;BOT_TAKER;VELVETFRUIT_EXTRACT;XIRECS;5251.0;4
67600;BOT_MAKER;BOT_TAKER;HYDROGEL_PACK;XIRECS;9844.0;3
67600;BOT_MAKER;BOT_TAKER;VELVETFRUIT_EXTRACT;XIRECS;5250.0;8
67600;BOT_TAKER;BOT_MAKER;VELVETFRUIT_EXTRACT;XIRECS;5255.0;8
67800;BOT_MAKER;BOT_TAKER;HYDROGEL_PACK;XIRECS;9845.0;4
67900;BOT_TAKER;BOT_MAKER;VELVETFRUIT_EXTRACT;XIRECS;5254.0;7
68100;BOT_MAKER;BOT_TAKER;HYDROGEL_PACK;XIRECS;9848.0;5
68100;BOT_TAKER;BOT_MAKER;VELVETFRUIT_EXTRACT;XIRECS;5254.0;6
68100;BOT_MAKER;BOT_TAKER;VEV_4000;XIRECS;1221.0;1
68200;BOT_MAKER;BOT_TAKER;VELVETFRUIT_EXTRACT;XIRECS;5248.0;7
68300;BOT_TAKER;BOT_MAKER;VELVETFRUIT_EXTRACT;XIRECS;5255.0;12
68300;BOT_TAKER;SUBMISSION;VEV_4000;XIRECS;1243.0;2
68400;BOT_TAKER;BOT_MAKER;HYDROGEL_PACK;XIRECS;9859.0;5
68400;BOT_MAKER;BOT_TAKER;VELVETFRUIT_EXTRACT;XIRECS;5250.0;3
68400;BOT_TAKER;BOT_MAKER;VEV_4000;XIRECS;1245.0;2
68400;BOT_TAKER;SUBMISSION;VELVETFRUIT_EXTRACT;XIRECS;5254.0;5
68400;BOT_TAKER;BOT_MAKER;VELVETFRUIT_EXTRACT;XIRECS;5255.0;3
68500;BOT_MAKER;BOT_TAKER;HYDROGEL_PACK;XIRECS;9842.0;2
68500;BOT_TAKER;BOT_MAKER;VELVETFRUIT_EXTRACT;XIRECS;5256.0;3
68600;BOT_MAKER;BOT_TAKER;VEV_5400;XIRECS;17.0;4
68600;BOT_MAKER;BOT_TAKER;VEV_6000;XIRECS;0.0;5
68700;BOT_TAKER;BOT_MAKER;VEV_4000;XIRECS;1247.0;3
68900;BOT_TAKER;SUBMISSION;HYDROGEL_PACK;XIRECS;9852.0;5
69000;BOT_TAKER;BOT_MAKER;VELVETFRUIT_EXTRACT;XIRECS;5256.0;5
69100;BOT_TAKER;BOT_MAKER;VELVETFRUIT_EXTRACT;XIRECS;5257.0;7
69200;BOT_MAKER;BOT_TAKER;VELVETFRUIT_EXTRACT;XIRECS;5250.0;6
69400;BOT_MAKER;BOT_TAKER;HYDROGEL_PACK;XIRECS;9838.0;6
69500;BOT_TAKER;BOT_MAKER;HYDROGEL_PACK;XIRECS;9853.0;6
69500;BOT_MAKER;BOT_TAKER;VELVETFRUIT_EXTRACT;XIRECS;5249.0;5
69500;BOT_MAKER;BOT_TAKER;VEV_6500;XIRECS;0.0;2
69600;BOT_MAKER;BOT_TAKER;HYDROGEL_PACK;XIRECS;9835.0;6
69600;BOT_TAKER;BOT_MAKER;VELVETFRUIT_EXTRACT;XIRECS;5253.0;7
69700;BOT_MAKER;BOT_TAKER;VELVETFRUIT_EXTRACT;XIRECS;5247.0;4
70000;BOT_MAKER;BOT_TAKER;HYDROGEL_PACK;XIRECS;9827.0;5
70000;BOT_TAKER;BOT_MAKER;VELVETFRUIT_EXTRACT;XIRECS;5255.0;10
70000;BOT_TAKER;SUBMISSION;HYDROGEL_PACK;XIRECS;9842.0;5
70000;BOT_TAKER;BOT_MAKER;HYDROGEL_PACK;XIRECS;9843.0;1
70200;BOT_TAKER;BOT_MAKER;HYDROGEL_PACK;XIRECS;9847.0;5
70200;BOT_MAKER;BOT_TAKER;VELVETFRUIT_EXTRACT;XIRECS;5250.0;8
70300;BOT_MAKER;BOT_TAKER;VELVETFRUIT_EXTRACT;XIRECS;5252.0;8
70300;BOT_MAKER;BOT_TAKER;VEV_6000;XIRECS;0.0;2
70300;BOT_MAKER;BOT_TAKER;VEV_6500;XIRECS;0.0;5
70400;BOT_MAKER;BOT_TAKER;HYDROGEL_PACK;XIRECS;9834.0;4
70400;BOT_MAKER;BOT_TAKER;VEV_6500;XIRECS;0.0;3
70600;BOT_TAKER;BOT_MAKER;HYDROGEL_PACK;XIRECS;9851.0;4
70600;BOT_TAKER;BOT_MAKER;VELVETFRUIT_EXTRACT;XIRECS;5259.0;5
70700;BOT_MAKER;BOT_TAKER;HYDROGEL_PACK;XIRECS;9830.0;5
70800;BOT_TAKER;BOT_MAKER;VEV_4000;XIRECS;1251.0;2
70900;BOT_MAKER;BOT_TAKER;VELVETFRUIT_EXTRACT;XIRECS;5252.0;7
71000;BOT_TAKER;BOT_MAKER;VELVETFRUIT_EXTRACT;XIRECS;5256.0;8
71100;BOT_MAKER;BOT_TAKER;VELVETFRUIT_EXTRACT;XIRECS;5252.0;3
71300;BOT_TAKER;BOT_MAKER;VEV_4000;XIRECS;1248.0;3
71400;BOT_MAKER;BOT_TAKER;HYDROGEL_PACK;XIRECS;9827.0;3
71400;BOT_TAKER;BOT_MAKER;VELVETFRUIT_EXTRACT;XIRECS;5259.0;6
71400;BOT_TAKER;BOT_MAKER;VEV_4000;XIRECS;1248.0;2
71400;BOT_MAKER;BOT_TAKER;VEV_5500;XIRECS;6.0;3
71500;BOT_MAKER;BOT_TAKER;VELVETFRUIT_EXTRACT;XIRECS;5254.0;8
71700;BOT_TAKER;BOT_MAKER;VELVETFRUIT_EXTRACT;XIRECS;5260.0;7
71700;BOT_MAKER;BOT_TAKER;VEV_6000;XIRECS;0.0;4
71800;BOT_TAKER;BOT_MAKER;VEV_6500;XIRECS;1.0;4
72000;BOT_TAKER;SUBMISSION;VELVETFRUIT_EXTRACT;XIRECS;5259.0;3
72100;BOT_MAKER;BOT_TAKER;HYDROGEL_PACK;XIRECS;9825.0;2
72100;BOT_TAKER;BOT_MAKER;VEV_6500;XIRECS;1.0;4
72200;BOT_TAKER;BOT_MAKER;VELVETFRUIT_EXTRACT;XIRECS;5262.0;7
72200;BOT_MAKER;BOT_TAKER;VEV_6500;XIRECS;0.0;4
72300;BOT_MAKER;BOT_TAKER;VELVETFRUIT_EXTRACT;XIRECS;5258.0;8
72400;BOT_TAKER;BOT_MAKER;VELVETFRUIT_EXTRACT;XIRECS;5262.0;8
72500;BOT_MAKER;BOT_TAKER;VEV_6500;XIRECS;0.0;2
72600;BOT_MAKER;BOT_TAKER;HYDROGEL_PACK;XIRECS;9831.0;5
72600;BOT_MAKER;BOT_TAKER;VEV_4000;XIRECS;1224.0;2
72600;BOT_TAKER;BOT_MAKER;VEV_5500;XIRECS;7.0;3
72600;SUBMISSION;BOT_TAKER;VELVETFRUIT_EXTRACT;XIRECS;5258.0;5
72600;BOT_MAKER;BOT_TAKER;VELVETFRUIT_EXTRACT;XIRECS;5257.0;2
72700;BOT_TAKER;BOT_MAKER;VELVETFRUIT_EXTRACT;XIRECS;5262.0;7
72700;BOT_MAKER;BOT_TAKER;VEV_4000;XIRECS;1223.0;2
72800;BOT_TAKER;BOT_MAKER;VELVETFRUIT_EXTRACT;XIRECS;5262.0;6
72900;BOT_TAKER;BOT_MAKER;HYDROGEL_PACK;XIRECS;9843.0;2
72900;BOT_MAKER;BOT_TAKER;VELVETFRUIT_EXTRACT;XIRECS;5256.0;6
72900;BOT_TAKER;BOT_MAKER;VEV_4000;XIRECS;1246.0;3
73000;BOT_TAKER;BOT_MAKER;VELVETFRUIT_EXTRACT;XIRECS;5264.0;6
73000;BOT_MAKER;BOT_TAKER;VEV_4000;XIRECS;1223.0;2
73000;BOT_TAKER;BOT_MAKER;VEV_5500;XIRECS;7.0;4
73200;BOT_TAKER;BOT_MAKER;HYDROGEL_PACK;XIRECS;9844.0;6
73300;BOT_TAKER;BOT_MAKER;VELVETFRUIT_EXTRACT;XIRECS;5262.0;8
73400;BOT_MAKER;BOT_TAKER;VELVETFRUIT_EXTRACT;XIRECS;5258.0;3
73400;BOT_TAKER;BOT_MAKER;VEV_5300;XIRECS;63.0;2
73500;BOT_TAKER;BOT_MAKER;HYDROGEL_PACK;XIRECS;9844.0;4
73500;BOT_TAKER;BOT_MAKER;VELVETFRUIT_EXTRACT;XIRECS;5264.0;7
73500;BOT_TAKER;BOT_MAKER;VEV_4000;XIRECS;1242.0;1
73500;BOT_TAKER;BOT_MAKER;VEV_6000;XIRECS;1.0;3
73600;BOT_TAKER;BOT_MAKER;HYDROGEL_PACK;XIRECS;9847.0;2
73600;BOT_TAKER;BOT_MAKER;VELVETFRUIT_EXTRACT;XIRECS;5264.0;4
73600;BOT_TAKER;BOT_MAKER;VEV_4000;XIRECS;1243.0;2
73600;BOT_MAKER;BOT_TAKER;VEV_6000;XIRECS;0.0;2
73700;BOT_MAKER;BOT_TAKER;HYDROGEL_PACK;XIRECS;9833.0;4
73700;BOT_TAKER;BOT_MAKER;VELVETFRUIT_EXTRACT;XIRECS;5265.0;5
73800;BOT_TAKER;BOT_MAKER;VEV_5500;XIRECS;7.0;2
73900;BOT_TAKER;BOT_MAKER;VELVETFRUIT_EXTRACT;XIRECS;5266.0;8
74200;BOT_MAKER;BOT_TAKER;HYDROGEL_PACK;XIRECS;9845.0;5
74200;BOT_MAKER;BOT_TAKER;VEV_6000;XIRECS;0.0;4
74300;BOT_MAKER;BOT_TAKER;HYDROGEL_PACK;XIRECS;9844.0;2
74300;BOT_MAKER;BOT_TAKER;VEV_5500;XIRECS;6.0;4
74300;BOT_MAKER;BOT_TAKER;VEV_6000;XIRECS;0.0;4
74400;BOT_TAKER;BOT_MAKER;HYDROGEL_PACK;XIRECS;9861.0;3
74400;BOT_TAKER;BOT_MAKER;VELVETFRUIT_EXTRACT;XIRECS;5264.0;13
74400;SUBMISSION;BOT_TAKER;HYDROGEL_PACK;XIRECS;9846.0;2
74400;SUBMISSION;BOT_TAKER;VEV_4000;XIRECS;1220.0;3
74500;BOT_MAKER;BOT_TAKER;HYDROGEL_PACK;XIRECS;9848.0;4
74700;BOT_TAKER;BOT_MAKER;VELVETFRUIT_EXTRACT;XIRECS;5264.0;5
74800;BOT_MAKER;BOT_TAKER;VEV_6000;XIRECS;0.0;5
74900;BOT_MAKER;BOT_TAKER;VELVETFRUIT_EXTRACT;XIRECS;5257.0;6
75100;BOT_MAKER;BOT_TAKER;VELVETFRUIT_EXTRACT;XIRECS;5257.0;7
75100;BOT_MAKER;BOT_TAKER;VELVETFRUIT_EXTRACT;XIRECS;5257.0;6
75200;BOT_MAKER;BOT_TAKER;VELVETFRUIT_EXTRACT;XIRECS;5257.0;6
75200;BOT_MAKER;BOT_TAKER;VEV_6000;XIRECS;0.0;2
75200;SUBMISSION;BOT_TAKER;VELVETFRUIT_EXTRACT;XIRECS;5258.0;5
75300;BOT_TAKER;SUBMISSION;VEV_4000;XIRECS;1235.0;2
75400;BOT_MAKER;BOT_TAKER;VELVETFRUIT_EXTRACT;XIRECS;5258.0;12
75400;BOT_TAKER;BOT_MAKER;VEV_6500;XIRECS;1.0;2
75600;BOT_MAKER;BOT_TAKER;VELVETFRUIT_EXTRACT;XIRECS;5257.0;14
75700;BOT_MAKER;BOT_TAKER;HYDROGEL_PACK;XIRECS;9845.0;2
75700;BOT_TAKER;BOT_MAKER;VEV_5500;XIRECS;7.0;2
75800;BOT_MAKER;BOT_TAKER;VEV_5500;XIRECS;6.0;2
75900;BOT_TAKER;BOT_MAKER;VELVETFRUIT_EXTRACT;XIRECS;5261.0;3
76100;BOT_MAKER;BOT_TAKER;HYDROGEL_PACK;XIRECS;9842.0;6
76100;BOT_TAKER;BOT_MAKER;VELVETFRUIT_EXTRACT;XIRECS;5259.0;5
76100;BOT_TAKER;BOT_MAKER;VEV_4000;XIRECS;1236.0;3
76200;BOT_MAKER;BOT_TAKER;VELVETFRUIT_EXTRACT;XIRECS;5254.0;8
76300;BOT_MAKER;BOT_TAKER;HYDROGEL_PACK;XIRECS;9841.0;2
76300;BOT_TAKER;BOT_MAKER;VEV_5400;XIRECS;20.0;3
76300;BOT_TAKER;BOT_MAKER;VEV_6000;XIRECS;1.0;5
76300;SUBMISSION;BOT_TAKER;HYDROGEL_PACK;XIRECS;9842.0;2
76400;BOT_MAKER;BOT_TAKER;VELVETFRUIT_EXTRACT;XIRECS;5253.0;7
76500;BOT_MAKER;BOT_TAKER;VELVETFRUIT_EXTRACT;XIRECS;5255.0;8
76700;BOT_MAKER;BOT_TAKER;VELVETFRUIT_EXTRACT;XIRECS;5256.0;6
76900;BOT_MAKER;BOT_TAKER;HYDROGEL_PACK;XIRECS;9847.0;6
77000;BOT_TAKER;BOT_MAKER;HYDROGEL_PACK;XIRECS;9863.0;2
77000;BOT_MAKER;BOT_TAKER;VELVETFRUIT_EXTRACT;XIRECS;5256.0;5
77000;BOT_MAKER;BOT_TAKER;VEV_5300;XIRECS;61.0;4
77100;BOT_TAKER;BOT_MAKER;HYDROGEL_PACK;XIRECS;9862.0;6
77100;BOT_MAKER;BOT_TAKER;VEV_5400;XIRECS;18.0;4
77100;BOT_MAKER;BOT_TAKER;VEV_6500;XIRECS;0.0;2
77200;BOT_MAKER;BOT_TAKER;VEV_6000;XIRECS;0.0;4
77300;BOT_MAKER;BOT_TAKER;VELVETFRUIT_EXTRACT;XIRECS;5255.0;4
77400;BOT_TAKER;BOT_MAKER;HYDROGEL_PACK;XIRECS;9860.0;3
77400;BOT_TAKER;BOT_MAKER;VELVETFRUIT_EXTRACT;XIRECS;5261.0;4
77500;BOT_TAKER;BOT_MAKER;VELVETFRUIT_EXTRACT;XIRECS;5260.0;3
77600;BOT_MAKER;BOT_TAKER;VELVETFRUIT_EXTRACT;XIRECS;5254.0;8
77800;BOT_TAKER;BOT_MAKER;HYDROGEL_PACK;XIRECS;9862.0;2
77800;BOT_TAKER;BOT_MAKER;VELVETFRUIT_EXTRACT;XIRECS;5261.0;5
77900;BOT_TAKER;BOT_MAKER;HYDROGEL_PACK;XIRECS;9863.0;3
77900;BOT_MAKER;BOT_TAKER;VELVETFRUIT_EXTRACT;XIRECS;5255.0;6
78000;BOT_MAKER;BOT_TAKER;VELVETFRUIT_EXTRACT;XIRECS;5255.0;3
78200;BOT_TAKER;BOT_MAKER;VELVETFRUIT_EXTRACT;XIRECS;5259.0;4
78200;BOT_TAKER;BOT_MAKER;VEV_4000;XIRECS;1230.0;3
78300;BOT_TAKER;BOT_MAKER;HYDROGEL_PACK;XIRECS;9865.0;5
78300;BOT_MAKER;BOT_TAKER;VELVETFRUIT_EXTRACT;XIRECS;5254.0;5
78300;BOT_MAKER;BOT_TAKER;VEV_5500;XIRECS;6.0;2
78300;SUBMISSION;BOT_TAKER;VEV_4000;XIRECS;1212.0;2
78400;BOT_MAKER;BOT_TAKER;VELVETFRUIT_EXTRACT;XIRECS;5255.0;4
78500;BOT_MAKER;BOT_TAKER;HYDROGEL_PACK;XIRECS;9849.0;5
78500;BOT_TAKER;BOT_MAKER;VELVETFRUIT_EXTRACT;XIRECS;5261.0;5
78700;BOT_MAKER;BOT_TAKER;HYDROGEL_PACK;XIRECS;9849.0;3
78700;BOT_TAKER;BOT_MAKER;VELVETFRUIT_EXTRACT;XIRECS;5263.0;5
78700;BOT_TAKER;BOT_MAKER;VEV_4000;XIRECS;1232.0;3
78900;BOT_MAKER;BOT_TAKER;HYDROGEL_PACK;XIRECS;9853.0;2
79000;BOT_TAKER;BOT_MAKER;VEV_5500;XIRECS;7.0;2
79100;BOT_TAKER;BOT_MAKER;HYDROGEL_PACK;XIRECS;9871.0;2
79100;BOT_MAKER;BOT_TAKER;VELVETFRUIT_EXTRACT;XIRECS;5257.0;4
79200;BOT_MAKER;BOT_TAKER;VEV_5500;XIRECS;6.0;2
79300;BOT_TAKER;BOT_MAKER;VELVETFRUIT_EXTRACT;XIRECS;5262.0;9
79400;BOT_TAKER;SUBMISSION;VEV_4000;XIRECS;1228.0;3
79500;BOT_MAKER;BOT_TAKER;VELVETFRUIT_EXTRACT;XIRECS;5256.0;6
79500;BOT_TAKER;BOT_MAKER;VEV_6500;XIRECS;1.0;4
79900;BOT_TAKER;BOT_MAKER;VEV_5500;XIRECS;7.0;2
79900;BOT_MAKER;BOT_TAKER;VEV_5500;XIRECS;6.0;3
80000;BOT_TAKER;BOT_MAKER;HYDROGEL_PACK;XIRECS;9867.0;3
80000;BOT_MAKER;BOT_TAKER;VELVETFRUIT_EXTRACT;XIRECS;5258.0;6
80000;BOT_MAKER;BOT_TAKER;VEV_4000;XIRECS;1209.0;1
80100;BOT_TAKER;BOT_MAKER;HYDROGEL_PACK;XIRECS;9865.0;5
80100;BOT_MAKER;BOT_TAKER;VEV_6000;XIRECS;0.0;5
80100;SUBMISSION;BOT_TAKER;HYDROGEL_PACK;XIRECS;9850.0;5
80100;BOT_MAKER;BOT_TAKER;HYDROGEL_PACK;XIRECS;9849.0;1
80300;BOT_MAKER;BOT_TAKER;VEV_5300;XIRECS;60.0;5
80300;BOT_MAKER;BOT_TAKER;VEV_6500;XIRECS;0.0;5
80300;BOT_TAKER;SUBMISSION;HYDROGEL_PACK;XIRECS;9861.0;5
80300;BOT_TAKER;BOT_MAKER;HYDROGEL_PACK;XIRECS;9862.0;1
80400;BOT_TAKER;BOT_MAKER;VEV_6000;XIRECS;1.0;5
80500;BOT_MAKER;BOT_TAKER;VELVETFRUIT_EXTRACT;XIRECS;5261.0;4
80600;BOT_TAKER;BOT_MAKER;VELVETFRUIT_EXTRACT;XIRECS;5266.0;6
80600;BOT_TAKER;BOT_MAKER;VEV_5400;XIRECS;18.0;5
80700;BOT_MAKER;BOT_TAKER;HYDROGEL_PACK;XIRECS;9849.0;2
80700;BOT_MAKER;BOT_TAKER;VELVETFRUIT_EXTRACT;XIRECS;5260.0;8
80800;BOT_TAKER;BOT_MAKER;HYDROGEL_PACK;XIRECS;9865.0;4
80800;BOT_MAKER;BOT_TAKER;VELVETFRUIT_EXTRACT;XIRECS;5258.0;8
80800;BOT_MAKER;BOT_TAKER;VEV_4000;XIRECS;1211.0;2
80800;SUBMISSION;BOT_TAKER;HYDROGEL_PACK;XIRECS;9850.0;3
80900;BOT_TAKER;BOT_MAKER;VEV_6000;XIRECS;1.0;3
81000;BOT_MAKER;BOT_TAKER;HYDROGEL_PACK;XIRECS;9855.0;3
81100;BOT_MAKER;BOT_TAKER;VEV_6500;XIRECS;0.0;5
81300;BOT_TAKER;BOT_MAKER;VEV_6500;XIRECS;1.0;5
81400;BOT_TAKER;BOT_MAKER;VEV_5400;XIRECS;18.0;4
81500;BOT_TAKER;BOT_MAKER;HYDROGEL_PACK;XIRECS;9861.0;5
81500;BOT_TAKER;BOT_MAKER;VEV_6000;XIRECS;1.0;3
81600;BOT_MAKER;BOT_TAKER;VELVETFRUIT_EXTRACT;XIRECS;5258.0;8
81700;BOT_MAKER;BOT_TAKER;VELVETFRUIT_EXTRACT;XIRECS;5258.0;6
81700;BOT_MAKER;BOT_TAKER;VEV_6500;XIRECS;0.0;4
81800;BOT_TAKER;SUBMISSION;HYDROGEL_PACK;XIRECS;9859.0;5
81800;BOT_TAKER;BOT_MAKER;HYDROGEL_PACK;XIRECS;9860.0;1
81800;SUBMISSION;BOT_TAKER;VELVETFRUIT_EXTRACT;XIRECS;5258.0;5
81800;BOT_MAKER;BOT_TAKER;VELVETFRUIT_EXTRACT;XIRECS;5257.0;2
81900;BOT_TAKER;BOT_MAKER;HYDROGEL_PACK;XIRECS;9864.0;3
82200;BOT_MAKER;BOT_TAKER;VELVETFRUIT_EXTRACT;XIRECS;5258.0;7
82500;BOT_MAKER;BOT_TAKER;VELVETFRUIT_EXTRACT;XIRECS;5256.0;11
82500;BOT_MAKER;BOT_TAKER;VEV_5400;XIRECS;18.0;2
82600;BOT_TAKER;BOT_MAKER;HYDROGEL_PACK;XIRECS;9867.0;6
82600;BOT_MAKER;BOT_TAKER;VEV_6500;XIRECS;0.0;4
82700;BOT_MAKER;BOT_TAKER;VELVETFRUIT_EXTRACT;XIRECS;5255.0;5
82700;BOT_MAKER;BOT_TAKER;VEV_5400;XIRECS;17.0;3
82700;BOT_MAKER;BOT_TAKER;VEV_6500;XIRECS;0.0;2
82800;BOT_MAKER;BOT_TAKER;VELVETFRUIT_EXTRACT;XIRECS;5255.0;3
82900;BOT_TAKER;BOT_MAKER;HYDROGEL_PACK;XIRECS;9866.0;6
82900;BOT_TAKER;SUBMISSION;VEV_4000;XIRECS;1224.0;1
83000;BOT_TAKER;BOT_MAKER;HYDROGEL_PACK;XIRECS;9864.0;6
83000;BOT_TAKER;BOT_MAKER;VEV_5200;XIRECS;92.0;3
83000;BOT_MAKER;BOT_TAKER;VEV_6500;XIRECS;0.0;5
83100;BOT_MAKER;BOT_TAKER;HYDROGEL_PACK;XIRECS;9847.0;6
83200;BOT_MAKER;BOT_TAKER;HYDROGEL_PACK;XIRECS;9846.0;3
83200;BOT_MAKER;BOT_TAKER;VELVETFRUIT_EXTRACT;XIRECS;5257.0;6
83300;BOT_TAKER;BOT_MAKER;HYDROGEL_PACK;XIRECS;9860.0;5
83300;BOT_TAKER;BOT_MAKER;VELVETFRUIT_EXTRACT;XIRECS;5262.0;3
83500;BOT_MAKER;BOT_TAKER;HYDROGEL_PACK;XIRECS;9846.0;2
83600;BOT_MAKER;BOT_TAKER;VEV_4000;XIRECS;1203.0;3
83700;BOT_TAKER;BOT_MAKER;HYDROGEL_PACK;XIRECS;9862.0;5
83800;BOT_MAKER;BOT_TAKER;VELVETFRUIT_EXTRACT;XIRECS;5258.0;4
83900;BOT_TAKER;BOT_MAKER;VELVETFRUIT_EXTRACT;XIRECS;5264.0;3
84000;BOT_TAKER;BOT_MAKER;HYDROGEL_PACK;XIRECS;9861.0;3
84000;BOT_MAKER;BOT_TAKER;VEV_4000;XIRECS;1203.0;2
84000;BOT_TAKER;SUBMISSION;VELVETFRUIT_EXTRACT;XIRECS;5264.0;5
84000;BOT_TAKER;BOT_MAKER;VELVETFRUIT_EXTRACT;XIRECS;5265.0;2
84200;BOT_TAKER;BOT_MAKER;HYDROGEL_PACK;XIRECS;9864.0;2
84400;BOT_MAKER;BOT_TAKER;HYDROGEL_PACK;XIRECS;9846.0;6
84400;BOT_MAKER;BOT_TAKER;VELVETFRUIT_EXTRACT;XIRECS;5259.0;6
84500;BOT_MAKER;BOT_TAKER;VELVETFRUIT_EXTRACT;XIRECS;5259.0;7
84600;BOT_MAKER;BOT_TAKER;VELVETFRUIT_EXTRACT;XIRECS;5258.0;8
84600;BOT_TAKER;SUBMISSION;HYDROGEL_PACK;XIRECS;9860.0;5
84700;BOT_TAKER;BOT_MAKER;VEV_6500;XIRECS;1.0;2
84800;BOT_MAKER;BOT_TAKER;VEV_6500;XIRECS;0.0;2
84900;BOT_MAKER;BOT_TAKER;VELVETFRUIT_EXTRACT;XIRECS;5256.0;8
84900;BOT_MAKER;BOT_TAKER;VEV_4000;XIRECS;1206.0;2
85100;BOT_TAKER;BOT_MAKER;VEV_5400;XIRECS;19.0;2
85100;BOT_TAKER;SUBMISSION;VEV_4000;XIRECS;1224.0;3
85200;BOT_MAKER;BOT_TAKER;VEV_4000;XIRECS;1206.0;1
85200;SUBMISSION;BOT_TAKER;VEV_4000;XIRECS;1207.0;3
85300;BOT_MAKER;BOT_TAKER;VEV_6500;XIRECS;0.0;5
85400;BOT_TAKER;BOT_MAKER;HYDROGEL_PACK;XIRECS;9854.0;6
85400;BOT_MAKER;BOT_TAKER;VEV_6000;XIRECS;0.0;5
85500;BOT_MAKER;BOT_TAKER;VELVETFRUIT_EXTRACT;XIRECS;5256.0;6
85600;BOT_TAKER;BOT_MAKER;HYDROGEL_PACK;XIRECS;9856.0;5
85600;BOT_TAKER;BOT_MAKER;VELVETFRUIT_EXTRACT;XIRECS;5262.0;4
85900;BOT_TAKER;BOT_MAKER;VELVETFRUIT_EXTRACT;XIRECS;5260.0;3
86200;BOT_MAKER;BOT_TAKER;HYDROGEL_PACK;XIRECS;9848.0;2
86300;BOT_MAKER;BOT_TAKER;VELVETFRUIT_EXTRACT;XIRECS;5254.0;3
86300;BOT_MAKER;BOT_TAKER;VELVETFRUIT_EXTRACT;XIRECS;5254.0;7
86400;BOT_TAKER;BOT_MAKER;HYDROGEL_PACK;XIRECS;9864.0;4
86400;BOT_MAKER;BOT_TAKER;VEV_4000;XIRECS;1203.0;2
86400;SUBMISSION;BOT_TAKER;VEV_4000;XIRECS;1204.0;1
86600;BOT_MAKER;BOT_TAKER;VELVETFRUIT_EXTRACT;XIRECS;5253.0;4
86700;BOT_TAKER;BOT_MAKER;HYDROGEL_PACK;XIRECS;9867.0;2
86800;BOT_MAKER;BOT_TAKER;VELVETFRUIT_EXTRACT;XIRECS;5253.0;14
86900;BOT_TAKER;BOT_MAKER;VELVETFRUIT_EXTRACT;XIRECS;5259.0;3
86900;BOT_TAKER;BOT_MAKER;VEV_5500;XIRECS;7.0;5
87000;SUBMISSION;BOT_TAKER;VEV_4000;XIRECS;1204.0;1
87100;BOT_TAKER;BOT_MAKER;HYDROGEL_PACK;XIRECS;9866.0;2
87100;BOT_TAKER;BOT_MAKER;VELVETFRUIT_EXTRACT;XIRECS;5259.0;10
87100;BOT_TAKER;BOT_MAKER;VEV_5500;XIRECS;7.0;4
87100;BOT_TAKER;SUBMISSION;VEV_4000;XIRECS;1222.0;2
87200;BOT_TAKER;BOT_MAKER;VELVETFRUIT_EXTRACT;XIRECS;5259.0;6
87200;SUBMISSION;BOT_TAKER;VELVETFRUIT_EXTRACT;XIRECS;5254.0;5
87300;BOT_MAKER;BOT_TAKER;VEV_6000;XIRECS;0.0;2
87600;SUBMISSION;BOT_TAKER;HYDROGEL_PACK;XIRECS;9845.0;5
87600;BOT_MAKER;BOT_TAKER;HYDROGEL_PACK;XIRECS;9844.0;1
87700;BOT_MAKER;BOT_TAKER;VELVETFRUIT_EXTRACT;XIRECS;5254.0;4
87800;BOT_TAKER;BOT_MAKER;VELVETFRUIT_EXTRACT;XIRECS;5260.0;4
87900;BOT_MAKER;BOT_TAKER;VELVETFRUIT_EXTRACT;XIRECS;5256.0;7
88000;BOT_MAKER;BOT_TAKER;VELVETFRUIT_EXTRACT;XIRECS;5257.0;10
88100;BOT_TAKER;BOT_MAKER;VELVETFRUIT_EXTRACT;XIRECS;5262.0;8
88100;BOT_TAKER;SUBMISSION;HYDROGEL_PACK;XIRECS;9862.0;4
88200;BOT_MAKER;BOT_TAKER;VELVETFRUIT_EXTRACT;XIRECS;5255.0;5
88200;BOT_TAKER;SUBMISSION;VEV_4000;XIRECS;1216.0;2
88300;BOT_MAKER;BOT_TAKER;HYDROGEL_PACK;XIRECS;9849.0;2
88300;BOT_TAKER;BOT_MAKER;VELVETFRUIT_EXTRACT;XIRECS;5262.0;8
88400;BOT_TAKER;BOT_MAKER;VEV_4000;XIRECS;1216.0;2
88400;SUBMISSION;BOT_TAKER;VEV_4000;XIRECS;1196.0;1
88500;BOT_MAKER;BOT_TAKER;VEV_4000;XIRECS;1197.0;2
88700;SUBMISSION;BOT_TAKER;VEV_4000;XIRECS;1198.0;3
88900;BOT_TAKER;SUBMISSION;VELVETFRUIT_EXTRACT;XIRECS;5262.0;5
88900;BOT_TAKER;BOT_MAKER;VELVETFRUIT_EXTRACT;XIRECS;5263.0;1
89000;BOT_TAKER;BOT_MAKER;HYDROGEL_PACK;XIRECS;9876.0;4
89000;BOT_MAKER;BOT_TAKER;VELVETFRUIT_EXTRACT;XIRECS;5259.0;5
89000;BOT_MAKER;BOT_TAKER;VEV_6500;XIRECS;0.0;4
89100;BOT_MAKER;BOT_TAKER;VELVETFRUIT_EXTRACT;XIRECS;5258.0;5
89100;BOT_MAKER;BOT_TAKER;VEV_5500;XIRECS;6.0;3
89100;SUBMISSION;BOT_TAKER;VELVETFRUIT_EXTRACT;XIRECS;5259.0;5
89100;BOT_MAKER;BOT_TAKER;VELVETFRUIT_EXTRACT;XIRECS;5258.0;2
89200;BOT_TAKER;BOT_MAKER;HYDROGEL_PACK;XIRECS;9875.0;3
89200;BOT_TAKER;BOT_MAKER;VELVETFRUIT_EXTRACT;XIRECS;5265.0;12
89200;BOT_TAKER;BOT_MAKER;VEV_5500;XIRECS;7.0;3
89300;BOT_TAKER;BOT_MAKER;HYDROGEL_PACK;XIRECS;9872.0;2
89300;BOT_MAKER;BOT_TAKER;VELVETFRUIT_EXTRACT;XIRECS;5258.0;6
89300;BOT_MAKER;BOT_TAKER;VEV_5400;XIRECS;17.0;4
89300;BOT_MAKER;BOT_TAKER;VEV_6000;XIRECS;0.0;4
89400;BOT_TAKER;BOT_MAKER;HYDROGEL_PACK;XIRECS;9872.0;3
89400;BOT_MAKER;BOT_TAKER;VELVETFRUIT_EXTRACT;XIRECS;5258.0;3
89400;BOT_TAKER;SUBMISSION;HYDROGEL_PACK;XIRECS;9871.0;5
89500;BOT_TAKER;BOT_MAKER;HYDROGEL_PACK;XIRECS;9874.0;4
89500;BOT_TAKER;SUBMISSION;VELVETFRUIT_EXTRACT;XIRECS;5262.0;3
89600;BOT_TAKER;BOT_MAKER;HYDROGEL_PACK;XIRECS;9873.0;2
89600;BOT_TAKER;BOT_MAKER;VEV_5300;XIRECS;71.0;4
89600;BOT_TAKER;BOT_MAKER;VEV_5400;XIRECS;19.0;4
89700;BOT_MAKER;BOT_TAKER;VELVETFRUIT_EXTRACT;XIRECS;5254.0;6
89800;BOT_MAKER;BOT_TAKER;VEV_6000;XIRECS;0.0;5
89900;BOT_MAKER;BOT_TAKER;VEV_5400;XIRECS;17.0;5
90000;BOT_TAKER;BOT_MAKER;VELVETFRUIT_EXTRACT;XIRECS;5261.0;3
90000;BOT_TAKER;SUBMISSION;HYDROGEL_PACK;XIRECS;9875.0;5
90000;BOT_TAKER;BOT_MAKER;HYDROGEL_PACK;XIRECS;9876.0;1
90100;BOT_TAKER;BOT_MAKER;HYDROGEL_PACK;XIRECS;9876.0;6
90100;BOT_TAKER;SUBMISSION;VELVETFRUIT_EXTRACT;XIRECS;5262.0;5
90100;BOT_TAKER;BOT_MAKER;VELVETFRUIT_EXTRACT;XIRECS;5263.0;1
90200;BOT_TAKER;BOT_MAKER;VELVETFRUIT_EXTRACT;XIRECS;5263.0;6
90300;BOT_TAKER;BOT_MAKER;HYDROGEL_PACK;XIRECS;9876.0;4
90400;BOT_MAKER;BOT_TAKER;HYDROGEL_PACK;XIRECS;9862.0;5
90500;BOT_MAKER;BOT_TAKER;VELVETFRUIT_EXTRACT;XIRECS;5260.0;4
90600;BOT_MAKER;BOT_TAKER;VEV_5300;XIRECS;69.0;4
90600;BOT_TAKER;BOT_MAKER;VEV_6500;XIRECS;1.0;2
90700;BOT_MAKER;BOT_TAKER;VELVETFRUIT_EXTRACT;XIRECS;5259.0;4
90800;BOT_MAKER;BOT_TAKER;HYDROGEL_PACK;XIRECS;9864.0;3
90900;BOT_TAKER;BOT_MAKER;VELVETFRUIT_EXTRACT;XIRECS;5260.0;6
90900;BOT_TAKER;BOT_MAKER;VEV_4000;XIRECS;1221.0;1
90900;BOT_MAKER;BOT_TAKER;VEV_6000;XIRECS;0.0;3
91000;BOT_TAKER;BOT_MAKER;VELVETFRUIT_EXTRACT;XIRECS;5262.0;5
91000;BOT_MAKER;BOT_TAKER;VEV_5300;XIRECS;68.0;5
91300;BOT_TAKER;BOT_MAKER;VEV_5500;XIRECS;7.0;2
91400;BOT_TAKER;BOT_MAKER;HYDROGEL_PACK;XIRECS;9888.0;3
91400;BOT_TAKER;SUBMISSION;VELVETFRUIT_EXTRACT;XIRECS;5260.0;5
91500;BOT_TAKER;BOT_MAKER;HYDROGEL_PACK;XIRECS;9889.0;6
91500;BOT_MAKER;BOT_TAKER;VELVETFRUIT_EXTRACT;XIRECS;5255.0;7
91600;BOT_TAKER;BOT_MAKER;VEV_4000;XIRECS;1219.0;1
91600;BOT_MAKER;BOT_TAKER;VEV_5400;XIRECS;18.0;4
91600;BOT_MAKER;BOT_TAKER;VEV_5500;XIRECS;6.0;2
91700;BOT_MAKER;BOT_TAKER;HYDROGEL_PACK;XIRECS;9872.0;5
91800;BOT_MAKER;BOT_TAKER;VEV_5300;XIRECS;65.0;2
91900;BOT_MAKER;BOT_TAKER;VEV_4000;XIRECS;1195.0;2
91900;BOT_TAKER;BOT_MAKER;VEV_5300;XIRECS;67.0;5
91900;BOT_MAKER;BOT_TAKER;VEV_6000;XIRECS;0.0;3
92000;BOT_MAKER;BOT_TAKER;VELVETFRUIT_EXTRACT;XIRECS;5256.0;13
92100;BOT_TAKER;BOT_MAKER;HYDROGEL_PACK;XIRECS;9890.0;4
92100;BOT_TAKER;BOT_MAKER;VELVETFRUIT_EXTRACT;XIRECS;5261.0;5
92200;BOT_MAKER;BOT_TAKER;VELVETFRUIT_EXTRACT;XIRECS;5256.0;5
92300;BOT_MAKER;BOT_TAKER;VEV_6000;XIRECS;0.0;2
92400;BOT_TAKER;BOT_MAKER;VELVETFRUIT_EXTRACT;XIRECS;5260.0;7
92500;BOT_TAKER;SUBMISSION;VEV_4000;XIRECS;1214.0;1
92600;BOT_MAKER;BOT_TAKER;VELVETFRUIT_EXTRACT;XIRECS;5254.0;5
92600;BOT_TAKER;BOT_MAKER;VEV_5500;XIRECS;7.0;2
92800;BOT_TAKER;BOT_MAKER;HYDROGEL_PACK;XIRECS;9891.0;3
92800;BOT_TAKER;BOT_MAKER;VELVETFRUIT_EXTRACT;XIRECS;5261.0;6
92800;BOT_MAKER;BOT_TAKER;VEV_5300;XIRECS;66.0;3
92800;BOT_MAKER;BOT_TAKER;VEV_5400;XIRECS;18.0;5
93000;BOT_MAKER;BOT_TAKER;VELVETFRUIT_EXTRACT;XIRECS;5259.0;5
93100;BOT_TAKER;BOT_MAKER;HYDROGEL_PACK;XIRECS;9890.0;4
93100;BOT_MAKER;BOT_TAKER;VELVETFRUIT_EXTRACT;XIRECS;5257.0;5
93100;BOT_TAKER;BOT_MAKER;VEV_6500;XIRECS;1.0;4
93200;BOT_TAKER;BOT_MAKER;VELVETFRUIT_EXTRACT;XIRECS;5264.0;6
93200;BOT_TAKER;BOT_MAKER;VELVETFRUIT_EXTRACT;XIRECS;5264.0;11
93200;BOT_MAKER;BOT_TAKER;VEV_6500;XIRECS;0.0;2
93400;BOT_MAKER;BOT_TAKER;HYDROGEL_PACK;XIRECS;9876.0;4
93400;BOT_TAKER;BOT_MAKER;VELVETFRUIT_EXTRACT;XIRECS;5262.0;5
93400;BOT_TAKER;BOT_MAKER;VELVETFRUIT_EXTRACT;XIRECS;5262.0;4
93400;SUBMISSION;BOT_TAKER;HYDROGEL_PACK;XIRECS;9877.0;4
93500;BOT_TAKER;BOT_MAKER;HYDROGEL_PACK;XIRECS;9893.0;6
93500;SUBMISSION;BOT_TAKER;HYDROGEL_PACK;XIRECS;9878.0;5
93500;BOT_MAKER;BOT_TAKER;HYDROGEL_PACK;XIRECS;9877.0;1
93700;BOT_MAKER;BOT_TAKER;VEV_5500;XIRECS;6.0;3
93900;BOT_TAKER;BOT_MAKER;HYDROGEL_PACK;XIRECS;9892.0;6
94000;BOT_MAKER;BOT_TAKER;HYDROGEL_PACK;XIRECS;9873.0;5
94000;BOT_MAKER;BOT_TAKER;VELVETFRUIT_EXTRACT;XIRECS;5254.0;5
94000;BOT_TAKER;BOT_MAKER;VEV_4000;XIRECS;1218.0;2
94100;BOT_TAKER;BOT_MAKER;VELVETFRUIT_EXTRACT;XIRECS;5261.0;7
94200;BOT_TAKER;BOT_MAKER;VEV_5500;XIRECS;7.0;3
94300;BOT_TAKER;BOT_MAKER;HYDROGEL_PACK;XIRECS;9888.0;5
94300;BOT_TAKER;BOT_MAKER;HYDROGEL_PACK;XIRECS;9888.0;2
94300;BOT_TAKER;BOT_MAKER;VEV_5500;XIRECS;7.0;4
94400;BOT_MAKER;BOT_TAKER;HYDROGEL_PACK;XIRECS;9875.0;3
94400;BOT_TAKER;BOT_MAKER;VEV_4000;XIRECS;1220.0;1
94400;BOT_TAKER;SUBMISSION;HYDROGEL_PACK;XIRECS;9890.0;5
94400;BOT_TAKER;BOT_MAKER;HYDROGEL_PACK;XIRECS;9891.0;1
94500;BOT_TAKER;BOT_MAKER;HYDROGEL_PACK;XIRECS;9894.0;2
94600;BOT_MAKER;BOT_TAKER;VELVETFRUIT_EXTRACT;XIRECS;5256.0;7
94600;BOT_MAKER;BOT_TAKER;VELVETFRUIT_EXTRACT;XIRECS;5256.0;7
94600;BOT_TAKER;BOT_MAKER;VEV_5500;XIRECS;7.0;2
94600;BOT_MAKER;BOT_TAKER;VEV_6500;XIRECS;0.0;2
94900;BOT_TAKER;BOT_MAKER;VELVETFRUIT_EXTRACT;XIRECS;5261.0;7
95000;BOT_MAKER;BOT_TAKER;HYDROGEL_PACK;XIRECS;9871.0;4
95000;BOT_MAKER;BOT_TAKER;VELVETFRUIT_EXTRACT;XIRECS;5256.0;3
95000;SUBMISSION;BOT_TAKER;VELVETFRUIT_EXTRACT;XIRECS;5257.0;5
95100;BOT_TAKER;BOT_MAKER;VELVETFRUIT_EXTRACT;XIRECS;5262.0;14
95100;BOT_TAKER;BOT_MAKER;VEV_6000;XIRECS;1.0;5
95200;BOT_TAKER;BOT_MAKER;VEV_4000;XIRECS;1221.0;3
95200;BOT_MAKER;BOT_TAKER;VEV_5400;XIRECS;19.0;5
95300;BOT_TAKER;BOT_MAKER;HYDROGEL_PACK;XIRECS;9892.0;5
95500;BOT_TAKER;BOT_MAKER;HYDROGEL_PACK;XIRECS;9889.0;3
95500;BOT_MAKER;BOT_TAKER;VELVETFRUIT_EXTRACT;XIRECS;5258.0;4
95500;SUBMISSION;BOT_TAKER;HYDROGEL_PACK;XIRECS;9874.0;2
95600;BOT_MAKER;BOT_TAKER;HYDROGEL_PACK;XIRECS;9876.0;5
95700;BOT_TAKER;BOT_MAKER;VELVETFRUIT_EXTRACT;XIRECS;5264.0;7
95700;BOT_TAKER;BOT_MAKER;VEV_5100;XIRECS;174.0;1
95700;SUBMISSION;BOT_TAKER;VELVETFRUIT_EXTRACT;XIRECS;5260.0;5
95700;BOT_MAKER;BOT_TAKER;VELVETFRUIT_EXTRACT;XIRECS;5259.0;1
95800;BOT_MAKER;BOT_TAKER;HYDROGEL_PACK;XIRECS;9872.0;5
95800;BOT_MAKER;BOT_TAKER;VEV_4000;XIRECS;1199.0;3
95900;BOT_TAKER;BOT_MAKER;VELVETFRUIT_EXTRACT;XIRECS;5263.0;6
95900;SUBMISSION;BOT_TAKER;HYDROGEL_PACK;XIRECS;9872.0;3
96000;BOT_TAKER;BOT_MAKER;VELVETFRUIT_EXTRACT;XIRECS;5264.0;8
96000;BOT_TAKER;BOT_MAKER;VEV_4000;XIRECS;1221.0;3
96100;BOT_TAKER;BOT_MAKER;HYDROGEL_PACK;XIRECS;9887.0;5
96100;BOT_MAKER;BOT_TAKER;VEV_4000;XIRECS;1201.0;2
96100;BOT_TAKER;BOT_MAKER;VEV_5200;XIRECS;94.0;5
96400;BOT_MAKER;BOT_TAKER;HYDROGEL_PACK;XIRECS;9866.0;5
96400;SUBMISSION;BOT_TAKER;VELVETFRUIT_EXTRACT;XIRECS;5260.0;4
96400;BOT_TAKER;SUBMISSION;VEV_4000;XIRECS;1222.0;3
96600;BOT_TAKER;BOT_MAKER;VELVETFRUIT_EXTRACT;XIRECS;5263.0;3
96700;BOT_MAKER;BOT_TAKER;HYDROGEL_PACK;XIRECS;9870.0;4
96700;BOT_TAKER;BOT_MAKER;VELVETFRUIT_EXTRACT;XIRECS;5262.0;14
96700;BOT_MAKER;BOT_TAKER;VEV_4000;XIRECS;1203.0;3
96900;BOT_MAKER;BOT_TAKER;VELVETFRUIT_EXTRACT;XIRECS;5256.0;7
96900;BOT_TAKER;BOT_MAKER;VEV_4000;XIRECS;1224.0;1
97000;BOT_TAKER;BOT_MAKER;HYDROGEL_PACK;XIRECS;9885.0;6
97000;BOT_TAKER;BOT_MAKER;VELVETFRUIT_EXTRACT;XIRECS;5261.0;8
97000;BOT_MAKER;BOT_TAKER;VEV_4000;XIRECS;1203.0;2
97000;BOT_TAKER;BOT_MAKER;VEV_5500;XIRECS;7.0;2
97100;BOT_MAKER;BOT_TAKER;VEV_5400;XIRECS;19.0;4
97100;BOT_MAKER;BOT_TAKER;VEV_5500;XIRECS;6.0;5
97200;BOT_MAKER;BOT_TAKER;VELVETFRUIT_EXTRACT;XIRECS;5257.0;3
97500;BOT_MAKER;BOT_TAKER;HYDROGEL_PACK;XIRECS;9873.0;4
97500;BOT_MAKER;BOT_TAKER;VEV_4000;XIRECS;1201.0;1
97600;BOT_TAKER;BOT_MAKER;HYDROGEL_PACK;XIRECS;9891.0;6
97600;BOT_TAKER;BOT_MAKER;VELVETFRUIT_EXTRACT;XIRECS;5266.0;3
97700;BOT_MAKER;BOT_TAKER;VEV_5400;XIRECS;19.0;4
97800;BOT_MAKER;BOT_TAKER;VELVETFRUIT_EXTRACT;XIRECS;5260.0;5
97900;BOT_MAKER;BOT_TAKER;VELVETFRUIT_EXTRACT;XIRECS;5260.0;6
97900;BOT_TAKER;SUBMISSION;VELVETFRUIT_EXTRACT;XIRECS;5264.0;3
98000;BOT_TAKER;BOT_MAKER;VELVETFRUIT_EXTRACT;XIRECS;5266.0;5
98100;BOT_TAKER;BOT_MAKER;VELVETFRUIT_EXTRACT;XIRECS;5265.0;6
98100;BOT_TAKER;BOT_MAKER;VEV_6000;XIRECS;1.0;3
98300;BOT_MAKER;BOT_TAKER;HYDROGEL_PACK;XIRECS;9874.0;2
98300;BOT_MAKER;BOT_TAKER;VELVETFRUIT_EXTRACT;XIRECS;5258.0;5
98300;BOT_TAKER;BOT_MAKER;VELVETFRUIT_EXTRACT;XIRECS;5264.0;4
98400;BOT_MAKER;BOT_TAKER;VEV_6000;XIRECS;0.0;5
98500;BOT_TAKER;BOT_MAKER;VEV_6500;XIRECS;1.0;3
98600;BOT_MAKER;BOT_TAKER;HYDROGEL_PACK;XIRECS;9874.0;2
98600;SUBMISSION;BOT_TAKER;HYDROGEL_PACK;XIRECS;9875.0;3
98700;BOT_MAKER;BOT_TAKER;VELVETFRUIT_EXTRACT;XIRECS;5257.0;3
98700;BOT_MAKER;BOT_TAKER;VEV_5300;XIRECS;70.0;3
98700;BOT_TAKER;BOT_MAKER;VEV_5400;XIRECS;21.0;4
98700;BOT_TAKER;BOT_MAKER;VEV_6500;XIRECS;1.0;3
98800;BOT_TAKER;BOT_MAKER;HYDROGEL_PACK;XIRECS;9886.0;5
98800;BOT_TAKER;BOT_MAKER;VEV_5300;XIRECS;72.0;4
99000;BOT_MAKER;BOT_TAKER;VELVETFRUIT_EXTRACT;XIRECS;5257.0;8
99100;BOT_TAKER;BOT_MAKER;HYDROGEL_PACK;XIRECS;9885.0;5
99100;BOT_TAKER;BOT_MAKER;VELVETFRUIT_EXTRACT;XIRECS;5263.0;8
99100;BOT_TAKER;BOT_MAKER;VEV_6000;XIRECS;1.0;5
99200;BOT_TAKER;BOT_MAKER;HYDROGEL_PACK;XIRECS;9888.0;4
99600;BOT_TAKER;BOT_MAKER;HYDROGEL_PACK;XIRECS;9890.0;4
99600;BOT_MAKER;BOT_TAKER;VEV_4000;XIRECS;1207.0;1
99600;BOT_TAKER;BOT_MAKER;VEV_6500;XIRECS;1.0;3
99700;BOT_TAKER;BOT_MAKER;VELVETFRUIT_EXTRACT;XIRECS;5260.0;3
99700;BOT_TAKER;BOT_MAKER;VELVETFRUIT_EXTRACT;XIRECS;5260.0;4
99700;BOT_MAKER;BOT_TAKER;VEV_6000;XIRECS;0.0;3
99800;BOT_TAKER;BOT_MAKER;HYDROGEL_PACK;XIRECS;9891.0;2
