timestamp;buyer;seller;symbol;currency;price;quantity
600;BOT_TAKER;SUBMISSION;GALAXY_SOUNDS_DARK_MATTER;XIRECS;10885.0;1
600;BOT_TAKER;BOT_MAKER;GALAXY_SOUNDS_DARK_MATTER;XIRECS;10886.0;3
600;BOT_TAKER;SUBMISSION;GALAXY_SOUNDS_BLACK_HOLES;XIRECS;12145.0;4
600;BOT_TAKER;SUBMISSION;GALAXY_SOUNDS_PLANETARY_RINGS;XIRECS;11426.0;4
600;BOT_TAKER;SUBMISSION;GALAXY_SOUNDS_SOLAR_WINDS;XIRECS;10781.0;4
600;BOT_TAKER;BOT_MAKER;GALAXY_SOUNDS_SOLAR_FLAMES;XIRECS;10633.0;4
600;BOT_TAKER;SUBMISSION;SLEEP_POD_SUEDE;XIRECS;12161.0;4
600;BOT_TAKER;SUBMISSION;SLEEP_POD_LAMB_WOOL;XIRECS;10816.0;4
600;BOT_TAKER;SUBMISSION;SLEEP_POD_POLYESTER;XIRECS;12899.0;4
600;BOT_TAKER;BOT_MAKER;SLEEP_POD_NYLON;XIRECS;9680.0;4
600;BOT_TAKER;SUBMISSION;SLEEP_POD_COTTON;XIRECS;12217.0;4
600;BOT_TAKER;SUBMISSION;ROBOT_VACUUMING;XIRECS;8598.0;4
600;BOT_TAKER;SUBMISSION;ROBOT_MOPPING;XIRECS;12180.0;4
600;BOT_TAKER;SUBMISSION;ROBOT_DISHES;XIRECS;10161.0;4
600;BOT_TAKER;BOT_MAKER;ROBOT_LAUNDRY;XIRECS;9469.0;4
600;BOT_TAKER;SUBMISSION;ROBOT_IRONING;XIRECS;7523.0;4
600;BOT_TAKER;SUBMISSION;UV_VISOR_YELLOW;XIRECS;12058.0;4
600;BOT_TAKER;SUBMISSION;UV_VISOR_AMBER;XIRECS;7403.0;4
600;BOT_TAKER;SUBMISSION;UV_VISOR_ORANGE;XIRECS;10254.0;4
600;BOT_TAKER;BOT_MAKER;UV_VISOR_RED;XIRECS;11002.0;4
600;BOT_TAKER;BOT_MAKER;UV_VISOR_MAGENTA;XIRECS;11538.0;4
600;BOT_TAKER;SUBMISSION;TRANSLATOR_SPACE_GRAY;XIRECS;10167.0;4
600;BOT_TAKER;BOT_MAKER;TRANSLATOR_ASTRO_BLACK;XIRECS;9135.0;4
600;BOT_TAKER;BOT_MAKER;TRANSLATOR_ECLIPSE_CHARCOAL;XIRECS;9614.0;4
600;BOT_TAKER;SUBMISSION;TRANSLATOR_GRAPHITE_MIST;XIRECS;11062.0;4
600;BOT_TAKER;SUBMISSION;TRANSLATOR_VOID_BLUE;XIRECS;10710.0;4
600;BOT_TAKER;SUBMISSION;PANEL_1X2;XIRECS;8848.0;4
600;BOT_TAKER;SUBMISSION;PANEL_2X2;XIRECS;9169.0;4
600;BOT_TAKER;SUBMISSION;PANEL_1X4;XIRECS;8719.0;4
600;BOT_TAKER;SUBMISSION;PANEL_2X4;XIRECS;11535.0;4
600;BOT_TAKER;SUBMISSION;PANEL_4X4;XIRECS;10252.0;4
600;BOT_TAKER;SUBMISSION;OXYGEN_SHAKE_MORNING_BREATH;XIRECS;9561.0;4
600;BOT_TAKER;SUBMISSION;OXYGEN_SHAKE_EVENING_BREATH;XIRECS;9383.0;4
600;BOT_TAKER;SUBMISSION;OXYGEN_SHAKE_MINT;XIRECS;9713.0;4
600;BOT_TAKER;SUBMISSION;OXYGEN_SHAKE_CHOCOLATE;XIRECS;9368.0;4
600;BOT_TAKER;SUBMISSION;OXYGEN_SHAKE_GARLIC;XIRECS;11884.0;4
600;BOT_TAKER;BOT_MAKER;SNACKPACK_CHOCOLATE;XIRECS;9846.0;4
600;BOT_TAKER;SUBMISSION;SNACKPACK_VANILLA;XIRECS;10047.0;4
600;BOT_TAKER;BOT_MAKER;SNACKPACK_PISTACHIO;XIRECS;9380.0;4
600;BOT_TAKER;BOT_MAKER;SNACKPACK_STRAWBERRY;XIRECS;10786.0;4
600;BOT_TAKER;BOT_MAKER;SNACKPACK_RASPBERRY;XIRECS;10151.0;4
1000;SUBMISSION;BOT_TAKER;MICROCHIP_CIRCLE;XIRECS;8499.0;2
1000;SUBMISSION;BOT_TAKER;MICROCHIP_OVAL;XIRECS;7346.0;2
1000;SUBMISSION;BOT_TAKER;MICROCHIP_SQUARE;XIRECS;15903.0;2
1000;BOT_MAKER;BOT_TAKER;MICROCHIP_RECTANGLE;XIRECS;7837.0;2
1000;SUBMISSION;BOT_TAKER;MICROCHIP_TRIANGLE;XIRECS;8985.0;2
1500;SUBMISSION;BOT_TAKER;MICROCHIP_CIRCLE;XIRECS;8510.0;2
1500;BOT_MAKER;BOT_TAKER;MICROCHIP_CIRCLE;XIRECS;8509.0;1
1500;SUBMISSION;BOT_TAKER;MICROCHIP_OVAL;XIRECS;7316.0;2
1500;BOT_MAKER;BOT_TAKER;MICROCHIP_OVAL;XIRECS;7315.0;1
1500;SUBMISSION;BOT_TAKER;MICROCHIP_SQUARE;XIRECS;15862.0;2
1500;BOT_MAKER;BOT_TAKER;MICROCHIP_SQUARE;XIRECS;15861.0;1
1500;BOT_MAKER;BOT_TAKER;MICROCHIP_RECTANGLE;XIRECS;7849.0;3
1500;BOT_MAKER;BOT_TAKER;MICROCHIP_TRIANGLE;XIRECS;9025.0;3
1900;SUBMISSION;BOT_TAKER;PEBBLES_XS;XIRECS;6832.0;4
1900;SUBMISSION;BOT_TAKER;PEBBLES_S;XIRECS;8934.0;4
1900;SUBMISSION;BOT_TAKER;PEBBLES_M;XIRECS;11058.0;1
1900;BOT_MAKER;BOT_TAKER;PEBBLES_M;XIRECS;11057.0;3
1900;SUBMISSION;BOT_TAKER;PEBBLES_L;XIRECS;10888.0;4
1900;BOT_MAKER;BOT_TAKER;PEBBLES_XL;XIRECS;12261.0;4
2500;SUBMISSION;BOT_TAKER;MICROCHIP_CIRCLE;XIRECS;8472.0;1
2500;SUBMISSION;BOT_TAKER;MICROCHIP_OVAL;XIRECS;7396.0;1
2500;SUBMISSION;BOT_TAKER;MICROCHIP_SQUARE;XIRECS;15951.0;1
2500;BOT_MAKER;BOT_TAKER;MICROCHIP_RECTANGLE;XIRECS;7866.0;1
2500;BOT_MAKER;BOT_TAKER;MICROCHIP_TRIANGLE;XIRECS;9128.0;1
4300;BOT_TAKER;BOT_MAKER;GALAXY_SOUNDS_DARK_MATTER;XIRECS;10722.0;4
4300;BOT_TAKER;SUBMISSION;GALAXY_SOUNDS_BLACK_HOLES;XIRECS;12160.0;2
4300;BOT_TAKER;BOT_MAKER;GALAXY_SOUNDS_BLACK_HOLES;XIRECS;12161.0;2
4300;BOT_TAKER;SUBMISSION;GALAXY_SOUNDS_PLANETARY_RINGS;XIRECS;11401.0;2
4300;BOT_TAKER;BOT_MAKER;GALAXY_SOUNDS_PLANETARY_RINGS;XIRECS;11402.0;2
4300;BOT_TAKER;SUBMISSION;GALAXY_SOUNDS_SOLAR_WINDS;XIRECS;10920.0;2
4300;BOT_TAKER;BOT_MAKER;GALAXY_SOUNDS_SOLAR_WINDS;XIRECS;10921.0;2
4300;BOT_TAKER;SUBMISSION;GALAXY_SOUNDS_SOLAR_FLAMES;XIRECS;10781.0;4
4300;BOT_TAKER;BOT_MAKER;SLEEP_POD_SUEDE;XIRECS;12049.0;4
4300;BOT_TAKER;SUBMISSION;SLEEP_POD_LAMB_WOOL;XIRECS;10825.0;4
4300;BOT_TAKER;SUBMISSION;SLEEP_POD_POLYESTER;XIRECS;12934.0;2
4300;BOT_TAKER;BOT_MAKER;SLEEP_POD_POLYESTER;XIRECS;12935.0;2
4300;BOT_TAKER;BOT_MAKER;SLEEP_POD_NYLON;XIRECS;9627.0;4
4300;BOT_TAKER;SUBMISSION;SLEEP_POD_COTTON;XIRECS;12177.0;2
4300;BOT_TAKER;BOT_MAKER;SLEEP_POD_COTTON;XIRECS;12178.0;2
4300;BOT_TAKER;SUBMISSION;ROBOT_VACUUMING;XIRECS;8639.0;4
4300;BOT_TAKER;SUBMISSION;ROBOT_MOPPING;XIRECS;12167.0;2
4300;BOT_TAKER;BOT_MAKER;ROBOT_MOPPING;XIRECS;12168.0;2
4300;BOT_TAKER;SUBMISSION;ROBOT_DISHES;XIRECS;10218.0;4
4300;BOT_TAKER;BOT_MAKER;ROBOT_LAUNDRY;XIRECS;9336.0;4
4300;BOT_TAKER;SUBMISSION;ROBOT_IRONING;XIRECS;7362.0;2
4300;BOT_TAKER;BOT_MAKER;ROBOT_IRONING;XIRECS;7363.0;2
4300;BOT_TAKER;SUBMISSION;UV_VISOR_YELLOW;XIRECS;12084.0;2
4300;BOT_TAKER;BOT_MAKER;UV_VISOR_YELLOW;XIRECS;12085.0;2
4300;BOT_TAKER;SUBMISSION;UV_VISOR_AMBER;XIRECS;7459.0;2
4300;BOT_TAKER;BOT_MAKER;UV_VISOR_AMBER;XIRECS;7460.0;2
4300;BOT_TAKER;SUBMISSION;UV_VISOR_ORANGE;XIRECS;10383.0;2
4300;BOT_TAKER;BOT_MAKER;UV_VISOR_ORANGE;XIRECS;10384.0;2
4300;BOT_TAKER;SUBMISSION;UV_VISOR_RED;XIRECS;11117.0;4
4300;BOT_TAKER;BOT_MAKER;UV_VISOR_MAGENTA;XIRECS;11519.0;4
4300;BOT_TAKER;SUBMISSION;TRANSLATOR_SPACE_GRAY;XIRECS;10184.0;2
4300;BOT_TAKER;BOT_MAKER;TRANSLATOR_SPACE_GRAY;XIRECS;10185.0;2
4300;BOT_TAKER;BOT_MAKER;TRANSLATOR_ASTRO_BLACK;XIRECS;9146.0;4
4300;BOT_TAKER;SUBMISSION;TRANSLATOR_ECLIPSE_CHARCOAL;XIRECS;9630.0;4
4300;BOT_TAKER;SUBMISSION;TRANSLATOR_GRAPHITE_MIST;XIRECS;11136.0;2
4300;BOT_TAKER;BOT_MAKER;TRANSLATOR_GRAPHITE_MIST;XIRECS;11137.0;2
4300;BOT_TAKER;SUBMISSION;TRANSLATOR_VOID_BLUE;XIRECS;10721.0;4
4300;BOT_TAKER;SUBMISSION;PANEL_1X2;XIRECS;8841.0;2
4300;BOT_TAKER;BOT_MAKER;PANEL_1X2;XIRECS;8842.0;2
4300;BOT_TAKER;SUBMISSION;PANEL_2X2;XIRECS;9156.0;2
4300;BOT_TAKER;BOT_MAKER;PANEL_2X2;XIRECS;9157.0;2
4300;BOT_TAKER;SUBMISSION;PANEL_1X4;XIRECS;8656.0;2
4300;BOT_TAKER;BOT_MAKER;PANEL_1X4;XIRECS;8657.0;2
4300;BOT_TAKER;SUBMISSION;PANEL_2X4;XIRECS;11529.0;4
4300;BOT_TAKER;SUBMISSION;PANEL_4X4;XIRECS;10252.0;2
4300;BOT_TAKER;BOT_MAKER;PANEL_4X4;XIRECS;10253.0;2
4300;BOT_TAKER;SUBMISSION;OXYGEN_SHAKE_MORNING_BREATH;XIRECS;9586.0;2
4300;BOT_TAKER;BOT_MAKER;OXYGEN_SHAKE_MORNING_BREATH;XIRECS;9587.0;2
4300;BOT_TAKER;SUBMISSION;OXYGEN_SHAKE_EVENING_BREATH;XIRECS;9341.0;2
4300;BOT_TAKER;BOT_MAKER;OXYGEN_SHAKE_EVENING_BREATH;XIRECS;9342.0;2
4300;BOT_TAKER;SUBMISSION;OXYGEN_SHAKE_MINT;XIRECS;9623.0;2
4300;BOT_TAKER;BOT_MAKER;OXYGEN_SHAKE_MINT;XIRECS;9624.0;2
4300;BOT_TAKER;SUBMISSION;OXYGEN_SHAKE_CHOCOLATE;XIRECS;9354.0;4
4300;BOT_TAKER;SUBMISSION;OXYGEN_SHAKE_GARLIC;XIRECS;11892.0;2
4300;BOT_TAKER;BOT_MAKER;OXYGEN_SHAKE_GARLIC;XIRECS;11893.0;2
4300;BOT_TAKER;SUBMISSION;SNACKPACK_CHOCOLATE;XIRECS;9872.0;4
4300;BOT_TAKER;BOT_MAKER;SNACKPACK_VANILLA;XIRECS;10022.0;4
4300;BOT_TAKER;BOT_MAKER;SNACKPACK_PISTACHIO;XIRECS;9350.0;4
4300;BOT_TAKER;BOT_MAKER;SNACKPACK_STRAWBERRY;XIRECS;10747.0;4
4300;BOT_TAKER;SUBMISSION;SNACKPACK_RASPBERRY;XIRECS;10185.0;4
4800;SUBMISSION;BOT_TAKER;GALAXY_SOUNDS_DARK_MATTER;XIRECS;10706.0;1
4800;SUBMISSION;BOT_TAKER;GALAXY_SOUNDS_BLACK_HOLES;XIRECS;12142.0;1
4800;SUBMISSION;BOT_TAKER;GALAXY_SOUNDS_PLANETARY_RINGS;XIRECS;11397.0;1
4800;SUBMISSION;BOT_TAKER;GALAXY_SOUNDS_SOLAR_WINDS;XIRECS;10879.0;1
4800;BOT_MAKER;BOT_TAKER;GALAXY_SOUNDS_SOLAR_FLAMES;XIRECS;10762.0;1
4800;SUBMISSION;BOT_TAKER;SLEEP_POD_SUEDE;XIRECS;12053.0;1
4800;BOT_MAKER;BOT_TAKER;SLEEP_POD_LAMB_WOOL;XIRECS;10808.0;1
4800;SUBMISSION;BOT_TAKER;SLEEP_POD_POLYESTER;XIRECS;12913.0;1
4800;SUBMISSION;BOT_TAKER;SLEEP_POD_NYLON;XIRECS;9613.0;1
4800;SUBMISSION;BOT_TAKER;SLEEP_POD_COTTON;XIRECS;12151.0;1
4800;BOT_MAKER;BOT_TAKER;ROBOT_VACUUMING;XIRECS;8627.0;1
4800;SUBMISSION;BOT_TAKER;ROBOT_MOPPING;XIRECS;12140.0;1
4800;BOT_MAKER;BOT_TAKER;ROBOT_DISHES;XIRECS;10231.0;1
4800;SUBMISSION;BOT_TAKER;ROBOT_LAUNDRY;XIRECS;9344.0;1
4800;SUBMISSION;BOT_TAKER;ROBOT_IRONING;XIRECS;7371.0;1
4800;SUBMISSION;BOT_TAKER;UV_VISOR_YELLOW;XIRECS;12044.0;1
4800;SUBMISSION;BOT_TAKER;UV_VISOR_AMBER;XIRECS;7450.0;1
4800;SUBMISSION;BOT_TAKER;UV_VISOR_ORANGE;XIRECS;10378.0;1
4800;BOT_MAKER;BOT_TAKER;UV_VISOR_RED;XIRECS;11101.0;1
4800;SUBMISSION;BOT_TAKER;UV_VISOR_MAGENTA;XIRECS;11481.0;1
4800;SUBMISSION;BOT_TAKER;TRANSLATOR_SPACE_GRAY;XIRECS;10175.0;1
4800;BOT_MAKER;BOT_TAKER;TRANSLATOR_ASTRO_BLACK;XIRECS;9160.0;1
4800;BOT_MAKER;BOT_TAKER;TRANSLATOR_ECLIPSE_CHARCOAL;XIRECS;9624.0;1
4800;SUBMISSION;BOT_TAKER;TRANSLATOR_GRAPHITE_MIST;XIRECS;11153.0;1
4800;SUBMISSION;BOT_TAKER;TRANSLATOR_VOID_BLUE;XIRECS;10692.0;1
4800;SUBMISSION;BOT_TAKER;PANEL_1X2;XIRECS;8857.0;1
4800;SUBMISSION;BOT_TAKER;PANEL_2X2;XIRECS;9148.0;1
4800;SUBMISSION;BOT_TAKER;PANEL_1X4;XIRECS;8661.0;1
4800;BOT_MAKER;BOT_TAKER;PANEL_2X4;XIRECS;11516.0;1
4800;SUBMISSION;BOT_TAKER;PANEL_4X4;XIRECS;10262.0;1
4800;SUBMISSION;BOT_TAKER;OXYGEN_SHAKE_MORNING_BREATH;XIRECS;9559.0;1
4800;SUBMISSION;BOT_TAKER;OXYGEN_SHAKE_EVENING_BREATH;XIRECS;9333.0;1
4800;SUBMISSION;BOT_TAKER;OXYGEN_SHAKE_MINT;XIRECS;9585.0;1
4800;SUBMISSION;BOT_TAKER;OXYGEN_SHAKE_CHOCOLATE;XIRECS;9337.0;1
4800;SUBMISSION;BOT_TAKER;OXYGEN_SHAKE_GARLIC;XIRECS;11901.0;1
4800;BOT_MAKER;BOT_TAKER;SNACKPACK_CHOCOLATE;XIRECS;9854.0;1
4800;SUBMISSION;BOT_TAKER;SNACKPACK_VANILLA;XIRECS;10019.0;1
4800;SUBMISSION;BOT_TAKER;SNACKPACK_PISTACHIO;XIRECS;9321.0;1
4800;SUBMISSION;BOT_TAKER;SNACKPACK_STRAWBERRY;XIRECS;10716.0;1
4800;BOT_MAKER;BOT_TAKER;SNACKPACK_RASPBERRY;XIRECS;10188.0;1
4800;SUBMISSION;BOT_TAKER;PEBBLES_XS;XIRECS;6829.0;2
4800;BOT_MAKER;BOT_TAKER;PEBBLES_XS;XIRECS;6828.0;1
4800;BOT_MAKER;BOT_TAKER;PEBBLES_S;XIRECS;9012.0;3
4800;BOT_MAKER;BOT_TAKER;PEBBLES_M;XIRECS;11151.0;3
4800;SUBMISSION;BOT_TAKER;PEBBLES_L;XIRECS;11006.0;2
4800;BOT_MAKER;BOT_TAKER;PEBBLES_L;XIRECS;11005.0;1
4800;SUBMISSION;BOT_TAKER;PEBBLES_XL;XIRECS;11975.0;3
5700;BOT_TAKER;BOT_MAKER;GALAXY_SOUNDS_DARK_MATTER;XIRECS;10741.0;3
5700;BOT_TAKER;SUBMISSION;GALAXY_SOUNDS_BLACK_HOLES;XIRECS;12166.0;2
5700;BOT_TAKER;BOT_MAKER;GALAXY_SOUNDS_BLACK_HOLES;XIRECS;12167.0;1
5700;BOT_TAKER;SUBMISSION;GALAXY_SOUNDS_PLANETARY_RINGS;XIRECS;11412.0;2
5700;BOT_TAKER;BOT_MAKER;GALAXY_SOUNDS_PLANETARY_RINGS;XIRECS;11413.0;1
5700;BOT_TAKER;SUBMISSION;GALAXY_SOUNDS_SOLAR_WINDS;XIRECS;10905.0;2
5700;BOT_TAKER;BOT_MAKER;GALAXY_SOUNDS_SOLAR_WINDS;XIRECS;10906.0;1
5700;BOT_TAKER;SUBMISSION;GALAXY_SOUNDS_SOLAR_FLAMES;XIRECS;10812.0;3
5700;BOT_TAKER;BOT_MAKER;SLEEP_POD_SUEDE;XIRECS;12072.0;3
5700;BOT_TAKER;BOT_MAKER;SLEEP_POD_LAMB_WOOL;XIRECS;10758.0;3
5700;BOT_TAKER;SUBMISSION;SLEEP_POD_POLYESTER;XIRECS;12906.0;2
5700;BOT_TAKER;BOT_MAKER;SLEEP_POD_POLYESTER;XIRECS;12907.0;1
5700;BOT_TAKER;BOT_MAKER;SLEEP_POD_NYLON;XIRECS;9588.0;3
5700;BOT_TAKER;SUBMISSION;SLEEP_POD_COTTON;XIRECS;12216.0;2
5700;BOT_TAKER;BOT_MAKER;SLEEP_POD_COTTON;XIRECS;12217.0;1
5700;BOT_TAKER;SUBMISSION;ROBOT_VACUUMING;XIRECS;8651.0;2
5700;BOT_TAKER;BOT_MAKER;ROBOT_VACUUMING;XIRECS;8652.0;1
5700;BOT_TAKER;SUBMISSION;ROBOT_MOPPING;XIRECS;12189.0;2
5700;BOT_TAKER;BOT_MAKER;ROBOT_MOPPING;XIRECS;12190.0;1
5700;BOT_TAKER;SUBMISSION;ROBOT_DISHES;XIRECS;10226.0;2
5700;BOT_TAKER;BOT_MAKER;ROBOT_DISHES;XIRECS;10227.0;1
5700;BOT_TAKER;BOT_MAKER;ROBOT_LAUNDRY;XIRECS;9293.0;3
5700;BOT_TAKER;SUBMISSION;ROBOT_IRONING;XIRECS;7363.0;2
5700;BOT_TAKER;BOT_MAKER;ROBOT_IRONING;XIRECS;7364.0;1
5700;BOT_TAKER;SUBMISSION;UV_VISOR_YELLOW;XIRECS;12110.0;2
5700;BOT_TAKER;BOT_MAKER;UV_VISOR_YELLOW;XIRECS;12111.0;1
5700;BOT_TAKER;SUBMISSION;UV_VISOR_AMBER;XIRECS;7439.0;2
5700;BOT_TAKER;BOT_MAKER;UV_VISOR_AMBER;XIRECS;7440.0;1
5700;BOT_TAKER;SUBMISSION;UV_VISOR_ORANGE;XIRECS;10394.0;2
5700;BOT_TAKER;BOT_MAKER;UV_VISOR_ORANGE;XIRECS;10395.0;1
5700;BOT_TAKER;SUBMISSION;UV_VISOR_RED;XIRECS;11137.0;3
5700;BOT_TAKER;BOT_MAKER;UV_VISOR_MAGENTA;XIRECS;11494.0;3
5700;BOT_TAKER;SUBMISSION;TRANSLATOR_SPACE_GRAY;XIRECS;10215.0;2
5700;BOT_TAKER;BOT_MAKER;TRANSLATOR_SPACE_GRAY;XIRECS;10216.0;1
5700;BOT_TAKER;BOT_MAKER;TRANSLATOR_ASTRO_BLACK;XIRECS;9127.0;3
5700;BOT_TAKER;SUBMISSION;TRANSLATOR_ECLIPSE_CHARCOAL;XIRECS;9650.0;3
5700;BOT_TAKER;SUBMISSION;TRANSLATOR_GRAPHITE_MIST;XIRECS;11134.0;2
5700;BOT_TAKER;BOT_MAKER;TRANSLATOR_GRAPHITE_MIST;XIRECS;11135.0;1
5700;BOT_TAKER;BOT_MAKER;TRANSLATOR_VOID_BLUE;XIRECS;10692.0;3
5700;BOT_TAKER;SUBMISSION;PANEL_1X2;XIRECS;8828.0;2
5700;BOT_TAKER;BOT_MAKER;PANEL_1X2;XIRECS;8829.0;1
5700;BOT_TAKER;SUBMISSION;PANEL_2X2;XIRECS;9120.0;2
5700;BOT_TAKER;BOT_MAKER;PANEL_2X2;XIRECS;9121.0;1
5700;BOT_TAKER;SUBMISSION;PANEL_1X4;XIRECS;8639.0;2
5700;BOT_TAKER;BOT_MAKER;PANEL_1X4;XIRECS;8640.0;1
5700;BOT_TAKER;SUBMISSION;PANEL_2X4;XIRECS;11550.0;2
5700;BOT_TAKER;BOT_MAKER;PANEL_2X4;XIRECS;11551.0;1
5700;BOT_TAKER;SUBMISSION;PANEL_4X4;XIRECS;10217.0;2
5700;BOT_TAKER;BOT_MAKER;PANEL_4X4;XIRECS;10218.0;1
5700;BOT_TAKER;SUBMISSION;OXYGEN_SHAKE_MORNING_BREATH;XIRECS;9548.0;2
5700;BOT_TAKER;BOT_MAKER;OXYGEN_SHAKE_MORNING_BREATH;XIRECS;9549.0;1
5700;BOT_TAKER;SUBMISSION;OXYGEN_SHAKE_EVENING_BREATH;XIRECS;9326.0;2
5700;BOT_TAKER;BOT_MAKER;OXYGEN_SHAKE_EVENING_BREATH;XIRECS;9327.0;1
5700;BOT_TAKER;SUBMISSION;OXYGEN_SHAKE_MINT;XIRECS;9626.0;2
5700;BOT_TAKER;BOT_MAKER;OXYGEN_SHAKE_MINT;XIRECS;9627.0;1
5700;BOT_TAKER;BOT_MAKER;OXYGEN_SHAKE_CHOCOLATE;XIRECS;9334.0;3
5700;BOT_TAKER;SUBMISSION;OXYGEN_SHAKE_GARLIC;XIRECS;11907.0;2
5700;BOT_TAKER;BOT_MAKER;OXYGEN_SHAKE_GARLIC;XIRECS;11908.0;1
5700;BOT_TAKER;SUBMISSION;SNACKPACK_CHOCOLATE;XIRECS;9869.0;3
5700;BOT_TAKER;BOT_MAKER;SNACKPACK_VANILLA;XIRECS;10026.0;3
5700;BOT_TAKER;BOT_MAKER;SNACKPACK_PISTACHIO;XIRECS;9341.0;3
5700;BOT_TAKER;BOT_MAKER;SNACKPACK_STRAWBERRY;XIRECS;10744.0;3
5700;BOT_TAKER;SUBMISSION;SNACKPACK_RASPBERRY;XIRECS;10210.0;3
8000;BOT_TAKER;SUBMISSION;PEBBLES_XS;XIRECS;6899.0;4
8000;BOT_TAKER;SUBMISSION;PEBBLES_S;XIRECS;9119.0;4
8000;BOT_TAKER;BOT_MAKER;PEBBLES_M;XIRECS;11007.0;4
8000;BOT_TAKER;SUBMISSION;PEBBLES_L;XIRECS;11195.0;4
8000;BOT_TAKER;BOT_MAKER;PEBBLES_XL;XIRECS;11808.0;4
8300;SUBMISSION;BOT_TAKER;GALAXY_SOUNDS_DARK_MATTER;XIRECS;10715.0;4
8300;SUBMISSION;BOT_TAKER;GALAXY_SOUNDS_BLACK_HOLES;XIRECS;12287.0;4
8300;SUBMISSION;BOT_TAKER;GALAXY_SOUNDS_PLANETARY_RINGS;XIRECS;11416.0;4
8300;SUBMISSION;BOT_TAKER;GALAXY_SOUNDS_SOLAR_WINDS;XIRECS;10817.0;4
8300;BOT_MAKER;BOT_TAKER;GALAXY_SOUNDS_SOLAR_FLAMES;XIRECS;10865.0;4
8300;SUBMISSION;BOT_TAKER;SLEEP_POD_SUEDE;XIRECS;12021.0;4
8300;SUBMISSION;BOT_TAKER;SLEEP_POD_LAMB_WOOL;XIRECS;10762.0;4
8300;SUBMISSION;BOT_TAKER;SLEEP_POD_POLYESTER;XIRECS;12882.0;4
8300;SUBMISSION;BOT_TAKER;SLEEP_POD_NYLON;XIRECS;9490.0;4
8300;SUBMISSION;BOT_TAKER;SLEEP_POD_COTTON;XIRECS;12130.0;4
8300;SUBMISSION;BOT_TAKER;ROBOT_VACUUMING;XIRECS;8603.0;2
8300;BOT_MAKER;BOT_TAKER;ROBOT_VACUUMING;XIRECS;8602.0;2
8300;SUBMISSION;BOT_TAKER;ROBOT_MOPPING;XIRECS;12236.0;4
8300;BOT_MAKER;BOT_TAKER;ROBOT_DISHES;XIRECS;10243.0;4
8300;SUBMISSION;BOT_TAKER;ROBOT_LAUNDRY;XIRECS;9176.0;4
8300;SUBMISSION;BOT_TAKER;ROBOT_IRONING;XIRECS;7358.0;4
8300;SUBMISSION;BOT_TAKER;UV_VISOR_YELLOW;XIRECS;12127.0;4
8300;SUBMISSION;BOT_TAKER;UV_VISOR_AMBER;XIRECS;7439.0;4
8300;SUBMISSION;BOT_TAKER;UV_VISOR_ORANGE;XIRECS;10340.0;4
8300;BOT_MAKER;BOT_TAKER;UV_VISOR_RED;XIRECS;11165.0;4
8300;SUBMISSION;BOT_TAKER;UV_VISOR_MAGENTA;XIRECS;11458.0;4
8300;SUBMISSION;BOT_TAKER;TRANSLATOR_SPACE_GRAY;XIRECS;10144.0;4
8300;SUBMISSION;BOT_TAKER;TRANSLATOR_ASTRO_BLACK;XIRECS;9086.0;4
8300;BOT_MAKER;BOT_TAKER;TRANSLATOR_ECLIPSE_CHARCOAL;XIRECS;9752.0;4
8300;SUBMISSION;BOT_TAKER;TRANSLATOR_GRAPHITE_MIST;XIRECS;11137.0;4
8300;BOT_MAKER;BOT_TAKER;TRANSLATOR_VOID_BLUE;XIRECS;10708.0;4
8300;SUBMISSION;BOT_TAKER;PANEL_1X2;XIRECS;8775.0;4
8300;SUBMISSION;BOT_TAKER;PANEL_2X2;XIRECS;9097.0;4
8300;SUBMISSION;BOT_TAKER;PANEL_1X4;XIRECS;8688.0;4
8300;BOT_MAKER;BOT_TAKER;PANEL_2X4;XIRECS;11518.0;4
8300;SUBMISSION;BOT_TAKER;PANEL_4X4;XIRECS;10313.0;4
8300;SUBMISSION;BOT_TAKER;OXYGEN_SHAKE_MORNING_BREATH;XIRECS;9481.0;4
8300;SUBMISSION;BOT_TAKER;OXYGEN_SHAKE_EVENING_BREATH;XIRECS;9303.0;4
8300;SUBMISSION;BOT_TAKER;OXYGEN_SHAKE_MINT;XIRECS;9696.0;4
8300;BOT_MAKER;BOT_TAKER;OXYGEN_SHAKE_CHOCOLATE;XIRECS;9390.0;4
8300;SUBMISSION;BOT_TAKER;OXYGEN_SHAKE_GARLIC;XIRECS;11920.0;4
8300;SUBMISSION;BOT_TAKER;SNACKPACK_CHOCOLATE;XIRECS;9788.0;4
8300;BOT_MAKER;BOT_TAKER;SNACKPACK_VANILLA;XIRECS;10087.0;4
8300;SUBMISSION;BOT_TAKER;SNACKPACK_PISTACHIO;XIRECS;9290.0;4
8300;SUBMISSION;BOT_TAKER;SNACKPACK_STRAWBERRY;XIRECS;10661.0;4
8300;BOT_MAKER;BOT_TAKER;SNACKPACK_RASPBERRY;XIRECS;10268.0;4
10900;BOT_TAKER;SUBMISSION;PEBBLES_XS;XIRECS;6952.0;5
10900;BOT_TAKER;SUBMISSION;PEBBLES_S;XIRECS;9177.0;5
10900;BOT_TAKER;BOT_MAKER;PEBBLES_M;XIRECS;10997.0;5
10900;BOT_TAKER;SUBMISSION;PEBBLES_L;XIRECS;11180.0;5
10900;BOT_TAKER;BOT_MAKER;PEBBLES_XL;XIRECS;11721.0;5
11100;BOT_TAKER;SUBMISSION;PEBBLES_XS;XIRECS;6982.0;2
11100;BOT_TAKER;BOT_MAKER;PEBBLES_XS;XIRECS;6983.0;1
11100;BOT_TAKER;SUBMISSION;PEBBLES_S;XIRECS;9136.0;3
11100;BOT_TAKER;BOT_MAKER;PEBBLES_M;XIRECS;10973.0;3
11100;BOT_TAKER;SUBMISSION;PEBBLES_L;XIRECS;11155.0;2
11100;BOT_TAKER;BOT_MAKER;PEBBLES_L;XIRECS;11156.0;1
11100;BOT_TAKER;BOT_MAKER;PEBBLES_XL;XIRECS;11782.0;3
16400;BOT_TAKER;BOT_MAKER;GALAXY_SOUNDS_DARK_MATTER;XIRECS;10580.0;3
16400;BOT_TAKER;SUBMISSION;GALAXY_SOUNDS_BLACK_HOLES;XIRECS;12336.0;2
16400;BOT_TAKER;BOT_MAKER;GALAXY_SOUNDS_BLACK_HOLES;XIRECS;12337.0;1
16400;BOT_TAKER;SUBMISSION;GALAXY_SOUNDS_PLANETARY_RINGS;XIRECS;11490.0;2
16400;BOT_TAKER;BOT_MAKER;GALAXY_SOUNDS_PLANETARY_RINGS;XIRECS;11491.0;1
16400;BOT_TAKER;SUBMISSION;GALAXY_SOUNDS_SOLAR_WINDS;XIRECS;10862.0;2
16400;BOT_TAKER;BOT_MAKER;GALAXY_SOUNDS_SOLAR_WINDS;XIRECS;10863.0;1
16400;BOT_TAKER;SUBMISSION;GALAXY_SOUNDS_SOLAR_FLAMES;XIRECS;10777.0;3
16400;BOT_TAKER;SUBMISSION;SLEEP_POD_SUEDE;XIRECS;12308.0;3
16400;BOT_TAKER;BOT_MAKER;SLEEP_POD_LAMB_WOOL;XIRECS;10742.0;3
16400;BOT_TAKER;SUBMISSION;SLEEP_POD_POLYESTER;XIRECS;12828.0;2
16400;BOT_TAKER;BOT_MAKER;SLEEP_POD_POLYESTER;XIRECS;12829.0;1
16400;BOT_TAKER;BOT_MAKER;SLEEP_POD_NYLON;XIRECS;9564.0;3
16400;BOT_TAKER;SUBMISSION;SLEEP_POD_COTTON;XIRECS;12145.0;2
16400;BOT_TAKER;BOT_MAKER;SLEEP_POD_COTTON;XIRECS;12146.0;1
16400;BOT_TAKER;SUBMISSION;ROBOT_VACUUMING;XIRECS;8636.0;2
16400;BOT_TAKER;BOT_MAKER;ROBOT_VACUUMING;XIRECS;8637.0;1
16400;BOT_TAKER;SUBMISSION;ROBOT_MOPPING;XIRECS;12251.0;2
16400;BOT_TAKER;BOT_MAKER;ROBOT_MOPPING;XIRECS;12252.0;1
16400;BOT_TAKER;BOT_MAKER;ROBOT_DISHES;XIRECS;10315.0;3
16400;BOT_TAKER;BOT_MAKER;ROBOT_LAUNDRY;XIRECS;9133.0;3
16400;BOT_TAKER;SUBMISSION;ROBOT_IRONING;XIRECS;7409.0;2
16400;BOT_TAKER;BOT_MAKER;ROBOT_IRONING;XIRECS;7410.0;1
16400;BOT_TAKER;SUBMISSION;UV_VISOR_YELLOW;XIRECS;12057.0;2
16400;BOT_TAKER;BOT_MAKER;UV_VISOR_YELLOW;XIRECS;12058.0;1
16400;BOT_TAKER;SUBMISSION;UV_VISOR_AMBER;XIRECS;7351.0;2
16400;BOT_TAKER;BOT_MAKER;UV_VISOR_AMBER;XIRECS;7352.0;1
16400;BOT_TAKER;SUBMISSION;UV_VISOR_ORANGE;XIRECS;10223.0;2
16400;BOT_TAKER;BOT_MAKER;UV_VISOR_ORANGE;XIRECS;10224.0;1
16400;BOT_TAKER;SUBMISSION;UV_VISOR_RED;XIRECS;11261.0;3
16400;BOT_TAKER;BOT_MAKER;UV_VISOR_MAGENTA;XIRECS;11463.0;3
16400;BOT_TAKER;SUBMISSION;TRANSLATOR_SPACE_GRAY;XIRECS;10066.0;2
16400;BOT_TAKER;BOT_MAKER;TRANSLATOR_SPACE_GRAY;XIRECS;10067.0;1
16400;BOT_TAKER;SUBMISSION;TRANSLATOR_ASTRO_BLACK;XIRECS;9227.0;3
16400;BOT_TAKER;SUBMISSION;TRANSLATOR_ECLIPSE_CHARCOAL;XIRECS;9792.0;3
16400;BOT_TAKER;SUBMISSION;TRANSLATOR_GRAPHITE_MIST;XIRECS;11107.0;2
16400;BOT_TAKER;BOT_MAKER;TRANSLATOR_GRAPHITE_MIST;XIRECS;11108.0;1
16400;BOT_TAKER;BOT_MAKER;TRANSLATOR_VOID_BLUE;XIRECS;10535.0;3
16400;BOT_TAKER;SUBMISSION;PANEL_1X2;XIRECS;8613.0;2
16400;BOT_TAKER;BOT_MAKER;PANEL_1X2;XIRECS;8614.0;1
16400;BOT_TAKER;SUBMISSION;PANEL_2X2;XIRECS;9156.0;2
16400;BOT_TAKER;BOT_MAKER;PANEL_2X2;XIRECS;9157.0;1
16400;BOT_TAKER;SUBMISSION;PANEL_1X4;XIRECS;8531.0;2
16400;BOT_TAKER;BOT_MAKER;PANEL_1X4;XIRECS;8532.0;1
16400;BOT_TAKER;BOT_MAKER;PANEL_2X4;XIRECS;11647.0;3
16400;BOT_TAKER;SUBMISSION;PANEL_4X4;XIRECS;10283.0;2
16400;BOT_TAKER;BOT_MAKER;PANEL_4X4;XIRECS;10284.0;1
16400;BOT_TAKER;SUBMISSION;OXYGEN_SHAKE_MORNING_BREATH;XIRECS;9589.0;2
16400;BOT_TAKER;BOT_MAKER;OXYGEN_SHAKE_MORNING_BREATH;XIRECS;9590.0;1
16400;BOT_TAKER;SUBMISSION;OXYGEN_SHAKE_EVENING_BREATH;XIRECS;9307.0;2
16400;BOT_TAKER;BOT_MAKER;OXYGEN_SHAKE_EVENING_BREATH;XIRECS;9308.0;1
16400;BOT_TAKER;SUBMISSION;OXYGEN_SHAKE_MINT;XIRECS;9648.0;2
16400;BOT_TAKER;BOT_MAKER;OXYGEN_SHAKE_MINT;XIRECS;9649.0;1
16400;BOT_TAKER;SUBMISSION;OXYGEN_SHAKE_CHOCOLATE;XIRECS;9548.0;3
16400;BOT_TAKER;SUBMISSION;OXYGEN_SHAKE_GARLIC;XIRECS;11893.0;2
16400;BOT_TAKER;BOT_MAKER;OXYGEN_SHAKE_GARLIC;XIRECS;11894.0;1
16400;BOT_TAKER;SUBMISSION;SNACKPACK_CHOCOLATE;XIRECS;9862.0;3
16400;BOT_TAKER;SUBMISSION;SNACKPACK_VANILLA;XIRECS;10073.0;3
16400;BOT_TAKER;BOT_MAKER;SNACKPACK_PISTACHIO;XIRECS;9364.0;3
16400;BOT_TAKER;BOT_MAKER;SNACKPACK_STRAWBERRY;XIRECS;10743.0;3
16400;BOT_TAKER;SUBMISSION;SNACKPACK_RASPBERRY;XIRECS;10253.0;3
17200;SUBMISSION;BOT_TAKER;PEBBLES_XS;XIRECS;7098.0;2
17200;SUBMISSION;BOT_TAKER;PEBBLES_S;XIRECS;9025.0;2
17200;SUBMISSION;BOT_TAKER;PEBBLES_M;XIRECS;10840.0;2
17200;SUBMISSION;BOT_TAKER;PEBBLES_L;XIRECS;11185.0;2
17200;SUBMISSION;BOT_TAKER;PEBBLES_XL;XIRECS;11826.0;2
18400;BOT_TAKER;SUBMISSION;MICROCHIP_CIRCLE;XIRECS;8595.0;3
18400;BOT_TAKER;SUBMISSION;MICROCHIP_OVAL;XIRECS;7606.0;3
18400;BOT_TAKER;SUBMISSION;MICROCHIP_SQUARE;XIRECS;15600.0;3
18400;BOT_TAKER;SUBMISSION;MICROCHIP_RECTANGLE;XIRECS;8104.0;3
18400;BOT_TAKER;BOT_MAKER;MICROCHIP_TRIANGLE;XIRECS;8923.0;3
19800;SUBMISSION;BOT_TAKER;PEBBLES_XS;XIRECS;7033.0;5
19800;BOT_MAKER;BOT_TAKER;PEBBLES_S;XIRECS;9033.0;5
19800;SUBMISSION;BOT_TAKER;PEBBLES_M;XIRECS;10761.0;5
19800;SUBMISSION;BOT_TAKER;PEBBLES_L;XIRECS;11344.0;5
19800;SUBMISSION;BOT_TAKER;PEBBLES_XL;XIRECS;11803.0;5
21500;SUBMISSION;BOT_TAKER;GALAXY_SOUNDS_DARK_MATTER;XIRECS;10632.0;2
21500;SUBMISSION;BOT_TAKER;GALAXY_SOUNDS_BLACK_HOLES;XIRECS;12325.0;2
21500;SUBMISSION;BOT_TAKER;GALAXY_SOUNDS_PLANETARY_RINGS;XIRECS;11557.0;2
21500;SUBMISSION;BOT_TAKER;GALAXY_SOUNDS_SOLAR_WINDS;XIRECS;10765.0;2
21500;BOT_MAKER;BOT_TAKER;GALAXY_SOUNDS_SOLAR_FLAMES;XIRECS;10825.0;2
21500;BOT_MAKER;BOT_TAKER;SLEEP_POD_SUEDE;XIRECS;12322.0;2
21500;BOT_MAKER;BOT_TAKER;SLEEP_POD_LAMB_WOOL;XIRECS;10889.0;2
21500;SUBMISSION;BOT_TAKER;SLEEP_POD_POLYESTER;XIRECS;12929.0;2
21500;BOT_MAKER;BOT_TAKER;SLEEP_POD_NYLON;XIRECS;9771.0;2
21500;SUBMISSION;BOT_TAKER;SLEEP_POD_COTTON;XIRECS;12087.0;2
21500;BOT_MAKER;BOT_TAKER;ROBOT_VACUUMING;XIRECS;8614.0;2
21500;SUBMISSION;BOT_TAKER;ROBOT_MOPPING;XIRECS;12147.0;2
21500;BOT_MAKER;BOT_TAKER;ROBOT_DISHES;XIRECS;10408.0;2
21500;SUBMISSION;BOT_TAKER;ROBOT_LAUNDRY;XIRECS;9067.0;2
21500;SUBMISSION;BOT_TAKER;ROBOT_IRONING;XIRECS;7411.0;2
21500;SUBMISSION;BOT_TAKER;UV_VISOR_YELLOW;XIRECS;12261.0;2
21500;SUBMISSION;BOT_TAKER;UV_VISOR_AMBER;XIRECS;7309.0;2
21500;SUBMISSION;BOT_TAKER;UV_VISOR_ORANGE;XIRECS;10279.0;2
21500;BOT_MAKER;BOT_TAKER;UV_VISOR_RED;XIRECS;11246.0;2
21500;SUBMISSION;BOT_TAKER;UV_VISOR_MAGENTA;XIRECS;11313.0;2
21500;SUBMISSION;BOT_TAKER;TRANSLATOR_SPACE_GRAY;XIRECS;9940.0;2
21500;SUBMISSION;BOT_TAKER;TRANSLATOR_ASTRO_BLACK;XIRECS;9124.0;2
21500;BOT_MAKER;BOT_TAKER;TRANSLATOR_ECLIPSE_CHARCOAL;XIRECS;9790.0;2
21500;SUBMISSION;BOT_TAKER;TRANSLATOR_GRAPHITE_MIST;XIRECS;11016.0;2
21500;SUBMISSION;BOT_TAKER;TRANSLATOR_VOID_BLUE;XIRECS;10446.0;2
21500;SUBMISSION;BOT_TAKER;PANEL_1X2;XIRECS;8565.0;2
21500;SUBMISSION;BOT_TAKER;PANEL_2X2;XIRECS;9082.0;2
21500;SUBMISSION;BOT_TAKER;PANEL_1X4;XIRECS;8659.0;2
21500;BOT_MAKER;BOT_TAKER;PANEL_2X4;XIRECS;11654.0;2
21500;SUBMISSION;BOT_TAKER;PANEL_4X4;XIRECS;10225.0;2
21500;SUBMISSION;BOT_TAKER;OXYGEN_SHAKE_MORNING_BREATH;XIRECS;9509.0;2
21500;SUBMISSION;BOT_TAKER;OXYGEN_SHAKE_EVENING_BREATH;XIRECS;9384.0;2
21500;SUBMISSION;BOT_TAKER;OXYGEN_SHAKE_MINT;XIRECS;9645.0;2
21500;BOT_MAKER;BOT_TAKER;OXYGEN_SHAKE_CHOCOLATE;XIRECS;9519.0;2
21500;SUBMISSION;BOT_TAKER;OXYGEN_SHAKE_GARLIC;XIRECS;11785.0;2
21500;SUBMISSION;BOT_TAKER;SNACKPACK_CHOCOLATE;XIRECS;9811.0;2
21500;BOT_MAKER;BOT_TAKER;SNACKPACK_VANILLA;XIRECS;10127.0;2
21500;BOT_MAKER;BOT_TAKER;SNACKPACK_PISTACHIO;XIRECS;9389.0;2
21500;BOT_MAKER;BOT_TAKER;SNACKPACK_STRAWBERRY;XIRECS;10776.0;2
21500;BOT_MAKER;BOT_TAKER;SNACKPACK_RASPBERRY;XIRECS;10204.0;2
22300;SUBMISSION;BOT_TAKER;GALAXY_SOUNDS_DARK_MATTER;XIRECS;10643.0;2
22300;SUBMISSION;BOT_TAKER;GALAXY_SOUNDS_BLACK_HOLES;XIRECS;12279.0;2
22300;SUBMISSION;BOT_TAKER;GALAXY_SOUNDS_PLANETARY_RINGS;XIRECS;11540.0;2
22300;SUBMISSION;BOT_TAKER;GALAXY_SOUNDS_SOLAR_WINDS;XIRECS;10745.0;2
22300;BOT_MAKER;BOT_TAKER;GALAXY_SOUNDS_SOLAR_FLAMES;XIRECS;10760.0;2
22300;BOT_MAKER;BOT_TAKER;SLEEP_POD_SUEDE;XIRECS;12310.0;2
22300;BOT_MAKER;BOT_TAKER;SLEEP_POD_LAMB_WOOL;XIRECS;10898.0;2
22300;SUBMISSION;BOT_TAKER;SLEEP_POD_POLYESTER;XIRECS;12903.0;2
22300;BOT_MAKER;BOT_TAKER;SLEEP_POD_NYLON;XIRECS;9779.0;2
22300;SUBMISSION;BOT_TAKER;SLEEP_POD_COTTON;XIRECS;12092.0;2
22300;BOT_MAKER;BOT_TAKER;ROBOT_VACUUMING;XIRECS;8653.0;2
22300;SUBMISSION;BOT_TAKER;ROBOT_MOPPING;XIRECS;12184.0;2
22300;BOT_MAKER;BOT_TAKER;ROBOT_DISHES;XIRECS;10435.0;2
22300;SUBMISSION;BOT_TAKER;ROBOT_LAUNDRY;XIRECS;9077.0;2
22300;SUBMISSION;BOT_TAKER;ROBOT_IRONING;XIRECS;7422.0;2
22300;SUBMISSION;BOT_TAKER;UV_VISOR_YELLOW;XIRECS;12294.0;2
22300;SUBMISSION;BOT_TAKER;UV_VISOR_AMBER;XIRECS;7297.0;2
22300;SUBMISSION;BOT_TAKER;UV_VISOR_ORANGE;XIRECS;10255.0;2
22300;BOT_MAKER;BOT_TAKER;UV_VISOR_RED;XIRECS;11196.0;2
22300;SUBMISSION;BOT_TAKER;UV_VISOR_MAGENTA;XIRECS;11296.0;2
22300;SUBMISSION;BOT_TAKER;TRANSLATOR_SPACE_GRAY;XIRECS;9941.0;2
22300;SUBMISSION;BOT_TAKER;TRANSLATOR_ASTRO_BLACK;XIRECS;9138.0;2
22300;BOT_MAKER;BOT_TAKER;TRANSLATOR_ECLIPSE_CHARCOAL;XIRECS;9795.0;2
22300;SUBMISSION;BOT_TAKER;TRANSLATOR_GRAPHITE_MIST;XIRECS;11030.0;2
22300;SUBMISSION;BOT_TAKER;TRANSLATOR_VOID_BLUE;XIRECS;10468.0;2
22300;SUBMISSION;BOT_TAKER;PANEL_1X2;XIRECS;8569.0;2
22300;SUBMISSION;BOT_TAKER;PANEL_2X2;XIRECS;9087.0;2
22300;SUBMISSION;BOT_TAKER;PANEL_1X4;XIRECS;8686.0;2
22300;BOT_MAKER;BOT_TAKER;PANEL_2X4;XIRECS;11657.0;2
22300;SUBMISSION;BOT_TAKER;PANEL_4X4;XIRECS;10237.0;2
22300;SUBMISSION;BOT_TAKER;OXYGEN_SHAKE_MORNING_BREATH;XIRECS;9529.0;2
22300;SUBMISSION;BOT_TAKER;OXYGEN_SHAKE_EVENING_BREATH;XIRECS;9298.0;2
22300;SUBMISSION;BOT_TAKER;OXYGEN_SHAKE_MINT;XIRECS;9659.0;2
22300;BOT_MAKER;BOT_TAKER;OXYGEN_SHAKE_CHOCOLATE;XIRECS;9529.0;2
22300;SUBMISSION;BOT_TAKER;OXYGEN_SHAKE_GARLIC;XIRECS;11769.0;2
22300;BOT_MAKER;BOT_TAKER;SNACKPACK_CHOCOLATE;XIRECS;9843.0;2
22300;BOT_MAKER;BOT_TAKER;SNACKPACK_VANILLA;XIRECS;10088.0;2
22300;BOT_MAKER;BOT_TAKER;SNACKPACK_PISTACHIO;XIRECS;9384.0;2
22300;BOT_MAKER;BOT_TAKER;SNACKPACK_STRAWBERRY;XIRECS;10777.0;2
22300;BOT_MAKER;BOT_TAKER;SNACKPACK_RASPBERRY;XIRECS;10208.0;2
26300;SUBMISSION;BOT_TAKER;PEBBLES_XS;XIRECS;6892.0;2
26300;BOT_MAKER;BOT_TAKER;PEBBLES_XS;XIRECS;6891.0;1
26300;BOT_MAKER;BOT_TAKER;PEBBLES_S;XIRECS;9036.0;3
26300;SUBMISSION;BOT_TAKER;PEBBLES_M;XIRECS;10677.0;2
26300;BOT_MAKER;BOT_TAKER;PEBBLES_M;XIRECS;10676.0;1
26300;SUBMISSION;BOT_TAKER;PEBBLES_L;XIRECS;11436.0;2
26300;BOT_MAKER;BOT_TAKER;PEBBLES_L;XIRECS;11435.0;1
26300;BOT_MAKER;BOT_TAKER;PEBBLES_XL;XIRECS;11931.0;3
26900;BOT_TAKER;SUBMISSION;PEBBLES_XS;XIRECS;6918.0;2
26900;BOT_TAKER;BOT_MAKER;PEBBLES_S;XIRECS;9017.0;2
26900;BOT_TAKER;BOT_MAKER;PEBBLES_M;XIRECS;10703.0;2
26900;BOT_TAKER;SUBMISSION;PEBBLES_L;XIRECS;11515.0;2
26900;BOT_TAKER;BOT_MAKER;PEBBLES_XL;XIRECS;11875.0;2
30000;BOT_TAKER;SUBMISSION;MICROCHIP_CIRCLE;XIRECS;8679.0;3
30000;BOT_TAKER;SUBMISSION;MICROCHIP_OVAL;XIRECS;7641.0;3
30000;BOT_TAKER;SUBMISSION;MICROCHIP_SQUARE;XIRECS;15330.0;3
30000;BOT_TAKER;SUBMISSION;MICROCHIP_RECTANGLE;XIRECS;7982.0;3
30000;BOT_TAKER;BOT_MAKER;MICROCHIP_TRIANGLE;XIRECS;8901.0;3
30200;SUBMISSION;BOT_TAKER;PEBBLES_XS;XIRECS;6904.0;2
30200;SUBMISSION;BOT_TAKER;PEBBLES_S;XIRECS;8939.0;2
30200;BOT_MAKER;BOT_TAKER;PEBBLES_M;XIRECS;10621.0;2
30200;SUBMISSION;BOT_TAKER;PEBBLES_L;XIRECS;11545.0;2
30200;BOT_MAKER;BOT_TAKER;PEBBLES_XL;XIRECS;11963.0;2
33300;SUBMISSION;BOT_TAKER;MICROCHIP_CIRCLE;XIRECS;8604.0;3
33300;SUBMISSION;BOT_TAKER;MICROCHIP_OVAL;XIRECS;7580.0;3
33300;SUBMISSION;BOT_TAKER;MICROCHIP_SQUARE;XIRECS;15328.0;3
33300;BOT_MAKER;BOT_TAKER;MICROCHIP_RECTANGLE;XIRECS;8035.0;3
33300;SUBMISSION;BOT_TAKER;MICROCHIP_TRIANGLE;XIRECS;8831.0;3
33600;SUBMISSION;BOT_TAKER;GALAXY_SOUNDS_DARK_MATTER;XIRECS;10474.0;2
33600;SUBMISSION;BOT_TAKER;GALAXY_SOUNDS_BLACK_HOLES;XIRECS;12361.0;2
33600;SUBMISSION;BOT_TAKER;GALAXY_SOUNDS_PLANETARY_RINGS;XIRECS;11504.0;2
33600;SUBMISSION;BOT_TAKER;GALAXY_SOUNDS_SOLAR_WINDS;XIRECS;10582.0;2
33600;BOT_MAKER;BOT_TAKER;GALAXY_SOUNDS_SOLAR_FLAMES;XIRECS;10817.0;2
33600;BOT_MAKER;BOT_TAKER;SLEEP_POD_SUEDE;XIRECS;12379.0;2
33600;BOT_MAKER;BOT_TAKER;SLEEP_POD_LAMB_WOOL;XIRECS;10960.0;2
33600;SUBMISSION;BOT_TAKER;SLEEP_POD_POLYESTER;XIRECS;12912.0;2
33600;BOT_MAKER;BOT_TAKER;SLEEP_POD_NYLON;XIRECS;9824.0;2
33600;SUBMISSION;BOT_TAKER;SLEEP_POD_COTTON;XIRECS;12224.0;2
33600;SUBMISSION;BOT_TAKER;ROBOT_VACUUMING;XIRECS;8608.0;2
33600;SUBMISSION;BOT_TAKER;ROBOT_MOPPING;XIRECS;12183.0;2
33600;BOT_MAKER;BOT_TAKER;ROBOT_DISHES;XIRECS;10520.0;2
33600;SUBMISSION;BOT_TAKER;ROBOT_LAUNDRY;XIRECS;9191.0;1
33600;BOT_MAKER;BOT_TAKER;ROBOT_LAUNDRY;XIRECS;9190.0;1
33600;SUBMISSION;BOT_TAKER;ROBOT_IRONING;XIRECS;7422.0;2
33600;SUBMISSION;BOT_TAKER;UV_VISOR_YELLOW;XIRECS;12250.0;2
33600;SUBMISSION;BOT_TAKER;UV_VISOR_AMBER;XIRECS;7341.0;2
33600;SUBMISSION;BOT_TAKER;UV_VISOR_ORANGE;XIRECS;10369.0;2
33600;BOT_MAKER;BOT_TAKER;UV_VISOR_RED;XIRECS;11267.0;2
33600;SUBMISSION;BOT_TAKER;UV_VISOR_MAGENTA;XIRECS;11440.0;1
33600;BOT_MAKER;BOT_TAKER;UV_VISOR_MAGENTA;XIRECS;11439.0;1
33600;SUBMISSION;BOT_TAKER;TRANSLATOR_SPACE_GRAY;XIRECS;9886.0;2
33600;SUBMISSION;BOT_TAKER;TRANSLATOR_ASTRO_BLACK;XIRECS;9132.0;2
33600;BOT_MAKER;BOT_TAKER;TRANSLATOR_ECLIPSE_CHARCOAL;XIRECS;9753.0;2
33600;SUBMISSION;BOT_TAKER;TRANSLATOR_GRAPHITE_MIST;XIRECS;11303.0;2
33600;SUBMISSION;BOT_TAKER;TRANSLATOR_VOID_BLUE;XIRECS;10423.0;2
33600;SUBMISSION;BOT_TAKER;PANEL_1X2;XIRECS;8643.0;2
33600;SUBMISSION;BOT_TAKER;PANEL_2X2;XIRECS;9015.0;2
33600;SUBMISSION;BOT_TAKER;PANEL_1X4;XIRECS;8526.0;2
33600;SUBMISSION;BOT_TAKER;PANEL_2X4;XIRECS;11470.0;2
33600;SUBMISSION;BOT_TAKER;PANEL_4X4;XIRECS;10419.0;2
33600;SUBMISSION;BOT_TAKER;OXYGEN_SHAKE_MORNING_BREATH;XIRECS;9450.0;2
33600;SUBMISSION;BOT_TAKER;OXYGEN_SHAKE_EVENING_BREATH;XIRECS;9283.0;2
33600;SUBMISSION;BOT_TAKER;OXYGEN_SHAKE_MINT;XIRECS;9706.0;2
33600;SUBMISSION;BOT_TAKER;OXYGEN_SHAKE_CHOCOLATE;XIRECS;9347.0;2
33600;SUBMISSION;BOT_TAKER;OXYGEN_SHAKE_GARLIC;XIRECS;11760.0;2
33600;BOT_MAKER;BOT_TAKER;SNACKPACK_CHOCOLATE;XIRECS;9851.0;2
33600;BOT_MAKER;BOT_TAKER;SNACKPACK_VANILLA;XIRECS;10105.0;2
33600;BOT_MAKER;BOT_TAKER;SNACKPACK_PISTACHIO;XIRECS;9395.0;2
33600;BOT_MAKER;BOT_TAKER;SNACKPACK_STRAWBERRY;XIRECS;10892.0;2
33600;SUBMISSION;BOT_TAKER;SNACKPACK_RASPBERRY;XIRECS;10165.0;2
35700;BOT_TAKER;SUBMISSION;PEBBLES_XS;XIRECS;6829.0;3
35700;BOT_TAKER;BOT_MAKER;PEBBLES_S;XIRECS;8862.0;3
35700;BOT_TAKER;BOT_MAKER;PEBBLES_M;XIRECS;10621.0;3
35700;BOT_TAKER;SUBMISSION;PEBBLES_L;XIRECS;11580.0;3
35700;BOT_TAKER;SUBMISSION;PEBBLES_XL;XIRECS;12136.0;3
36500;BOT_TAKER;SUBMISSION;MICROCHIP_CIRCLE;XIRECS;8674.0;2
36500;BOT_TAKER;SUBMISSION;MICROCHIP_OVAL;XIRECS;7592.0;2
36500;BOT_TAKER;SUBMISSION;MICROCHIP_SQUARE;XIRECS;15476.0;2
36500;BOT_TAKER;SUBMISSION;MICROCHIP_RECTANGLE;XIRECS;8125.0;2
36500;BOT_TAKER;BOT_MAKER;MICROCHIP_TRIANGLE;XIRECS;8873.0;2
37300;BOT_MAKER;BOT_TAKER;GALAXY_SOUNDS_DARK_MATTER;XIRECS;10486.0;3
37300;SUBMISSION;BOT_TAKER;GALAXY_SOUNDS_BLACK_HOLES;XIRECS;12379.0;2
37300;BOT_MAKER;BOT_TAKER;GALAXY_SOUNDS_BLACK_HOLES;XIRECS;12378.0;1
37300;SUBMISSION;BOT_TAKER;GALAXY_SOUNDS_PLANETARY_RINGS;XIRECS;11493.0;2
37300;BOT_MAKER;BOT_TAKER;GALAXY_SOUNDS_PLANETARY_RINGS;XIRECS;11492.0;1
37300;SUBMISSION;BOT_TAKER;GALAXY_SOUNDS_SOLAR_WINDS;XIRECS;10524.0;2
37300;BOT_MAKER;BOT_TAKER;GALAXY_SOUNDS_SOLAR_WINDS;XIRECS;10523.0;1
37300;BOT_MAKER;BOT_TAKER;GALAXY_SOUNDS_SOLAR_FLAMES;XIRECS;10911.0;3
37300;BOT_MAKER;BOT_TAKER;SLEEP_POD_SUEDE;XIRECS;12334.0;3
37300;BOT_MAKER;BOT_TAKER;SLEEP_POD_LAMB_WOOL;XIRECS;10925.0;3
37300;SUBMISSION;BOT_TAKER;SLEEP_POD_POLYESTER;XIRECS;12868.0;2
37300;BOT_MAKER;BOT_TAKER;SLEEP_POD_POLYESTER;XIRECS;12867.0;1
37300;BOT_MAKER;BOT_TAKER;SLEEP_POD_NYLON;XIRECS;9879.0;3
37300;SUBMISSION;BOT_TAKER;SLEEP_POD_COTTON;XIRECS;12170.0;2
37300;BOT_MAKER;BOT_TAKER;SLEEP_POD_COTTON;XIRECS;12169.0;1
37300;SUBMISSION;BOT_TAKER;ROBOT_VACUUMING;XIRECS;8547.0;3
37300;SUBMISSION;BOT_TAKER;ROBOT_MOPPING;XIRECS;12198.0;2
37300;BOT_MAKER;BOT_TAKER;ROBOT_MOPPING;XIRECS;12197.0;1
37300;BOT_MAKER;BOT_TAKER;ROBOT_DISHES;XIRECS;10564.0;3
37300;BOT_MAKER;BOT_TAKER;ROBOT_LAUNDRY;XIRECS;9218.0;3
37300;SUBMISSION;BOT_TAKER;ROBOT_IRONING;XIRECS;7475.0;2
37300;BOT_MAKER;BOT_TAKER;ROBOT_IRONING;XIRECS;7474.0;1
37300;SUBMISSION;BOT_TAKER;UV_VISOR_YELLOW;XIRECS;12198.0;2
37300;BOT_MAKER;BOT_TAKER;UV_VISOR_YELLOW;XIRECS;12197.0;1
37300;SUBMISSION;BOT_TAKER;UV_VISOR_AMBER;XIRECS;7386.0;2
37300;BOT_MAKER;BOT_TAKER;UV_VISOR_AMBER;XIRECS;7385.0;1
37300;SUBMISSION;BOT_TAKER;UV_VISOR_ORANGE;XIRECS;10331.0;2
37300;BOT_MAKER;BOT_TAKER;UV_VISOR_ORANGE;XIRECS;10330.0;1
37300;BOT_MAKER;BOT_TAKER;UV_VISOR_RED;XIRECS;11274.0;3
37300;BOT_MAKER;BOT_TAKER;UV_VISOR_MAGENTA;XIRECS;11490.0;3
37300;SUBMISSION;BOT_TAKER;TRANSLATOR_SPACE_GRAY;XIRECS;9873.0;2
37300;BOT_MAKER;BOT_TAKER;TRANSLATOR_SPACE_GRAY;XIRECS;9872.0;1
37300;BOT_MAKER;BOT_TAKER;TRANSLATOR_ASTRO_BLACK;XIRECS;9153.0;3
37300;BOT_MAKER;BOT_TAKER;TRANSLATOR_ECLIPSE_CHARCOAL;XIRECS;9746.0;3
37300;SUBMISSION;BOT_TAKER;TRANSLATOR_GRAPHITE_MIST;XIRECS;11326.0;2
37300;BOT_MAKER;BOT_TAKER;TRANSLATOR_GRAPHITE_MIST;XIRECS;11325.0;1
37300;SUBMISSION;BOT_TAKER;TRANSLATOR_VOID_BLUE;XIRECS;10331.0;3
37300;SUBMISSION;BOT_TAKER;PANEL_1X2;XIRECS;8616.0;2
37300;BOT_MAKER;BOT_TAKER;PANEL_1X2;XIRECS;8615.0;1
37300;SUBMISSION;BOT_TAKER;PANEL_2X2;XIRECS;9079.0;2
37300;BOT_MAKER;BOT_TAKER;PANEL_2X2;XIRECS;9078.0;1
37300;SUBMISSION;BOT_TAKER;PANEL_1X4;XIRECS;8505.0;2
37300;BOT_MAKER;BOT_TAKER;PANEL_1X4;XIRECS;8504.0;1
37300;BOT_MAKER;BOT_TAKER;PANEL_2X4;XIRECS;11582.0;3
37300;SUBMISSION;BOT_TAKER;PANEL_4X4;XIRECS;10419.0;2
37300;BOT_MAKER;BOT_TAKER;PANEL_4X4;XIRECS;10418.0;1
37300;SUBMISSION;BOT_TAKER;OXYGEN_SHAKE_MORNING_BREATH;XIRECS;9502.0;2
37300;BOT_MAKER;BOT_TAKER;OXYGEN_SHAKE_MORNING_BREATH;XIRECS;9501.0;1
37300;SUBMISSION;BOT_TAKER;OXYGEN_SHAKE_EVENING_BREATH;XIRECS;9210.0;2
37300;BOT_MAKER;BOT_TAKER;OXYGEN_SHAKE_EVENING_BREATH;XIRECS;9209.0;1
37300;SUBMISSION;BOT_TAKER;OXYGEN_SHAKE_MINT;XIRECS;9649.0;2
37300;BOT_MAKER;BOT_TAKER;OXYGEN_SHAKE_MINT;XIRECS;9648.0;1
37300;BOT_MAKER;BOT_TAKER;OXYGEN_SHAKE_CHOCOLATE;XIRECS;9564.0;3
37300;SUBMISSION;BOT_TAKER;OXYGEN_SHAKE_GARLIC;XIRECS;11861.0;2
37300;BOT_MAKER;BOT_TAKER;OXYGEN_SHAKE_GARLIC;XIRECS;11860.0;1
37300;SUBMISSION;BOT_TAKER;SNACKPACK_CHOCOLATE;XIRECS;9801.0;3
37300;BOT_MAKER;BOT_TAKER;SNACKPACK_VANILLA;XIRECS;10133.0;3
37300;BOT_MAKER;BOT_TAKER;SNACKPACK_PISTACHIO;XIRECS;9362.0;3
37300;BOT_MAKER;BOT_TAKER;SNACKPACK_STRAWBERRY;XIRECS;10837.0;3
37300;BOT_MAKER;BOT_TAKER;SNACKPACK_RASPBERRY;XIRECS;10226.0;3
37600;BOT_TAKER;BOT_MAKER;GALAXY_SOUNDS_DARK_MATTER;XIRECS;10477.0;3
37600;BOT_TAKER;SUBMISSION;GALAXY_SOUNDS_BLACK_HOLES;XIRECS;12369.0;3
37600;BOT_TAKER;SUBMISSION;GALAXY_SOUNDS_PLANETARY_RINGS;XIRECS;11505.0;3
37600;BOT_TAKER;SUBMISSION;GALAXY_SOUNDS_SOLAR_WINDS;XIRECS;10531.0;3
37600;BOT_TAKER;BOT_MAKER;GALAXY_SOUNDS_SOLAR_FLAMES;XIRECS;10909.0;3
37600;BOT_TAKER;SUBMISSION;SLEEP_POD_SUEDE;XIRECS;12336.0;3
37600;BOT_TAKER;SUBMISSION;SLEEP_POD_LAMB_WOOL;XIRECS;10939.0;3
37600;BOT_TAKER;SUBMISSION;SLEEP_POD_POLYESTER;XIRECS;12881.0;3
37600;BOT_TAKER;SUBMISSION;SLEEP_POD_NYLON;XIRECS;9882.0;3
37600;BOT_TAKER;SUBMISSION;SLEEP_POD_COTTON;XIRECS;12178.0;3
37600;BOT_TAKER;BOT_MAKER;ROBOT_VACUUMING;XIRECS;8546.0;3
37600;BOT_TAKER;SUBMISSION;ROBOT_MOPPING;XIRECS;12199.0;3
37600;BOT_TAKER;BOT_MAKER;ROBOT_DISHES;XIRECS;10615.0;3
37600;BOT_TAKER;BOT_MAKER;ROBOT_LAUNDRY;XIRECS;9220.0;3
37600;BOT_TAKER;SUBMISSION;ROBOT_IRONING;XIRECS;7454.0;3
37600;BOT_TAKER;SUBMISSION;UV_VISOR_YELLOW;XIRECS;12206.0;3
37600;BOT_TAKER;SUBMISSION;UV_VISOR_AMBER;XIRECS;7372.0;3
37600;BOT_TAKER;SUBMISSION;UV_VISOR_ORANGE;XIRECS;10339.0;3
37600;BOT_TAKER;BOT_MAKER;UV_VISOR_RED;XIRECS;11289.0;3
37600;BOT_TAKER;BOT_MAKER;UV_VISOR_MAGENTA;XIRECS;11504.0;3
37600;BOT_TAKER;SUBMISSION;TRANSLATOR_SPACE_GRAY;XIRECS;9882.0;3
37600;BOT_TAKER;SUBMISSION;TRANSLATOR_ASTRO_BLACK;XIRECS;9166.0;3
37600;BOT_TAKER;BOT_MAKER;TRANSLATOR_ECLIPSE_CHARCOAL;XIRECS;9768.0;3
37600;BOT_TAKER;SUBMISSION;TRANSLATOR_GRAPHITE_MIST;XIRECS;11363.0;3
37600;BOT_TAKER;BOT_MAKER;TRANSLATOR_VOID_BLUE;XIRECS;10339.0;3
37600;BOT_TAKER;SUBMISSION;PANEL_1X2;XIRECS;8630.0;3
37600;BOT_TAKER;SUBMISSION;PANEL_2X2;XIRECS;9087.0;3
37600;BOT_TAKER;SUBMISSION;PANEL_1X4;XIRECS;8506.0;3
37600;BOT_TAKER;SUBMISSION;PANEL_2X4;XIRECS;11575.0;2
37600;BOT_TAKER;BOT_MAKER;PANEL_2X4;XIRECS;11576.0;1
37600;BOT_TAKER;SUBMISSION;PANEL_4X4;XIRECS;10395.0;3
37600;BOT_TAKER;SUBMISSION;OXYGEN_SHAKE_MORNING_BREATH;XIRECS;9521.0;3
37600;BOT_TAKER;SUBMISSION;OXYGEN_SHAKE_EVENING_BREATH;XIRECS;9265.0;3
37600;BOT_TAKER;SUBMISSION;OXYGEN_SHAKE_MINT;XIRECS;9642.0;3
37600;BOT_TAKER;SUBMISSION;OXYGEN_SHAKE_CHOCOLATE;XIRECS;9594.0;2
37600;BOT_TAKER;BOT_MAKER;OXYGEN_SHAKE_CHOCOLATE;XIRECS;9595.0;1
37600;BOT_TAKER;SUBMISSION;OXYGEN_SHAKE_GARLIC;XIRECS;11871.0;3
37600;BOT_TAKER;BOT_MAKER;SNACKPACK_CHOCOLATE;XIRECS;9807.0;3
37600;BOT_TAKER;SUBMISSION;SNACKPACK_VANILLA;XIRECS;10151.0;3
37600;BOT_TAKER;SUBMISSION;SNACKPACK_PISTACHIO;XIRECS;9394.0;3
37600;BOT_TAKER;SUBMISSION;SNACKPACK_STRAWBERRY;XIRECS;10882.0;3
37600;BOT_TAKER;SUBMISSION;SNACKPACK_RASPBERRY;XIRECS;10213.0;2
37600;BOT_TAKER;BOT_MAKER;SNACKPACK_RASPBERRY;XIRECS;10214.0;1
37900;BOT_MAKER;BOT_TAKER;GALAXY_SOUNDS_DARK_MATTER;XIRECS;10477.0;1
37900;SUBMISSION;BOT_TAKER;GALAXY_SOUNDS_BLACK_HOLES;XIRECS;12387.0;1
37900;SUBMISSION;BOT_TAKER;GALAXY_SOUNDS_PLANETARY_RINGS;XIRECS;11485.0;1
37900;SUBMISSION;BOT_TAKER;GALAXY_SOUNDS_SOLAR_WINDS;XIRECS;10518.0;1
37900;BOT_MAKER;BOT_TAKER;GALAXY_SOUNDS_SOLAR_FLAMES;XIRECS;10913.0;1
37900;BOT_MAKER;BOT_TAKER;SLEEP_POD_SUEDE;XIRECS;12299.0;1
37900;BOT_MAKER;BOT_TAKER;SLEEP_POD_LAMB_WOOL;XIRECS;10934.0;1
37900;SUBMISSION;BOT_TAKER;SLEEP_POD_POLYESTER;XIRECS;12880.0;1
37900;BOT_MAKER;BOT_TAKER;SLEEP_POD_NYLON;XIRECS;9870.0;1
37900;SUBMISSION;BOT_TAKER;SLEEP_POD_COTTON;XIRECS;12148.0;1
37900;SUBMISSION;BOT_TAKER;ROBOT_VACUUMING;XIRECS;8535.0;1
37900;SUBMISSION;BOT_TAKER;ROBOT_MOPPING;XIRECS;12215.0;1
37900;BOT_MAKER;BOT_TAKER;ROBOT_DISHES;XIRECS;10578.0;1
37900;BOT_MAKER;BOT_TAKER;ROBOT_LAUNDRY;XIRECS;9217.0;1
37900;SUBMISSION;BOT_TAKER;ROBOT_IRONING;XIRECS;7451.0;1
37900;SUBMISSION;BOT_TAKER;UV_VISOR_YELLOW;XIRECS;12210.0;1
37900;SUBMISSION;BOT_TAKER;UV_VISOR_AMBER;XIRECS;7386.0;1
37900;SUBMISSION;BOT_TAKER;UV_VISOR_ORANGE;XIRECS;10312.0;1
37900;BOT_MAKER;BOT_TAKER;UV_VISOR_RED;XIRECS;11281.0;1
37900;BOT_MAKER;BOT_TAKER;UV_VISOR_MAGENTA;XIRECS;11479.0;1
37900;SUBMISSION;BOT_TAKER;TRANSLATOR_SPACE_GRAY;XIRECS;9875.0;1
37900;BOT_MAKER;BOT_TAKER;TRANSLATOR_ASTRO_BLACK;XIRECS;9189.0;1
37900;BOT_MAKER;BOT_TAKER;TRANSLATOR_ECLIPSE_CHARCOAL;XIRECS;9752.0;1
37900;SUBMISSION;BOT_TAKER;TRANSLATOR_GRAPHITE_MIST;XIRECS;11339.0;1
37900;SUBMISSION;BOT_TAKER;TRANSLATOR_VOID_BLUE;XIRECS;10327.0;1
37900;SUBMISSION;BOT_TAKER;PANEL_1X2;XIRECS;8598.0;1
37900;SUBMISSION;BOT_TAKER;PANEL_2X2;XIRECS;9088.0;1
37900;SUBMISSION;BOT_TAKER;PANEL_1X4;XIRECS;8494.0;1
37900;BOT_MAKER;BOT_TAKER;PANEL_2X4;XIRECS;11577.0;1
37900;SUBMISSION;BOT_TAKER;PANEL_4X4;XIRECS;10400.0;1
37900;SUBMISSION;BOT_TAKER;OXYGEN_SHAKE_MORNING_BREATH;XIRECS;9535.0;1
37900;SUBMISSION;BOT_TAKER;OXYGEN_SHAKE_EVENING_BREATH;XIRECS;9242.0;1
37900;SUBMISSION;BOT_TAKER;OXYGEN_SHAKE_MINT;XIRECS;9626.0;1
37900;BOT_MAKER;BOT_TAKER;OXYGEN_SHAKE_CHOCOLATE;XIRECS;9569.0;1
37900;SUBMISSION;BOT_TAKER;OXYGEN_SHAKE_GARLIC;XIRECS;11853.0;1
37900;SUBMISSION;BOT_TAKER;SNACKPACK_CHOCOLATE;XIRECS;9800.0;1
37900;BOT_MAKER;BOT_TAKER;SNACKPACK_VANILLA;XIRECS;10128.0;1
37900;BOT_MAKER;BOT_TAKER;SNACKPACK_PISTACHIO;XIRECS;9387.0;1
37900;BOT_MAKER;BOT_TAKER;SNACKPACK_STRAWBERRY;XIRECS;10871.0;1
37900;BOT_MAKER;BOT_TAKER;SNACKPACK_RASPBERRY;XIRECS;10189.0;1
38800;BOT_TAKER;SUBMISSION;PEBBLES_XS;XIRECS;6813.0;5
38800;BOT_TAKER;BOT_MAKER;PEBBLES_S;XIRECS;8795.0;5
38800;BOT_TAKER;BOT_MAKER;PEBBLES_M;XIRECS;10569.0;5
38800;BOT_TAKER;SUBMISSION;PEBBLES_L;XIRECS;11591.0;5
38800;BOT_TAKER;SUBMISSION;PEBBLES_XL;XIRECS;12260.0;5
39200;SUBMISSION;BOT_TAKER;PEBBLES_XS;XIRECS;6796.0;4
39200;SUBMISSION;BOT_TAKER;PEBBLES_S;XIRECS;8816.0;4
39200;BOT_MAKER;BOT_TAKER;PEBBLES_M;XIRECS;10608.0;4
39200;SUBMISSION;BOT_TAKER;PEBBLES_L;XIRECS;11558.0;4
39200;BOT_MAKER;BOT_TAKER;PEBBLES_XL;XIRECS;12194.0;4
43900;BOT_TAKER;BOT_MAKER;GALAXY_SOUNDS_DARK_MATTER;XIRECS;10574.0;4
43900;BOT_TAKER;SUBMISSION;GALAXY_SOUNDS_BLACK_HOLES;XIRECS;12362.0;4
43900;BOT_TAKER;SUBMISSION;GALAXY_SOUNDS_PLANETARY_RINGS;XIRECS;11593.0;4
43900;BOT_TAKER;SUBMISSION;GALAXY_SOUNDS_SOLAR_WINDS;XIRECS;10510.0;4
43900;BOT_TAKER;BOT_MAKER;GALAXY_SOUNDS_SOLAR_FLAMES;XIRECS;11104.0;4
43900;BOT_TAKER;SUBMISSION;SLEEP_POD_SUEDE;XIRECS;12348.0;4
43900;BOT_TAKER;SUBMISSION;SLEEP_POD_LAMB_WOOL;XIRECS;11002.0;3
43900;BOT_TAKER;BOT_MAKER;SLEEP_POD_LAMB_WOOL;XIRECS;11003.0;1
43900;BOT_TAKER;SUBMISSION;SLEEP_POD_POLYESTER;XIRECS;12913.0;4
43900;BOT_TAKER;SUBMISSION;SLEEP_POD_NYLON;XIRECS;9754.0;4
43900;BOT_TAKER;SUBMISSION;SLEEP_POD_COTTON;XIRECS;12254.0;4
43900;BOT_TAKER;SUBMISSION;ROBOT_VACUUMING;XIRECS;8611.0;4
43900;BOT_TAKER;SUBMISSION;ROBOT_MOPPING;XIRECS;12389.0;4
43900;BOT_TAKER;BOT_MAKER;ROBOT_DISHES;XIRECS;10477.0;4
43900;BOT_TAKER;BOT_MAKER;ROBOT_LAUNDRY;XIRECS;9215.0;4
43900;BOT_TAKER;SUBMISSION;ROBOT_IRONING;XIRECS;7452.0;4
43900;BOT_TAKER;SUBMISSION;UV_VISOR_YELLOW;XIRECS;12202.0;4
43900;BOT_TAKER;SUBMISSION;UV_VISOR_AMBER;XIRECS;7450.0;4
43900;BOT_TAKER;SUBMISSION;UV_VISOR_ORANGE;XIRECS;10280.0;4
43900;BOT_TAKER;BOT_MAKER;UV_VISOR_RED;XIRECS;11278.0;4
43900;BOT_TAKER;SUBMISSION;UV_VISOR_MAGENTA;XIRECS;11603.0;4
43900;BOT_TAKER;SUBMISSION;TRANSLATOR_SPACE_GRAY;XIRECS;9835.0;4
43900;BOT_TAKER;SUBMISSION;TRANSLATOR_ASTRO_BLACK;XIRECS;9205.0;4
43900;BOT_TAKER;BOT_MAKER;TRANSLATOR_ECLIPSE_CHARCOAL;XIRECS;9979.0;4
43900;BOT_TAKER;SUBMISSION;TRANSLATOR_GRAPHITE_MIST;XIRECS;11336.0;4
43900;BOT_TAKER;BOT_MAKER;TRANSLATOR_VOID_BLUE;XIRECS;10393.0;4
43900;BOT_TAKER;SUBMISSION;PANEL_1X2;XIRECS;8519.0;4
43900;BOT_TAKER;SUBMISSION;PANEL_2X2;XIRECS;9082.0;4
43900;BOT_TAKER;SUBMISSION;PANEL_1X4;XIRECS;8565.0;4
43900;BOT_TAKER;BOT_MAKER;PANEL_2X4;XIRECS;11782.0;4
43900;BOT_TAKER;SUBMISSION;PANEL_4X4;XIRECS;10311.0;4
43900;BOT_TAKER;SUBMISSION;OXYGEN_SHAKE_MORNING_BREATH;XIRECS;9424.0;4
43900;BOT_TAKER;SUBMISSION;OXYGEN_SHAKE_EVENING_BREATH;XIRECS;9240.0;4
43900;BOT_TAKER;SUBMISSION;OXYGEN_SHAKE_MINT;XIRECS;9662.0;4
43900;BOT_TAKER;BOT_MAKER;OXYGEN_SHAKE_CHOCOLATE;XIRECS;9713.0;4
43900;BOT_TAKER;SUBMISSION;OXYGEN_SHAKE_GARLIC;XIRECS;12107.0;4
43900;BOT_TAKER;SUBMISSION;SNACKPACK_CHOCOLATE;XIRECS;9832.0;4
43900;BOT_TAKER;SUBMISSION;SNACKPACK_VANILLA;XIRECS;10155.0;1
43900;BOT_TAKER;BOT_MAKER;SNACKPACK_VANILLA;XIRECS;10156.0;3
43900;BOT_TAKER;SUBMISSION;SNACKPACK_PISTACHIO;XIRECS;9416.0;4
43900;BOT_TAKER;SUBMISSION;SNACKPACK_STRAWBERRY;XIRECS;10931.0;4
43900;BOT_TAKER;BOT_MAKER;SNACKPACK_RASPBERRY;XIRECS;10154.0;4
44100;SUBMISSION;BOT_TAKER;MICROCHIP_CIRCLE;XIRECS;8698.0;1
44100;SUBMISSION;BOT_TAKER;MICROCHIP_OVAL;XIRECS;7566.0;1
44100;SUBMISSION;BOT_TAKER;MICROCHIP_SQUARE;XIRECS;15897.0;1
44100;BOT_MAKER;BOT_TAKER;MICROCHIP_RECTANGLE;XIRECS;8071.0;1
44100;SUBMISSION;BOT_TAKER;MICROCHIP_TRIANGLE;XIRECS;8810.0;1
46000;BOT_TAKER;SUBMISSION;MICROCHIP_CIRCLE;XIRECS;8707.0;1
46000;BOT_TAKER;SUBMISSION;MICROCHIP_OVAL;XIRECS;7501.0;1
46000;BOT_TAKER;SUBMISSION;MICROCHIP_SQUARE;XIRECS;15984.0;1
46000;BOT_TAKER;SUBMISSION;MICROCHIP_RECTANGLE;XIRECS;8097.0;1
46000;BOT_TAKER;BOT_MAKER;MICROCHIP_TRIANGLE;XIRECS;8827.0;1
47000;SUBMISSION;BOT_TAKER;MICROCHIP_CIRCLE;XIRECS;8665.0;3
47000;SUBMISSION;BOT_TAKER;MICROCHIP_OVAL;XIRECS;7453.0;3
47000;SUBMISSION;BOT_TAKER;MICROCHIP_SQUARE;XIRECS;16023.0;3
47000;BOT_MAKER;BOT_TAKER;MICROCHIP_RECTANGLE;XIRECS;8096.0;3
47000;SUBMISSION;BOT_TAKER;MICROCHIP_TRIANGLE;XIRECS;8827.0;3
52500;BOT_TAKER;BOT_MAKER;GALAXY_SOUNDS_DARK_MATTER;XIRECS;10666.0;3
52500;BOT_TAKER;SUBMISSION;GALAXY_SOUNDS_BLACK_HOLES;XIRECS;12460.0;2
52500;BOT_TAKER;BOT_MAKER;GALAXY_SOUNDS_BLACK_HOLES;XIRECS;12461.0;1
52500;BOT_TAKER;SUBMISSION;GALAXY_SOUNDS_PLANETARY_RINGS;XIRECS;11732.0;2
52500;BOT_TAKER;BOT_MAKER;GALAXY_SOUNDS_PLANETARY_RINGS;XIRECS;11733.0;1
52500;BOT_TAKER;SUBMISSION;GALAXY_SOUNDS_SOLAR_WINDS;XIRECS;10592.0;2
52500;BOT_TAKER;BOT_MAKER;GALAXY_SOUNDS_SOLAR_WINDS;XIRECS;10593.0;1
52500;BOT_TAKER;BOT_MAKER;GALAXY_SOUNDS_SOLAR_FLAMES;XIRECS;11207.0;3
52500;BOT_TAKER;BOT_MAKER;SLEEP_POD_SUEDE;XIRECS;12114.0;3
52500;BOT_TAKER;BOT_MAKER;SLEEP_POD_LAMB_WOOL;XIRECS;11114.0;3
52500;BOT_TAKER;SUBMISSION;SLEEP_POD_POLYESTER;XIRECS;12684.0;2
52500;BOT_TAKER;BOT_MAKER;SLEEP_POD_POLYESTER;XIRECS;12685.0;1
52500;BOT_TAKER;BOT_MAKER;SLEEP_POD_NYLON;XIRECS;9702.0;3
52500;BOT_TAKER;SUBMISSION;SLEEP_POD_COTTON;XIRECS;12164.0;2
52500;BOT_TAKER;BOT_MAKER;SLEEP_POD_COTTON;XIRECS;12165.0;1
52500;BOT_TAKER;BOT_MAKER;ROBOT_VACUUMING;XIRECS;8562.0;3
52500;BOT_TAKER;SUBMISSION;ROBOT_MOPPING;XIRECS;12368.0;2
52500;BOT_TAKER;BOT_MAKER;ROBOT_MOPPING;XIRECS;12369.0;1
52500;BOT_TAKER;BOT_MAKER;ROBOT_DISHES;XIRECS;10616.0;3
52500;BOT_TAKER;BOT_MAKER;ROBOT_LAUNDRY;XIRECS;9289.0;3
52500;BOT_TAKER;SUBMISSION;ROBOT_IRONING;XIRECS;7443.0;2
52500;BOT_TAKER;BOT_MAKER;ROBOT_IRONING;XIRECS;7444.0;1
52500;BOT_TAKER;SUBMISSION;UV_VISOR_YELLOW;XIRECS;12130.0;2
52500;BOT_TAKER;BOT_MAKER;UV_VISOR_YELLOW;XIRECS;12131.0;1
52500;BOT_TAKER;SUBMISSION;UV_VISOR_AMBER;XIRECS;7464.0;2
52500;BOT_TAKER;BOT_MAKER;UV_VISOR_AMBER;XIRECS;7465.0;1
52500;BOT_TAKER;SUBMISSION;UV_VISOR_ORANGE;XIRECS;10252.0;2
52500;BOT_TAKER;BOT_MAKER;UV_VISOR_ORANGE;XIRECS;10253.0;1
52500;BOT_TAKER;BOT_MAKER;UV_VISOR_RED;XIRECS;11315.0;3
52500;BOT_TAKER;BOT_MAKER;UV_VISOR_MAGENTA;XIRECS;11438.0;3
52500;BOT_TAKER;SUBMISSION;TRANSLATOR_SPACE_GRAY;XIRECS;9702.0;2
52500;BOT_TAKER;BOT_MAKER;TRANSLATOR_SPACE_GRAY;XIRECS;9703.0;1
52500;BOT_TAKER;BOT_MAKER;TRANSLATOR_ASTRO_BLACK;XIRECS;9137.0;3
52500;BOT_TAKER;BOT_MAKER;TRANSLATOR_ECLIPSE_CHARCOAL;XIRECS;9978.0;3
52500;BOT_TAKER;SUBMISSION;TRANSLATOR_GRAPHITE_MIST;XIRECS;11443.0;2
52500;BOT_TAKER;BOT_MAKER;TRANSLATOR_GRAPHITE_MIST;XIRECS;11444.0;1
52500;BOT_TAKER;BOT_MAKER;TRANSLATOR_VOID_BLUE;XIRECS;10509.0;3
52500;BOT_TAKER;SUBMISSION;PANEL_1X2;XIRECS;8397.0;2
52500;BOT_TAKER;BOT_MAKER;PANEL_1X2;XIRECS;8398.0;1
52500;BOT_TAKER;SUBMISSION;PANEL_2X2;XIRECS;8886.0;2
52500;BOT_TAKER;BOT_MAKER;PANEL_2X2;XIRECS;8887.0;1
52500;BOT_TAKER;SUBMISSION;PANEL_1X4;XIRECS;8602.0;2
52500;BOT_TAKER;BOT_MAKER;PANEL_1X4;XIRECS;8603.0;1
52500;BOT_TAKER;BOT_MAKER;PANEL_2X4;XIRECS;11774.0;3
52500;BOT_TAKER;SUBMISSION;PANEL_4X4;XIRECS;10294.0;2
52500;BOT_TAKER;BOT_MAKER;PANEL_4X4;XIRECS;10295.0;1
52500;BOT_TAKER;SUBMISSION;OXYGEN_SHAKE_MORNING_BREATH;XIRECS;9458.0;2
52500;BOT_TAKER;BOT_MAKER;OXYGEN_SHAKE_MORNING_BREATH;XIRECS;9459.0;1
52500;BOT_TAKER;SUBMISSION;OXYGEN_SHAKE_EVENING_BREATH;XIRECS;9403.0;2
52500;BOT_TAKER;BOT_MAKER;OXYGEN_SHAKE_EVENING_BREATH;XIRECS;9404.0;1
52500;BOT_TAKER;SUBMISSION;OXYGEN_SHAKE_MINT;XIRECS;9781.0;2
52500;BOT_TAKER;BOT_MAKER;OXYGEN_SHAKE_MINT;XIRECS;9782.0;1
52500;BOT_TAKER;BOT_MAKER;OXYGEN_SHAKE_CHOCOLATE;XIRECS;9686.0;3
52500;BOT_TAKER;SUBMISSION;OXYGEN_SHAKE_GARLIC;XIRECS;12023.0;2
52500;BOT_TAKER;BOT_MAKER;OXYGEN_SHAKE_GARLIC;XIRECS;12024.0;1
52500;BOT_TAKER;SUBMISSION;SNACKPACK_CHOCOLATE;XIRECS;9699.0;2
52500;BOT_TAKER;BOT_MAKER;SNACKPACK_CHOCOLATE;XIRECS;9700.0;1
52500;BOT_TAKER;BOT_MAKER;SNACKPACK_VANILLA;XIRECS;10323.0;3
52500;BOT_TAKER;SUBMISSION;SNACKPACK_PISTACHIO;XIRECS;9428.0;3
52500;BOT_TAKER;SUBMISSION;SNACKPACK_STRAWBERRY;XIRECS;10909.0;3
52500;BOT_TAKER;BOT_MAKER;SNACKPACK_RASPBERRY;XIRECS;10160.0;3
54500;BOT_TAKER;SUBMISSION;MICROCHIP_CIRCLE;XIRECS;8591.0;3
54500;BOT_TAKER;SUBMISSION;MICROCHIP_OVAL;XIRECS;7163.0;3
54500;BOT_TAKER;SUBMISSION;MICROCHIP_SQUARE;XIRECS;15879.0;3
54500;BOT_TAKER;SUBMISSION;MICROCHIP_RECTANGLE;XIRECS;8221.0;1
54500;BOT_TAKER;BOT_MAKER;MICROCHIP_RECTANGLE;XIRECS;8222.0;2
54500;BOT_TAKER;BOT_MAKER;MICROCHIP_TRIANGLE;XIRECS;8669.0;3
54700;BOT_TAKER;SUBMISSION;PEBBLES_XS;XIRECS;6990.0;4
54700;BOT_TAKER;BOT_MAKER;PEBBLES_XS;XIRECS;6991.0;1
54700;BOT_TAKER;BOT_MAKER;PEBBLES_S;XIRECS;8686.0;5
54700;BOT_TAKER;BOT_MAKER;PEBBLES_M;XIRECS;10923.0;5
54700;BOT_TAKER;SUBMISSION;PEBBLES_L;XIRECS;11589.0;4
54700;BOT_TAKER;BOT_MAKER;PEBBLES_L;XIRECS;11590.0;1
54700;BOT_TAKER;BOT_MAKER;PEBBLES_XL;XIRECS;11841.0;5
56800;BOT_TAKER;SUBMISSION;MICROCHIP_CIRCLE;XIRECS;8493.0;1
56800;BOT_TAKER;SUBMISSION;MICROCHIP_OVAL;XIRECS;7002.0;1
56800;BOT_TAKER;SUBMISSION;MICROCHIP_SQUARE;XIRECS;15775.0;1
56800;BOT_TAKER;BOT_MAKER;MICROCHIP_RECTANGLE;XIRECS;8240.0;1
56800;BOT_TAKER;BOT_MAKER;MICROCHIP_TRIANGLE;XIRECS;8714.0;1
58400;BOT_MAKER;BOT_TAKER;GALAXY_SOUNDS_DARK_MATTER;XIRECS;10593.0;2
58400;SUBMISSION;BOT_TAKER;GALAXY_SOUNDS_BLACK_HOLES;XIRECS;12580.0;2
58400;SUBMISSION;BOT_TAKER;GALAXY_SOUNDS_PLANETARY_RINGS;XIRECS;11737.0;2
58400;SUBMISSION;BOT_TAKER;GALAXY_SOUNDS_SOLAR_WINDS;XIRECS;10622.0;2
58400;BOT_MAKER;BOT_TAKER;GALAXY_SOUNDS_SOLAR_FLAMES;XIRECS;11216.0;2
58400;SUBMISSION;BOT_TAKER;SLEEP_POD_SUEDE;XIRECS;11956.0;2
58400;BOT_MAKER;BOT_TAKER;SLEEP_POD_LAMB_WOOL;XIRECS;10956.0;2
58400;SUBMISSION;BOT_TAKER;SLEEP_POD_POLYESTER;XIRECS;12698.0;2
58400;SUBMISSION;BOT_TAKER;SLEEP_POD_NYLON;XIRECS;9606.0;2
58400;SUBMISSION;BOT_TAKER;SLEEP_POD_COTTON;XIRECS;12146.0;2
58400;BOT_MAKER;BOT_TAKER;ROBOT_VACUUMING;XIRECS;8642.0;2
58400;SUBMISSION;BOT_TAKER;ROBOT_MOPPING;XIRECS;12347.0;2
58400;BOT_MAKER;BOT_TAKER;ROBOT_DISHES;XIRECS;10501.0;2
58400;BOT_MAKER;BOT_TAKER;ROBOT_LAUNDRY;XIRECS;9223.0;2
58400;SUBMISSION;BOT_TAKER;ROBOT_IRONING;XIRECS;7486.0;2
58400;SUBMISSION;BOT_TAKER;UV_VISOR_YELLOW;XIRECS;12068.0;2
58400;SUBMISSION;BOT_TAKER;UV_VISOR_AMBER;XIRECS;7430.0;2
58400;SUBMISSION;BOT_TAKER;UV_VISOR_ORANGE;XIRECS;10369.0;2
58400;BOT_MAKER;BOT_TAKER;UV_VISOR_RED;XIRECS;11255.0;2
58400;SUBMISSION;BOT_TAKER;UV_VISOR_MAGENTA;XIRECS;11408.0;2
58400;SUBMISSION;BOT_TAKER;TRANSLATOR_SPACE_GRAY;XIRECS;9606.0;2
58400;SUBMISSION;BOT_TAKER;TRANSLATOR_ASTRO_BLACK;XIRECS;9063.0;2
58400;BOT_MAKER;BOT_TAKER;TRANSLATOR_ECLIPSE_CHARCOAL;XIRECS;10056.0;2
58400;SUBMISSION;BOT_TAKER;TRANSLATOR_GRAPHITE_MIST;XIRECS;11495.0;2
58400;SUBMISSION;BOT_TAKER;TRANSLATOR_VOID_BLUE;XIRECS;10465.0;2
58400;SUBMISSION;BOT_TAKER;PANEL_1X2;XIRECS;8410.0;2
58400;SUBMISSION;BOT_TAKER;PANEL_2X2;XIRECS;8860.0;2
58400;SUBMISSION;BOT_TAKER;PANEL_1X4;XIRECS;8758.0;2
58400;BOT_MAKER;BOT_TAKER;PANEL_2X4;XIRECS;11842.0;2
58400;SUBMISSION;BOT_TAKER;PANEL_4X4;XIRECS;10253.0;2
58400;SUBMISSION;BOT_TAKER;OXYGEN_SHAKE_MORNING_BREATH;XIRECS;9329.0;2
58400;SUBMISSION;BOT_TAKER;OXYGEN_SHAKE_EVENING_BREATH;XIRECS;9526.0;2
58400;SUBMISSION;BOT_TAKER;OXYGEN_SHAKE_MINT;XIRECS;9801.0;2
58400;BOT_MAKER;BOT_TAKER;OXYGEN_SHAKE_CHOCOLATE;XIRECS;9653.0;2
58400;SUBMISSION;BOT_TAKER;OXYGEN_SHAKE_GARLIC;XIRECS;12127.0;2
58400;BOT_MAKER;BOT_TAKER;SNACKPACK_CHOCOLATE;XIRECS;9703.0;2
58400;BOT_MAKER;BOT_TAKER;SNACKPACK_VANILLA;XIRECS;10284.0;2
58400;BOT_MAKER;BOT_TAKER;SNACKPACK_PISTACHIO;XIRECS;9417.0;2
58400;BOT_MAKER;BOT_TAKER;SNACKPACK_STRAWBERRY;XIRECS;10882.0;2
58400;SUBMISSION;BOT_TAKER;SNACKPACK_RASPBERRY;XIRECS;10146.0;2
61800;BOT_TAKER;SUBMISSION;PEBBLES_XS;XIRECS;6829.0;2
61800;BOT_TAKER;BOT_MAKER;PEBBLES_S;XIRECS;8688.0;2
61800;BOT_TAKER;BOT_MAKER;PEBBLES_M;XIRECS;10771.0;2
61800;BOT_TAKER;SUBMISSION;PEBBLES_L;XIRECS;11458.0;2
61800;BOT_TAKER;SUBMISSION;PEBBLES_XL;XIRECS;12282.0;2
65400;SUBMISSION;BOT_TAKER;PEBBLES_XS;XIRECS;6792.0;4
65400;SUBMISSION;BOT_TAKER;PEBBLES_S;XIRECS;8622.0;4
65400;BOT_MAKER;BOT_TAKER;PEBBLES_M;XIRECS;10703.0;4
65400;SUBMISSION;BOT_TAKER;PEBBLES_L;XIRECS;11339.0;4
65400;BOT_MAKER;BOT_TAKER;PEBBLES_XL;XIRECS;12516.0;4
66200;BOT_TAKER;SUBMISSION;PEBBLES_XS;XIRECS;6676.0;2
66200;BOT_TAKER;BOT_MAKER;PEBBLES_XS;XIRECS;6677.0;1
66200;BOT_TAKER;BOT_MAKER;PEBBLES_S;XIRECS;8566.0;3
66200;BOT_TAKER;BOT_MAKER;PEBBLES_M;XIRECS;10728.0;3
66200;BOT_TAKER;SUBMISSION;PEBBLES_L;XIRECS;11362.0;2
66200;BOT_TAKER;BOT_MAKER;PEBBLES_L;XIRECS;11363.0;1
66200;BOT_TAKER;SUBMISSION;PEBBLES_XL;XIRECS;12696.0;3
66500;BOT_TAKER;BOT_MAKER;GALAXY_SOUNDS_DARK_MATTER;XIRECS;10636.0;1
66500;BOT_TAKER;SUBMISSION;GALAXY_SOUNDS_BLACK_HOLES;XIRECS;12682.0;1
66500;BOT_TAKER;SUBMISSION;GALAXY_SOUNDS_PLANETARY_RINGS;XIRECS;11712.0;1
66500;BOT_TAKER;SUBMISSION;GALAXY_SOUNDS_SOLAR_WINDS;XIRECS;10670.0;1
66500;BOT_TAKER;BOT_MAKER;GALAXY_SOUNDS_SOLAR_FLAMES;XIRECS;11217.0;1
66500;BOT_TAKER;BOT_MAKER;SLEEP_POD_SUEDE;XIRECS;12026.0;1
66500;BOT_TAKER;BOT_MAKER;SLEEP_POD_LAMB_WOOL;XIRECS;10882.0;1
66500;BOT_TAKER;SUBMISSION;SLEEP_POD_POLYESTER;XIRECS;12634.0;1
66500;BOT_TAKER;BOT_MAKER;SLEEP_POD_NYLON;XIRECS;9595.0;1
66500;BOT_TAKER;SUBMISSION;SLEEP_POD_COTTON;XIRECS;12084.0;1
66500;BOT_TAKER;SUBMISSION;ROBOT_VACUUMING;XIRECS;8693.0;1
66500;BOT_TAKER;SUBMISSION;ROBOT_MOPPING;XIRECS;12198.0;1
66500;BOT_TAKER;BOT_MAKER;ROBOT_DISHES;XIRECS;10761.0;1
66500;BOT_TAKER;BOT_MAKER;ROBOT_LAUNDRY;XIRECS;9193.0;1
66500;BOT_TAKER;SUBMISSION;ROBOT_IRONING;XIRECS;7346.0;1
66500;BOT_TAKER;SUBMISSION;UV_VISOR_YELLOW;XIRECS;12080.0;1
66500;BOT_TAKER;SUBMISSION;UV_VISOR_AMBER;XIRECS;7320.0;1
66500;BOT_TAKER;SUBMISSION;UV_VISOR_ORANGE;XIRECS;10342.0;1
66500;BOT_TAKER;BOT_MAKER;UV_VISOR_RED;XIRECS;11239.0;1
66500;BOT_TAKER;BOT_MAKER;UV_VISOR_MAGENTA;XIRECS;11466.0;1
66500;BOT_TAKER;SUBMISSION;TRANSLATOR_SPACE_GRAY;XIRECS;9489.0;1
66500;BOT_TAKER;BOT_MAKER;TRANSLATOR_ASTRO_BLACK;XIRECS;8920.0;1
66500;BOT_TAKER;BOT_MAKER;TRANSLATOR_ECLIPSE_CHARCOAL;XIRECS;9997.0;1
66500;BOT_TAKER;SUBMISSION;TRANSLATOR_GRAPHITE_MIST;XIRECS;11536.0;1
66500;BOT_TAKER;BOT_MAKER;TRANSLATOR_VOID_BLUE;XIRECS;10443.0;1
66500;BOT_TAKER;SUBMISSION;PANEL_1X2;XIRECS;8378.0;1
66500;BOT_TAKER;SUBMISSION;PANEL_2X2;XIRECS;9016.0;1
66500;BOT_TAKER;SUBMISSION;PANEL_1X4;XIRECS;8864.0;1
66500;BOT_TAKER;BOT_MAKER;PANEL_2X4;XIRECS;11897.0;1
66500;BOT_TAKER;SUBMISSION;PANEL_4X4;XIRECS;10190.0;1
66500;BOT_TAKER;SUBMISSION;OXYGEN_SHAKE_MORNING_BREATH;XIRECS;9291.0;1
66500;BOT_TAKER;SUBMISSION;OXYGEN_SHAKE_EVENING_BREATH;XIRECS;9443.0;1
66500;BOT_TAKER;SUBMISSION;OXYGEN_SHAKE_MINT;XIRECS;9736.0;1
66500;BOT_TAKER;BOT_MAKER;OXYGEN_SHAKE_CHOCOLATE;XIRECS;9841.0;1
66500;BOT_TAKER;SUBMISSION;OXYGEN_SHAKE_GARLIC;XIRECS;11975.0;1
66500;BOT_TAKER;BOT_MAKER;SNACKPACK_CHOCOLATE;XIRECS;9727.0;1
66500;BOT_TAKER;BOT_MAKER;SNACKPACK_VANILLA;XIRECS;10271.0;1
66500;BOT_TAKER;SUBMISSION;SNACKPACK_PISTACHIO;XIRECS;9478.0;1
66500;BOT_TAKER;SUBMISSION;SNACKPACK_STRAWBERRY;XIRECS;11001.0;1
66500;BOT_TAKER;BOT_MAKER;SNACKPACK_RASPBERRY;XIRECS;10073.0;1
67300;BOT_TAKER;BOT_MAKER;GALAXY_SOUNDS_DARK_MATTER;XIRECS;10642.0;2
67300;BOT_TAKER;SUBMISSION;GALAXY_SOUNDS_BLACK_HOLES;XIRECS;12655.0;2
67300;BOT_TAKER;SUBMISSION;GALAXY_SOUNDS_PLANETARY_RINGS;XIRECS;11714.0;2
67300;BOT_TAKER;SUBMISSION;GALAXY_SOUNDS_SOLAR_WINDS;XIRECS;10723.0;2
67300;BOT_TAKER;BOT_MAKER;GALAXY_SOUNDS_SOLAR_FLAMES;XIRECS;11191.0;2
67300;BOT_TAKER;BOT_MAKER;SLEEP_POD_SUEDE;XIRECS;12000.0;2
67300;BOT_TAKER;BOT_MAKER;SLEEP_POD_LAMB_WOOL;XIRECS;10863.0;2
67300;BOT_TAKER;SUBMISSION;SLEEP_POD_POLYESTER;XIRECS;12602.0;2
67300;BOT_TAKER;BOT_MAKER;SLEEP_POD_NYLON;XIRECS;9624.0;2
67300;BOT_TAKER;SUBMISSION;SLEEP_POD_COTTON;XIRECS;12056.0;2
67300;BOT_TAKER;SUBMISSION;ROBOT_VACUUMING;XIRECS;8726.0;1
67300;BOT_TAKER;BOT_MAKER;ROBOT_VACUUMING;XIRECS;8727.0;1
67300;BOT_TAKER;SUBMISSION;ROBOT_MOPPING;XIRECS;12234.0;2
67300;BOT_TAKER;BOT_MAKER;ROBOT_DISHES;XIRECS;10767.0;2
67300;BOT_TAKER;BOT_MAKER;ROBOT_LAUNDRY;XIRECS;9192.0;2
67300;BOT_TAKER;SUBMISSION;ROBOT_IRONING;XIRECS;7298.0;2
67300;BOT_TAKER;SUBMISSION;UV_VISOR_YELLOW;XIRECS;12015.0;2
67300;BOT_TAKER;SUBMISSION;UV_VISOR_AMBER;XIRECS;7309.0;2
67300;BOT_TAKER;SUBMISSION;UV_VISOR_ORANGE;XIRECS;10364.0;2
67300;BOT_TAKER;BOT_MAKER;UV_VISOR_RED;XIRECS;11232.0;2
67300;BOT_TAKER;BOT_MAKER;UV_VISOR_MAGENTA;XIRECS;11460.0;2
67300;BOT_TAKER;SUBMISSION;TRANSLATOR_SPACE_GRAY;XIRECS;9483.0;2
67300;BOT_TAKER;BOT_MAKER;TRANSLATOR_ASTRO_BLACK;XIRECS;8863.0;2
67300;BOT_TAKER;BOT_MAKER;TRANSLATOR_ECLIPSE_CHARCOAL;XIRECS;9990.0;2
67300;BOT_TAKER;SUBMISSION;TRANSLATOR_GRAPHITE_MIST;XIRECS;11521.0;2
67300;BOT_TAKER;BOT_MAKER;TRANSLATOR_VOID_BLUE;XIRECS;10434.0;2
67300;BOT_TAKER;SUBMISSION;PANEL_1X2;XIRECS;8355.0;2
67300;BOT_TAKER;SUBMISSION;PANEL_2X2;XIRECS;9022.0;2
67300;BOT_TAKER;SUBMISSION;PANEL_1X4;XIRECS;8799.0;2
67300;BOT_TAKER;BOT_MAKER;PANEL_2X4;XIRECS;11860.0;2
67300;BOT_TAKER;SUBMISSION;PANEL_4X4;XIRECS;10156.0;2
67300;BOT_TAKER;SUBMISSION;OXYGEN_SHAKE_MORNING_BREATH;XIRECS;9305.0;2
67300;BOT_TAKER;SUBMISSION;OXYGEN_SHAKE_EVENING_BREATH;XIRECS;9415.0;2
67300;BOT_TAKER;SUBMISSION;OXYGEN_SHAKE_MINT;XIRECS;9819.0;2
67300;BOT_TAKER;BOT_MAKER;OXYGEN_SHAKE_CHOCOLATE;XIRECS;9829.0;2
67300;BOT_TAKER;SUBMISSION;OXYGEN_SHAKE_GARLIC;XIRECS;12054.0;2
67300;BOT_TAKER;BOT_MAKER;SNACKPACK_CHOCOLATE;XIRECS;9745.0;2
67300;BOT_TAKER;BOT_MAKER;SNACKPACK_VANILLA;XIRECS;10265.0;2
67300;BOT_TAKER;SUBMISSION;SNACKPACK_PISTACHIO;XIRECS;9467.0;2
67300;BOT_TAKER;SUBMISSION;SNACKPACK_STRAWBERRY;XIRECS;10988.0;2
67300;BOT_TAKER;BOT_MAKER;SNACKPACK_RASPBERRY;XIRECS;10085.0;2
67700;BOT_MAKER;BOT_TAKER;GALAXY_SOUNDS_DARK_MATTER;XIRECS;10653.0;2
67700;SUBMISSION;BOT_TAKER;GALAXY_SOUNDS_BLACK_HOLES;XIRECS;12648.0;2
67700;SUBMISSION;BOT_TAKER;GALAXY_SOUNDS_PLANETARY_RINGS;XIRECS;11655.0;2
67700;SUBMISSION;BOT_TAKER;GALAXY_SOUNDS_SOLAR_WINDS;XIRECS;10730.0;2
67700;BOT_MAKER;BOT_TAKER;GALAXY_SOUNDS_SOLAR_FLAMES;XIRECS;11191.0;2
67700;SUBMISSION;BOT_TAKER;SLEEP_POD_SUEDE;XIRECS;12020.0;2
67700;BOT_MAKER;BOT_TAKER;SLEEP_POD_LAMB_WOOL;XIRECS;10870.0;2
67700;SUBMISSION;BOT_TAKER;SLEEP_POD_POLYESTER;XIRECS;12549.0;2
67700;SUBMISSION;BOT_TAKER;SLEEP_POD_NYLON;XIRECS;9606.0;2
67700;SUBMISSION;BOT_TAKER;SLEEP_POD_COTTON;XIRECS;12060.0;2
67700;BOT_MAKER;BOT_TAKER;ROBOT_VACUUMING;XIRECS;8728.0;2
67700;SUBMISSION;BOT_TAKER;ROBOT_MOPPING;XIRECS;12246.0;2
67700;BOT_MAKER;BOT_TAKER;ROBOT_DISHES;XIRECS;10774.0;2
67700;BOT_MAKER;BOT_TAKER;ROBOT_LAUNDRY;XIRECS;9171.0;2
67700;SUBMISSION;BOT_TAKER;ROBOT_IRONING;XIRECS;7280.0;2
67700;SUBMISSION;BOT_TAKER;UV_VISOR_YELLOW;XIRECS;11937.0;2
67700;SUBMISSION;BOT_TAKER;UV_VISOR_AMBER;XIRECS;7292.0;2
67700;SUBMISSION;BOT_TAKER;UV_VISOR_ORANGE;XIRECS;10337.0;2
67700;BOT_MAKER;BOT_TAKER;UV_VISOR_RED;XIRECS;11184.0;2
67700;SUBMISSION;BOT_TAKER;UV_VISOR_MAGENTA;XIRECS;11432.0;2
67700;SUBMISSION;BOT_TAKER;TRANSLATOR_SPACE_GRAY;XIRECS;9449.0;2
67700;SUBMISSION;BOT_TAKER;TRANSLATOR_ASTRO_BLACK;XIRECS;8858.0;2
67700;BOT_MAKER;BOT_TAKER;TRANSLATOR_ECLIPSE_CHARCOAL;XIRECS;9970.0;2
67700;SUBMISSION;BOT_TAKER;TRANSLATOR_GRAPHITE_MIST;XIRECS;11511.0;2
67700;SUBMISSION;BOT_TAKER;TRANSLATOR_VOID_BLUE;XIRECS;10505.0;2
67700;SUBMISSION;BOT_TAKER;PANEL_1X2;XIRECS;8343.0;2
67700;SUBMISSION;BOT_TAKER;PANEL_2X2;XIRECS;8997.0;2
67700;SUBMISSION;BOT_TAKER;PANEL_1X4;XIRECS;8790.0;2
67700;BOT_MAKER;BOT_TAKER;PANEL_2X4;XIRECS;11907.0;2
67700;SUBMISSION;BOT_TAKER;PANEL_4X4;XIRECS;10129.0;2
67700;SUBMISSION;BOT_TAKER;OXYGEN_SHAKE_MORNING_BREATH;XIRECS;9323.0;2
67700;SUBMISSION;BOT_TAKER;OXYGEN_SHAKE_EVENING_BREATH;XIRECS;9401.0;2
67700;SUBMISSION;BOT_TAKER;OXYGEN_SHAKE_MINT;XIRECS;9796.0;2
67700;BOT_MAKER;BOT_TAKER;OXYGEN_SHAKE_CHOCOLATE;XIRECS;9809.0;2
67700;SUBMISSION;BOT_TAKER;OXYGEN_SHAKE_GARLIC;XIRECS;12036.0;2
67700;BOT_MAKER;BOT_TAKER;SNACKPACK_CHOCOLATE;XIRECS;9727.0;2
67700;BOT_MAKER;BOT_TAKER;SNACKPACK_VANILLA;XIRECS;10256.0;2
67700;BOT_MAKER;BOT_TAKER;SNACKPACK_PISTACHIO;XIRECS;9466.0;2
67700;BOT_MAKER;BOT_TAKER;SNACKPACK_STRAWBERRY;XIRECS;10996.0;2
67700;SUBMISSION;BOT_TAKER;SNACKPACK_RASPBERRY;XIRECS;10048.0;2
67800;SUBMISSION;BOT_TAKER;MICROCHIP_CIRCLE;XIRECS;8567.0;3
67800;SUBMISSION;BOT_TAKER;MICROCHIP_OVAL;XIRECS;7048.0;3
67800;SUBMISSION;BOT_TAKER;MICROCHIP_SQUARE;XIRECS;15580.0;3
67800;BOT_MAKER;BOT_TAKER;MICROCHIP_RECTANGLE;XIRECS;8538.0;3
67800;SUBMISSION;BOT_TAKER;MICROCHIP_TRIANGLE;XIRECS;8747.0;1
67800;BOT_MAKER;BOT_TAKER;MICROCHIP_TRIANGLE;XIRECS;8746.0;2
68500;BOT_TAKER;BOT_MAKER;GALAXY_SOUNDS_DARK_MATTER;XIRECS;10664.0;4
68500;BOT_TAKER;SUBMISSION;GALAXY_SOUNDS_BLACK_HOLES;XIRECS;12694.0;2
68500;BOT_TAKER;BOT_MAKER;GALAXY_SOUNDS_BLACK_HOLES;XIRECS;12695.0;2
68500;BOT_TAKER;SUBMISSION;GALAXY_SOUNDS_PLANETARY_RINGS;XIRECS;11650.0;2
68500;BOT_TAKER;BOT_MAKER;GALAXY_SOUNDS_PLANETARY_RINGS;XIRECS;11651.0;2
68500;BOT_TAKER;SUBMISSION;GALAXY_SOUNDS_SOLAR_WINDS;XIRECS;10720.0;2
68500;BOT_TAKER;BOT_MAKER;GALAXY_SOUNDS_SOLAR_WINDS;XIRECS;10721.0;2
68500;BOT_TAKER;BOT_MAKER;GALAXY_SOUNDS_SOLAR_FLAMES;XIRECS;11203.0;4
68500;BOT_TAKER;BOT_MAKER;SLEEP_POD_SUEDE;XIRECS;12002.0;4
68500;BOT_TAKER;BOT_MAKER;SLEEP_POD_LAMB_WOOL;XIRECS;10859.0;4
68500;BOT_TAKER;SUBMISSION;SLEEP_POD_POLYESTER;XIRECS;12571.0;2
68500;BOT_TAKER;BOT_MAKER;SLEEP_POD_POLYESTER;XIRECS;12572.0;2
68500;BOT_TAKER;BOT_MAKER;SLEEP_POD_NYLON;XIRECS;9581.0;4
68500;BOT_TAKER;SUBMISSION;SLEEP_POD_COTTON;XIRECS;12148.0;2
68500;BOT_TAKER;BOT_MAKER;SLEEP_POD_COTTON;XIRECS;12149.0;2
68500;BOT_TAKER;BOT_MAKER;ROBOT_VACUUMING;XIRECS;8733.0;4
68500;BOT_TAKER;SUBMISSION;ROBOT_MOPPING;XIRECS;12215.0;2
68500;BOT_TAKER;BOT_MAKER;ROBOT_MOPPING;XIRECS;12216.0;2
68500;BOT_TAKER;BOT_MAKER;ROBOT_DISHES;XIRECS;10714.0;4
68500;BOT_TAKER;BOT_MAKER;ROBOT_LAUNDRY;XIRECS;9175.0;4
68500;BOT_TAKER;SUBMISSION;ROBOT_IRONING;XIRECS;7267.0;2
68500;BOT_TAKER;BOT_MAKER;ROBOT_IRONING;XIRECS;7268.0;2
68500;BOT_TAKER;SUBMISSION;UV_VISOR_YELLOW;XIRECS;11987.0;2
68500;BOT_TAKER;BOT_MAKER;UV_VISOR_YELLOW;XIRECS;11988.0;2
68500;BOT_TAKER;SUBMISSION;UV_VISOR_AMBER;XIRECS;7338.0;2
68500;BOT_TAKER;BOT_MAKER;UV_VISOR_AMBER;XIRECS;7339.0;2
68500;BOT_TAKER;SUBMISSION;UV_VISOR_ORANGE;XIRECS;10322.0;2
68500;BOT_TAKER;BOT_MAKER;UV_VISOR_ORANGE;XIRECS;10323.0;2
68500;BOT_TAKER;BOT_MAKER;UV_VISOR_RED;XIRECS;11198.0;4
68500;BOT_TAKER;BOT_MAKER;UV_VISOR_MAGENTA;XIRECS;11467.0;4
68500;BOT_TAKER;SUBMISSION;TRANSLATOR_SPACE_GRAY;XIRECS;9498.0;2
68500;BOT_TAKER;BOT_MAKER;TRANSLATOR_SPACE_GRAY;XIRECS;9499.0;2
68500;BOT_TAKER;BOT_MAKER;TRANSLATOR_ASTRO_BLACK;XIRECS;8828.0;4
68500;BOT_TAKER;BOT_MAKER;TRANSLATOR_ECLIPSE_CHARCOAL;XIRECS;9983.0;4
68500;BOT_TAKER;SUBMISSION;TRANSLATOR_GRAPHITE_MIST;XIRECS;11460.0;2
68500;BOT_TAKER;BOT_MAKER;TRANSLATOR_GRAPHITE_MIST;XIRECS;11461.0;2
68500;BOT_TAKER;BOT_MAKER;TRANSLATOR_VOID_BLUE;XIRECS;10516.0;4
68500;BOT_TAKER;SUBMISSION;PANEL_1X2;XIRECS;8383.0;2
68500;BOT_TAKER;BOT_MAKER;PANEL_1X2;XIRECS;8384.0;2
68500;BOT_TAKER;SUBMISSION;PANEL_2X2;XIRECS;9025.0;2
68500;BOT_TAKER;BOT_MAKER;PANEL_2X2;XIRECS;9026.0;2
68500;BOT_TAKER;SUBMISSION;PANEL_1X4;XIRECS;8748.0;2
68500;BOT_TAKER;BOT_MAKER;PANEL_1X4;XIRECS;8749.0;2
68500;BOT_TAKER;BOT_MAKER;PANEL_2X4;XIRECS;11888.0;4
68500;BOT_TAKER;SUBMISSION;PANEL_4X4;XIRECS;10179.0;2
68500;BOT_TAKER;BOT_MAKER;PANEL_4X4;XIRECS;10180.0;2
68500;BOT_TAKER;SUBMISSION;OXYGEN_SHAKE_MORNING_BREATH;XIRECS;9311.0;2
68500;BOT_TAKER;BOT_MAKER;OXYGEN_SHAKE_MORNING_BREATH;XIRECS;9312.0;2
68500;BOT_TAKER;SUBMISSION;OXYGEN_SHAKE_EVENING_BREATH;XIRECS;9423.0;2
68500;BOT_TAKER;BOT_MAKER;OXYGEN_SHAKE_EVENING_BREATH;XIRECS;9424.0;2
68500;BOT_TAKER;SUBMISSION;OXYGEN_SHAKE_MINT;XIRECS;9830.0;2
68500;BOT_TAKER;BOT_MAKER;OXYGEN_SHAKE_MINT;XIRECS;9831.0;2
68500;BOT_TAKER;BOT_MAKER;OXYGEN_SHAKE_CHOCOLATE;XIRECS;9818.0;4
68500;BOT_TAKER;SUBMISSION;OXYGEN_SHAKE_GARLIC;XIRECS;12061.0;2
68500;BOT_TAKER;BOT_MAKER;OXYGEN_SHAKE_GARLIC;XIRECS;12062.0;2
68500;BOT_TAKER;BOT_MAKER;SNACKPACK_CHOCOLATE;XIRECS;9716.0;4
68500;BOT_TAKER;BOT_MAKER;SNACKPACK_VANILLA;XIRECS;10296.0;4
68500;BOT_TAKER;SUBMISSION;SNACKPACK_PISTACHIO;XIRECS;9505.0;2
68500;BOT_TAKER;BOT_MAKER;SNACKPACK_PISTACHIO;XIRECS;9506.0;2
68500;BOT_TAKER;SUBMISSION;SNACKPACK_STRAWBERRY;XIRECS;11054.0;2
68500;BOT_TAKER;BOT_MAKER;SNACKPACK_STRAWBERRY;XIRECS;11055.0;2
68500;BOT_TAKER;BOT_MAKER;SNACKPACK_RASPBERRY;XIRECS;10025.0;4
69500;BOT_MAKER;BOT_TAKER;GALAXY_SOUNDS_DARK_MATTER;XIRECS;10600.0;2
69500;SUBMISSION;BOT_TAKER;GALAXY_SOUNDS_BLACK_HOLES;XIRECS;12673.0;2
69500;SUBMISSION;BOT_TAKER;GALAXY_SOUNDS_PLANETARY_RINGS;XIRECS;11676.0;2
69500;SUBMISSION;BOT_TAKER;GALAXY_SOUNDS_SOLAR_WINDS;XIRECS;10671.0;2
69500;BOT_MAKER;BOT_TAKER;GALAXY_SOUNDS_SOLAR_FLAMES;XIRECS;11177.0;2
69500;SUBMISSION;BOT_TAKER;SLEEP_POD_SUEDE;XIRECS;12028.0;2
69500;SUBMISSION;BOT_TAKER;SLEEP_POD_LAMB_WOOL;XIRECS;10816.0;2
69500;SUBMISSION;BOT_TAKER;SLEEP_POD_POLYESTER;XIRECS;12546.0;2
69500;SUBMISSION;BOT_TAKER;SLEEP_POD_NYLON;XIRECS;9587.0;2
69500;SUBMISSION;BOT_TAKER;SLEEP_POD_COTTON;XIRECS;12147.0;2
69500;BOT_MAKER;BOT_TAKER;ROBOT_VACUUMING;XIRECS;8757.0;2
69500;SUBMISSION;BOT_TAKER;ROBOT_MOPPING;XIRECS;12191.0;2
69500;BOT_MAKER;BOT_TAKER;ROBOT_DISHES;XIRECS;10716.0;2
69500;BOT_MAKER;BOT_TAKER;ROBOT_LAUNDRY;XIRECS;9196.0;2
69500;SUBMISSION;BOT_TAKER;ROBOT_IRONING;XIRECS;7269.0;2
69500;SUBMISSION;BOT_TAKER;UV_VISOR_YELLOW;XIRECS;11938.0;2
69500;SUBMISSION;BOT_TAKER;UV_VISOR_AMBER;XIRECS;7283.0;2
69500;SUBMISSION;BOT_TAKER;UV_VISOR_ORANGE;XIRECS;10297.0;2
69500;BOT_MAKER;BOT_TAKER;UV_VISOR_RED;XIRECS;11235.0;2
69500;BOT_MAKER;BOT_TAKER;UV_VISOR_MAGENTA;XIRECS;11401.0;2
69500;SUBMISSION;BOT_TAKER;TRANSLATOR_SPACE_GRAY;XIRECS;9509.0;2
69500;SUBMISSION;BOT_TAKER;TRANSLATOR_ASTRO_BLACK;XIRECS;8838.0;2
69500;BOT_MAKER;BOT_TAKER;TRANSLATOR_ECLIPSE_CHARCOAL;XIRECS;10019.0;2
69500;SUBMISSION;BOT_TAKER;TRANSLATOR_GRAPHITE_MIST;XIRECS;11437.0;2
69500;SUBMISSION;BOT_TAKER;TRANSLATOR_VOID_BLUE;XIRECS;10492.0;2
69500;SUBMISSION;BOT_TAKER;PANEL_1X2;XIRECS;8357.0;2
69500;SUBMISSION;BOT_TAKER;PANEL_2X2;XIRECS;8999.0;2
69500;SUBMISSION;BOT_TAKER;PANEL_1X4;XIRECS;8699.0;2
69500;BOT_MAKER;BOT_TAKER;PANEL_2X4;XIRECS;11863.0;2
69500;SUBMISSION;BOT_TAKER;PANEL_4X4;XIRECS;10161.0;2
69500;SUBMISSION;BOT_TAKER;OXYGEN_SHAKE_MORNING_BREATH;XIRECS;9279.0;2
69500;SUBMISSION;BOT_TAKER;OXYGEN_SHAKE_EVENING_BREATH;XIRECS;9457.0;2
69500;SUBMISSION;BOT_TAKER;OXYGEN_SHAKE_MINT;XIRECS;9802.0;2
69500;BOT_MAKER;BOT_TAKER;OXYGEN_SHAKE_CHOCOLATE;XIRECS;9805.0;2
69500;SUBMISSION;BOT_TAKER;OXYGEN_SHAKE_GARLIC;XIRECS;12057.0;2
69500;BOT_MAKER;BOT_TAKER;SNACKPACK_CHOCOLATE;XIRECS;9713.0;2
69500;BOT_MAKER;BOT_TAKER;SNACKPACK_VANILLA;XIRECS;10266.0;2
69500;BOT_MAKER;BOT_TAKER;SNACKPACK_PISTACHIO;XIRECS;9497.0;2
69500;BOT_MAKER;BOT_TAKER;SNACKPACK_STRAWBERRY;XIRECS;11052.0;2
69500;SUBMISSION;BOT_TAKER;SNACKPACK_RASPBERRY;XIRECS;9986.0;2
70400;BOT_TAKER;BOT_MAKER;GALAXY_SOUNDS_DARK_MATTER;XIRECS;10587.0;3
70400;BOT_TAKER;SUBMISSION;GALAXY_SOUNDS_BLACK_HOLES;XIRECS;12646.0;2
70400;BOT_TAKER;BOT_MAKER;GALAXY_SOUNDS_BLACK_HOLES;XIRECS;12647.0;1
70400;BOT_TAKER;SUBMISSION;GALAXY_SOUNDS_PLANETARY_RINGS;XIRECS;11710.0;2
70400;BOT_TAKER;BOT_MAKER;GALAXY_SOUNDS_PLANETARY_RINGS;XIRECS;11711.0;1
70400;BOT_TAKER;SUBMISSION;GALAXY_SOUNDS_SOLAR_WINDS;XIRECS;10671.0;2
70400;BOT_TAKER;BOT_MAKER;GALAXY_SOUNDS_SOLAR_WINDS;XIRECS;10672.0;1
70400;BOT_TAKER;BOT_MAKER;GALAXY_SOUNDS_SOLAR_FLAMES;XIRECS;11230.0;3
70400;BOT_TAKER;BOT_MAKER;SLEEP_POD_SUEDE;XIRECS;11989.0;3
70400;BOT_TAKER;BOT_MAKER;SLEEP_POD_LAMB_WOOL;XIRECS;10816.0;3
70400;BOT_TAKER;SUBMISSION;SLEEP_POD_POLYESTER;XIRECS;12612.0;2
70400;BOT_TAKER;BOT_MAKER;SLEEP_POD_POLYESTER;XIRECS;12613.0;1
70400;BOT_TAKER;BOT_MAKER;SLEEP_POD_NYLON;XIRECS;9573.0;3
70400;BOT_TAKER;SUBMISSION;SLEEP_POD_COTTON;XIRECS;12172.0;2
70400;BOT_TAKER;BOT_MAKER;SLEEP_POD_COTTON;XIRECS;12173.0;1
70400;BOT_TAKER;BOT_MAKER;ROBOT_VACUUMING;XIRECS;8770.0;3
70400;BOT_TAKER;SUBMISSION;ROBOT_MOPPING;XIRECS;12174.0;2
70400;BOT_TAKER;BOT_MAKER;ROBOT_MOPPING;XIRECS;12175.0;1
70400;BOT_TAKER;BOT_MAKER;ROBOT_DISHES;XIRECS;10786.0;3
70400;BOT_TAKER;BOT_MAKER;ROBOT_LAUNDRY;XIRECS;9175.0;3
70400;BOT_TAKER;SUBMISSION;ROBOT_IRONING;XIRECS;7266.0;2
70400;BOT_TAKER;BOT_MAKER;ROBOT_IRONING;XIRECS;7267.0;1
70400;BOT_TAKER;SUBMISSION;UV_VISOR_YELLOW;XIRECS;11820.0;2
70400;BOT_TAKER;BOT_MAKER;UV_VISOR_YELLOW;XIRECS;11821.0;1
70400;BOT_TAKER;SUBMISSION;UV_VISOR_AMBER;XIRECS;7311.0;2
70400;BOT_TAKER;BOT_MAKER;UV_VISOR_AMBER;XIRECS;7312.0;1
70400;BOT_TAKER;SUBMISSION;UV_VISOR_ORANGE;XIRECS;10304.0;2
70400;BOT_TAKER;BOT_MAKER;UV_VISOR_ORANGE;XIRECS;10305.0;1
70400;BOT_TAKER;BOT_MAKER;UV_VISOR_RED;XIRECS;11235.0;3
70400;BOT_TAKER;BOT_MAKER;UV_VISOR_MAGENTA;XIRECS;11380.0;3
70400;BOT_TAKER;SUBMISSION;TRANSLATOR_SPACE_GRAY;XIRECS;9501.0;2
70400;BOT_TAKER;BOT_MAKER;TRANSLATOR_SPACE_GRAY;XIRECS;9502.0;1
70400;BOT_TAKER;BOT_MAKER;TRANSLATOR_ASTRO_BLACK;XIRECS;8780.0;3
70400;BOT_TAKER;BOT_MAKER;TRANSLATOR_ECLIPSE_CHARCOAL;XIRECS;10050.0;3
70400;BOT_TAKER;SUBMISSION;TRANSLATOR_GRAPHITE_MIST;XIRECS;11435.0;2
70400;BOT_TAKER;BOT_MAKER;TRANSLATOR_GRAPHITE_MIST;XIRECS;11436.0;1
70400;BOT_TAKER;BOT_MAKER;TRANSLATOR_VOID_BLUE;XIRECS;10522.0;3
70400;BOT_TAKER;SUBMISSION;PANEL_1X2;XIRECS;8353.0;2
70400;BOT_TAKER;BOT_MAKER;PANEL_1X2;XIRECS;8354.0;1
70400;BOT_TAKER;SUBMISSION;PANEL_2X2;XIRECS;8982.0;2
70400;BOT_TAKER;BOT_MAKER;PANEL_2X2;XIRECS;8983.0;1
70400;BOT_TAKER;SUBMISSION;PANEL_1X4;XIRECS;8678.0;2
70400;BOT_TAKER;BOT_MAKER;PANEL_1X4;XIRECS;8679.0;1
70400;BOT_TAKER;BOT_MAKER;PANEL_2X4;XIRECS;11947.0;3
70400;BOT_TAKER;SUBMISSION;PANEL_4X4;XIRECS;10188.0;2
70400;BOT_TAKER;BOT_MAKER;PANEL_4X4;XIRECS;10189.0;1
70400;BOT_TAKER;SUBMISSION;OXYGEN_SHAKE_MORNING_BREATH;XIRECS;9243.0;2
70400;BOT_TAKER;BOT_MAKER;OXYGEN_SHAKE_MORNING_BREATH;XIRECS;9244.0;1
70400;BOT_TAKER;SUBMISSION;OXYGEN_SHAKE_EVENING_BREATH;XIRECS;9430.0;2
70400;BOT_TAKER;BOT_MAKER;OXYGEN_SHAKE_EVENING_BREATH;XIRECS;9431.0;1
70400;BOT_TAKER;SUBMISSION;OXYGEN_SHAKE_MINT;XIRECS;9810.0;2
70400;BOT_TAKER;BOT_MAKER;OXYGEN_SHAKE_MINT;XIRECS;9811.0;1
70400;BOT_TAKER;BOT_MAKER;OXYGEN_SHAKE_CHOCOLATE;XIRECS;9819.0;3
70400;BOT_TAKER;SUBMISSION;OXYGEN_SHAKE_GARLIC;XIRECS;12091.0;2
70400;BOT_TAKER;BOT_MAKER;OXYGEN_SHAKE_GARLIC;XIRECS;12092.0;1
70400;BOT_TAKER;BOT_MAKER;SNACKPACK_CHOCOLATE;XIRECS;9728.0;3
70400;BOT_TAKER;BOT_MAKER;SNACKPACK_VANILLA;XIRECS;10283.0;3
70400;BOT_TAKER;BOT_MAKER;SNACKPACK_PISTACHIO;XIRECS;9492.0;3
70400;BOT_TAKER;BOT_MAKER;SNACKPACK_STRAWBERRY;XIRECS;11030.0;3
70400;BOT_TAKER;BOT_MAKER;SNACKPACK_RASPBERRY;XIRECS;10032.0;3
76100;BOT_TAKER;SUBMISSION;PEBBLES_XS;XIRECS;6654.0;2
76100;BOT_TAKER;BOT_MAKER;PEBBLES_XS;XIRECS;6655.0;1
76100;BOT_TAKER;BOT_MAKER;PEBBLES_S;XIRECS;8407.0;3
76100;BOT_TAKER;BOT_MAKER;PEBBLES_M;XIRECS;10771.0;3
76100;BOT_TAKER;SUBMISSION;PEBBLES_L;XIRECS;11242.0;2
76100;BOT_TAKER;BOT_MAKER;PEBBLES_L;XIRECS;11243.0;1
76100;BOT_TAKER;SUBMISSION;PEBBLES_XL;XIRECS;12954.0;3
79300;SUBMISSION;BOT_TAKER;PEBBLES_XS;XIRECS;6657.0;5
79300;SUBMISSION;BOT_TAKER;PEBBLES_S;XIRECS;8282.0;5
79300;BOT_MAKER;BOT_TAKER;PEBBLES_M;XIRECS;10718.0;5
79300;SUBMISSION;BOT_TAKER;PEBBLES_L;XIRECS;11413.0;5
79300;BOT_MAKER;BOT_TAKER;PEBBLES_XL;XIRECS;12902.0;5
79600;SUBMISSION;BOT_TAKER;MICROCHIP_CIRCLE;XIRECS;8754.0;2
79600;BOT_MAKER;BOT_TAKER;MICROCHIP_CIRCLE;XIRECS;8753.0;1
79600;SUBMISSION;BOT_TAKER;MICROCHIP_OVAL;XIRECS;6878.0;2
79600;BOT_MAKER;BOT_TAKER;MICROCHIP_OVAL;XIRECS;6877.0;1
79600;SUBMISSION;BOT_TAKER;MICROCHIP_SQUARE;XIRECS;15517.0;2
79600;BOT_MAKER;BOT_TAKER;MICROCHIP_SQUARE;XIRECS;15516.0;1
79600;BOT_MAKER;BOT_TAKER;MICROCHIP_RECTANGLE;XIRECS;8801.0;3
79600;BOT_MAKER;BOT_TAKER;MICROCHIP_TRIANGLE;XIRECS;8698.0;3
80500;BOT_MAKER;BOT_TAKER;GALAXY_SOUNDS_DARK_MATTER;XIRECS;10688.0;4
80500;SUBMISSION;BOT_TAKER;GALAXY_SOUNDS_BLACK_HOLES;XIRECS;12605.0;4
80500;SUBMISSION;BOT_TAKER;GALAXY_SOUNDS_PLANETARY_RINGS;XIRECS;11637.0;4
80500;SUBMISSION;BOT_TAKER;GALAXY_SOUNDS_SOLAR_WINDS;XIRECS;10509.0;4
80500;BOT_MAKER;BOT_TAKER;GALAXY_SOUNDS_SOLAR_FLAMES;XIRECS;11084.0;4
80500;SUBMISSION;BOT_TAKER;SLEEP_POD_SUEDE;XIRECS;12013.0;4
80500;SUBMISSION;BOT_TAKER;SLEEP_POD_LAMB_WOOL;XIRECS;10764.0;4
80500;SUBMISSION;BOT_TAKER;SLEEP_POD_POLYESTER;XIRECS;12589.0;4
80500;SUBMISSION;BOT_TAKER;SLEEP_POD_NYLON;XIRECS;9633.0;4
80500;SUBMISSION;BOT_TAKER;SLEEP_POD_COTTON;XIRECS;12227.0;4
80500;BOT_MAKER;BOT_TAKER;ROBOT_VACUUMING;XIRECS;8743.0;4
80500;SUBMISSION;BOT_TAKER;ROBOT_MOPPING;XIRECS;12201.0;4
80500;BOT_MAKER;BOT_TAKER;ROBOT_DISHES;XIRECS;10573.0;4
80500;BOT_MAKER;BOT_TAKER;ROBOT_LAUNDRY;XIRECS;9191.0;4
80500;SUBMISSION;BOT_TAKER;ROBOT_IRONING;XIRECS;7368.0;4
80500;SUBMISSION;BOT_TAKER;UV_VISOR_YELLOW;XIRECS;11813.0;4
80500;SUBMISSION;BOT_TAKER;UV_VISOR_AMBER;XIRECS;7262.0;4
80500;SUBMISSION;BOT_TAKER;UV_VISOR_ORANGE;XIRECS;10293.0;4
80500;BOT_MAKER;BOT_TAKER;UV_VISOR_RED;XIRECS;11382.0;4
80500;BOT_MAKER;BOT_TAKER;UV_VISOR_MAGENTA;XIRECS;11441.0;4
80500;SUBMISSION;BOT_TAKER;TRANSLATOR_SPACE_GRAY;XIRECS;9311.0;4
80500;SUBMISSION;BOT_TAKER;TRANSLATOR_ASTRO_BLACK;XIRECS;8827.0;4
80500;BOT_MAKER;BOT_TAKER;TRANSLATOR_ECLIPSE_CHARCOAL;XIRECS;10122.0;4
80500;SUBMISSION;BOT_TAKER;TRANSLATOR_GRAPHITE_MIST;XIRECS;11366.0;4
80500;SUBMISSION;BOT_TAKER;TRANSLATOR_VOID_BLUE;XIRECS;10477.0;1
80500;BOT_MAKER;BOT_TAKER;TRANSLATOR_VOID_BLUE;XIRECS;10476.0;3
80500;SUBMISSION;BOT_TAKER;PANEL_1X2;XIRECS;8052.0;4
80500;SUBMISSION;BOT_TAKER;PANEL_2X2;XIRECS;9030.0;4
80500;SUBMISSION;BOT_TAKER;PANEL_1X4;XIRECS;8532.0;4
80500;BOT_MAKER;BOT_TAKER;PANEL_2X4;XIRECS;11865.0;4
80500;SUBMISSION;BOT_TAKER;PANEL_4X4;XIRECS;10155.0;4
80500;SUBMISSION;BOT_TAKER;OXYGEN_SHAKE_MORNING_BREATH;XIRECS;9206.0;4
80500;SUBMISSION;BOT_TAKER;OXYGEN_SHAKE_EVENING_BREATH;XIRECS;9443.0;4
80500;SUBMISSION;BOT_TAKER;OXYGEN_SHAKE_MINT;XIRECS;10008.0;4
80500;BOT_MAKER;BOT_TAKER;OXYGEN_SHAKE_CHOCOLATE;XIRECS;9752.0;4
80500;SUBMISSION;BOT_TAKER;OXYGEN_SHAKE_GARLIC;XIRECS;12170.0;4
80500;SUBMISSION;BOT_TAKER;SNACKPACK_CHOCOLATE;XIRECS;9686.0;4
80500;BOT_MAKER;BOT_TAKER;SNACKPACK_VANILLA;XIRECS;10255.0;4
80500;BOT_MAKER;BOT_TAKER;SNACKPACK_PISTACHIO;XIRECS;9445.0;4
80500;BOT_MAKER;BOT_TAKER;SNACKPACK_STRAWBERRY;XIRECS;10975.0;4
80500;SUBMISSION;BOT_TAKER;SNACKPACK_RASPBERRY;XIRECS;10050.0;4
84600;BOT_MAKER;BOT_TAKER;GALAXY_SOUNDS_DARK_MATTER;XIRECS;10596.0;2
84600;SUBMISSION;BOT_TAKER;GALAXY_SOUNDS_BLACK_HOLES;XIRECS;12656.0;2
84600;SUBMISSION;BOT_TAKER;GALAXY_SOUNDS_PLANETARY_RINGS;XIRECS;11552.0;2
84600;SUBMISSION;BOT_TAKER;GALAXY_SOUNDS_SOLAR_WINDS;XIRECS;10526.0;2
84600;BOT_MAKER;BOT_TAKER;GALAXY_SOUNDS_SOLAR_FLAMES;XIRECS;11068.0;2
84600;SUBMISSION;BOT_TAKER;SLEEP_POD_SUEDE;XIRECS;12037.0;2
84600;BOT_MAKER;BOT_TAKER;SLEEP_POD_LAMB_WOOL;XIRECS;10866.0;2
84600;SUBMISSION;BOT_TAKER;SLEEP_POD_POLYESTER;XIRECS;12537.0;2
84600;SUBMISSION;BOT_TAKER;SLEEP_POD_NYLON;XIRECS;9647.0;2
84600;SUBMISSION;BOT_TAKER;SLEEP_POD_COTTON;XIRECS;12183.0;2
84600;BOT_MAKER;BOT_TAKER;ROBOT_VACUUMING;XIRECS;8791.0;2
84600;SUBMISSION;BOT_TAKER;ROBOT_MOPPING;XIRECS;12211.0;2
84600;BOT_MAKER;BOT_TAKER;ROBOT_DISHES;XIRECS;10552.0;2
84600;BOT_MAKER;BOT_TAKER;ROBOT_LAUNDRY;XIRECS;9151.0;2
84600;SUBMISSION;BOT_TAKER;ROBOT_IRONING;XIRECS;7291.0;2
84600;SUBMISSION;BOT_TAKER;UV_VISOR_YELLOW;XIRECS;11697.0;2
84600;SUBMISSION;BOT_TAKER;UV_VISOR_AMBER;XIRECS;7272.0;2
84600;SUBMISSION;BOT_TAKER;UV_VISOR_ORANGE;XIRECS;10346.0;2
84600;BOT_MAKER;BOT_TAKER;UV_VISOR_RED;XIRECS;11369.0;2
84600;BOT_MAKER;BOT_TAKER;UV_VISOR_MAGENTA;XIRECS;11539.0;2
84600;SUBMISSION;BOT_TAKER;TRANSLATOR_SPACE_GRAY;XIRECS;9402.0;2
84600;BOT_MAKER;BOT_TAKER;TRANSLATOR_ASTRO_BLACK;XIRECS;8850.0;2
84600;BOT_MAKER;BOT_TAKER;TRANSLATOR_ECLIPSE_CHARCOAL;XIRECS;10081.0;2
84600;SUBMISSION;BOT_TAKER;TRANSLATOR_GRAPHITE_MIST;XIRECS;11386.0;2
84600;BOT_MAKER;BOT_TAKER;TRANSLATOR_VOID_BLUE;XIRECS;10397.0;2
84600;SUBMISSION;BOT_TAKER;PANEL_1X2;XIRECS;8015.0;2
84600;SUBMISSION;BOT_TAKER;PANEL_2X2;XIRECS;8977.0;2
84600;SUBMISSION;BOT_TAKER;PANEL_1X4;XIRECS;8510.0;2
84600;BOT_MAKER;BOT_TAKER;PANEL_2X4;XIRECS;11989.0;2
84600;SUBMISSION;BOT_TAKER;PANEL_4X4;XIRECS;10177.0;2
84600;SUBMISSION;BOT_TAKER;OXYGEN_SHAKE_MORNING_BREATH;XIRECS;9200.0;2
84600;SUBMISSION;BOT_TAKER;OXYGEN_SHAKE_EVENING_BREATH;XIRECS;9475.0;2
84600;SUBMISSION;BOT_TAKER;OXYGEN_SHAKE_MINT;XIRECS;9948.0;2
84600;BOT_MAKER;BOT_TAKER;OXYGEN_SHAKE_CHOCOLATE;XIRECS;9750.0;2
84600;SUBMISSION;BOT_TAKER;OXYGEN_SHAKE_GARLIC;XIRECS;12139.0;2
84600;SUBMISSION;BOT_TAKER;SNACKPACK_CHOCOLATE;XIRECS;9746.0;2
84600;BOT_MAKER;BOT_TAKER;SNACKPACK_VANILLA;XIRECS;10197.0;2
84600;BOT_MAKER;BOT_TAKER;SNACKPACK_PISTACHIO;XIRECS;9446.0;2
84600;BOT_MAKER;BOT_TAKER;SNACKPACK_STRAWBERRY;XIRECS;10980.0;2
84600;SUBMISSION;BOT_TAKER;SNACKPACK_RASPBERRY;XIRECS;10044.0;2
85500;BOT_MAKER;BOT_TAKER;GALAXY_SOUNDS_DARK_MATTER;XIRECS;10695.0;3
85500;SUBMISSION;BOT_TAKER;GALAXY_SOUNDS_BLACK_HOLES;XIRECS;12690.0;3
85500;SUBMISSION;BOT_TAKER;GALAXY_SOUNDS_PLANETARY_RINGS;XIRECS;11500.0;3
85500;SUBMISSION;BOT_TAKER;GALAXY_SOUNDS_SOLAR_WINDS;XIRECS;10532.0;3
85500;BOT_MAKER;BOT_TAKER;GALAXY_SOUNDS_SOLAR_FLAMES;XIRECS;11104.0;3
85500;SUBMISSION;BOT_TAKER;SLEEP_POD_SUEDE;XIRECS;12009.0;3
85500;BOT_MAKER;BOT_TAKER;SLEEP_POD_LAMB_WOOL;XIRECS;10853.0;3
85500;SUBMISSION;BOT_TAKER;SLEEP_POD_POLYESTER;XIRECS;12602.0;3
85500;BOT_MAKER;BOT_TAKER;SLEEP_POD_NYLON;XIRECS;9642.0;3
85500;SUBMISSION;BOT_TAKER;SLEEP_POD_COTTON;XIRECS;12129.0;3
85500;BOT_MAKER;BOT_TAKER;ROBOT_VACUUMING;XIRECS;8769.0;3
85500;SUBMISSION;BOT_TAKER;ROBOT_MOPPING;XIRECS;12195.0;3
85500;BOT_MAKER;BOT_TAKER;ROBOT_DISHES;XIRECS;10521.0;3
85500;BOT_MAKER;BOT_TAKER;ROBOT_LAUNDRY;XIRECS;9222.0;3
85500;SUBMISSION;BOT_TAKER;ROBOT_IRONING;XIRECS;7284.0;3
85500;SUBMISSION;BOT_TAKER;UV_VISOR_YELLOW;XIRECS;11639.0;3
85500;SUBMISSION;BOT_TAKER;UV_VISOR_AMBER;XIRECS;7287.0;3
85500;SUBMISSION;BOT_TAKER;UV_VISOR_ORANGE;XIRECS;10384.0;3
85500;BOT_MAKER;BOT_TAKER;UV_VISOR_RED;XIRECS;11394.0;3
85500;BOT_MAKER;BOT_TAKER;UV_VISOR_MAGENTA;XIRECS;11623.0;3
85500;SUBMISSION;BOT_TAKER;TRANSLATOR_SPACE_GRAY;XIRECS;9362.0;3
85500;BOT_MAKER;BOT_TAKER;TRANSLATOR_ASTRO_BLACK;XIRECS;8840.0;3
85500;BOT_MAKER;BOT_TAKER;TRANSLATOR_ECLIPSE_CHARCOAL;XIRECS;10081.0;3
85500;SUBMISSION;BOT_TAKER;TRANSLATOR_GRAPHITE_MIST;XIRECS;11376.0;3
85500;BOT_MAKER;BOT_TAKER;TRANSLATOR_VOID_BLUE;XIRECS;10460.0;3
85500;SUBMISSION;BOT_TAKER;PANEL_1X2;XIRECS;8016.0;3
85500;SUBMISSION;BOT_TAKER;PANEL_2X2;XIRECS;8952.0;3
85500;SUBMISSION;BOT_TAKER;PANEL_1X4;XIRECS;8526.0;3
85500;BOT_MAKER;BOT_TAKER;PANEL_2X4;XIRECS;11975.0;3
85500;SUBMISSION;BOT_TAKER;PANEL_4X4;XIRECS;10114.0;3
85500;SUBMISSION;BOT_TAKER;OXYGEN_SHAKE_MORNING_BREATH;XIRECS;9185.0;3
85500;SUBMISSION;BOT_TAKER;OXYGEN_SHAKE_EVENING_BREATH;XIRECS;9490.0;3
85500;SUBMISSION;BOT_TAKER;OXYGEN_SHAKE_MINT;XIRECS;9943.0;3
85500;BOT_MAKER;BOT_TAKER;OXYGEN_SHAKE_CHOCOLATE;XIRECS;9741.0;3
85500;SUBMISSION;BOT_TAKER;OXYGEN_SHAKE_GARLIC;XIRECS;12192.0;3
85500;BOT_MAKER;BOT_TAKER;SNACKPACK_CHOCOLATE;XIRECS;9739.0;3
85500;BOT_MAKER;BOT_TAKER;SNACKPACK_VANILLA;XIRECS;10207.0;3
85500;BOT_MAKER;BOT_TAKER;SNACKPACK_PISTACHIO;XIRECS;9434.0;3
85500;BOT_MAKER;BOT_TAKER;SNACKPACK_STRAWBERRY;XIRECS;10960.0;3
85500;SUBMISSION;BOT_TAKER;SNACKPACK_RASPBERRY;XIRECS;10062.0;3
85900;BOT_TAKER;SUBMISSION;MICROCHIP_CIRCLE;XIRECS;8626.0;1
85900;BOT_TAKER;SUBMISSION;MICROCHIP_OVAL;XIRECS;6909.0;1
85900;BOT_TAKER;SUBMISSION;MICROCHIP_SQUARE;XIRECS;15651.0;1
85900;BOT_TAKER;BOT_MAKER;MICROCHIP_RECTANGLE;XIRECS;8733.0;1
85900;BOT_TAKER;BOT_MAKER;MICROCHIP_TRIANGLE;XIRECS;8550.0;1
87500;BOT_MAKER;BOT_TAKER;GALAXY_SOUNDS_DARK_MATTER;XIRECS;10755.0;3
87500;SUBMISSION;BOT_TAKER;GALAXY_SOUNDS_BLACK_HOLES;XIRECS;12621.0;2
87500;BOT_MAKER;BOT_TAKER;GALAXY_SOUNDS_BLACK_HOLES;XIRECS;12620.0;1
87500;SUBMISSION;BOT_TAKER;GALAXY_SOUNDS_PLANETARY_RINGS;XIRECS;11565.0;2
87500;BOT_MAKER;BOT_TAKER;GALAXY_SOUNDS_PLANETARY_RINGS;XIRECS;11564.0;1
87500;SUBMISSION;BOT_TAKER;GALAXY_SOUNDS_SOLAR_WINDS;XIRECS;10518.0;2
87500;BOT_MAKER;BOT_TAKER;GALAXY_SOUNDS_SOLAR_WINDS;XIRECS;10517.0;1
87500;BOT_MAKER;BOT_TAKER;GALAXY_SOUNDS_SOLAR_FLAMES;XIRECS;11123.0;3
87500;SUBMISSION;BOT_TAKER;SLEEP_POD_SUEDE;XIRECS;12026.0;3
87500;BOT_MAKER;BOT_TAKER;SLEEP_POD_LAMB_WOOL;XIRECS;10867.0;3
87500;SUBMISSION;BOT_TAKER;SLEEP_POD_POLYESTER;XIRECS;12568.0;2
87500;BOT_MAKER;BOT_TAKER;SLEEP_POD_POLYESTER;XIRECS;12567.0;1
87500;BOT_MAKER;BOT_TAKER;SLEEP_POD_NYLON;XIRECS;9619.0;3
87500;SUBMISSION;BOT_TAKER;SLEEP_POD_COTTON;XIRECS;12272.0;2
87500;BOT_MAKER;BOT_TAKER;SLEEP_POD_COTTON;XIRECS;12271.0;1
87500;BOT_MAKER;BOT_TAKER;ROBOT_VACUUMING;XIRECS;8799.0;3
87500;SUBMISSION;BOT_TAKER;ROBOT_MOPPING;XIRECS;12131.0;2
87500;BOT_MAKER;BOT_TAKER;ROBOT_MOPPING;XIRECS;12130.0;1
87500;BOT_MAKER;BOT_TAKER;ROBOT_DISHES;XIRECS;10549.0;3
87500;BOT_MAKER;BOT_TAKER;ROBOT_LAUNDRY;XIRECS;9210.0;3
87500;SUBMISSION;BOT_TAKER;ROBOT_IRONING;XIRECS;7290.0;2
87500;BOT_MAKER;BOT_TAKER;ROBOT_IRONING;XIRECS;7289.0;1
87500;SUBMISSION;BOT_TAKER;UV_VISOR_YELLOW;XIRECS;11602.0;2
87500;BOT_MAKER;BOT_TAKER;UV_VISOR_YELLOW;XIRECS;11601.0;1
87500;SUBMISSION;BOT_TAKER;UV_VISOR_AMBER;XIRECS;7348.0;2
87500;BOT_MAKER;BOT_TAKER;UV_VISOR_AMBER;XIRECS;7347.0;1
87500;SUBMISSION;BOT_TAKER;UV_VISOR_ORANGE;XIRECS;10344.0;2
87500;BOT_MAKER;BOT_TAKER;UV_VISOR_ORANGE;XIRECS;10343.0;1
87500;BOT_MAKER;BOT_TAKER;UV_VISOR_RED;XIRECS;11303.0;3
87500;BOT_MAKER;BOT_TAKER;UV_VISOR_MAGENTA;XIRECS;11605.0;3
87500;SUBMISSION;BOT_TAKER;TRANSLATOR_SPACE_GRAY;XIRECS;9333.0;2
87500;BOT_MAKER;BOT_TAKER;TRANSLATOR_SPACE_GRAY;XIRECS;9332.0;1
87500;BOT_MAKER;BOT_TAKER;TRANSLATOR_ASTRO_BLACK;XIRECS;8876.0;3
87500;BOT_MAKER;BOT_TAKER;TRANSLATOR_ECLIPSE_CHARCOAL;XIRECS;9977.0;3
87500;SUBMISSION;BOT_TAKER;TRANSLATOR_GRAPHITE_MIST;XIRECS;11370.0;2
87500;BOT_MAKER;BOT_TAKER;TRANSLATOR_GRAPHITE_MIST;XIRECS;11369.0;1
87500;BOT_MAKER;BOT_TAKER;TRANSLATOR_VOID_BLUE;XIRECS;10479.0;3
87500;SUBMISSION;BOT_TAKER;PANEL_1X2;XIRECS;8113.0;2
87500;BOT_MAKER;BOT_TAKER;PANEL_1X2;XIRECS;8112.0;1
87500;SUBMISSION;BOT_TAKER;PANEL_2X2;XIRECS;9002.0;2
87500;BOT_MAKER;BOT_TAKER;PANEL_2X2;XIRECS;9001.0;1
87500;SUBMISSION;BOT_TAKER;PANEL_1X4;XIRECS;8469.0;2
87500;BOT_MAKER;BOT_TAKER;PANEL_1X4;XIRECS;8468.0;1
87500;BOT_MAKER;BOT_TAKER;PANEL_2X4;XIRECS;12078.0;3
87500;SUBMISSION;BOT_TAKER;PANEL_4X4;XIRECS;10107.0;2
87500;BOT_MAKER;BOT_TAKER;PANEL_4X4;XIRECS;10106.0;1
87500;SUBMISSION;BOT_TAKER;OXYGEN_SHAKE_MORNING_BREATH;XIRECS;9172.0;2
87500;BOT_MAKER;BOT_TAKER;OXYGEN_SHAKE_MORNING_BREATH;XIRECS;9171.0;1
87500;SUBMISSION;BOT_TAKER;OXYGEN_SHAKE_EVENING_BREATH;XIRECS;9531.0;2
87500;BOT_MAKER;BOT_TAKER;OXYGEN_SHAKE_EVENING_BREATH;XIRECS;9530.0;1
87500;SUBMISSION;BOT_TAKER;OXYGEN_SHAKE_MINT;XIRECS;9999.0;2
87500;BOT_MAKER;BOT_TAKER;OXYGEN_SHAKE_MINT;XIRECS;9998.0;1
87500;BOT_MAKER;BOT_TAKER;OXYGEN_SHAKE_CHOCOLATE;XIRECS;9741.0;3
87500;SUBMISSION;BOT_TAKER;OXYGEN_SHAKE_GARLIC;XIRECS;12296.0;2
87500;BOT_MAKER;BOT_TAKER;OXYGEN_SHAKE_GARLIC;XIRECS;12295.0;1
87500;BOT_MAKER;BOT_TAKER;SNACKPACK_CHOCOLATE;XIRECS;9731.0;3
87500;BOT_MAKER;BOT_TAKER;SNACKPACK_VANILLA;XIRECS;10223.0;3
87500;BOT_MAKER;BOT_TAKER;SNACKPACK_PISTACHIO;XIRECS;9403.0;3
87500;BOT_MAKER;BOT_TAKER;SNACKPACK_STRAWBERRY;XIRECS;10902.0;3
87500;BOT_MAKER;BOT_TAKER;SNACKPACK_RASPBERRY;XIRECS;10137.0;3
88400;BOT_TAKER;BOT_MAKER;GALAXY_SOUNDS_DARK_MATTER;XIRECS;10734.0;2
88400;BOT_TAKER;SUBMISSION;GALAXY_SOUNDS_BLACK_HOLES;XIRECS;12644.0;2
88400;BOT_TAKER;SUBMISSION;GALAXY_SOUNDS_PLANETARY_RINGS;XIRECS;11634.0;2
88400;BOT_TAKER;SUBMISSION;GALAXY_SOUNDS_SOLAR_WINDS;XIRECS;10534.0;2
88400;BOT_TAKER;BOT_MAKER;GALAXY_SOUNDS_SOLAR_FLAMES;XIRECS;11109.0;2
88400;BOT_TAKER;BOT_MAKER;SLEEP_POD_SUEDE;XIRECS;12013.0;2
88400;BOT_TAKER;SUBMISSION;SLEEP_POD_LAMB_WOOL;XIRECS;10857.0;2
88400;BOT_TAKER;SUBMISSION;SLEEP_POD_POLYESTER;XIRECS;12560.0;2
88400;BOT_TAKER;BOT_MAKER;SLEEP_POD_NYLON;XIRECS;9633.0;2
88400;BOT_TAKER;SUBMISSION;SLEEP_POD_COTTON;XIRECS;12305.0;2
88400;BOT_TAKER;BOT_MAKER;ROBOT_VACUUMING;XIRECS;8815.0;2
88400;BOT_TAKER;SUBMISSION;ROBOT_MOPPING;XIRECS;12192.0;2
88400;BOT_TAKER;BOT_MAKER;ROBOT_DISHES;XIRECS;10603.0;2
88400;BOT_TAKER;BOT_MAKER;ROBOT_LAUNDRY;XIRECS;9252.0;2
88400;BOT_TAKER;SUBMISSION;ROBOT_IRONING;XIRECS;7299.0;2
88400;BOT_TAKER;SUBMISSION;UV_VISOR_YELLOW;XIRECS;11618.0;2
88400;BOT_TAKER;SUBMISSION;UV_VISOR_AMBER;XIRECS;7365.0;2
88400;BOT_TAKER;SUBMISSION;UV_VISOR_ORANGE;XIRECS;10363.0;2
88400;BOT_TAKER;BOT_MAKER;UV_VISOR_RED;XIRECS;11359.0;2
88400;BOT_TAKER;SUBMISSION;UV_VISOR_MAGENTA;XIRECS;11610.0;2
88400;BOT_TAKER;SUBMISSION;TRANSLATOR_SPACE_GRAY;XIRECS;9390.0;2
88400;BOT_TAKER;BOT_MAKER;TRANSLATOR_ASTRO_BLACK;XIRECS;8928.0;2
88400;BOT_TAKER;BOT_MAKER;TRANSLATOR_ECLIPSE_CHARCOAL;XIRECS;9975.0;2
88400;BOT_TAKER;SUBMISSION;TRANSLATOR_GRAPHITE_MIST;XIRECS;11396.0;2
88400;BOT_TAKER;BOT_MAKER;TRANSLATOR_VOID_BLUE;XIRECS;10453.0;2
88400;BOT_TAKER;SUBMISSION;PANEL_1X2;XIRECS;8106.0;2
88400;BOT_TAKER;SUBMISSION;PANEL_2X2;XIRECS;8997.0;2
88400;BOT_TAKER;SUBMISSION;PANEL_1X4;XIRECS;8458.0;2
88400;BOT_TAKER;BOT_MAKER;PANEL_2X4;XIRECS;12034.0;2
88400;BOT_TAKER;SUBMISSION;PANEL_4X4;XIRECS;10099.0;2
88400;BOT_TAKER;SUBMISSION;OXYGEN_SHAKE_MORNING_BREATH;XIRECS;9245.0;2
88400;BOT_TAKER;SUBMISSION;OXYGEN_SHAKE_EVENING_BREATH;XIRECS;9597.0;2
88400;BOT_TAKER;SUBMISSION;OXYGEN_SHAKE_MINT;XIRECS;9977.0;2
88400;BOT_TAKER;BOT_MAKER;OXYGEN_SHAKE_CHOCOLATE;XIRECS;9779.0;2
88400;BOT_TAKER;SUBMISSION;OXYGEN_SHAKE_GARLIC;XIRECS;12305.0;2
88400;BOT_TAKER;SUBMISSION;SNACKPACK_CHOCOLATE;XIRECS;9726.0;2
88400;BOT_TAKER;BOT_MAKER;SNACKPACK_VANILLA;XIRECS;10264.0;2
88400;BOT_TAKER;BOT_MAKER;SNACKPACK_PISTACHIO;XIRECS;9427.0;2
88400;BOT_TAKER;BOT_MAKER;SNACKPACK_STRAWBERRY;XIRECS;10938.0;2
88400;BOT_TAKER;BOT_MAKER;SNACKPACK_RASPBERRY;XIRECS;10139.0;2
91100;BOT_TAKER;BOT_MAKER;GALAXY_SOUNDS_DARK_MATTER;XIRECS;10720.0;1
91100;BOT_TAKER;SUBMISSION;GALAXY_SOUNDS_BLACK_HOLES;XIRECS;12609.0;1
91100;BOT_TAKER;SUBMISSION;GALAXY_SOUNDS_PLANETARY_RINGS;XIRECS;11659.0;1
91100;BOT_TAKER;SUBMISSION;GALAXY_SOUNDS_SOLAR_WINDS;XIRECS;10549.0;1
91100;BOT_TAKER;BOT_MAKER;GALAXY_SOUNDS_SOLAR_FLAMES;XIRECS;11139.0;1
91100;BOT_TAKER;BOT_MAKER;SLEEP_POD_SUEDE;XIRECS;11997.0;1
91100;BOT_TAKER;SUBMISSION;SLEEP_POD_LAMB_WOOL;XIRECS;10896.0;1
91100;BOT_TAKER;SUBMISSION;SLEEP_POD_POLYESTER;XIRECS;12689.0;1
91100;BOT_TAKER;BOT_MAKER;SLEEP_POD_NYLON;XIRECS;9645.0;1
91100;BOT_TAKER;SUBMISSION;SLEEP_POD_COTTON;XIRECS;12204.0;1
91100;BOT_TAKER;BOT_MAKER;ROBOT_VACUUMING;XIRECS;8804.0;1
91100;BOT_TAKER;SUBMISSION;ROBOT_MOPPING;XIRECS;12318.0;1
91100;BOT_TAKER;BOT_MAKER;ROBOT_DISHES;XIRECS;10695.0;1
91100;BOT_TAKER;BOT_MAKER;ROBOT_LAUNDRY;XIRECS;9297.0;1
91100;BOT_TAKER;SUBMISSION;ROBOT_IRONING;XIRECS;7310.0;1
91100;BOT_TAKER;SUBMISSION;UV_VISOR_YELLOW;XIRECS;11578.0;1
91100;BOT_TAKER;SUBMISSION;UV_VISOR_AMBER;XIRECS;7287.0;1
91100;BOT_TAKER;SUBMISSION;UV_VISOR_ORANGE;XIRECS;10384.0;1
91100;BOT_TAKER;BOT_MAKER;UV_VISOR_RED;XIRECS;11421.0;1
91100;BOT_TAKER;SUBMISSION;UV_VISOR_MAGENTA;XIRECS;11585.0;1
91100;BOT_TAKER;SUBMISSION;TRANSLATOR_SPACE_GRAY;XIRECS;9452.0;1
91100;BOT_TAKER;BOT_MAKER;TRANSLATOR_ASTRO_BLACK;XIRECS;9056.0;1
91100;BOT_TAKER;BOT_MAKER;TRANSLATOR_ECLIPSE_CHARCOAL;XIRECS;9956.0;1
91100;BOT_TAKER;SUBMISSION;TRANSLATOR_GRAPHITE_MIST;XIRECS;11342.0;1
91100;BOT_TAKER;BOT_MAKER;TRANSLATOR_VOID_BLUE;XIRECS;10359.0;1
91100;BOT_TAKER;SUBMISSION;PANEL_1X2;XIRECS;8118.0;1
91100;BOT_TAKER;SUBMISSION;PANEL_2X2;XIRECS;9068.0;1
91100;BOT_TAKER;SUBMISSION;PANEL_1X4;XIRECS;8499.0;1
91100;BOT_TAKER;BOT_MAKER;PANEL_2X4;XIRECS;12034.0;1
91100;BOT_TAKER;SUBMISSION;PANEL_4X4;XIRECS;10118.0;1
91100;BOT_TAKER;SUBMISSION;OXYGEN_SHAKE_MORNING_BREATH;XIRECS;9258.0;1
91100;BOT_TAKER;SUBMISSION;OXYGEN_SHAKE_EVENING_BREATH;XIRECS;9595.0;1
91100;BOT_TAKER;SUBMISSION;OXYGEN_SHAKE_MINT;XIRECS;9958.0;1
91100;BOT_TAKER;BOT_MAKER;OXYGEN_SHAKE_CHOCOLATE;XIRECS;9744.0;1
91100;BOT_TAKER;SUBMISSION;OXYGEN_SHAKE_GARLIC;XIRECS;12361.0;1
91100;BOT_TAKER;SUBMISSION;SNACKPACK_CHOCOLATE;XIRECS;9683.0;1
91100;BOT_TAKER;BOT_MAKER;SNACKPACK_VANILLA;XIRECS;10317.0;1
91100;BOT_TAKER;BOT_MAKER;SNACKPACK_PISTACHIO;XIRECS;9413.0;1
91100;BOT_TAKER;BOT_MAKER;SNACKPACK_STRAWBERRY;XIRECS;10912.0;1
91100;BOT_TAKER;SUBMISSION;SNACKPACK_RASPBERRY;XIRECS;10164.0;1
91300;BOT_TAKER;SUBMISSION;MICROCHIP_CIRCLE;XIRECS;8744.0;3
91300;BOT_TAKER;SUBMISSION;MICROCHIP_OVAL;XIRECS;6887.0;3
91300;BOT_TAKER;SUBMISSION;MICROCHIP_SQUARE;XIRECS;15395.0;3
91300;BOT_TAKER;BOT_MAKER;MICROCHIP_RECTANGLE;XIRECS;8833.0;3
91300;BOT_TAKER;BOT_MAKER;MICROCHIP_TRIANGLE;XIRECS;8622.0;3
91400;SUBMISSION;BOT_TAKER;PEBBLES_XS;XIRECS;6876.0;5
91400;SUBMISSION;BOT_TAKER;PEBBLES_S;XIRECS;8121.0;1
91400;BOT_MAKER;BOT_TAKER;PEBBLES_S;XIRECS;8120.0;4
91400;BOT_MAKER;BOT_TAKER;PEBBLES_M;XIRECS;10908.0;5
91400;SUBMISSION;BOT_TAKER;PEBBLES_L;XIRECS;11429.0;5
91400;BOT_MAKER;BOT_TAKER;PEBBLES_XL;XIRECS;12638.0;5
91700;SUBMISSION;BOT_TAKER;MICROCHIP_CIRCLE;XIRECS;8764.0;3
91700;SUBMISSION;BOT_TAKER;MICROCHIP_OVAL;XIRECS;6909.0;3
91700;SUBMISSION;BOT_TAKER;MICROCHIP_SQUARE;XIRECS;15367.0;3
91700;BOT_MAKER;BOT_TAKER;MICROCHIP_RECTANGLE;XIRECS;8810.0;3
91700;BOT_MAKER;BOT_TAKER;MICROCHIP_TRIANGLE;XIRECS;8628.0;3
92100;BOT_TAKER;SUBMISSION;PEBBLES_XS;XIRECS;6904.0;2
92100;BOT_TAKER;BOT_MAKER;PEBBLES_S;XIRECS;8118.0;2
92100;BOT_TAKER;SUBMISSION;PEBBLES_M;XIRECS;10985.0;2
92100;BOT_TAKER;SUBMISSION;PEBBLES_L;XIRECS;11428.0;2
92100;BOT_TAKER;SUBMISSION;PEBBLES_XL;XIRECS;12592.0;2
92800;SUBMISSION;BOT_TAKER;PEBBLES_XS;XIRECS;6841.0;2
92800;BOT_MAKER;BOT_TAKER;PEBBLES_S;XIRECS;8145.0;2
92800;BOT_MAKER;BOT_TAKER;PEBBLES_M;XIRECS;10970.0;2
92800;SUBMISSION;BOT_TAKER;PEBBLES_L;XIRECS;11401.0;2
92800;BOT_MAKER;BOT_TAKER;PEBBLES_XL;XIRECS;12615.0;2
93300;BOT_TAKER;SUBMISSION;PEBBLES_XS;XIRECS;6830.0;2
93300;BOT_TAKER;BOT_MAKER;PEBBLES_S;XIRECS;8116.0;2
93300;BOT_TAKER;SUBMISSION;PEBBLES_M;XIRECS;10977.0;2
93300;BOT_TAKER;SUBMISSION;PEBBLES_L;XIRECS;11449.0;2
93300;BOT_TAKER;SUBMISSION;PEBBLES_XL;XIRECS;12655.0;2
93600;SUBMISSION;BOT_TAKER;MICROCHIP_CIRCLE;XIRECS;8833.0;2
93600;BOT_MAKER;BOT_TAKER;MICROCHIP_CIRCLE;XIRECS;8832.0;1
93600;SUBMISSION;BOT_TAKER;MICROCHIP_OVAL;XIRECS;6837.0;2
93600;BOT_MAKER;BOT_TAKER;MICROCHIP_OVAL;XIRECS;6836.0;1
93600;SUBMISSION;BOT_TAKER;MICROCHIP_SQUARE;XIRECS;15266.0;2
93600;BOT_MAKER;BOT_TAKER;MICROCHIP_SQUARE;XIRECS;15265.0;1
93600;BOT_MAKER;BOT_TAKER;MICROCHIP_RECTANGLE;XIRECS;8875.0;3
93600;BOT_MAKER;BOT_TAKER;MICROCHIP_TRIANGLE;XIRECS;8594.0;3
94400;BOT_MAKER;BOT_TAKER;GALAXY_SOUNDS_DARK_MATTER;XIRECS;10679.0;4
94400;SUBMISSION;BOT_TAKER;GALAXY_SOUNDS_BLACK_HOLES;XIRECS;12649.0;2
94400;BOT_MAKER;BOT_TAKER;GALAXY_SOUNDS_BLACK_HOLES;XIRECS;12648.0;2
94400;SUBMISSION;BOT_TAKER;GALAXY_SOUNDS_PLANETARY_RINGS;XIRECS;11509.0;2
94400;BOT_MAKER;BOT_TAKER;GALAXY_SOUNDS_PLANETARY_RINGS;XIRECS;11508.0;2
94400;SUBMISSION;BOT_TAKER;GALAXY_SOUNDS_SOLAR_WINDS;XIRECS;10593.0;2
94400;BOT_MAKER;BOT_TAKER;GALAXY_SOUNDS_SOLAR_WINDS;XIRECS;10592.0;2
94400;BOT_MAKER;BOT_TAKER;GALAXY_SOUNDS_SOLAR_FLAMES;XIRECS;11050.0;4
94400;SUBMISSION;BOT_TAKER;SLEEP_POD_SUEDE;XIRECS;12064.0;1
94400;BOT_MAKER;BOT_TAKER;SLEEP_POD_SUEDE;XIRECS;12063.0;3
94400;BOT_MAKER;BOT_TAKER;SLEEP_POD_LAMB_WOOL;XIRECS;10870.0;4
94400;SUBMISSION;BOT_TAKER;SLEEP_POD_POLYESTER;XIRECS;12525.0;2
94400;BOT_MAKER;BOT_TAKER;SLEEP_POD_POLYESTER;XIRECS;12524.0;2
94400;BOT_MAKER;BOT_TAKER;SLEEP_POD_NYLON;XIRECS;9680.0;4
94400;SUBMISSION;BOT_TAKER;SLEEP_POD_COTTON;XIRECS;12203.0;2
94400;BOT_MAKER;BOT_TAKER;SLEEP_POD_COTTON;XIRECS;12202.0;2
94400;BOT_MAKER;BOT_TAKER;ROBOT_VACUUMING;XIRECS;8744.0;4
94400;SUBMISSION;BOT_TAKER;ROBOT_MOPPING;XIRECS;12332.0;2
94400;BOT_MAKER;BOT_TAKER;ROBOT_MOPPING;XIRECS;12331.0;2
94400;BOT_MAKER;BOT_TAKER;ROBOT_DISHES;XIRECS;10801.0;4
94400;BOT_MAKER;BOT_TAKER;ROBOT_LAUNDRY;XIRECS;9161.0;4
94400;SUBMISSION;BOT_TAKER;ROBOT_IRONING;XIRECS;7269.0;2
94400;BOT_MAKER;BOT_TAKER;ROBOT_IRONING;XIRECS;7268.0;2
94400;SUBMISSION;BOT_TAKER;UV_VISOR_YELLOW;XIRECS;11551.0;2
94400;BOT_MAKER;BOT_TAKER;UV_VISOR_YELLOW;XIRECS;11550.0;2
94400;SUBMISSION;BOT_TAKER;UV_VISOR_AMBER;XIRECS;7331.0;2
94400;BOT_MAKER;BOT_TAKER;UV_VISOR_AMBER;XIRECS;7330.0;2
94400;SUBMISSION;BOT_TAKER;UV_VISOR_ORANGE;XIRECS;10279.0;2
94400;BOT_MAKER;BOT_TAKER;UV_VISOR_ORANGE;XIRECS;10278.0;2
94400;BOT_MAKER;BOT_TAKER;UV_VISOR_RED;XIRECS;11539.0;4
94400;BOT_MAKER;BOT_TAKER;UV_VISOR_MAGENTA;XIRECS;11596.0;4
94400;SUBMISSION;BOT_TAKER;TRANSLATOR_SPACE_GRAY;XIRECS;9356.0;2
94400;BOT_MAKER;BOT_TAKER;TRANSLATOR_SPACE_GRAY;XIRECS;9355.0;2
94400;BOT_MAKER;BOT_TAKER;TRANSLATOR_ASTRO_BLACK;XIRECS;9006.0;4
94400;BOT_MAKER;BOT_TAKER;TRANSLATOR_ECLIPSE_CHARCOAL;XIRECS;10091.0;4
94400;SUBMISSION;BOT_TAKER;TRANSLATOR_GRAPHITE_MIST;XIRECS;11311.0;2
94400;BOT_MAKER;BOT_TAKER;TRANSLATOR_GRAPHITE_MIST;XIRECS;11310.0;2
94400;BOT_MAKER;BOT_TAKER;TRANSLATOR_VOID_BLUE;XIRECS;10409.0;4
94400;SUBMISSION;BOT_TAKER;PANEL_1X2;XIRECS;8081.0;2
94400;BOT_MAKER;BOT_TAKER;PANEL_1X2;XIRECS;8080.0;2
94400;SUBMISSION;BOT_TAKER;PANEL_2X2;XIRECS;9204.0;2
94400;BOT_MAKER;BOT_TAKER;PANEL_2X2;XIRECS;9203.0;2
94400;SUBMISSION;BOT_TAKER;PANEL_1X4;XIRECS;8460.0;2
94400;BOT_MAKER;BOT_TAKER;PANEL_1X4;XIRECS;8459.0;2
94400;BOT_MAKER;BOT_TAKER;PANEL_2X4;XIRECS;12081.0;4
94400;SUBMISSION;BOT_TAKER;PANEL_4X4;XIRECS;10166.0;2
94400;BOT_MAKER;BOT_TAKER;PANEL_4X4;XIRECS;10165.0;2
94400;SUBMISSION;BOT_TAKER;OXYGEN_SHAKE_MORNING_BREATH;XIRECS;9179.0;2
94400;BOT_MAKER;BOT_TAKER;OXYGEN_SHAKE_MORNING_BREATH;XIRECS;9178.0;2
94400;SUBMISSION;BOT_TAKER;OXYGEN_SHAKE_EVENING_BREATH;XIRECS;9421.0;2
94400;BOT_MAKER;BOT_TAKER;OXYGEN_SHAKE_EVENING_BREATH;XIRECS;9420.0;2
94400;SUBMISSION;BOT_TAKER;OXYGEN_SHAKE_MINT;XIRECS;9932.0;2
94400;BOT_MAKER;BOT_TAKER;OXYGEN_SHAKE_MINT;XIRECS;9931.0;2
94400;BOT_MAKER;BOT_TAKER;OXYGEN_SHAKE_CHOCOLATE;XIRECS;9658.0;4
94400;SUBMISSION;BOT_TAKER;OXYGEN_SHAKE_GARLIC;XIRECS;12285.0;2
94400;BOT_MAKER;BOT_TAKER;OXYGEN_SHAKE_GARLIC;XIRECS;12284.0;2
94400;BOT_MAKER;BOT_TAKER;SNACKPACK_CHOCOLATE;XIRECS;9681.0;4
94400;BOT_MAKER;BOT_TAKER;SNACKPACK_VANILLA;XIRECS;10294.0;4
94400;BOT_MAKER;BOT_TAKER;SNACKPACK_PISTACHIO;XIRECS;9434.0;4
94400;BOT_MAKER;BOT_TAKER;SNACKPACK_STRAWBERRY;XIRECS;10953.0;4
94400;SUBMISSION;BOT_TAKER;SNACKPACK_RASPBERRY;XIRECS;10075.0;4
97400;BOT_MAKER;BOT_TAKER;GALAXY_SOUNDS_DARK_MATTER;XIRECS;10644.0;4
97400;SUBMISSION;BOT_TAKER;GALAXY_SOUNDS_BLACK_HOLES;XIRECS;12631.0;2
97400;BOT_MAKER;BOT_TAKER;GALAXY_SOUNDS_BLACK_HOLES;XIRECS;12630.0;2
97400;SUBMISSION;BOT_TAKER;GALAXY_SOUNDS_PLANETARY_RINGS;XIRECS;11603.0;2
97400;BOT_MAKER;BOT_TAKER;GALAXY_SOUNDS_PLANETARY_RINGS;XIRECS;11602.0;2
97400;SUBMISSION;BOT_TAKER;GALAXY_SOUNDS_SOLAR_WINDS;XIRECS;10608.0;2
97400;BOT_MAKER;BOT_TAKER;GALAXY_SOUNDS_SOLAR_WINDS;XIRECS;10607.0;2
97400;BOT_MAKER;BOT_TAKER;GALAXY_SOUNDS_SOLAR_FLAMES;XIRECS;10996.0;4
97400;BOT_MAKER;BOT_TAKER;SLEEP_POD_SUEDE;XIRECS;12063.0;4
97400;BOT_MAKER;BOT_TAKER;SLEEP_POD_LAMB_WOOL;XIRECS;10895.0;4
97400;SUBMISSION;BOT_TAKER;SLEEP_POD_POLYESTER;XIRECS;12504.0;2
97400;BOT_MAKER;BOT_TAKER;SLEEP_POD_POLYESTER;XIRECS;12503.0;2
97400;BOT_MAKER;BOT_TAKER;SLEEP_POD_NYLON;XIRECS;9628.0;4
97400;SUBMISSION;BOT_TAKER;SLEEP_POD_COTTON;XIRECS;12244.0;2
97400;BOT_MAKER;BOT_TAKER;SLEEP_POD_COTTON;XIRECS;12243.0;2
97400;BOT_MAKER;BOT_TAKER;ROBOT_VACUUMING;XIRECS;8726.0;4
97400;SUBMISSION;BOT_TAKER;ROBOT_MOPPING;XIRECS;12253.0;2
97400;BOT_MAKER;BOT_TAKER;ROBOT_MOPPING;XIRECS;12252.0;2
97400;BOT_MAKER;BOT_TAKER;ROBOT_DISHES;XIRECS;10704.0;4
97400;BOT_MAKER;BOT_TAKER;ROBOT_LAUNDRY;XIRECS;9133.0;4
97400;SUBMISSION;BOT_TAKER;ROBOT_IRONING;XIRECS;7239.0;2
97400;BOT_MAKER;BOT_TAKER;ROBOT_IRONING;XIRECS;7238.0;2
97400;SUBMISSION;BOT_TAKER;UV_VISOR_YELLOW;XIRECS;11455.0;2
97400;BOT_MAKER;BOT_TAKER;UV_VISOR_YELLOW;XIRECS;11454.0;2
97400;SUBMISSION;BOT_TAKER;UV_VISOR_AMBER;XIRECS;7343.0;2
97400;BOT_MAKER;BOT_TAKER;UV_VISOR_AMBER;XIRECS;7342.0;2
97400;SUBMISSION;BOT_TAKER;UV_VISOR_ORANGE;XIRECS;10365.0;2
97400;BOT_MAKER;BOT_TAKER;UV_VISOR_ORANGE;XIRECS;10364.0;2
97400;BOT_MAKER;BOT_TAKER;UV_VISOR_RED;XIRECS;11544.0;4
97400;BOT_MAKER;BOT_TAKER;UV_VISOR_MAGENTA;XIRECS;11638.0;4
97400;SUBMISSION;BOT_TAKER;TRANSLATOR_SPACE_GRAY;XIRECS;9330.0;2
97400;BOT_MAKER;BOT_TAKER;TRANSLATOR_SPACE_GRAY;XIRECS;9329.0;2
97400;BOT_MAKER;BOT_TAKER;TRANSLATOR_ASTRO_BLACK;XIRECS;9017.0;4
97400;BOT_MAKER;BOT_TAKER;TRANSLATOR_ECLIPSE_CHARCOAL;XIRECS;10108.0;4
97400;SUBMISSION;BOT_TAKER;TRANSLATOR_GRAPHITE_MIST;XIRECS;11335.0;2
97400;BOT_MAKER;BOT_TAKER;TRANSLATOR_GRAPHITE_MIST;XIRECS;11334.0;2
97400;BOT_MAKER;BOT_TAKER;TRANSLATOR_VOID_BLUE;XIRECS;10449.0;4
97400;SUBMISSION;BOT_TAKER;PANEL_1X2;XIRECS;8117.0;2
97400;BOT_MAKER;BOT_TAKER;PANEL_1X2;XIRECS;8116.0;2
97400;SUBMISSION;BOT_TAKER;PANEL_2X2;XIRECS;9127.0;2
97400;BOT_MAKER;BOT_TAKER;PANEL_2X2;XIRECS;9126.0;2
97400;SUBMISSION;BOT_TAKER;PANEL_1X4;XIRECS;8474.0;2
97400;BOT_MAKER;BOT_TAKER;PANEL_1X4;XIRECS;8473.0;2
97400;BOT_MAKER;BOT_TAKER;PANEL_2X4;XIRECS;12037.0;4
97400;SUBMISSION;BOT_TAKER;PANEL_4X4;XIRECS;10158.0;2
97400;BOT_MAKER;BOT_TAKER;PANEL_4X4;XIRECS;10157.0;2
97400;SUBMISSION;BOT_TAKER;OXYGEN_SHAKE_MORNING_BREATH;XIRECS;9191.0;2
97400;BOT_MAKER;BOT_TAKER;OXYGEN_SHAKE_MORNING_BREATH;XIRECS;9190.0;2
97400;SUBMISSION;BOT_TAKER;OXYGEN_SHAKE_EVENING_BREATH;XIRECS;9411.0;2
97400;BOT_MAKER;BOT_TAKER;OXYGEN_SHAKE_EVENING_BREATH;XIRECS;9410.0;2
97400;SUBMISSION;BOT_TAKER;OXYGEN_SHAKE_MINT;XIRECS;9940.0;2
97400;BOT_MAKER;BOT_TAKER;OXYGEN_SHAKE_MINT;XIRECS;9939.0;2
97400;BOT_MAKER;BOT_TAKER;OXYGEN_SHAKE_CHOCOLATE;XIRECS;9627.0;4
97400;SUBMISSION;BOT_TAKER;OXYGEN_SHAKE_GARLIC;XIRECS;12133.0;2
97400;BOT_MAKER;BOT_TAKER;OXYGEN_SHAKE_GARLIC;XIRECS;12132.0;2
97400;BOT_MAKER;BOT_TAKER;SNACKPACK_CHOCOLATE;XIRECS;9678.0;4
97400;BOT_MAKER;BOT_TAKER;SNACKPACK_VANILLA;XIRECS;10310.0;4
97400;BOT_MAKER;BOT_TAKER;SNACKPACK_PISTACHIO;XIRECS;9443.0;4
97400;BOT_MAKER;BOT_TAKER;SNACKPACK_STRAWBERRY;XIRECS;10973.0;4
97400;SUBMISSION;BOT_TAKER;SNACKPACK_RASPBERRY;XIRECS;10077.0;2
97400;BOT_MAKER;BOT_TAKER;SNACKPACK_RASPBERRY;XIRECS;10076.0;2
99300;BOT_TAKER;BOT_MAKER;GALAXY_SOUNDS_DARK_MATTER;XIRECS;10652.0;1
99300;BOT_TAKER;SUBMISSION;GALAXY_SOUNDS_BLACK_HOLES;XIRECS;12686.0;1
99300;BOT_TAKER;SUBMISSION;GALAXY_SOUNDS_PLANETARY_RINGS;XIRECS;11559.0;1
99300;BOT_TAKER;SUBMISSION;GALAXY_SOUNDS_SOLAR_WINDS;XIRECS;10622.0;1
99300;BOT_TAKER;BOT_MAKER;GALAXY_SOUNDS_SOLAR_FLAMES;XIRECS;11033.0;1
99300;BOT_TAKER;BOT_MAKER;SLEEP_POD_SUEDE;XIRECS;12035.0;1
99300;BOT_TAKER;SUBMISSION;SLEEP_POD_LAMB_WOOL;XIRECS;10935.0;1
99300;BOT_TAKER;SUBMISSION;SLEEP_POD_POLYESTER;XIRECS;12505.0;1
99300;BOT_TAKER;SUBMISSION;SLEEP_POD_NYLON;XIRECS;9684.0;1
99300;BOT_TAKER;SUBMISSION;SLEEP_POD_COTTON;XIRECS;12238.0;1
99300;BOT_TAKER;BOT_MAKER;ROBOT_VACUUMING;XIRECS;8700.0;1
99300;BOT_TAKER;SUBMISSION;ROBOT_MOPPING;XIRECS;12231.0;1
99300;BOT_TAKER;BOT_MAKER;ROBOT_DISHES;XIRECS;10560.0;1
99300;BOT_TAKER;BOT_MAKER;ROBOT_LAUNDRY;XIRECS;9143.0;1
99300;BOT_TAKER;SUBMISSION;ROBOT_IRONING;XIRECS;7222.0;1
99300;BOT_TAKER;SUBMISSION;UV_VISOR_YELLOW;XIRECS;11447.0;1
99300;BOT_TAKER;SUBMISSION;UV_VISOR_AMBER;XIRECS;7335.0;1
99300;BOT_TAKER;SUBMISSION;UV_VISOR_ORANGE;XIRECS;10390.0;1
99300;BOT_TAKER;BOT_MAKER;UV_VISOR_RED;XIRECS;11605.0;1
99300;BOT_TAKER;SUBMISSION;UV_VISOR_MAGENTA;XIRECS;11656.0;1
99300;BOT_TAKER;SUBMISSION;TRANSLATOR_SPACE_GRAY;XIRECS;9288.0;1
99300;BOT_TAKER;SUBMISSION;TRANSLATOR_ASTRO_BLACK;XIRECS;9107.0;1
99300;BOT_TAKER;BOT_MAKER;TRANSLATOR_ECLIPSE_CHARCOAL;XIRECS;10082.0;1
99300;BOT_TAKER;SUBMISSION;TRANSLATOR_GRAPHITE_MIST;XIRECS;11317.0;1
99300;BOT_TAKER;BOT_MAKER;TRANSLATOR_VOID_BLUE;XIRECS;10431.0;1
99300;BOT_TAKER;SUBMISSION;PANEL_1X2;XIRECS;8087.0;1
