timestamp;buyer;seller;symbol;currency;price;quantity
0;BOT_TAKER;BOT_MAKER;HYDROGEL_PACK;XIRECS;9987.0;3
0;BOT_MAKER;BOT_TAKER;VEV_4000;XIRECS;1252.0;3
100;BOT_TAKER;BOT_MAKER;VELVETFRUIT_EXTRACT;XIRECS;5264.0;3
100;BOT_TAKER;BOT_MAKER;VEV_4000;XIRECS;1274.0;1
200;BOT_TAKER;BOT_MAKER;VEV_5200;XIRECS;104.0;2
300;BOT_TAKER;BOT_MAKER;HYDROGEL_PACK;XIRECS;9990.0;5
300;BOT_MAKER;BOT_TAKER;VELVETFRUIT_EXTRACT;XIRECS;5258.0;3
300;BOT_TAKER;BOT_MAKER;VEV_6500;XIRECS;1.0;4
300;SUBMISSION;BOT_TAKER;HYDROGEL_PACK;XIRECS;9975.0;4
400;BOT_MAKER;BOT_TAKER;VELVETFRUIT_EXTRACT;XIRECS;5259.0;8
500;BOT_MAKER;BOT_TAKER;HYDROGEL_PACK;XIRECS;9972.0;6
500;BOT_TAKER;BOT_MAKER;VEV_6500;XIRECS;1.0;4
600;SUBMISSION;BOT_TAKER;VELVETFRUIT_EXTRACT;XIRECS;5261.0;4
700;BOT_TAKER;BOT_MAKER;HYDROGEL_PACK;XIRECS;9986.0;5
700;BOT_TAKER;BOT_MAKER;VEV_6500;XIRECS;1.0;4
700;SUBMISSION;BOT_TAKER;VEV_4000;XIRECS;1256.0;3
900;BOT_TAKER;BOT_MAKER;HYDROGEL_PACK;XIRECS;9987.0;4
900;BOT_MAKER;BOT_TAKER;VELVETFRUIT_EXTRACT;XIRECS;5259.0;3
1000;BOT_TAKER;BOT_MAKER;HYDROGEL_PACK;XIRECS;9985.0;3
1000;BOT_MAKER;BOT_TAKER;VEV_5500;XIRECS;6.0;3
1100;BOT_TAKER;BOT_MAKER;VEV_6000;XIRECS;1.0;2
1200;BOT_MAKER;BOT_TAKER;HYDROGEL_PACK;XIRECS;9971.0;2
1300;BOT_MAKER;BOT_TAKER;VEV_4000;XIRECS;1257.0;1
1500;BOT_TAKER;BOT_MAKER;HYDROGEL_PACK;XIRECS;9982.0;3
1600;BOT_TAKER;BOT_MAKER;VELVETFRUIT_EXTRACT;XIRECS;5264.0;5
1600;BOT_TAKER;SUBMISSION;VEV_4000;XIRECS;1276.0;1
1700;BOT_MAKER;BOT_TAKER;HYDROGEL_PACK;XIRECS;9965.0;5
1700;BOT_MAKER;BOT_TAKER;VEV_6000;XIRECS;0.0;5
1800;BOT_MAKER;BOT_TAKER;HYDROGEL_PACK;XIRECS;9966.0;2
1800;BOT_MAKER;BOT_TAKER;VEV_4000;XIRECS;1254.0;1
1800;BOT_TAKER;SUBMISSION;VEV_4000;XIRECS;1275.0;2
1900;BOT_TAKER;BOT_MAKER;VEV_5300;XIRECS;49.0;4
2000;BOT_MAKER;BOT_TAKER;HYDROGEL_PACK;XIRECS;9965.0;6
2000;BOT_MAKER;BOT_TAKER;VEV_6500;XIRECS;0.0;5
2200;SUBMISSION;BOT_TAKER;HYDROGEL_PACK;XIRECS;9959.0;2
2200;SUBMISSION;BOT_TAKER;VELVETFRUIT_EXTRACT;XIRECS;5261.0;5
2200;BOT_MAKER;BOT_TAKER;VELVETFRUIT_EXTRACT;XIRECS;5260.0;1
2300;BOT_TAKER;BOT_MAKER;HYDROGEL_PACK;XIRECS;9973.0;6
2300;BOT_MAKER;BOT_TAKER;VEV_5400;XIRECS;15.0;5
2300;BOT_TAKER;BOT_MAKER;VEV_6000;XIRECS;1.0;4
2400;BOT_MAKER;BOT_TAKER;HYDROGEL_PACK;XIRECS;9958.0;6
2500;BOT_MAKER;BOT_TAKER;VEV_4000;XIRECS;1255.0;2
2600;BOT_MAKER;BOT_TAKER;VEV_4000;XIRECS;1255.0;3
2600;BOT_TAKER;BOT_MAKER;VEV_5300;XIRECS;48.0;2
2700;BOT_MAKER;BOT_TAKER;HYDROGEL_PACK;XIRECS;9958.0;5
2700;BOT_TAKER;BOT_MAKER;VEV_4000;XIRECS;1277.0;1
2800;BOT_TAKER;BOT_MAKER;HYDROGEL_PACK;XIRECS;9973.0;4
2900;BOT_MAKER;BOT_TAKER;VELVETFRUIT_EXTRACT;XIRECS;5260.0;3
3000;BOT_MAKER;BOT_TAKER;HYDROGEL_PACK;XIRECS;9954.0;3
3000;BOT_TAKER;BOT_MAKER;VELVETFRUIT_EXTRACT;XIRECS;5265.0;5
3100;BOT_MAKER;BOT_TAKER;HYDROGEL_PACK;XIRECS;9958.0;2
3100;SUBMISSION;BOT_TAKER;VEV_5000;XIRECS;259.0;1
3200;BOT_TAKER;BOT_MAKER;VELVETFRUIT_EXTRACT;XIRECS;5266.0;8
3300;BOT_TAKER;BOT_MAKER;VELVETFRUIT_EXTRACT;XIRECS;5268.0;3
3300;BOT_MAKER;BOT_TAKER;VEV_4000;XIRECS;1255.0;2
3300;BOT_MAKER;BOT_TAKER;VEV_5400;XIRECS;15.0;2
3400;BOT_TAKER;BOT_MAKER;HYDROGEL_PACK;XIRECS;9967.0;4
3400;BOT_MAKER;BOT_TAKER;VEV_6500;XIRECS;0.0;4
3500;BOT_TAKER;BOT_MAKER;HYDROGEL_PACK;XIRECS;9969.0;5
3600;BOT_TAKER;BOT_MAKER;HYDROGEL_PACK;XIRECS;9971.0;4
3600;BOT_TAKER;BOT_MAKER;VELVETFRUIT_EXTRACT;XIRECS;5269.0;4
3600;BOT_TAKER;BOT_MAKER;VEV_4000;XIRECS;1278.0;1
3700;BOT_MAKER;BOT_TAKER;VEV_4000;XIRECS;1258.0;1
3700;BOT_MAKER;BOT_TAKER;VEV_5400;XIRECS;14.0;5
3800;BOT_MAKER;BOT_TAKER;VELVETFRUIT_EXTRACT;XIRECS;5265.0;5
3900;BOT_TAKER;BOT_MAKER;HYDROGEL_PACK;XIRECS;9970.0;3
3900;BOT_MAKER;BOT_TAKER;VELVETFRUIT_EXTRACT;XIRECS;5263.0;8
3900;BOT_MAKER;BOT_TAKER;VEV_5400;XIRECS;14.0;3
3900;BOT_MAKER;BOT_TAKER;VEV_5500;XIRECS;6.0;4
3900;BOT_MAKER;BOT_TAKER;VEV_5500;XIRECS;6.0;4
4000;SUBMISSION;BOT_TAKER;VELVETFRUIT_EXTRACT;XIRECS;5264.0;5
4000;BOT_MAKER;BOT_TAKER;VELVETFRUIT_EXTRACT;XIRECS;5263.0;2
4100;BOT_TAKER;BOT_MAKER;HYDROGEL_PACK;XIRECS;9971.0;3
4100;BOT_TAKER;SUBMISSION;VELVETFRUIT_EXTRACT;XIRECS;5266.0;4
4100;BOT_TAKER;SUBMISSION;VEV_5300;XIRECS;46.0;2
4200;BOT_MAKER;BOT_TAKER;HYDROGEL_PACK;XIRECS;9956.0;5
4300;BOT_MAKER;BOT_TAKER;VELVETFRUIT_EXTRACT;XIRECS;5263.0;3
4300;BOT_MAKER;BOT_TAKER;VEV_6500;XIRECS;0.0;4
4300;SUBMISSION;BOT_TAKER;VEV_5500;XIRECS;6.0;4
4400;BOT_MAKER;BOT_TAKER;HYDROGEL_PACK;XIRECS;9958.0;4
4600;BOT_MAKER;BOT_TAKER;HYDROGEL_PACK;XIRECS;9958.0;4
4600;BOT_MAKER;BOT_TAKER;VEV_5300;XIRECS;46.0;3
4700;BOT_MAKER;BOT_TAKER;HYDROGEL_PACK;XIRECS;9959.0;4
4700;BOT_MAKER;BOT_TAKER;VELVETFRUIT_EXTRACT;XIRECS;5264.0;7
4700;BOT_MAKER;BOT_TAKER;VEV_6000;XIRECS;0.0;4
4800;BOT_MAKER;BOT_TAKER;HYDROGEL_PACK;XIRECS;9956.0;3
4800;BOT_TAKER;BOT_MAKER;VELVETFRUIT_EXTRACT;XIRECS;5270.0;3
4800;BOT_MAKER;BOT_TAKER;VEV_5300;XIRECS;46.0;4
4900;BOT_MAKER;BOT_TAKER;VEV_6500;XIRECS;0.0;4
5200;BOT_MAKER;BOT_TAKER;VEV_5500;XIRECS;5.0;5
5300;BOT_TAKER;BOT_MAKER;HYDROGEL_PACK;XIRECS;9966.0;3
5300;BOT_TAKER;BOT_MAKER;VELVETFRUIT_EXTRACT;XIRECS;5268.0;8
5400;BOT_MAKER;BOT_TAKER;VELVETFRUIT_EXTRACT;XIRECS;5263.0;10
5400;BOT_MAKER;BOT_TAKER;VEV_4000;XIRECS;1256.0;1
5600;BOT_TAKER;BOT_MAKER;VEV_4000;XIRECS;1279.0;2
5700;BOT_TAKER;BOT_MAKER;VELVETFRUIT_EXTRACT;XIRECS;5269.0;8
5700;BOT_MAKER;BOT_TAKER;VEV_5400;XIRECS;14.0;2
5700;SUBMISSION;BOT_TAKER;HYDROGEL_PACK;XIRECS;9948.0;5
5800;BOT_TAKER;BOT_MAKER;VEV_5400;XIRECS;16.0;3
5800;BOT_TAKER;SUBMISSION;HYDROGEL_PACK;XIRECS;9963.0;5
5800;BOT_TAKER;BOT_MAKER;HYDROGEL_PACK;XIRECS;9964.0;1
5900;BOT_MAKER;BOT_TAKER;VELVETFRUIT_EXTRACT;XIRECS;5265.0;6
5900;BOT_MAKER;BOT_TAKER;VEV_4000;XIRECS;1257.0;1
6000;BOT_MAKER;BOT_TAKER;VEV_4000;XIRECS;1256.0;1
6200;BOT_MAKER;BOT_TAKER;VELVETFRUIT_EXTRACT;XIRECS;5265.0;8
6400;BOT_TAKER;BOT_MAKER;HYDROGEL_PACK;XIRECS;9964.0;6
6400;BOT_MAKER;BOT_TAKER;VELVETFRUIT_EXTRACT;XIRECS;5266.0;10
6400;BOT_TAKER;BOT_MAKER;VEV_6000;XIRECS;1.0;2
6400;SUBMISSION;BOT_TAKER;VELVETFRUIT_EXTRACT;XIRECS;5267.0;5
6400;BOT_MAKER;BOT_TAKER;VELVETFRUIT_EXTRACT;XIRECS;5266.0;7
6500;BOT_TAKER;BOT_MAKER;HYDROGEL_PACK;XIRECS;9962.0;2
6500;BOT_MAKER;BOT_TAKER;VEV_6000;XIRECS;0.0;2
6600;BOT_MAKER;BOT_TAKER;HYDROGEL_PACK;XIRECS;9947.0;4
6600;BOT_MAKER;BOT_TAKER;VEV_5500;XIRECS;6.0;5
6600;BOT_TAKER;BOT_MAKER;VEV_5500;XIRECS;7.0;4
6600;BOT_MAKER;BOT_TAKER;VEV_6000;XIRECS;0.0;2
6700;BOT_MAKER;BOT_TAKER;VELVETFRUIT_EXTRACT;XIRECS;5267.0;3
6700;BOT_TAKER;BOT_MAKER;VEV_4000;XIRECS;1277.0;3
6700;BOT_TAKER;BOT_MAKER;VEV_6000;XIRECS;1.0;2
6900;BOT_MAKER;BOT_TAKER;VEV_5500;XIRECS;6.0;3
6900;SUBMISSION;BOT_TAKER;HYDROGEL_PACK;XIRECS;9951.0;4
7000;BOT_MAKER;BOT_TAKER;HYDROGEL_PACK;XIRECS;9950.0;3
7100;BOT_TAKER;BOT_MAKER;HYDROGEL_PACK;XIRECS;9968.0;6
7200;BOT_MAKER;BOT_TAKER;HYDROGEL_PACK;XIRECS;9957.0;3
7200;BOT_MAKER;BOT_TAKER;VELVETFRUIT_EXTRACT;XIRECS;5266.0;4
7200;BOT_TAKER;BOT_MAKER;VEV_4000;XIRECS;1278.0;3
7300;BOT_MAKER;BOT_TAKER;HYDROGEL_PACK;XIRECS;9956.0;3
7300;BOT_MAKER;BOT_TAKER;VEV_4000;XIRECS;1257.0;3
7300;BOT_MAKER;BOT_TAKER;VEV_5400;XIRECS;14.0;3
7300;BOT_TAKER;SUBMISSION;VELVETFRUIT_EXTRACT;XIRECS;5270.0;4
7400;BOT_TAKER;BOT_MAKER;VELVETFRUIT_EXTRACT;XIRECS;5273.0;4
7400;BOT_MAKER;BOT_TAKER;VEV_4000;XIRECS;1258.0;2
7600;BOT_TAKER;BOT_MAKER;VEV_4000;XIRECS;1280.0;3
7700;BOT_TAKER;BOT_MAKER;VEV_6000;XIRECS;1.0;4
7800;BOT_MAKER;BOT_TAKER;VELVETFRUIT_EXTRACT;XIRECS;5267.0;3
7900;BOT_MAKER;BOT_TAKER;HYDROGEL_PACK;XIRECS;9954.0;4
7900;BOT_TAKER;SUBMISSION;VEV_4000;XIRECS;1282.0;2
8100;BOT_MAKER;BOT_TAKER;HYDROGEL_PACK;XIRECS;9951.0;4
8100;BOT_TAKER;BOT_MAKER;VELVETFRUIT_EXTRACT;XIRECS;5274.0;6
8100;BOT_TAKER;SUBMISSION;VELVETFRUIT_EXTRACT;XIRECS;5273.0;4
8200;BOT_TAKER;BOT_MAKER;VELVETFRUIT_EXTRACT;XIRECS;5273.0;5
8200;BOT_TAKER;BOT_MAKER;VEV_5400;XIRECS;16.0;2
8200;BOT_TAKER;BOT_MAKER;VEV_6500;XIRECS;1.0;5
8400;BOT_TAKER;BOT_MAKER;HYDROGEL_PACK;XIRECS;9967.0;6
8500;BOT_TAKER;BOT_MAKER;VEV_4000;XIRECS;1285.0;2
8500;BOT_TAKER;BOT_MAKER;VEV_5500;XIRECS;7.0;5
8600;BOT_TAKER;BOT_MAKER;VELVETFRUIT_EXTRACT;XIRECS;5276.0;3
8700;BOT_MAKER;BOT_TAKER;VELVETFRUIT_EXTRACT;XIRECS;5270.0;13
8700;BOT_TAKER;BOT_MAKER;VEV_5300;XIRECS;41.0;4
9000;BOT_TAKER;BOT_MAKER;HYDROGEL_PACK;XIRECS;9960.0;4
9000;BOT_TAKER;BOT_MAKER;VELVETFRUIT_EXTRACT;XIRECS;5275.0;5
9200;BOT_MAKER;BOT_TAKER;VEV_5300;XIRECS;39.0;5
9300;BOT_MAKER;BOT_TAKER;VEV_4000;XIRECS;1263.0;2
9400;BOT_TAKER;BOT_MAKER;VELVETFRUIT_EXTRACT;XIRECS;5277.0;8
9400;BOT_TAKER;BOT_MAKER;VEV_5500;XIRECS;7.0;2
9400;SUBMISSION;BOT_TAKER;VELVETFRUIT_EXTRACT;XIRECS;5273.0;5
9400;BOT_MAKER;BOT_TAKER;VELVETFRUIT_EXTRACT;XIRECS;5272.0;1
9500;BOT_TAKER;BOT_MAKER;VEV_5500;XIRECS;7.0;4
9700;BOT_MAKER;BOT_TAKER;HYDROGEL_PACK;XIRECS;9948.0;3
9700;BOT_MAKER;BOT_TAKER;VELVETFRUIT_EXTRACT;XIRECS;5271.0;6
9700;SUBMISSION;BOT_TAKER;VELVETFRUIT_EXTRACT;XIRECS;5272.0;4
9800;BOT_TAKER;BOT_MAKER;HYDROGEL_PACK;XIRECS;9964.0;5
9800;BOT_TAKER;BOT_MAKER;VEV_6500;XIRECS;1.0;4
9900;BOT_TAKER;BOT_MAKER;VELVETFRUIT_EXTRACT;XIRECS;5277.0;9
9900;BOT_MAKER;BOT_TAKER;VEV_4000;XIRECS;1264.0;3
9900;BOT_MAKER;BOT_TAKER;VEV_6500;XIRECS;0.0;5
10100;BOT_MAKER;BOT_TAKER;VELVETFRUIT_EXTRACT;XIRECS;5269.0;5
10100;BOT_TAKER;BOT_MAKER;VEV_4000;XIRECS;1284.0;2
10200;BOT_TAKER;BOT_MAKER;HYDROGEL_PACK;XIRECS;9969.0;2
10200;BOT_MAKER;BOT_TAKER;VELVETFRUIT_EXTRACT;XIRECS;5269.0;8
10300;BOT_TAKER;BOT_MAKER;VELVETFRUIT_EXTRACT;XIRECS;5276.0;5
10400;BOT_TAKER;BOT_MAKER;VEV_4000;XIRECS;1282.0;3
10500;BOT_TAKER;BOT_MAKER;VELVETFRUIT_EXTRACT;XIRECS;5275.0;8
10600;BOT_MAKER;BOT_TAKER;HYDROGEL_PACK;XIRECS;9950.0;2
10600;BOT_TAKER;BOT_MAKER;VEV_5400;XIRECS;14.0;4
10600;BOT_TAKER;BOT_MAKER;VEV_6000;XIRECS;1.0;4
10800;BOT_MAKER;BOT_TAKER;HYDROGEL_PACK;XIRECS;9949.0;4
10800;BOT_TAKER;BOT_MAKER;VEV_4000;XIRECS;1276.0;2
10900;BOT_MAKER;BOT_TAKER;VEV_5500;XIRECS;5.0;3
11000;BOT_TAKER;BOT_MAKER;HYDROGEL_PACK;XIRECS;9966.0;2
11000;BOT_MAKER;BOT_TAKER;VELVETFRUIT_EXTRACT;XIRECS;5268.0;4
11000;BOT_MAKER;BOT_TAKER;VEV_4000;XIRECS;1252.0;2
11100;BOT_TAKER;BOT_MAKER;VELVETFRUIT_EXTRACT;XIRECS;5271.0;3
11100;BOT_TAKER;BOT_MAKER;VEV_4000;XIRECS;1273.0;2
11200;BOT_TAKER;BOT_MAKER;VELVETFRUIT_EXTRACT;XIRECS;5271.0;7
11300;BOT_MAKER;BOT_TAKER;VELVETFRUIT_EXTRACT;XIRECS;5267.0;6
11300;BOT_TAKER;BOT_MAKER;VELVETFRUIT_EXTRACT;XIRECS;5271.0;5
11300;BOT_TAKER;BOT_MAKER;VEV_4000;XIRECS;1272.0;3
11300;BOT_TAKER;SUBMISSION;VELVETFRUIT_EXTRACT;XIRECS;5270.0;5
11400;BOT_TAKER;BOT_MAKER;VELVETFRUIT_EXTRACT;XIRECS;5274.0;3
11400;BOT_MAKER;BOT_TAKER;VEV_5300;XIRECS;42.0;5
11400;BOT_TAKER;BOT_MAKER;VEV_5500;XIRECS;6.0;5
11400;SUBMISSION;BOT_TAKER;VELVETFRUIT_EXTRACT;XIRECS;5269.0;5
11500;BOT_TAKER;BOT_MAKER;HYDROGEL_PACK;XIRECS;9966.0;2
11600;BOT_TAKER;BOT_MAKER;VELVETFRUIT_EXTRACT;XIRECS;5273.0;4
11700;BOT_TAKER;BOT_MAKER;HYDROGEL_PACK;XIRECS;9969.0;2
11700;BOT_MAKER;BOT_TAKER;VEV_4000;XIRECS;1254.0;2
11700;BOT_TAKER;BOT_MAKER;VEV_6500;XIRECS;1.0;5
11900;BOT_MAKER;BOT_TAKER;VELVETFRUIT_EXTRACT;XIRECS;5265.0;5
12000;BOT_TAKER;BOT_MAKER;HYDROGEL_PACK;XIRECS;9972.0;4
12000;BOT_MAKER;BOT_TAKER;VELVETFRUIT_EXTRACT;XIRECS;5263.0;4
12000;SUBMISSION;BOT_TAKER;VEV_5400;XIRECS;12.0;5
12100;BOT_TAKER;BOT_MAKER;HYDROGEL_PACK;XIRECS;9973.0;4
12400;BOT_TAKER;BOT_MAKER;VELVETFRUIT_EXTRACT;XIRECS;5269.0;8
12500;BOT_TAKER;BOT_MAKER;VELVETFRUIT_EXTRACT;XIRECS;5269.0;6
12500;BOT_TAKER;BOT_MAKER;VEV_6500;XIRECS;1.0;5
12500;SUBMISSION;BOT_TAKER;VEV_4000;XIRECS;1261.0;1
12600;BOT_MAKER;BOT_TAKER;HYDROGEL_PACK;XIRECS;9955.0;4
12600;BOT_MAKER;BOT_TAKER;VELVETFRUIT_EXTRACT;XIRECS;5265.0;3
12600;BOT_MAKER;BOT_TAKER;VEV_6500;XIRECS;0.0;4
12600;SUBMISSION;BOT_TAKER;VELVETFRUIT_EXTRACT;XIRECS;5266.0;5
12600;BOT_MAKER;BOT_TAKER;VELVETFRUIT_EXTRACT;XIRECS;5265.0;2
12700;BOT_MAKER;BOT_TAKER;HYDROGEL_PACK;XIRECS;9952.0;2
12800;BOT_TAKER;BOT_MAKER;HYDROGEL_PACK;XIRECS;9970.0;6
12800;SUBMISSION;BOT_TAKER;VELVETFRUIT_EXTRACT;XIRECS;5269.0;5
12800;BOT_MAKER;BOT_TAKER;VELVETFRUIT_EXTRACT;XIRECS;5268.0;2
13200;BOT_TAKER;BOT_MAKER;VELVETFRUIT_EXTRACT;XIRECS;5271.0;5
13300;BOT_TAKER;BOT_MAKER;VEV_6500;XIRECS;1.0;5
13400;BOT_TAKER;BOT_MAKER;HYDROGEL_PACK;XIRECS;9971.0;3
13500;BOT_TAKER;BOT_MAKER;VELVETFRUIT_EXTRACT;XIRECS;5272.0;4
13600;BOT_MAKER;BOT_TAKER;VEV_4000;XIRECS;1260.0;1
13600;BOT_TAKER;SUBMISSION;VELVETFRUIT_EXTRACT;XIRECS;5272.0;5
13600;BOT_TAKER;BOT_MAKER;VELVETFRUIT_EXTRACT;XIRECS;5273.0;1
13700;BOT_MAKER;BOT_TAKER;VELVETFRUIT_EXTRACT;XIRECS;5269.0;4
13700;SUBMISSION;BOT_TAKER;VEV_4000;XIRECS;1260.0;3
13800;BOT_TAKER;BOT_MAKER;VELVETFRUIT_EXTRACT;XIRECS;5275.0;6
14000;BOT_MAKER;BOT_TAKER;HYDROGEL_PACK;XIRECS;9956.0;5
14100;BOT_TAKER;BOT_MAKER;HYDROGEL_PACK;XIRECS;9974.0;4
14200;BOT_MAKER;BOT_TAKER;VEV_4000;XIRECS;1261.0;1
14300;BOT_TAKER;BOT_MAKER;VEV_5500;XIRECS;5.0;5
14300;SUBMISSION;BOT_TAKER;VELVETFRUIT_EXTRACT;XIRECS;5270.0;5
14300;BOT_MAKER;BOT_TAKER;VELVETFRUIT_EXTRACT;XIRECS;5269.0;1
14400;BOT_TAKER;BOT_MAKER;VELVETFRUIT_EXTRACT;XIRECS;5275.0;7
14400;BOT_TAKER;BOT_MAKER;VEV_6500;XIRECS;1.0;2
14600;BOT_MAKER;BOT_TAKER;HYDROGEL_PACK;XIRECS;9958.0;2
14600;BOT_TAKER;BOT_MAKER;VEV_4000;XIRECS;1284.0;3
14700;BOT_TAKER;BOT_MAKER;VELVETFRUIT_EXTRACT;XIRECS;5275.0;6
14900;BOT_TAKER;BOT_MAKER;VELVETFRUIT_EXTRACT;XIRECS;5277.0;6
14900;BOT_TAKER;BOT_MAKER;VEV_4000;XIRECS;1286.0;1
15000;BOT_TAKER;BOT_MAKER;VELVETFRUIT_EXTRACT;XIRECS;5277.0;6
15200;BOT_MAKER;BOT_TAKER;HYDROGEL_PACK;XIRECS;9949.0;6
15300;BOT_TAKER;BOT_MAKER;VEV_5500;XIRECS;5.0;2
15400;BOT_MAKER;BOT_TAKER;VEV_4000;XIRECS;1261.0;2
15500;BOT_TAKER;BOT_MAKER;VELVETFRUIT_EXTRACT;XIRECS;5278.0;7
15700;BOT_MAKER;BOT_TAKER;VELVETFRUIT_EXTRACT;XIRECS;5273.0;7
15800;BOT_MAKER;BOT_TAKER;HYDROGEL_PACK;XIRECS;9942.0;3
15800;BOT_TAKER;BOT_MAKER;VELVETFRUIT_EXTRACT;XIRECS;5280.0;8
16000;BOT_MAKER;BOT_TAKER;VEV_4000;XIRECS;1260.0;3
16000;BOT_MAKER;BOT_TAKER;VEV_5500;XIRECS;3.0;2
16100;BOT_TAKER;BOT_MAKER;HYDROGEL_PACK;XIRECS;9958.0;4
16100;BOT_TAKER;SUBMISSION;VELVETFRUIT_EXTRACT;XIRECS;5280.0;3
16200;BOT_MAKER;BOT_TAKER;VELVETFRUIT_EXTRACT;XIRECS;5277.0;3
16200;BOT_TAKER;BOT_MAKER;VEV_6000;XIRECS;1.0;5
16300;BOT_MAKER;BOT_TAKER;HYDROGEL_PACK;XIRECS;9944.0;2
16400;BOT_TAKER;BOT_MAKER;HYDROGEL_PACK;XIRECS;9960.0;3
16600;BOT_TAKER;BOT_MAKER;HYDROGEL_PACK;XIRECS;9959.0;4
16600;SUBMISSION;BOT_TAKER;VELVETFRUIT_EXTRACT;XIRECS;5280.0;5
16700;SUBMISSION;BOT_TAKER;HYDROGEL_PACK;XIRECS;9944.0;3
16900;BOT_MAKER;BOT_TAKER;VEV_5300;XIRECS;40.0;4
16900;BOT_MAKER;BOT_TAKER;VEV_5400;XIRECS;10.0;5
17000;BOT_MAKER;BOT_TAKER;VELVETFRUIT_EXTRACT;XIRECS;5280.0;3
17100;BOT_TAKER;BOT_MAKER;VEV_5500;XIRECS;4.0;4
17200;BOT_TAKER;BOT_MAKER;HYDROGEL_PACK;XIRECS;9960.0;6
17200;BOT_TAKER;BOT_MAKER;VELVETFRUIT_EXTRACT;XIRECS;5287.0;5
17200;BOT_MAKER;BOT_TAKER;VEV_5500;XIRECS;3.0;2
17300;BOT_TAKER;BOT_MAKER;VELVETFRUIT_EXTRACT;XIRECS;5289.0;3
17300;BOT_MAKER;BOT_TAKER;VELVETFRUIT_EXTRACT;XIRECS;5284.0;7
17400;BOT_MAKER;BOT_TAKER;HYDROGEL_PACK;XIRECS;9946.0;5
17400;BOT_TAKER;BOT_MAKER;VELVETFRUIT_EXTRACT;XIRECS;5289.0;6
17500;BOT_MAKER;BOT_TAKER;VEV_6000;XIRECS;0.0;2
17500;BOT_MAKER;BOT_TAKER;VEV_6500;XIRECS;0.0;3
17600;BOT_MAKER;BOT_TAKER;VELVETFRUIT_EXTRACT;XIRECS;5282.0;7
17600;BOT_TAKER;BOT_MAKER;VEV_5400;XIRECS;12.0;3
17800;BOT_MAKER;BOT_TAKER;VELVETFRUIT_EXTRACT;XIRECS;5280.0;3
17900;BOT_TAKER;BOT_MAKER;HYDROGEL_PACK;XIRECS;9962.0;3
18000;BOT_MAKER;BOT_TAKER;VELVETFRUIT_EXTRACT;XIRECS;5281.0;7
18100;BOT_MAKER;BOT_TAKER;VEV_6500;XIRECS;0.0;3
18200;BOT_TAKER;BOT_MAKER;VELVETFRUIT_EXTRACT;XIRECS;5289.0;8
18200;BOT_TAKER;SUBMISSION;HYDROGEL_PACK;XIRECS;9965.0;5
18200;BOT_TAKER;BOT_MAKER;HYDROGEL_PACK;XIRECS;9966.0;1
18300;BOT_TAKER;BOT_MAKER;HYDROGEL_PACK;XIRECS;9969.0;3
18300;BOT_MAKER;BOT_TAKER;VEV_5300;XIRECS;39.0;5
18300;BOT_TAKER;BOT_MAKER;VEV_5500;XIRECS;4.0;4
18400;BOT_TAKER;SUBMISSION;VEV_4000;XIRECS;1277.0;3
18500;BOT_MAKER;BOT_TAKER;HYDROGEL_PACK;XIRECS;9952.0;3
18500;BOT_MAKER;BOT_TAKER;VELVETFRUIT_EXTRACT;XIRECS;5285.0;6
18600;BOT_MAKER;BOT_TAKER;HYDROGEL_PACK;XIRECS;9956.0;2
18600;BOT_TAKER;BOT_MAKER;VEV_5500;XIRECS;4.0;3
18700;BOT_TAKER;SUBMISSION;HYDROGEL_PACK;XIRECS;9974.0;4
18800;BOT_TAKER;BOT_MAKER;VEV_4000;XIRECS;1277.0;1
18900;BOT_MAKER;BOT_TAKER;HYDROGEL_PACK;XIRECS;9957.0;4
19000;BOT_MAKER;BOT_TAKER;VEV_4000;XIRECS;1256.0;3
19000;BOT_MAKER;BOT_TAKER;VEV_5300;XIRECS;40.0;5
19000;BOT_TAKER;BOT_MAKER;VEV_5500;XIRECS;4.0;4
19000;BOT_TAKER;SUBMISSION;VELVETFRUIT_EXTRACT;XIRECS;5289.0;4
19100;BOT_TAKER;BOT_MAKER;VELVETFRUIT_EXTRACT;XIRECS;5289.0;7
19200;BOT_TAKER;BOT_MAKER;HYDROGEL_PACK;XIRECS;9969.0;4
19200;BOT_TAKER;BOT_MAKER;VEV_5300;XIRECS;42.0;4
19200;BOT_TAKER;BOT_MAKER;VEV_6000;XIRECS;1.0;2
19300;BOT_MAKER;BOT_TAKER;HYDROGEL_PACK;XIRECS;9952.0;2
19300;BOT_TAKER;BOT_MAKER;VELVETFRUIT_EXTRACT;XIRECS;5288.0;7
19300;BOT_MAKER;BOT_TAKER;VEV_4000;XIRECS;1259.0;2
19400;BOT_TAKER;BOT_MAKER;HYDROGEL_PACK;XIRECS;9967.0;5
19400;BOT_TAKER;BOT_MAKER;VEV_6000;XIRECS;1.0;4
19400;SUBMISSION;BOT_TAKER;VELVETFRUIT_EXTRACT;XIRECS;5282.0;5
19500;BOT_MAKER;BOT_TAKER;VELVETFRUIT_EXTRACT;XIRECS;5281.0;6
19500;BOT_TAKER;BOT_MAKER;VEV_6500;XIRECS;1.0;5
19500;SUBMISSION;BOT_TAKER;HYDROGEL_PACK;XIRECS;9951.0;4
19600;BOT_TAKER;BOT_MAKER;HYDROGEL_PACK;XIRECS;9968.0;6
19600;BOT_TAKER;SUBMISSION;VELVETFRUIT_EXTRACT;XIRECS;5284.0;5
19800;BOT_MAKER;BOT_TAKER;HYDROGEL_PACK;XIRECS;9948.0;2
19800;BOT_MAKER;BOT_TAKER;VEV_4000;XIRECS;1259.0;2
19800;BOT_TAKER;BOT_MAKER;VEV_5500;XIRECS;4.0;3
19800;BOT_TAKER;SUBMISSION;VELVETFRUIT_EXTRACT;XIRECS;5286.0;5
19800;BOT_TAKER;BOT_MAKER;VELVETFRUIT_EXTRACT;XIRECS;5287.0;1
19900;BOT_TAKER;BOT_MAKER;HYDROGEL_PACK;XIRECS;9969.0;4
19900;BOT_TAKER;BOT_MAKER;VELVETFRUIT_EXTRACT;XIRECS;5286.0;3
19900;BOT_MAKER;BOT_TAKER;VELVETFRUIT_EXTRACT;XIRECS;5281.0;3
19900;BOT_TAKER;BOT_MAKER;VEV_5400;XIRECS;13.0;5
20000;BOT_TAKER;BOT_MAKER;VELVETFRUIT_EXTRACT;XIRECS;5284.0;6
20000;BOT_MAKER;BOT_TAKER;VEV_5300;XIRECS;40.0;2
20000;BOT_TAKER;BOT_MAKER;VEV_6500;XIRECS;1.0;4
20100;BOT_TAKER;BOT_MAKER;HYDROGEL_PACK;XIRECS;9968.0;3
20100;BOT_TAKER;BOT_MAKER;VEV_5400;XIRECS;13.0;5
20200;BOT_MAKER;BOT_TAKER;HYDROGEL_PACK;XIRECS;9950.0;6
20200;BOT_TAKER;BOT_MAKER;VELVETFRUIT_EXTRACT;XIRECS;5283.0;4
20200;BOT_TAKER;BOT_MAKER;VELVETFRUIT_EXTRACT;XIRECS;5283.0;7
20200;BOT_MAKER;BOT_TAKER;VEV_5300;XIRECS;39.0;2
20200;BOT_MAKER;BOT_TAKER;VEV_5500;XIRECS;3.0;3
20300;BOT_TAKER;BOT_MAKER;VELVETFRUIT_EXTRACT;XIRECS;5283.0;3
20500;BOT_TAKER;BOT_MAKER;HYDROGEL_PACK;XIRECS;9965.0;2
20500;BOT_MAKER;BOT_TAKER;VELVETFRUIT_EXTRACT;XIRECS;5278.0;6
20700;BOT_TAKER;BOT_MAKER;VEV_5200;XIRECS;101.0;4
20700;SUBMISSION;BOT_TAKER;HYDROGEL_PACK;XIRECS;9946.0;2
20800;BOT_MAKER;BOT_TAKER;HYDROGEL_PACK;XIRECS;9947.0;5
20800;BOT_TAKER;BOT_MAKER;VELVETFRUIT_EXTRACT;XIRECS;5282.0;8
21000;BOT_TAKER;BOT_MAKER;VELVETFRUIT_EXTRACT;XIRECS;5282.0;7
21100;BOT_TAKER;BOT_MAKER;VELVETFRUIT_EXTRACT;XIRECS;5283.0;7
21200;BOT_TAKER;BOT_MAKER;HYDROGEL_PACK;XIRECS;9963.0;2
21200;SUBMISSION;BOT_TAKER;HYDROGEL_PACK;XIRECS;9948.0;3
21300;BOT_MAKER;BOT_TAKER;HYDROGEL_PACK;XIRECS;9949.0;3
21300;BOT_TAKER;BOT_MAKER;VELVETFRUIT_EXTRACT;XIRECS;5280.0;10
21600;BOT_TAKER;BOT_MAKER;HYDROGEL_PACK;XIRECS;9964.0;5
21600;BOT_MAKER;BOT_TAKER;VEV_6000;XIRECS;0.0;2
21600;BOT_MAKER;BOT_TAKER;VEV_6500;XIRECS;0.0;2
21600;SUBMISSION;BOT_TAKER;VEV_4000;XIRECS;1260.0;2
21700;BOT_TAKER;BOT_MAKER;VEV_6000;XIRECS;1.0;3
21700;SUBMISSION;BOT_TAKER;VELVETFRUIT_EXTRACT;XIRECS;5274.0;4
21800;BOT_MAKER;BOT_TAKER;VEV_5400;XIRECS;13.0;3
21800;BOT_TAKER;BOT_MAKER;VEV_5500;XIRECS;4.0;2
21900;BOT_MAKER;BOT_TAKER;HYDROGEL_PACK;XIRECS;9949.0;4
21900;BOT_MAKER;BOT_TAKER;VEV_4000;XIRECS;1259.0;1
21900;BOT_TAKER;SUBMISSION;HYDROGEL_PACK;XIRECS;9964.0;5
21900;BOT_TAKER;BOT_MAKER;HYDROGEL_PACK;XIRECS;9965.0;1
22000;BOT_MAKER;BOT_TAKER;VELVETFRUIT_EXTRACT;XIRECS;5269.0;4
22100;BOT_TAKER;BOT_MAKER;HYDROGEL_PACK;XIRECS;9962.0;4
22200;BOT_TAKER;BOT_MAKER;VELVETFRUIT_EXTRACT;XIRECS;5274.0;8
22300;BOT_TAKER;BOT_MAKER;HYDROGEL_PACK;XIRECS;9965.0;3
22300;BOT_TAKER;BOT_MAKER;VEV_5400;XIRECS;14.0;4
22400;BOT_TAKER;BOT_MAKER;VEV_4000;XIRECS;1285.0;1
22400;SUBMISSION;BOT_TAKER;VELVETFRUIT_EXTRACT;XIRECS;5268.0;4
22500;BOT_MAKER;BOT_TAKER;HYDROGEL_PACK;XIRECS;9953.0;6
22600;BOT_TAKER;BOT_MAKER;VEV_5300;XIRECS;41.0;3
22700;BOT_MAKER;BOT_TAKER;VELVETFRUIT_EXTRACT;XIRECS;5267.0;8
22700;BOT_MAKER;BOT_TAKER;VEV_4000;XIRECS;1267.0;2
22700;BOT_MAKER;BOT_TAKER;VEV_6500;XIRECS;0.0;2
22900;BOT_MAKER;BOT_TAKER;VEV_6000;XIRECS;0.0;5
23000;BOT_TAKER;BOT_MAKER;HYDROGEL_PACK;XIRECS;9969.0;3
23000;BOT_MAKER;BOT_TAKER;VELVETFRUIT_EXTRACT;XIRECS;5266.0;4
23000;BOT_TAKER;BOT_MAKER;VEV_6500;XIRECS;1.0;4
23100;BOT_MAKER;BOT_TAKER;HYDROGEL_PACK;XIRECS;9952.0;6
23200;BOT_TAKER;BOT_MAKER;HYDROGEL_PACK;XIRECS;9970.0;2
23300;SUBMISSION;BOT_TAKER;VEV_5300;XIRECS;41.0;4
23400;BOT_MAKER;BOT_TAKER;HYDROGEL_PACK;XIRECS;9948.0;4
23400;BOT_MAKER;BOT_TAKER;VELVETFRUIT_EXTRACT;XIRECS;5266.0;3
23600;BOT_TAKER;BOT_MAKER;HYDROGEL_PACK;XIRECS;9964.0;5
23600;BOT_MAKER;BOT_TAKER;VELVETFRUIT_EXTRACT;XIRECS;5268.0;4
23800;BOT_TAKER;BOT_MAKER;HYDROGEL_PACK;XIRECS;9966.0;5
23800;BOT_MAKER;BOT_TAKER;VEV_5500;XIRECS;4.0;4
23900;BOT_MAKER;BOT_TAKER;VELVETFRUIT_EXTRACT;XIRECS;5269.0;5
23900;BOT_TAKER;BOT_MAKER;VEV_4000;XIRECS;1285.0;1
24000;BOT_MAKER;BOT_TAKER;VELVETFRUIT_EXTRACT;XIRECS;5270.0;8
24100;BOT_TAKER;BOT_MAKER;VELVETFRUIT_EXTRACT;XIRECS;5275.0;8
24100;BOT_TAKER;SUBMISSION;HYDROGEL_PACK;XIRECS;9970.0;5
24100;BOT_TAKER;BOT_MAKER;HYDROGEL_PACK;XIRECS;9971.0;1
24200;BOT_MAKER;BOT_TAKER;HYDROGEL_PACK;XIRECS;9955.0;5
24300;BOT_TAKER;BOT_MAKER;HYDROGEL_PACK;XIRECS;9971.0;2
24400;BOT_MAKER;BOT_TAKER;VELVETFRUIT_EXTRACT;XIRECS;5272.0;6
24500;BOT_TAKER;BOT_MAKER;VELVETFRUIT_EXTRACT;XIRECS;5277.0;8
24500;BOT_MAKER;BOT_TAKER;VEV_6000;XIRECS;0.0;2
24500;SUBMISSION;BOT_TAKER;HYDROGEL_PACK;XIRECS;9956.0;3
24600;BOT_MAKER;BOT_TAKER;HYDROGEL_PACK;XIRECS;9960.0;4
24700;BOT_MAKER;BOT_TAKER;HYDROGEL_PACK;XIRECS;9958.0;5
24700;BOT_MAKER;BOT_TAKER;HYDROGEL_PACK;XIRECS;9958.0;6
24800;BOT_MAKER;BOT_TAKER;HYDROGEL_PACK;XIRECS;9960.0;6
24800;BOT_TAKER;SUBMISSION;VEV_5200;XIRECS;101.0;5
24900;BOT_TAKER;BOT_MAKER;HYDROGEL_PACK;XIRECS;9974.0;2
24900;BOT_MAKER;BOT_TAKER;VEV_4000;XIRECS;1263.0;2
25000;BOT_TAKER;BOT_MAKER;HYDROGEL_PACK;XIRECS;9972.0;5
25000;BOT_TAKER;BOT_MAKER;VELVETFRUIT_EXTRACT;XIRECS;5276.0;4
25000;BOT_TAKER;BOT_MAKER;VEV_4000;XIRECS;1284.0;1
25100;BOT_MAKER;BOT_TAKER;VELVETFRUIT_EXTRACT;XIRECS;5270.0;7
25100;BOT_MAKER;BOT_TAKER;VEV_4000;XIRECS;1263.0;3
25100;SUBMISSION;BOT_TAKER;VEV_4000;XIRECS;1264.0;1
25200;BOT_TAKER;BOT_MAKER;VELVETFRUIT_EXTRACT;XIRECS;5275.0;7
25300;BOT_TAKER;BOT_MAKER;HYDROGEL_PACK;XIRECS;9971.0;5
25300;BOT_TAKER;BOT_MAKER;HYDROGEL_PACK;XIRECS;9971.0;3
25300;BOT_TAKER;BOT_MAKER;VELVETFRUIT_EXTRACT;XIRECS;5275.0;5
25500;BOT_TAKER;BOT_MAKER;HYDROGEL_PACK;XIRECS;9970.0;3
25500;BOT_TAKER;BOT_MAKER;VELVETFRUIT_EXTRACT;XIRECS;5277.0;3
25500;BOT_MAKER;BOT_TAKER;VEV_4000;XIRECS;1266.0;3
25500;BOT_TAKER;BOT_MAKER;VEV_6000;XIRECS;1.0;2
25600;BOT_TAKER;BOT_MAKER;VELVETFRUIT_EXTRACT;XIRECS;5280.0;5
25700;BOT_TAKER;SUBMISSION;VELVETFRUIT_EXTRACT;XIRECS;5276.0;5
25700;BOT_TAKER;BOT_MAKER;VELVETFRUIT_EXTRACT;XIRECS;5277.0;2
25900;BOT_MAKER;BOT_TAKER;VELVETFRUIT_EXTRACT;XIRECS;5273.0;3
26000;BOT_TAKER;BOT_MAKER;VELVETFRUIT_EXTRACT;XIRECS;5277.0;4
26100;BOT_MAKER;BOT_TAKER;VEV_5500;XIRECS;4.0;5
26100;BOT_MAKER;BOT_TAKER;VEV_6000;XIRECS;0.0;2
26200;BOT_TAKER;BOT_MAKER;HYDROGEL_PACK;XIRECS;9972.0;2
26300;BOT_MAKER;BOT_TAKER;VEV_5500;XIRECS;5.0;2
26300;BOT_MAKER;BOT_TAKER;VEV_6500;XIRECS;0.0;4
26300;SUBMISSION;BOT_TAKER;VELVETFRUIT_EXTRACT;XIRECS;5271.0;5
26300;BOT_MAKER;BOT_TAKER;VELVETFRUIT_EXTRACT;XIRECS;5270.0;4
26500;BOT_MAKER;BOT_TAKER;VEV_6000;XIRECS;0.0;2
26600;BOT_MAKER;BOT_TAKER;HYDROGEL_PACK;XIRECS;9956.0;6
26600;BOT_TAKER;BOT_MAKER;VELVETFRUIT_EXTRACT;XIRECS;5273.0;5
26700;BOT_TAKER;BOT_MAKER;VELVETFRUIT_EXTRACT;XIRECS;5273.0;4
26700;BOT_TAKER;BOT_MAKER;VEV_5300;XIRECS;42.0;4
26800;BOT_TAKER;BOT_MAKER;HYDROGEL_PACK;XIRECS;9972.0;6
26800;BOT_MAKER;BOT_TAKER;VELVETFRUIT_EXTRACT;XIRECS;5268.0;6
26900;BOT_MAKER;BOT_TAKER;VELVETFRUIT_EXTRACT;XIRECS;5269.0;3
27200;SUBMISSION;BOT_TAKER;VELVETFRUIT_EXTRACT;XIRECS;5272.0;4
27200;BOT_TAKER;SUBMISSION;VEV_4000;XIRECS;1289.0;3
27300;BOT_TAKER;BOT_MAKER;HYDROGEL_PACK;XIRECS;9974.0;6
27300;BOT_MAKER;BOT_TAKER;VELVETFRUIT_EXTRACT;XIRECS;5272.0;7
27300;BOT_MAKER;BOT_TAKER;VEV_4000;XIRECS;1267.0;3
27400;BOT_MAKER;BOT_TAKER;HYDROGEL_PACK;XIRECS;9959.0;6
27700;BOT_TAKER;BOT_MAKER;VELVETFRUIT_EXTRACT;XIRECS;5274.0;8
27800;BOT_MAKER;BOT_TAKER;HYDROGEL_PACK;XIRECS;9960.0;3
27800;BOT_TAKER;BOT_MAKER;VELVETFRUIT_EXTRACT;XIRECS;5274.0;8
27900;BOT_MAKER;BOT_TAKER;HYDROGEL_PACK;XIRECS;9956.0;6
28000;BOT_TAKER;BOT_MAKER;VELVETFRUIT_EXTRACT;XIRECS;5275.0;4
28000;BOT_TAKER;BOT_MAKER;VEV_5400;XIRECS;14.0;4
28100;BOT_MAKER;BOT_TAKER;VELVETFRUIT_EXTRACT;XIRECS;5268.0;3
28300;BOT_TAKER;BOT_MAKER;HYDROGEL_PACK;XIRECS;9973.0;4
28300;BOT_TAKER;BOT_MAKER;VELVETFRUIT_EXTRACT;XIRECS;5273.0;6
28400;BOT_MAKER;BOT_TAKER;VEV_6500;XIRECS;0.0;3
28500;BOT_TAKER;BOT_MAKER;HYDROGEL_PACK;XIRECS;9974.0;4
28500;BOT_MAKER;BOT_TAKER;VEV_4000;XIRECS;1259.0;1
28600;BOT_TAKER;BOT_MAKER;VEV_5500;XIRECS;6.0;5
28700;BOT_MAKER;BOT_TAKER;HYDROGEL_PACK;XIRECS;9957.0;3
28700;BOT_TAKER;BOT_MAKER;VELVETFRUIT_EXTRACT;XIRECS;5275.0;4
28700;BOT_TAKER;BOT_MAKER;VEV_4000;XIRECS;1281.0;2
28800;BOT_TAKER;BOT_MAKER;HYDROGEL_PACK;XIRECS;9971.0;6
28800;BOT_TAKER;BOT_MAKER;VEV_5300;XIRECS;38.0;3
28800;BOT_MAKER;BOT_TAKER;VEV_6500;XIRECS;0.0;5
28900;BOT_MAKER;BOT_TAKER;HYDROGEL_PACK;XIRECS;9953.0;6
28900;BOT_TAKER;BOT_MAKER;VELVETFRUIT_EXTRACT;XIRECS;5272.0;8
29000;BOT_TAKER;BOT_MAKER;VEV_5500;XIRECS;5.0;4
29100;BOT_TAKER;BOT_MAKER;HYDROGEL_PACK;XIRECS;9969.0;4
29100;BOT_TAKER;BOT_MAKER;VELVETFRUIT_EXTRACT;XIRECS;5274.0;7
29100;BOT_MAKER;BOT_TAKER;VEV_5500;XIRECS;4.0;2
29200;BOT_TAKER;BOT_MAKER;VEV_4000;XIRECS;1280.0;2
29200;BOT_MAKER;BOT_TAKER;VEV_6500;XIRECS;0.0;2
29200;SUBMISSION;BOT_TAKER;VELVETFRUIT_EXTRACT;XIRECS;5270.0;5
29200;BOT_MAKER;BOT_TAKER;VELVETFRUIT_EXTRACT;XIRECS;5269.0;2
29300;BOT_TAKER;BOT_MAKER;VELVETFRUIT_EXTRACT;XIRECS;5273.0;4
29300;SUBMISSION;BOT_TAKER;HYDROGEL_PACK;XIRECS;9958.0;5
29300;BOT_MAKER;BOT_TAKER;HYDROGEL_PACK;XIRECS;9957.0;1
29300;SUBMISSION;BOT_TAKER;VELVETFRUIT_EXTRACT;XIRECS;5269.0;5
29300;BOT_MAKER;BOT_TAKER;VELVETFRUIT_EXTRACT;XIRECS;5268.0;3
29400;BOT_MAKER;BOT_TAKER;VELVETFRUIT_EXTRACT;XIRECS;5269.0;6
29400;BOT_TAKER;BOT_MAKER;VELVETFRUIT_EXTRACT;XIRECS;5274.0;3
29400;BOT_MAKER;BOT_TAKER;VEV_4000;XIRECS;1259.0;2
29500;BOT_MAKER;BOT_TAKER;VEV_4000;XIRECS;1257.0;2
29600;BOT_TAKER;BOT_MAKER;HYDROGEL_PACK;XIRECS;9970.0;2
29600;BOT_MAKER;BOT_TAKER;VEV_6000;XIRECS;0.0;4
29800;BOT_MAKER;BOT_TAKER;HYDROGEL_PACK;XIRECS;9954.0;3
29800;BOT_TAKER;BOT_MAKER;VEV_4000;XIRECS;1278.0;2
29800;BOT_MAKER;BOT_TAKER;VEV_5500;XIRECS;4.0;5
29900;BOT_TAKER;BOT_MAKER;VELVETFRUIT_EXTRACT;XIRECS;5276.0;8
29900;BOT_TAKER;BOT_MAKER;VEV_4000;XIRECS;1277.0;1
30000;BOT_MAKER;BOT_TAKER;HYDROGEL_PACK;XIRECS;9949.0;3
30000;BOT_MAKER;BOT_TAKER;HYDROGEL_PACK;XIRECS;9949.0;4
30000;BOT_TAKER;BOT_MAKER;VEV_5300;XIRECS;39.0;5
30100;BOT_MAKER;BOT_TAKER;VELVETFRUIT_EXTRACT;XIRECS;5272.0;5
30100;BOT_MAKER;BOT_TAKER;VEV_4000;XIRECS;1256.0;1
30100;BOT_TAKER;BOT_MAKER;VEV_6500;XIRECS;1.0;5
30200;BOT_MAKER;BOT_TAKER;HYDROGEL_PACK;XIRECS;9946.0;2
30200;BOT_TAKER;BOT_MAKER;VELVETFRUIT_EXTRACT;XIRECS;5278.0;7
30300;BOT_MAKER;BOT_TAKER;VELVETFRUIT_EXTRACT;XIRECS;5272.0;7
30300;BOT_TAKER;SUBMISSION;VEV_4000;XIRECS;1277.0;3
30400;BOT_MAKER;BOT_TAKER;VEV_6000;XIRECS;0.0;4
30500;BOT_MAKER;BOT_TAKER;VELVETFRUIT_EXTRACT;XIRECS;5273.0;8
30600;BOT_TAKER;BOT_MAKER;HYDROGEL_PACK;XIRECS;9963.0;4
30800;BOT_MAKER;BOT_TAKER;HYDROGEL_PACK;XIRECS;9944.0;6
30900;BOT_MAKER;BOT_TAKER;HYDROGEL_PACK;XIRECS;9943.0;6
31000;BOT_MAKER;BOT_TAKER;HYDROGEL_PACK;XIRECS;9941.0;4
31000;BOT_MAKER;BOT_TAKER;VELVETFRUIT_EXTRACT;XIRECS;5273.0;6
31100;BOT_TAKER;BOT_MAKER;HYDROGEL_PACK;XIRECS;9954.0;2
31100;BOT_MAKER;BOT_TAKER;VELVETFRUIT_EXTRACT;XIRECS;5275.0;7
31300;BOT_MAKER;BOT_TAKER;HYDROGEL_PACK;XIRECS;9937.0;6
31300;BOT_TAKER;BOT_MAKER;VELVETFRUIT_EXTRACT;XIRECS;5282.0;5
31300;BOT_MAKER;BOT_TAKER;VELVETFRUIT_EXTRACT;XIRECS;5277.0;8
31300;BOT_TAKER;BOT_MAKER;VEV_6000;XIRECS;1.0;2
31400;BOT_TAKER;BOT_MAKER;HYDROGEL_PACK;XIRECS;9952.0;5
31400;BOT_MAKER;BOT_TAKER;VEV_4000;XIRECS;1257.0;1
31400;BOT_TAKER;SUBMISSION;VEV_4000;XIRECS;1280.0;1
31500;BOT_MAKER;BOT_TAKER;VELVETFRUIT_EXTRACT;XIRECS;5278.0;3
31500;BOT_TAKER;SUBMISSION;VEV_5300;XIRECS;38.0;4
31600;BOT_TAKER;BOT_MAKER;HYDROGEL_PACK;XIRECS;9953.0;4
31600;BOT_TAKER;BOT_MAKER;VELVETFRUIT_EXTRACT;XIRECS;5284.0;4
31700;BOT_TAKER;BOT_MAKER;VEV_6000;XIRECS;1.0;4
31800;BOT_MAKER;BOT_TAKER;VELVETFRUIT_EXTRACT;XIRECS;5279.0;5
31800;SUBMISSION;BOT_TAKER;HYDROGEL_PACK;XIRECS;9929.0;4
31900;BOT_TAKER;BOT_MAKER;VELVETFRUIT_EXTRACT;XIRECS;5285.0;4
31900;BOT_MAKER;BOT_TAKER;VEV_5500;XIRECS;4.0;2
32000;BOT_TAKER;BOT_MAKER;HYDROGEL_PACK;XIRECS;9943.0;6
32000;BOT_TAKER;BOT_MAKER;HYDROGEL_PACK;XIRECS;9943.0;3
32000;BOT_MAKER;BOT_TAKER;VEV_6000;XIRECS;0.0;4
32100;BOT_TAKER;BOT_MAKER;VELVETFRUIT_EXTRACT;XIRECS;5284.0;7
32200;BOT_TAKER;BOT_MAKER;HYDROGEL_PACK;XIRECS;9947.0;6
32200;BOT_MAKER;BOT_TAKER;VELVETFRUIT_EXTRACT;XIRECS;5280.0;4
32200;BOT_TAKER;SUBMISSION;VELVETFRUIT_EXTRACT;XIRECS;5283.0;4
32300;BOT_TAKER;BOT_MAKER;HYDROGEL_PACK;XIRECS;9945.0;3
32300;SUBMISSION;BOT_TAKER;VELVETFRUIT_EXTRACT;XIRECS;5278.0;5
32400;BOT_TAKER;BOT_MAKER;VEV_6500;XIRECS;1.0;3
32500;BOT_TAKER;BOT_MAKER;HYDROGEL_PACK;XIRECS;9946.0;4
32500;BOT_MAKER;BOT_TAKER;VELVETFRUIT_EXTRACT;XIRECS;5277.0;14
32500;BOT_TAKER;SUBMISSION;VELVETFRUIT_EXTRACT;XIRECS;5282.0;5
32500;BOT_TAKER;BOT_MAKER;VELVETFRUIT_EXTRACT;XIRECS;5283.0;1
32600;BOT_MAKER;BOT_TAKER;VELVETFRUIT_EXTRACT;XIRECS;5275.0;3
32700;BOT_TAKER;BOT_MAKER;HYDROGEL_PACK;XIRECS;9942.0;3
32700;BOT_MAKER;BOT_TAKER;VELVETFRUIT_EXTRACT;XIRECS;5275.0;7
32800;BOT_MAKER;BOT_TAKER;VELVETFRUIT_EXTRACT;XIRECS;5275.0;7
33100;BOT_TAKER;BOT_MAKER;VELVETFRUIT_EXTRACT;XIRECS;5279.0;8
33100;BOT_TAKER;BOT_MAKER;VEV_6000;XIRECS;1.0;5
33200;BOT_MAKER;BOT_TAKER;HYDROGEL_PACK;XIRECS;9935.0;5
33200;BOT_MAKER;BOT_TAKER;VEV_5300;XIRECS;38.0;5
33200;BOT_MAKER;BOT_TAKER;VEV_6000;XIRECS;0.0;3
33300;BOT_TAKER;BOT_MAKER;VELVETFRUIT_EXTRACT;XIRECS;5279.0;6
33300;BOT_MAKER;BOT_TAKER;VEV_6500;XIRECS;0.0;2
33400;BOT_MAKER;BOT_TAKER;HYDROGEL_PACK;XIRECS;9932.0;6
33500;BOT_TAKER;BOT_MAKER;HYDROGEL_PACK;XIRECS;9949.0;3
33500;BOT_MAKER;BOT_TAKER;VELVETFRUIT_EXTRACT;XIRECS;5270.0;12
33500;SUBMISSION;BOT_TAKER;VELVETFRUIT_EXTRACT;XIRECS;5271.0;5
33600;BOT_TAKER;BOT_MAKER;VELVETFRUIT_EXTRACT;XIRECS;5275.0;5
33600;BOT_TAKER;BOT_MAKER;VEV_6500;XIRECS;1.0;3
33700;BOT_MAKER;BOT_TAKER;VEV_4000;XIRECS;1258.0;2
33800;BOT_TAKER;BOT_MAKER;HYDROGEL_PACK;XIRECS;9950.0;6
33800;BOT_TAKER;BOT_MAKER;VEV_6500;XIRECS;1.0;4
33900;BOT_MAKER;BOT_TAKER;VELVETFRUIT_EXTRACT;XIRECS;5270.0;6
34000;BOT_TAKER;BOT_MAKER;HYDROGEL_PACK;XIRECS;9948.0;3
34200;BOT_TAKER;BOT_MAKER;HYDROGEL_PACK;XIRECS;9947.0;4
34200;BOT_MAKER;BOT_TAKER;VEV_5400;XIRECS;11.0;2
34200;BOT_TAKER;BOT_MAKER;VEV_6500;XIRECS;1.0;3
34200;BOT_TAKER;SUBMISSION;VELVETFRUIT_EXTRACT;XIRECS;5275.0;5
34200;BOT_TAKER;BOT_MAKER;VELVETFRUIT_EXTRACT;XIRECS;5276.0;3
34400;BOT_MAKER;BOT_TAKER;VELVETFRUIT_EXTRACT;XIRECS;5272.0;7
34400;SUBMISSION;BOT_TAKER;VELVETFRUIT_EXTRACT;XIRECS;5273.0;5
34400;BOT_MAKER;BOT_TAKER;VELVETFRUIT_EXTRACT;XIRECS;5272.0;5
34500;BOT_TAKER;BOT_MAKER;HYDROGEL_PACK;XIRECS;9944.0;5
34500;BOT_MAKER;BOT_TAKER;VEV_4000;XIRECS;1257.0;2
34600;BOT_MAKER;BOT_TAKER;VELVETFRUIT_EXTRACT;XIRECS;5268.0;5
34600;BOT_TAKER;BOT_MAKER;VEV_6000;XIRECS;1.0;5
34700;BOT_TAKER;BOT_MAKER;VELVETFRUIT_EXTRACT;XIRECS;5274.0;8
34700;SUBMISSION;BOT_TAKER;HYDROGEL_PACK;XIRECS;9928.0;4
34800;BOT_MAKER;BOT_TAKER;VEV_5300;XIRECS;38.0;2
34900;BOT_TAKER;BOT_MAKER;HYDROGEL_PACK;XIRECS;9939.0;6
34900;SUBMISSION;BOT_TAKER;VEV_4000;XIRECS;1258.0;2
35000;BOT_TAKER;BOT_MAKER;VELVETFRUIT_EXTRACT;XIRECS;5271.0;3
35000;SUBMISSION;BOT_TAKER;HYDROGEL_PACK;XIRECS;9927.0;5
35000;BOT_MAKER;BOT_TAKER;HYDROGEL_PACK;XIRECS;9926.0;1
35100;BOT_MAKER;BOT_TAKER;VELVETFRUIT_EXTRACT;XIRECS;5265.0;4
35100;BOT_TAKER;BOT_MAKER;VEV_6000;XIRECS;1.0;5
35100;BOT_TAKER;BOT_MAKER;VEV_6500;XIRECS;1.0;4
35200;BOT_MAKER;BOT_TAKER;VEV_4000;XIRECS;1256.0;3
35300;BOT_TAKER;BOT_MAKER;VEV_5400;XIRECS;11.0;2
35300;BOT_MAKER;BOT_TAKER;VEV_6000;XIRECS;0.0;2
35400;BOT_TAKER;BOT_MAKER;VELVETFRUIT_EXTRACT;XIRECS;5271.0;3
35400;BOT_TAKER;BOT_MAKER;VEV_5400;XIRECS;11.0;2
35400;BOT_MAKER;BOT_TAKER;VEV_6000;XIRECS;0.0;2
35400;SUBMISSION;BOT_TAKER;VEV_4000;XIRECS;1258.0;1
35600;BOT_MAKER;BOT_TAKER;HYDROGEL_PACK;XIRECS;9918.0;5
35700;BOT_TAKER;BOT_MAKER;VEV_4000;XIRECS;1281.0;2
35700;SUBMISSION;BOT_TAKER;VELVETFRUIT_EXTRACT;XIRECS;5264.0;3
35900;BOT_MAKER;BOT_TAKER;VELVETFRUIT_EXTRACT;XIRECS;5265.0;4
35900;SUBMISSION;BOT_TAKER;VELVETFRUIT_EXTRACT;XIRECS;5266.0;4
36300;BOT_TAKER;BOT_MAKER;VEV_6500;XIRECS;1.0;4
36300;SUBMISSION;BOT_TAKER;VELVETFRUIT_EXTRACT;XIRECS;5269.0;4
36400;BOT_TAKER;BOT_MAKER;VELVETFRUIT_EXTRACT;XIRECS;5270.0;7
36400;BOT_TAKER;BOT_MAKER;VEV_4000;XIRECS;1280.0;2
36500;BOT_MAKER;BOT_TAKER;VELVETFRUIT_EXTRACT;XIRECS;5266.0;10
36600;BOT_MAKER;BOT_TAKER;VEV_4000;XIRECS;1255.0;1
36700;BOT_TAKER;BOT_MAKER;HYDROGEL_PACK;XIRECS;9929.0;5
36700;BOT_MAKER;BOT_TAKER;VELVETFRUIT_EXTRACT;XIRECS;5265.0;7
36800;BOT_TAKER;BOT_MAKER;VELVETFRUIT_EXTRACT;XIRECS;5271.0;7
36800;BOT_MAKER;BOT_TAKER;VEV_5400;XIRECS;9.0;4
36900;BOT_MAKER;BOT_TAKER;VELVETFRUIT_EXTRACT;XIRECS;5264.0;3
37000;BOT_TAKER;BOT_MAKER;HYDROGEL_PACK;XIRECS;9926.0;3
37000;BOT_TAKER;BOT_MAKER;VEV_4000;XIRECS;1277.0;3
37100;BOT_MAKER;BOT_TAKER;VELVETFRUIT_EXTRACT;XIRECS;5266.0;6
37100;BOT_MAKER;BOT_TAKER;VEV_5300;XIRECS;41.0;5
37100;BOT_MAKER;BOT_TAKER;VEV_6000;XIRECS;0.0;4
37100;BOT_TAKER;SUBMISSION;HYDROGEL_PACK;XIRECS;9927.0;4
37100;SUBMISSION;BOT_TAKER;VEV_5500;XIRECS;5.0;4
37200;BOT_TAKER;BOT_MAKER;HYDROGEL_PACK;XIRECS;9929.0;4
37200;BOT_MAKER;BOT_TAKER;VELVETFRUIT_EXTRACT;XIRECS;5266.0;4
37400;BOT_TAKER;BOT_MAKER;VELVETFRUIT_EXTRACT;XIRECS;5271.0;8
37400;BOT_TAKER;BOT_MAKER;VEV_4000;XIRECS;1277.0;2
37500;BOT_MAKER;BOT_TAKER;HYDROGEL_PACK;XIRECS;9911.0;5
37500;BOT_TAKER;BOT_MAKER;VELVETFRUIT_EXTRACT;XIRECS;5269.0;9
37600;BOT_TAKER;BOT_MAKER;VELVETFRUIT_EXTRACT;XIRECS;5269.0;7
37600;BOT_TAKER;BOT_MAKER;VEV_5400;XIRECS;10.0;4
37700;BOT_MAKER;BOT_TAKER;VELVETFRUIT_EXTRACT;XIRECS;5264.0;8
37800;BOT_TAKER;BOT_MAKER;VELVETFRUIT_EXTRACT;XIRECS;5270.0;6
37900;BOT_TAKER;BOT_MAKER;VELVETFRUIT_EXTRACT;XIRECS;5271.0;3
37900;BOT_TAKER;BOT_MAKER;VEV_5500;XIRECS;5.0;4
38100;BOT_TAKER;BOT_MAKER;HYDROGEL_PACK;XIRECS;9930.0;3
38100;BOT_MAKER;BOT_TAKER;VEV_6000;XIRECS;0.0;5
38200;BOT_TAKER;BOT_MAKER;VELVETFRUIT_EXTRACT;XIRECS;5272.0;3
38200;BOT_TAKER;SUBMISSION;VELVETFRUIT_EXTRACT;XIRECS;5271.0;5
38200;BOT_TAKER;BOT_MAKER;VELVETFRUIT_EXTRACT;XIRECS;5272.0;2
38400;BOT_TAKER;BOT_MAKER;HYDROGEL_PACK;XIRECS;9926.0;6
38400;BOT_TAKER;BOT_MAKER;VELVETFRUIT_EXTRACT;XIRECS;5272.0;8
38500;BOT_MAKER;BOT_TAKER;VEV_5400;XIRECS;8.0;3
38600;BOT_TAKER;BOT_MAKER;VELVETFRUIT_EXTRACT;XIRECS;5272.0;4
38600;BOT_TAKER;SUBMISSION;HYDROGEL_PACK;XIRECS;9921.0;5
38600;BOT_TAKER;BOT_MAKER;HYDROGEL_PACK;XIRECS;9922.0;1
38700;BOT_TAKER;BOT_MAKER;VELVETFRUIT_EXTRACT;XIRECS;5272.0;8
38700;BOT_MAKER;BOT_TAKER;VEV_6500;XIRECS;0.0;4
38800;BOT_TAKER;BOT_MAKER;VEV_6000;XIRECS;1.0;4
38900;BOT_MAKER;BOT_TAKER;HYDROGEL_PACK;XIRECS;9908.0;5
38900;BOT_TAKER;BOT_MAKER;VELVETFRUIT_EXTRACT;XIRECS;5275.0;4
38900;BOT_MAKER;BOT_TAKER;VEV_5500;XIRECS;4.0;4
39000;BOT_MAKER;BOT_TAKER;HYDROGEL_PACK;XIRECS;9910.0;4
39000;BOT_MAKER;BOT_TAKER;VEV_4000;XIRECS;1262.0;3
39000;BOT_TAKER;BOT_MAKER;VEV_6500;XIRECS;1.0;5
39100;BOT_TAKER;BOT_MAKER;HYDROGEL_PACK;XIRECS;9927.0;6
39200;BOT_MAKER;BOT_TAKER;VEV_4000;XIRECS;1263.0;3
39300;BOT_TAKER;BOT_MAKER;VELVETFRUIT_EXTRACT;XIRECS;5276.0;5
39300;BOT_TAKER;SUBMISSION;HYDROGEL_PACK;XIRECS;9922.0;2
39300;SUBMISSION;BOT_TAKER;VEV_4000;XIRECS;1262.0;3
39400;BOT_MAKER;BOT_TAKER;HYDROGEL_PACK;XIRECS;9905.0;4
39400;BOT_TAKER;BOT_MAKER;VELVETFRUIT_EXTRACT;XIRECS;5276.0;7
39400;SUBMISSION;BOT_TAKER;HYDROGEL_PACK;XIRECS;9906.0;5
39500;BOT_TAKER;BOT_MAKER;VELVETFRUIT_EXTRACT;XIRECS;5276.0;6
39500;BOT_MAKER;BOT_TAKER;VEV_5400;XIRECS;10.0;3
39800;BOT_TAKER;BOT_MAKER;VEV_5400;XIRECS;11.0;2
39900;BOT_TAKER;BOT_MAKER;HYDROGEL_PACK;XIRECS;9909.0;2
39900;BOT_TAKER;BOT_MAKER;VELVETFRUIT_EXTRACT;XIRECS;5275.0;5
39900;SUBMISSION;BOT_TAKER;VELVETFRUIT_EXTRACT;XIRECS;5271.0;5
39900;BOT_MAKER;BOT_TAKER;VELVETFRUIT_EXTRACT;XIRECS;5270.0;2
39900;SUBMISSION;BOT_TAKER;VEV_4000;XIRECS;1262.0;1
40000;BOT_TAKER;SUBMISSION;HYDROGEL_PACK;XIRECS;9909.0;5
40000;BOT_TAKER;BOT_MAKER;HYDROGEL_PACK;XIRECS;9910.0;1
40100;BOT_TAKER;BOT_MAKER;VEV_5500;XIRECS;5.0;3
40300;BOT_MAKER;BOT_TAKER;HYDROGEL_PACK;XIRECS;9893.0;5
40300;BOT_TAKER;BOT_MAKER;VEV_5300;XIRECS;42.0;5
40400;BOT_TAKER;BOT_MAKER;HYDROGEL_PACK;XIRECS;9909.0;4
40500;BOT_TAKER;BOT_MAKER;VEV_4000;XIRECS;1280.0;2
40600;BOT_TAKER;BOT_MAKER;VELVETFRUIT_EXTRACT;XIRECS;5280.0;13
40600;BOT_TAKER;BOT_MAKER;VELVETFRUIT_EXTRACT;XIRECS;5280.0;5
40600;BOT_MAKER;BOT_TAKER;VEV_6500;XIRECS;0.0;5
40600;SUBMISSION;BOT_TAKER;VEV_4000;XIRECS;1259.0;3
40700;BOT_MAKER;BOT_TAKER;HYDROGEL_PACK;XIRECS;9892.0;6
40700;BOT_TAKER;BOT_MAKER;VELVETFRUIT_EXTRACT;XIRECS;5281.0;8
40700;BOT_MAKER;BOT_TAKER;VEV_6500;XIRECS;0.0;2
40800;BOT_MAKER;BOT_TAKER;HYDROGEL_PACK;XIRECS;9895.0;3
40900;BOT_MAKER;BOT_TAKER;VEV_4000;XIRECS;1256.0;2
41000;BOT_MAKER;BOT_TAKER;VEV_5400;XIRECS;8.0;5
41200;BOT_TAKER;BOT_MAKER;HYDROGEL_PACK;XIRECS;9908.0;3
41300;BOT_TAKER;BOT_MAKER;VEV_6000;XIRECS;1.0;2
41400;BOT_TAKER;BOT_MAKER;VELVETFRUIT_EXTRACT;XIRECS;5282.0;6
41500;BOT_MAKER;BOT_TAKER;HYDROGEL_PACK;XIRECS;9891.0;3
41500;BOT_TAKER;BOT_MAKER;VELVETFRUIT_EXTRACT;XIRECS;5283.0;7
41500;BOT_TAKER;BOT_MAKER;VEV_5400;XIRECS;10.0;4
41600;BOT_MAKER;BOT_TAKER;HYDROGEL_PACK;XIRECS;9891.0;2
41700;BOT_TAKER;BOT_MAKER;VELVETFRUIT_EXTRACT;XIRECS;5281.0;5
41700;BOT_MAKER;BOT_TAKER;VEV_5300;XIRECS;42.0;2
41800;BOT_TAKER;BOT_MAKER;VEV_5400;XIRECS;10.0;3
41900;BOT_MAKER;BOT_TAKER;HYDROGEL_PACK;XIRECS;9891.0;2
41900;BOT_TAKER;BOT_MAKER;VELVETFRUIT_EXTRACT;XIRECS;5283.0;5
42100;BOT_TAKER;BOT_MAKER;VELVETFRUIT_EXTRACT;XIRECS;5282.0;8
42200;BOT_MAKER;BOT_TAKER;VELVETFRUIT_EXTRACT;XIRECS;5277.0;10
42400;BOT_TAKER;BOT_MAKER;VEV_6000;XIRECS;1.0;3
42400;SUBMISSION;BOT_TAKER;VELVETFRUIT_EXTRACT;XIRECS;5279.0;5
42400;BOT_MAKER;BOT_TAKER;VELVETFRUIT_EXTRACT;XIRECS;5278.0;1
42600;BOT_TAKER;BOT_MAKER;HYDROGEL_PACK;XIRECS;9910.0;4
42600;BOT_TAKER;BOT_MAKER;VELVETFRUIT_EXTRACT;XIRECS;5284.0;3
42600;BOT_TAKER;BOT_MAKER;VEV_5400;XIRECS;9.0;5
42700;BOT_MAKER;BOT_TAKER;VEV_4000;XIRECS;1261.0;2
42900;BOT_TAKER;BOT_MAKER;VELVETFRUIT_EXTRACT;XIRECS;5282.0;11
43000;BOT_MAKER;BOT_TAKER;HYDROGEL_PACK;XIRECS;9892.0;2
43100;BOT_MAKER;BOT_TAKER;HYDROGEL_PACK;XIRECS;9896.0;3
43100;BOT_TAKER;BOT_MAKER;HYDROGEL_PACK;XIRECS;9912.0;5
43100;BOT_MAKER;BOT_TAKER;VEV_4000;XIRECS;1262.0;3
43200;BOT_TAKER;BOT_MAKER;VEV_6000;XIRECS;1.0;4
43200;BOT_TAKER;BOT_MAKER;VEV_6500;XIRECS;1.0;2
43400;BOT_MAKER;BOT_TAKER;HYDROGEL_PACK;XIRECS;9895.0;3
43400;BOT_MAKER;BOT_TAKER;VELVETFRUIT_EXTRACT;XIRECS;5277.0;6
43500;BOT_MAKER;BOT_TAKER;VELVETFRUIT_EXTRACT;XIRECS;5278.0;8
43700;BOT_MAKER;BOT_TAKER;HYDROGEL_PACK;XIRECS;9894.0;2
43800;BOT_TAKER;BOT_MAKER;HYDROGEL_PACK;XIRECS;9907.0;5
43800;BOT_MAKER;BOT_TAKER;VEV_5500;XIRECS;5.0;2
44100;BOT_MAKER;BOT_TAKER;VELVETFRUIT_EXTRACT;XIRECS;5278.0;5
44200;BOT_TAKER;BOT_MAKER;VELVETFRUIT_EXTRACT;XIRECS;5283.0;6
44200;BOT_TAKER;BOT_MAKER;VEV_5400;XIRECS;10.0;3
44300;BOT_MAKER;BOT_TAKER;VELVETFRUIT_EXTRACT;XIRECS;5280.0;6
44400;BOT_TAKER;SUBMISSION;VELVETFRUIT_EXTRACT;XIRECS;5284.0;5
44400;BOT_TAKER;BOT_MAKER;VELVETFRUIT_EXTRACT;XIRECS;5285.0;9
44500;BOT_MAKER;BOT_TAKER;VELVETFRUIT_EXTRACT;XIRECS;5280.0;8
44700;BOT_TAKER;BOT_MAKER;VELVETFRUIT_EXTRACT;XIRECS;5287.0;8
44700;BOT_TAKER;BOT_MAKER;VEV_5500;XIRECS;6.0;3
44800;BOT_TAKER;BOT_MAKER;VEV_5300;XIRECS;46.0;5
44800;BOT_TAKER;BOT_MAKER;VEV_5500;XIRECS;6.0;5
44900;BOT_TAKER;BOT_MAKER;HYDROGEL_PACK;XIRECS;9907.0;3
44900;BOT_TAKER;BOT_MAKER;VELVETFRUIT_EXTRACT;XIRECS;5285.0;5
45000;BOT_TAKER;BOT_MAKER;VELVETFRUIT_EXTRACT;XIRECS;5284.0;6
45000;BOT_TAKER;BOT_MAKER;VEV_6000;XIRECS;1.0;5
45100;BOT_MAKER;BOT_TAKER;VEV_4000;XIRECS;1264.0;1
45200;BOT_MAKER;BOT_TAKER;HYDROGEL_PACK;XIRECS;9890.0;2
45200;BOT_TAKER;BOT_MAKER;VELVETFRUIT_EXTRACT;XIRECS;5283.0;7
45200;BOT_MAKER;BOT_TAKER;VELVETFRUIT_EXTRACT;XIRECS;5278.0;6
45300;BOT_TAKER;BOT_MAKER;HYDROGEL_PACK;XIRECS;9905.0;2
45400;BOT_TAKER;BOT_MAKER;HYDROGEL_PACK;XIRECS;9904.0;3
45500;BOT_TAKER;BOT_MAKER;VEV_4000;XIRECS;1287.0;3
45600;BOT_MAKER;BOT_TAKER;VEV_5500;XIRECS;5.0;5
45700;BOT_MAKER;BOT_TAKER;HYDROGEL_PACK;XIRECS;9890.0;2
45700;BOT_TAKER;BOT_MAKER;VELVETFRUIT_EXTRACT;XIRECS;5283.0;5
45700;BOT_MAKER;BOT_TAKER;VEV_4000;XIRECS;1265.0;2
45800;BOT_MAKER;BOT_TAKER;VEV_5500;XIRECS;4.0;3
45800;BOT_MAKER;BOT_TAKER;VEV_6500;XIRECS;0.0;3
46000;BOT_MAKER;BOT_TAKER;HYDROGEL_PACK;XIRECS;9890.0;3
46000;BOT_MAKER;BOT_TAKER;HYDROGEL_PACK;XIRECS;9890.0;4
46000;BOT_TAKER;BOT_MAKER;VELVETFRUIT_EXTRACT;XIRECS;5283.0;3
46000;BOT_MAKER;BOT_TAKER;VEV_6500;XIRECS;0.0;5
46100;BOT_TAKER;BOT_MAKER;VELVETFRUIT_EXTRACT;XIRECS;5284.0;3
46200;BOT_TAKER;BOT_MAKER;VELVETFRUIT_EXTRACT;XIRECS;5283.0;7
46200;BOT_TAKER;BOT_MAKER;VEV_5300;XIRECS;48.0;3
46300;BOT_TAKER;BOT_MAKER;VEV_5400;XIRECS;8.0;2
46300;BOT_TAKER;BOT_MAKER;VEV_5500;XIRECS;6.0;2
46400;BOT_TAKER;BOT_MAKER;HYDROGEL_PACK;XIRECS;9906.0;5
46400;BOT_TAKER;BOT_MAKER;VELVETFRUIT_EXTRACT;XIRECS;5281.0;4
46400;BOT_MAKER;BOT_TAKER;VEV_4000;XIRECS;1266.0;2
46500;BOT_TAKER;BOT_MAKER;VELVETFRUIT_EXTRACT;XIRECS;5281.0;6
46700;BOT_TAKER;BOT_MAKER;HYDROGEL_PACK;XIRECS;9906.0;6
46700;BOT_MAKER;BOT_TAKER;VELVETFRUIT_EXTRACT;XIRECS;5276.0;4
46700;BOT_MAKER;BOT_TAKER;VEV_4000;XIRECS;1268.0;1
46700;BOT_TAKER;BOT_MAKER;VEV_5500;XIRECS;6.0;5
46800;BOT_MAKER;BOT_TAKER;VEV_5200;XIRECS;113.0;5
46900;BOT_TAKER;BOT_MAKER;HYDROGEL_PACK;XIRECS;9900.0;4
46900;BOT_TAKER;BOT_MAKER;VELVETFRUIT_EXTRACT;XIRECS;5281.0;8
46900;BOT_TAKER;BOT_MAKER;VEV_5300;XIRECS;46.0;4
46900;BOT_TAKER;SUBMISSION;VELVETFRUIT_EXTRACT;XIRECS;5280.0;5
46900;BOT_TAKER;BOT_MAKER;VELVETFRUIT_EXTRACT;XIRECS;5281.0;2
47100;BOT_MAKER;BOT_TAKER;HYDROGEL_PACK;XIRECS;9882.0;5
47100;BOT_TAKER;BOT_MAKER;VELVETFRUIT_EXTRACT;XIRECS;5279.0;6
47200;BOT_MAKER;BOT_TAKER;VELVETFRUIT_EXTRACT;XIRECS;5275.0;7
47300;BOT_MAKER;BOT_TAKER;HYDROGEL_PACK;XIRECS;9883.0;4
47300;BOT_TAKER;BOT_MAKER;VEV_5500;XIRECS;6.0;3
47400;BOT_MAKER;BOT_TAKER;VELVETFRUIT_EXTRACT;XIRECS;5274.0;14
47400;SUBMISSION;BOT_TAKER;VEV_5400;XIRECS;8.0;2
47500;BOT_MAKER;BOT_TAKER;HYDROGEL_PACK;XIRECS;9883.0;2
47500;BOT_MAKER;BOT_TAKER;VELVETFRUIT_EXTRACT;XIRECS;5274.0;15
47600;BOT_MAKER;BOT_TAKER;HYDROGEL_PACK;XIRECS;9883.0;3
47600;BOT_MAKER;BOT_TAKER;VELVETFRUIT_EXTRACT;XIRECS;5274.0;7
47600;BOT_TAKER;BOT_MAKER;VEV_5400;XIRECS;8.0;2
47600;BOT_TAKER;SUBMISSION;VELVETFRUIT_EXTRACT;XIRECS;5279.0;5
47600;BOT_TAKER;BOT_MAKER;VELVETFRUIT_EXTRACT;XIRECS;5280.0;3
47700;BOT_TAKER;BOT_MAKER;VELVETFRUIT_EXTRACT;XIRECS;5279.0;4
47800;BOT_MAKER;BOT_TAKER;VEV_4000;XIRECS;1265.0;3
47900;BOT_TAKER;BOT_MAKER;HYDROGEL_PACK;XIRECS;9901.0;2
48000;BOT_MAKER;BOT_TAKER;VEV_6500;XIRECS;0.0;2
48100;BOT_MAKER;BOT_TAKER;HYDROGEL_PACK;XIRECS;9883.0;3
48100;BOT_TAKER;BOT_MAKER;VEV_6000;XIRECS;1.0;5
48200;BOT_MAKER;BOT_TAKER;VELVETFRUIT_EXTRACT;XIRECS;5278.0;7
48200;BOT_MAKER;BOT_TAKER;VELVETFRUIT_EXTRACT;XIRECS;5278.0;4
48200;BOT_MAKER;BOT_TAKER;VEV_6000;XIRECS;0.0;5
48200;BOT_MAKER;BOT_TAKER;VEV_6000;XIRECS;0.0;2
48300;BOT_MAKER;BOT_TAKER;VELVETFRUIT_EXTRACT;XIRECS;5278.0;5
48300;BOT_MAKER;BOT_TAKER;VEV_4000;XIRECS;1263.0;2
48300;BOT_MAKER;BOT_TAKER;VEV_5500;XIRECS;5.0;5
48400;BOT_TAKER;BOT_MAKER;HYDROGEL_PACK;XIRECS;9899.0;6
48400;BOT_TAKER;BOT_MAKER;VELVETFRUIT_EXTRACT;XIRECS;5284.0;5
48500;BOT_TAKER;BOT_MAKER;VELVETFRUIT_EXTRACT;XIRECS;5284.0;4
48500;SUBMISSION;BOT_TAKER;HYDROGEL_PACK;XIRECS;9879.0;2
48600;BOT_MAKER;BOT_TAKER;VEV_6500;XIRECS;0.0;3
48700;BOT_MAKER;BOT_TAKER;VEV_4000;XIRECS;1265.0;2
48800;BOT_TAKER;SUBMISSION;HYDROGEL_PACK;XIRECS;9888.0;2
48900;BOT_MAKER;BOT_TAKER;VELVETFRUIT_EXTRACT;XIRECS;5277.0;7
49100;BOT_MAKER;BOT_TAKER;VELVETFRUIT_EXTRACT;XIRECS;5278.0;8
49100;BOT_MAKER;BOT_TAKER;VEV_5500;XIRECS;5.0;3
49300;SUBMISSION;BOT_TAKER;VELVETFRUIT_EXTRACT;XIRECS;5279.0;5
49300;BOT_MAKER;BOT_TAKER;VELVETFRUIT_EXTRACT;XIRECS;5278.0;1
49500;BOT_MAKER;BOT_TAKER;HYDROGEL_PACK;XIRECS;9876.0;6
49500;BOT_TAKER;BOT_MAKER;VELVETFRUIT_EXTRACT;XIRECS;5285.0;3
49600;BOT_TAKER;BOT_MAKER;VELVETFRUIT_EXTRACT;XIRECS;5285.0;3
49600;SUBMISSION;BOT_TAKER;VELVETFRUIT_EXTRACT;XIRECS;5281.0;5
49600;BOT_MAKER;BOT_TAKER;VELVETFRUIT_EXTRACT;XIRECS;5280.0;2
49700;BOT_TAKER;BOT_MAKER;VELVETFRUIT_EXTRACT;XIRECS;5285.0;4
49700;BOT_TAKER;SUBMISSION;HYDROGEL_PACK;XIRECS;9889.0;3
49800;BOT_TAKER;BOT_MAKER;HYDROGEL_PACK;XIRECS;9892.0;5
49900;BOT_TAKER;BOT_MAKER;HYDROGEL_PACK;XIRECS;9894.0;2
49900;BOT_TAKER;BOT_MAKER;VEV_4000;XIRECS;1293.0;1
49900;BOT_MAKER;BOT_TAKER;VEV_6500;XIRECS;0.0;4
50000;BOT_TAKER;SUBMISSION;HYDROGEL_PACK;XIRECS;9892.0;4
50100;BOT_MAKER;BOT_TAKER;HYDROGEL_PACK;XIRECS;9879.0;2
50200;BOT_MAKER;BOT_TAKER;VEV_6000;XIRECS;0.0;4
50300;BOT_MAKER;BOT_TAKER;VELVETFRUIT_EXTRACT;XIRECS;5281.0;8
50400;BOT_MAKER;BOT_TAKER;HYDROGEL_PACK;XIRECS;9876.0;2
50500;BOT_TAKER;BOT_MAKER;HYDROGEL_PACK;XIRECS;9893.0;2
50500;BOT_MAKER;BOT_TAKER;VELVETFRUIT_EXTRACT;XIRECS;5282.0;6
50700;BOT_MAKER;BOT_TAKER;HYDROGEL_PACK;XIRECS;9880.0;6
50700;BOT_TAKER;BOT_MAKER;VEV_4000;XIRECS;1296.0;3
51000;BOT_MAKER;BOT_TAKER;VELVETFRUIT_EXTRACT;XIRECS;5278.0;3
51000;BOT_TAKER;BOT_MAKER;VEV_6500;XIRECS;1.0;5
51100;BOT_TAKER;BOT_MAKER;VEV_6000;XIRECS;1.0;5
51200;BOT_MAKER;BOT_TAKER;HYDROGEL_PACK;XIRECS;9882.0;2
51300;BOT_MAKER;BOT_TAKER;VELVETFRUIT_EXTRACT;XIRECS;5278.0;6
51500;BOT_TAKER;BOT_MAKER;VELVETFRUIT_EXTRACT;XIRECS;5283.0;6
51500;BOT_TAKER;BOT_MAKER;VEV_5500;XIRECS;6.0;4
51700;BOT_MAKER;BOT_TAKER;HYDROGEL_PACK;XIRECS;9885.0;4
51700;BOT_MAKER;BOT_TAKER;VELVETFRUIT_EXTRACT;XIRECS;5276.0;5
51700;BOT_MAKER;BOT_TAKER;VEV_5400;XIRECS;7.0;2
51800;BOT_TAKER;BOT_MAKER;HYDROGEL_PACK;XIRECS;9903.0;5
51900;BOT_TAKER;BOT_MAKER;HYDROGEL_PACK;XIRECS;9903.0;4
52200;BOT_MAKER;BOT_TAKER;HYDROGEL_PACK;XIRECS;9882.0;5
52200;BOT_MAKER;BOT_TAKER;VELVETFRUIT_EXTRACT;XIRECS;5274.0;3
52200;BOT_TAKER;BOT_MAKER;VEV_6500;XIRECS;1.0;5
52200;SUBMISSION;BOT_TAKER;VELVETFRUIT_EXTRACT;XIRECS;5275.0;5
52200;BOT_MAKER;BOT_TAKER;VELVETFRUIT_EXTRACT;XIRECS;5274.0;1
52300;BOT_MAKER;BOT_TAKER;VELVETFRUIT_EXTRACT;XIRECS;5273.0;6
52400;BOT_MAKER;BOT_TAKER;HYDROGEL_PACK;XIRECS;9878.0;2
52500;BOT_TAKER;BOT_MAKER;HYDROGEL_PACK;XIRECS;9894.0;4
52500;BOT_MAKER;BOT_TAKER;VEV_6500;XIRECS;0.0;3
52600;BOT_TAKER;BOT_MAKER;HYDROGEL_PACK;XIRECS;9890.0;3
52600;BOT_TAKER;BOT_MAKER;VELVETFRUIT_EXTRACT;XIRECS;5277.0;7
52700;BOT_MAKER;BOT_TAKER;VEV_5400;XIRECS;8.0;5
52800;BOT_TAKER;BOT_MAKER;VELVETFRUIT_EXTRACT;XIRECS;5275.0;4
52800;BOT_MAKER;BOT_TAKER;VEV_5500;XIRECS;5.0;4
52900;BOT_TAKER;SUBMISSION;HYDROGEL_PACK;XIRECS;9885.0;5
52900;BOT_TAKER;BOT_MAKER;HYDROGEL_PACK;XIRECS;9886.0;1
53000;BOT_TAKER;BOT_MAKER;VELVETFRUIT_EXTRACT;XIRECS;5279.0;7
53200;BOT_MAKER;BOT_TAKER;HYDROGEL_PACK;XIRECS;9871.0;5
53200;BOT_MAKER;BOT_TAKER;VEV_4000;XIRECS;1271.0;2
53200;BOT_MAKER;BOT_TAKER;VEV_5500;XIRECS;4.0;2
53300;BOT_TAKER;BOT_MAKER;VELVETFRUIT_EXTRACT;XIRECS;5278.0;9
53400;BOT_TAKER;BOT_MAKER;HYDROGEL_PACK;XIRECS;9887.0;6
53400;BOT_TAKER;BOT_MAKER;VELVETFRUIT_EXTRACT;XIRECS;5280.0;3
53400;BOT_TAKER;BOT_MAKER;VEV_4000;XIRECS;1291.0;1
53400;BOT_MAKER;BOT_TAKER;VEV_5400;XIRECS;9.0;5
53500;BOT_TAKER;BOT_MAKER;VEV_5400;XIRECS;10.0;2
53500;BOT_TAKER;BOT_MAKER;VEV_5400;XIRECS;10.0;3
53600;BOT_MAKER;BOT_TAKER;VEV_5500;XIRECS;4.0;5
53700;BOT_TAKER;BOT_MAKER;VELVETFRUIT_EXTRACT;XIRECS;5277.0;7
53700;BOT_MAKER;BOT_TAKER;VELVETFRUIT_EXTRACT;XIRECS;5273.0;6
53700;BOT_TAKER;BOT_MAKER;VEV_4000;XIRECS;1290.0;2
53900;BOT_TAKER;BOT_MAKER;VEV_5500;XIRECS;5.0;5
54000;BOT_TAKER;BOT_MAKER;VEV_6500;XIRECS;1.0;3
54100;BOT_MAKER;BOT_TAKER;VEV_4000;XIRECS;1263.0;2
54100;BOT_TAKER;BOT_MAKER;VEV_4000;XIRECS;1285.0;1
54200;BOT_MAKER;BOT_TAKER;HYDROGEL_PACK;XIRECS;9879.0;3
54200;BOT_TAKER;BOT_MAKER;VEV_5400;XIRECS;11.0;3
54200;BOT_TAKER;BOT_MAKER;VEV_5500;XIRECS;5.0;2
54300;BOT_TAKER;BOT_MAKER;VEV_6000;XIRECS;1.0;4
54300;BOT_TAKER;BOT_MAKER;VEV_6500;XIRECS;1.0;2
54400;BOT_MAKER;BOT_TAKER;HYDROGEL_PACK;XIRECS;9876.0;5
54400;BOT_TAKER;BOT_MAKER;VEV_4000;XIRECS;1287.0;3
54500;SUBMISSION;BOT_TAKER;HYDROGEL_PACK;XIRECS;9879.0;5
54600;BOT_TAKER;BOT_MAKER;HYDROGEL_PACK;XIRECS;9894.0;5
54600;BOT_MAKER;BOT_TAKER;VELVETFRUIT_EXTRACT;XIRECS;5271.0;7
54700;BOT_TAKER;BOT_MAKER;VELVETFRUIT_EXTRACT;XIRECS;5275.0;4
54800;BOT_TAKER;BOT_MAKER;HYDROGEL_PACK;XIRECS;9892.0;4
54900;BOT_TAKER;BOT_MAKER;HYDROGEL_PACK;XIRECS;9891.0;4
54900;BOT_TAKER;BOT_MAKER;VEV_4000;XIRECS;1286.0;2
55000;BOT_MAKER;BOT_TAKER;HYDROGEL_PACK;XIRECS;9876.0;3
55000;BOT_TAKER;BOT_MAKER;VELVETFRUIT_EXTRACT;XIRECS;5275.0;6
55000;BOT_TAKER;SUBMISSION;VELVETFRUIT_EXTRACT;XIRECS;5274.0;3
55100;BOT_MAKER;BOT_TAKER;HYDROGEL_PACK;XIRECS;9875.0;5
55100;BOT_MAKER;BOT_TAKER;VELVETFRUIT_EXTRACT;XIRECS;5270.0;5
55300;BOT_MAKER;BOT_TAKER;VELVETFRUIT_EXTRACT;XIRECS;5271.0;4
55300;BOT_MAKER;BOT_TAKER;VEV_5400;XIRECS;11.0;2
55300;BOT_TAKER;BOT_MAKER;VEV_6000;XIRECS;1.0;2
55400;BOT_MAKER;BOT_TAKER;HYDROGEL_PACK;XIRECS;9878.0;6
55400;BOT_MAKER;BOT_TAKER;VELVETFRUIT_EXTRACT;XIRECS;5271.0;10
55400;SUBMISSION;BOT_TAKER;VELVETFRUIT_EXTRACT;XIRECS;5272.0;3
55500;BOT_TAKER;BOT_MAKER;HYDROGEL_PACK;XIRECS;9893.0;3
55500;BOT_TAKER;BOT_MAKER;VELVETFRUIT_EXTRACT;XIRECS;5273.0;8
55600;BOT_MAKER;BOT_TAKER;VELVETFRUIT_EXTRACT;XIRECS;5268.0;4
55600;BOT_TAKER;BOT_MAKER;VELVETFRUIT_EXTRACT;XIRECS;5272.0;8
55600;BOT_MAKER;BOT_TAKER;VEV_5300;XIRECS;40.0;3
55700;BOT_TAKER;BOT_MAKER;HYDROGEL_PACK;XIRECS;9895.0;3
55700;BOT_MAKER;BOT_TAKER;VEV_6500;XIRECS;0.0;3
55800;BOT_TAKER;BOT_MAKER;VELVETFRUIT_EXTRACT;XIRECS;5275.0;3
56000;BOT_MAKER;BOT_TAKER;VEV_4000;XIRECS;1261.0;3
56100;BOT_TAKER;BOT_MAKER;VELVETFRUIT_EXTRACT;XIRECS;5279.0;6
56100;BOT_MAKER;BOT_TAKER;VEV_4000;XIRECS;1261.0;3
56200;BOT_MAKER;BOT_TAKER;VELVETFRUIT_EXTRACT;XIRECS;5274.0;6
56200;BOT_TAKER;BOT_MAKER;VEV_4000;XIRECS;1282.0;1
56300;BOT_TAKER;BOT_MAKER;VELVETFRUIT_EXTRACT;XIRECS;5278.0;6
56300;SUBMISSION;BOT_TAKER;VELVETFRUIT_EXTRACT;XIRECS;5273.0;4
56400;BOT_MAKER;BOT_TAKER;VELVETFRUIT_EXTRACT;XIRECS;5272.0;7
56500;BOT_MAKER;BOT_TAKER;VELVETFRUIT_EXTRACT;XIRECS;5271.0;8
56500;BOT_MAKER;BOT_TAKER;VEV_4000;XIRECS;1261.0;3
56600;BOT_TAKER;BOT_MAKER;VEV_6000;XIRECS;1.0;3
56700;BOT_MAKER;BOT_TAKER;HYDROGEL_PACK;XIRECS;9883.0;5
56800;BOT_MAKER;BOT_TAKER;VEV_5500;XIRECS;4.0;3
56800;BOT_TAKER;BOT_MAKER;VEV_6000;XIRECS;1.0;3
56900;BOT_TAKER;BOT_MAKER;HYDROGEL_PACK;XIRECS;9902.0;2
56900;BOT_TAKER;BOT_MAKER;VEV_6000;XIRECS;1.0;3
57000;BOT_TAKER;BOT_MAKER;VEV_6500;XIRECS;1.0;2
57100;BOT_MAKER;BOT_TAKER;VEV_4000;XIRECS;1255.0;2
57200;BOT_TAKER;BOT_MAKER;HYDROGEL_PACK;XIRECS;9898.0;2
57300;BOT_TAKER;BOT_MAKER;HYDROGEL_PACK;XIRECS;9900.0;2
57300;BOT_MAKER;BOT_TAKER;VELVETFRUIT_EXTRACT;XIRECS;5272.0;8
57300;BOT_MAKER;BOT_TAKER;VEV_5300;XIRECS;40.0;4
57300;BOT_TAKER;SUBMISSION;VELVETFRUIT_EXTRACT;XIRECS;5277.0;5
57400;BOT_TAKER;BOT_MAKER;HYDROGEL_PACK;XIRECS;9902.0;6
57400;BOT_MAKER;BOT_TAKER;VEV_5500;XIRECS;5.0;5
57400;BOT_TAKER;BOT_MAKER;VEV_5500;XIRECS;6.0;5
57500;BOT_MAKER;BOT_TAKER;VELVETFRUIT_EXTRACT;XIRECS;5270.0;5
57500;BOT_TAKER;BOT_MAKER;VEV_6500;XIRECS;1.0;4
57500;SUBMISSION;BOT_TAKER;VELVETFRUIT_EXTRACT;XIRECS;5271.0;5
57500;BOT_MAKER;BOT_TAKER;VELVETFRUIT_EXTRACT;XIRECS;5270.0;4
57600;SUBMISSION;BOT_TAKER;VELVETFRUIT_EXTRACT;XIRECS;5272.0;5
57700;BOT_MAKER;BOT_TAKER;VEV_4000;XIRECS;1258.0;3
57700;SUBMISSION;BOT_TAKER;VEV_4000;XIRECS;1259.0;2
57800;BOT_MAKER;BOT_TAKER;HYDROGEL_PACK;XIRECS;9888.0;2
57800;BOT_MAKER;BOT_TAKER;VELVETFRUIT_EXTRACT;XIRECS;5271.0;6
57800;BOT_TAKER;BOT_MAKER;VEV_4000;XIRECS;1280.0;1
57900;BOT_MAKER;BOT_TAKER;HYDROGEL_PACK;XIRECS;9886.0;5
58100;BOT_TAKER;BOT_MAKER;HYDROGEL_PACK;XIRECS;9899.0;2
58100;BOT_MAKER;BOT_TAKER;VEV_4000;XIRECS;1259.0;1
58300;BOT_TAKER;BOT_MAKER;HYDROGEL_PACK;XIRECS;9897.0;4
58400;BOT_MAKER;BOT_TAKER;VEV_5500;XIRECS;4.0;4
58600;BOT_MAKER;BOT_TAKER;VELVETFRUIT_EXTRACT;XIRECS;5269.0;10
58600;BOT_MAKER;BOT_TAKER;VEV_6000;XIRECS;0.0;2
58700;BOT_MAKER;BOT_TAKER;VELVETFRUIT_EXTRACT;XIRECS;5269.0;8
58800;BOT_MAKER;BOT_TAKER;VELVETFRUIT_EXTRACT;XIRECS;5269.0;3
58800;BOT_TAKER;BOT_MAKER;VEV_6000;XIRECS;1.0;2
58900;BOT_MAKER;BOT_TAKER;VELVETFRUIT_EXTRACT;XIRECS;5268.0;8
59000;BOT_TAKER;BOT_MAKER;HYDROGEL_PACK;XIRECS;9895.0;3
59000;BOT_MAKER;BOT_TAKER;VELVETFRUIT_EXTRACT;XIRECS;5268.0;8
59100;BOT_TAKER;BOT_MAKER;VELVETFRUIT_EXTRACT;XIRECS;5275.0;3
59100;BOT_MAKER;BOT_TAKER;VEV_6000;XIRECS;0.0;4
59100;BOT_TAKER;BOT_MAKER;VEV_6000;XIRECS;1.0;2
59200;BOT_TAKER;BOT_MAKER;VELVETFRUIT_EXTRACT;XIRECS;5273.0;3
59200;BOT_TAKER;BOT_MAKER;VEV_6500;XIRECS;1.0;3
59200;SUBMISSION;BOT_TAKER;HYDROGEL_PACK;XIRECS;9881.0;4
59300;BOT_MAKER;BOT_TAKER;HYDROGEL_PACK;XIRECS;9881.0;4
59300;BOT_TAKER;BOT_MAKER;VEV_4000;XIRECS;1283.0;1
59300;BOT_TAKER;SUBMISSION;HYDROGEL_PACK;XIRECS;9896.0;5
59400;BOT_TAKER;BOT_MAKER;HYDROGEL_PACK;XIRECS;9898.0;5
59400;BOT_MAKER;BOT_TAKER;VEV_6500;XIRECS;0.0;4
59500;BOT_TAKER;BOT_MAKER;VELVETFRUIT_EXTRACT;XIRECS;5273.0;6
59600;BOT_MAKER;BOT_TAKER;VEV_5400;XIRECS;9.0;3
59600;BOT_MAKER;BOT_TAKER;VEV_5500;XIRECS;4.0;5
59700;BOT_MAKER;BOT_TAKER;HYDROGEL_PACK;XIRECS;9887.0;3
59700;BOT_MAKER;BOT_TAKER;VELVETFRUIT_EXTRACT;XIRECS;5267.0;8
59800;BOT_TAKER;BOT_MAKER;HYDROGEL_PACK;XIRECS;9903.0;6
59800;SUBMISSION;BOT_TAKER;VELVETFRUIT_EXTRACT;XIRECS;5270.0;5
59900;BOT_MAKER;BOT_TAKER;HYDROGEL_PACK;XIRECS;9888.0;5
59900;BOT_MAKER;BOT_TAKER;VEV_6000;XIRECS;0.0;4
60000;BOT_TAKER;BOT_MAKER;HYDROGEL_PACK;XIRECS;9905.0;3
60100;BOT_TAKER;BOT_MAKER;VELVETFRUIT_EXTRACT;XIRECS;5276.0;4
60100;BOT_MAKER;BOT_TAKER;VEV_6000;XIRECS;0.0;4
60200;BOT_TAKER;BOT_MAKER;VEV_6000;XIRECS;1.0;5
60300;BOT_MAKER;BOT_TAKER;VELVETFRUIT_EXTRACT;XIRECS;5271.0;3
60500;BOT_MAKER;BOT_TAKER;HYDROGEL_PACK;XIRECS;9895.0;4
60500;BOT_MAKER;BOT_TAKER;VELVETFRUIT_EXTRACT;XIRECS;5271.0;7
60600;BOT_TAKER;BOT_MAKER;VELVETFRUIT_EXTRACT;XIRECS;5275.0;6
60600;BOT_TAKER;BOT_MAKER;VEV_4000;XIRECS;1286.0;1
60700;BOT_MAKER;BOT_TAKER;HYDROGEL_PACK;XIRECS;9896.0;2
60800;BOT_MAKER;BOT_TAKER;HYDROGEL_PACK;XIRECS;9892.0;2
60800;BOT_TAKER;BOT_MAKER;VEV_4000;XIRECS;1287.0;1
60800;SUBMISSION;BOT_TAKER;VELVETFRUIT_EXTRACT;XIRECS;5271.0;5
60800;BOT_MAKER;BOT_TAKER;VELVETFRUIT_EXTRACT;XIRECS;5270.0;2
61000;BOT_MAKER;BOT_TAKER;HYDROGEL_PACK;XIRECS;9898.0;2
61000;BOT_TAKER;BOT_MAKER;VELVETFRUIT_EXTRACT;XIRECS;5273.0;4
61000;BOT_TAKER;BOT_MAKER;VEV_5500;XIRECS;4.0;5
61000;SUBMISSION;BOT_TAKER;HYDROGEL_PACK;XIRECS;9899.0;2
61100;BOT_TAKER;BOT_MAKER;VEV_6000;XIRECS;1.0;3
61200;BOT_MAKER;BOT_TAKER;HYDROGEL_PACK;XIRECS;9897.0;6
61400;BOT_MAKER;BOT_TAKER;VELVETFRUIT_EXTRACT;XIRECS;5270.0;6
61500;BOT_MAKER;BOT_TAKER;VELVETFRUIT_EXTRACT;XIRECS;5270.0;6
61600;BOT_TAKER;BOT_MAKER;VEV_6500;XIRECS;1.0;2
61700;BOT_MAKER;BOT_TAKER;HYDROGEL_PACK;XIRECS;9901.0;5
61700;BOT_TAKER;BOT_MAKER;VEV_6000;XIRECS;1.0;4
61700;BOT_TAKER;SUBMISSION;HYDROGEL_PACK;XIRECS;9916.0;2
61700;SUBMISSION;BOT_TAKER;VELVETFRUIT_EXTRACT;XIRECS;5272.0;3
61700;BOT_MAKER;BOT_TAKER;VELVETFRUIT_EXTRACT;XIRECS;5271.0;2
61700;BOT_TAKER;SUBMISSION;VEV_4000;XIRECS;1290.0;3
61900;BOT_MAKER;BOT_TAKER;HYDROGEL_PACK;XIRECS;9899.0;2
61900;BOT_TAKER;BOT_MAKER;VELVETFRUIT_EXTRACT;XIRECS;5277.0;8
61900;BOT_MAKER;BOT_TAKER;VEV_6000;XIRECS;0.0;2
61900;BOT_MAKER;BOT_TAKER;VELVETFRUIT_EXTRACT;XIRECS;5272.0;6
62000;BOT_MAKER;BOT_TAKER;HYDROGEL_PACK;XIRECS;9899.0;6
62000;BOT_MAKER;BOT_TAKER;VELVETFRUIT_EXTRACT;XIRECS;5273.0;4
62000;BOT_TAKER;BOT_MAKER;VEV_5500;XIRECS;4.0;4
62100;BOT_TAKER;BOT_MAKER;HYDROGEL_PACK;XIRECS;9916.0;4
62200;BOT_MAKER;BOT_TAKER;VEV_6500;XIRECS;0.0;4
62300;BOT_MAKER;BOT_TAKER;HYDROGEL_PACK;XIRECS;9902.0;3
62300;BOT_TAKER;BOT_MAKER;VELVETFRUIT_EXTRACT;XIRECS;5281.0;3
62400;BOT_MAKER;BOT_TAKER;VEV_4000;XIRECS;1272.0;3
62600;BOT_TAKER;SUBMISSION;HYDROGEL_PACK;XIRECS;9916.0;5
62700;BOT_TAKER;BOT_MAKER;VEV_4000;XIRECS;1293.0;2
62700;BOT_MAKER;BOT_TAKER;VEV_4000;XIRECS;1271.0;2
62700;BOT_TAKER;SUBMISSION;VEV_5300;XIRECS;35.0;3
62800;BOT_MAKER;BOT_TAKER;HYDROGEL_PACK;XIRECS;9902.0;3
62800;BOT_TAKER;BOT_MAKER;VEV_5500;XIRECS;4.0;5
62900;SUBMISSION;BOT_TAKER;HYDROGEL_PACK;XIRECS;9901.0;4
63000;BOT_MAKER;BOT_TAKER;HYDROGEL_PACK;XIRECS;9901.0;5
63100;BOT_MAKER;BOT_TAKER;HYDROGEL_PACK;XIRECS;9901.0;2
63100;BOT_MAKER;BOT_TAKER;VELVETFRUIT_EXTRACT;XIRECS;5273.0;4
63200;BOT_TAKER;BOT_MAKER;HYDROGEL_PACK;XIRECS;9916.0;5
63300;BOT_MAKER;BOT_TAKER;HYDROGEL_PACK;XIRECS;9899.0;4
63300;BOT_TAKER;BOT_MAKER;VELVETFRUIT_EXTRACT;XIRECS;5277.0;5
63400;BOT_MAKER;BOT_TAKER;VEV_6000;XIRECS;0.0;3
63500;BOT_MAKER;BOT_TAKER;HYDROGEL_PACK;XIRECS;9897.0;2
63500;BOT_TAKER;SUBMISSION;VELVETFRUIT_EXTRACT;XIRECS;5274.0;5
63600;BOT_TAKER;BOT_MAKER;HYDROGEL_PACK;XIRECS;9911.0;4
63600;BOT_MAKER;BOT_TAKER;VEV_5500;XIRECS;3.0;5
63700;BOT_MAKER;BOT_TAKER;HYDROGEL_PACK;XIRECS;9889.0;2
63700;BOT_TAKER;BOT_MAKER;VEV_5500;XIRECS;4.0;5
64000;BOT_MAKER;BOT_TAKER;HYDROGEL_PACK;XIRECS;9887.0;4
64000;BOT_TAKER;BOT_MAKER;VEV_5500;XIRECS;4.0;5
64000;BOT_TAKER;BOT_MAKER;VEV_6500;XIRECS;1.0;2
64100;BOT_MAKER;BOT_TAKER;HYDROGEL_PACK;XIRECS;9889.0;2
64400;BOT_TAKER;BOT_MAKER;HYDROGEL_PACK;XIRECS;9903.0;2
64500;BOT_MAKER;BOT_TAKER;VELVETFRUIT_EXTRACT;XIRECS;5269.0;6
64600;BOT_MAKER;BOT_TAKER;VEV_4000;XIRECS;1272.0;1
64600;BOT_TAKER;BOT_MAKER;VEV_5400;XIRECS;8.0;2
64700;SUBMISSION;BOT_TAKER;VEV_4000;XIRECS;1272.0;3
64900;BOT_TAKER;BOT_MAKER;HYDROGEL_PACK;XIRECS;9905.0;3
65000;BOT_TAKER;BOT_MAKER;HYDROGEL_PACK;XIRECS;9904.0;6
65000;BOT_MAKER;BOT_TAKER;VEV_4000;XIRECS;1273.0;1
65100;BOT_MAKER;BOT_TAKER;HYDROGEL_PACK;XIRECS;9890.0;3
65100;BOT_MAKER;BOT_TAKER;VEV_6500;XIRECS;0.0;2
65200;BOT_TAKER;BOT_MAKER;HYDROGEL_PACK;XIRECS;9905.0;6
65200;BOT_TAKER;BOT_MAKER;VEV_4000;XIRECS;1295.0;3
65200;BOT_MAKER;BOT_TAKER;VEV_5500;XIRECS;3.0;4
65300;BOT_TAKER;BOT_MAKER;VEV_6500;XIRECS;1.0;4
65400;BOT_TAKER;BOT_MAKER;VELVETFRUIT_EXTRACT;XIRECS;5270.0;3
65400;BOT_TAKER;SUBMISSION;VELVETFRUIT_EXTRACT;XIRECS;5269.0;5
65400;BOT_TAKER;BOT_MAKER;VELVETFRUIT_EXTRACT;XIRECS;5270.0;3
65500;BOT_TAKER;BOT_MAKER;VEV_5400;XIRECS;8.0;3
65600;BOT_TAKER;BOT_MAKER;HYDROGEL_PACK;XIRECS;9913.0;3
65700;BOT_MAKER;BOT_TAKER;HYDROGEL_PACK;XIRECS;9900.0;5
65700;BOT_TAKER;BOT_MAKER;VELVETFRUIT_EXTRACT;XIRECS;5270.0;4
65700;BOT_MAKER;BOT_TAKER;VEV_5400;XIRECS;7.0;2
65800;BOT_TAKER;BOT_MAKER;VELVETFRUIT_EXTRACT;XIRECS;5269.0;7
65800;BOT_MAKER;BOT_TAKER;VEV_5300;XIRECS;32.0;3
65800;BOT_TAKER;BOT_MAKER;VEV_5400;XIRECS;8.0;2
65900;BOT_TAKER;BOT_MAKER;VEV_5500;XIRECS;5.0;4
66000;BOT_TAKER;BOT_MAKER;HYDROGEL_PACK;XIRECS;9915.0;4
66100;BOT_TAKER;BOT_MAKER;HYDROGEL_PACK;XIRECS;9916.0;4
66100;BOT_TAKER;BOT_MAKER;VELVETFRUIT_EXTRACT;XIRECS;5270.0;6
66200;BOT_MAKER;BOT_TAKER;VELVETFRUIT_EXTRACT;XIRECS;5266.0;6
66200;BOT_TAKER;SUBMISSION;HYDROGEL_PACK;XIRECS;9909.0;3
66300;BOT_TAKER;BOT_MAKER;HYDROGEL_PACK;XIRECS;9910.0;2
66300;BOT_MAKER;BOT_TAKER;VEV_4000;XIRECS;1269.0;2
66400;BOT_TAKER;BOT_MAKER;VELVETFRUIT_EXTRACT;XIRECS;5271.0;3
66500;BOT_TAKER;BOT_MAKER;VELVETFRUIT_EXTRACT;XIRECS;5271.0;8
66600;BOT_TAKER;BOT_MAKER;VEV_6500;XIRECS;1.0;3
66700;BOT_MAKER;BOT_TAKER;HYDROGEL_PACK;XIRECS;9891.0;3
66700;BOT_TAKER;BOT_MAKER;VELVETFRUIT_EXTRACT;XIRECS;5273.0;4
66700;BOT_MAKER;BOT_TAKER;VEV_4000;XIRECS;1271.0;1
66700;BOT_MAKER;BOT_TAKER;VEV_5500;XIRECS;3.0;5
66700;BOT_TAKER;SUBMISSION;HYDROGEL_PACK;XIRECS;9909.0;5
66700;BOT_TAKER;BOT_MAKER;HYDROGEL_PACK;XIRECS;9910.0;1
66800;BOT_MAKER;BOT_TAKER;HYDROGEL_PACK;XIRECS;9891.0;4
66800;BOT_MAKER;BOT_TAKER;VEV_5400;XIRECS;7.0;4
67000;BOT_TAKER;BOT_MAKER;HYDROGEL_PACK;XIRECS;9908.0;3
67000;BOT_TAKER;BOT_MAKER;VELVETFRUIT_EXTRACT;XIRECS;5272.0;7
67000;SUBMISSION;BOT_TAKER;VEV_4000;XIRECS;1270.0;1
67100;BOT_MAKER;BOT_TAKER;HYDROGEL_PACK;XIRECS;9890.0;4
67100;BOT_TAKER;BOT_MAKER;VEV_4000;XIRECS;1290.0;2
67100;BOT_TAKER;BOT_MAKER;VEV_5500;XIRECS;5.0;2
67200;BOT_TAKER;BOT_MAKER;HYDROGEL_PACK;XIRECS;9904.0;6
67200;BOT_TAKER;BOT_MAKER;HYDROGEL_PACK;XIRECS;9904.0;4
67200;BOT_MAKER;BOT_TAKER;VELVETFRUIT_EXTRACT;XIRECS;5267.0;8
67200;BOT_TAKER;BOT_MAKER;VEV_4000;XIRECS;1289.0;2
67200;BOT_MAKER;BOT_TAKER;VEV_6500;XIRECS;0.0;4
67300;BOT_TAKER;BOT_MAKER;VELVETFRUIT_EXTRACT;XIRECS;5270.0;6
67400;BOT_TAKER;BOT_MAKER;VELVETFRUIT_EXTRACT;XIRECS;5271.0;3
67500;BOT_TAKER;BOT_MAKER;VEV_4000;XIRECS;1288.0;2
67700;BOT_TAKER;BOT_MAKER;HYDROGEL_PACK;XIRECS;9909.0;5
67700;BOT_MAKER;BOT_TAKER;VEV_4000;XIRECS;1265.0;2
67900;BOT_TAKER;BOT_MAKER;VELVETFRUIT_EXTRACT;XIRECS;5275.0;6
68100;BOT_MAKER;BOT_TAKER;VEV_5500;XIRECS;4.0;4
68200;BOT_TAKER;BOT_MAKER;VELVETFRUIT_EXTRACT;XIRECS;5270.0;4
68200;SUBMISSION;BOT_TAKER;VELVETFRUIT_EXTRACT;XIRECS;5267.0;5
68300;BOT_TAKER;BOT_MAKER;VELVETFRUIT_EXTRACT;XIRECS;5269.0;7
68300;BOT_TAKER;BOT_MAKER;VEV_6000;XIRECS;1.0;4
68300;BOT_TAKER;BOT_MAKER;VEV_6000;XIRECS;1.0;3
68300;SUBMISSION;BOT_TAKER;VELVETFRUIT_EXTRACT;XIRECS;5265.0;5
68300;BOT_MAKER;BOT_TAKER;VELVETFRUIT_EXTRACT;XIRECS;5264.0;3
68400;BOT_MAKER;BOT_TAKER;HYDROGEL_PACK;XIRECS;9890.0;3
68500;BOT_TAKER;BOT_MAKER;HYDROGEL_PACK;XIRECS;9907.0;6
68900;BOT_TAKER;BOT_MAKER;VELVETFRUIT_EXTRACT;XIRECS;5269.0;7
68900;BOT_MAKER;BOT_TAKER;VELVETFRUIT_EXTRACT;XIRECS;5263.0;12
69100;BOT_MAKER;BOT_TAKER;HYDROGEL_PACK;XIRECS;9893.0;5
69200;BOT_TAKER;BOT_MAKER;VEV_5300;XIRECS;37.0;2
69300;BOT_MAKER;BOT_TAKER;VEV_4000;XIRECS;1259.0;2
69300;BOT_MAKER;BOT_TAKER;VELVETFRUIT_EXTRACT;XIRECS;5262.0;3
69400;BOT_TAKER;BOT_MAKER;HYDROGEL_PACK;XIRECS;9911.0;4
69400;BOT_TAKER;BOT_MAKER;VELVETFRUIT_EXTRACT;XIRECS;5268.0;5
69500;BOT_MAKER;BOT_TAKER;VEV_5500;XIRECS;4.0;2
69600;BOT_TAKER;SUBMISSION;VELVETFRUIT_EXTRACT;XIRECS;5269.0;5
69600;BOT_TAKER;BOT_MAKER;VELVETFRUIT_EXTRACT;XIRECS;5270.0;2
69700;BOT_TAKER;BOT_MAKER;HYDROGEL_PACK;XIRECS;9911.0;2
69700;BOT_TAKER;BOT_MAKER;VEV_5400;XIRECS;7.0;4
69900;BOT_TAKER;BOT_MAKER;VELVETFRUIT_EXTRACT;XIRECS;5269.0;8
69900;BOT_MAKER;BOT_TAKER;VEV_6500;XIRECS;0.0;5
70000;BOT_MAKER;BOT_TAKER;HYDROGEL_PACK;XIRECS;9890.0;5
70000;BOT_MAKER;BOT_TAKER;VELVETFRUIT_EXTRACT;XIRECS;5265.0;8
70000;BOT_MAKER;BOT_TAKER;VEV_5400;XIRECS;6.0;2
70100;BOT_TAKER;BOT_MAKER;VELVETFRUIT_EXTRACT;XIRECS;5269.0;6
70200;BOT_TAKER;SUBMISSION;VELVETFRUIT_EXTRACT;XIRECS;5270.0;5
70200;BOT_TAKER;BOT_MAKER;VELVETFRUIT_EXTRACT;XIRECS;5271.0;2
70500;BOT_MAKER;BOT_TAKER;HYDROGEL_PACK;XIRECS;9886.0;3
70500;BOT_MAKER;BOT_TAKER;VELVETFRUIT_EXTRACT;XIRECS;5265.0;5
70500;BOT_MAKER;BOT_TAKER;VELVETFRUIT_EXTRACT;XIRECS;5265.0;6
70600;BOT_MAKER;BOT_TAKER;HYDROGEL_PACK;XIRECS;9887.0;4
70700;BOT_MAKER;BOT_TAKER;HYDROGEL_PACK;XIRECS;9888.0;4
70700;BOT_MAKER;BOT_TAKER;VEV_6000;XIRECS;0.0;4
70700;BOT_MAKER;BOT_TAKER;VEV_6500;XIRECS;0.0;2
70900;BOT_MAKER;BOT_TAKER;HYDROGEL_PACK;XIRECS;9888.0;4
70900;BOT_TAKER;SUBMISSION;VEV_4000;XIRECS;1276.0;1
71000;BOT_TAKER;BOT_MAKER;HYDROGEL_PACK;XIRECS;9902.0;2
71000;BOT_MAKER;BOT_TAKER;VELVETFRUIT_EXTRACT;XIRECS;5269.0;3
71100;BOT_MAKER;BOT_TAKER;HYDROGEL_PACK;XIRECS;9886.0;5
71100;BOT_TAKER;BOT_MAKER;VELVETFRUIT_EXTRACT;XIRECS;5274.0;5
71100;BOT_MAKER;BOT_TAKER;VEV_5400;XIRECS;6.0;3
71200;BOT_MAKER;BOT_TAKER;HYDROGEL_PACK;XIRECS;9888.0;6
71300;BOT_MAKER;BOT_TAKER;VELVETFRUIT_EXTRACT;XIRECS;5269.0;5
71300;BOT_MAKER;BOT_TAKER;VEV_5400;XIRECS;6.0;4
71400;BOT_TAKER;BOT_MAKER;VEV_4000;XIRECS;1278.0;3
71400;SUBMISSION;BOT_TAKER;VELVETFRUIT_EXTRACT;XIRECS;5271.0;5
71600;BOT_TAKER;BOT_MAKER;VELVETFRUIT_EXTRACT;XIRECS;5277.0;8
71600;BOT_TAKER;BOT_MAKER;VEV_4000;XIRECS;1279.0;2
71700;BOT_TAKER;BOT_MAKER;VEV_4000;XIRECS;1279.0;2
71700;BOT_MAKER;BOT_TAKER;VEV_4000;XIRECS;1258.0;2
71700;BOT_TAKER;BOT_MAKER;VEV_5500;XIRECS;5.0;4
71800;BOT_MAKER;BOT_TAKER;VEV_4000;XIRECS;1256.0;2
71900;BOT_TAKER;BOT_MAKER;HYDROGEL_PACK;XIRECS;9904.0;4
72000;BOT_MAKER;BOT_TAKER;VELVETFRUIT_EXTRACT;XIRECS;5274.0;8
72200;BOT_TAKER;BOT_MAKER;HYDROGEL_PACK;XIRECS;9903.0;5
72200;BOT_TAKER;BOT_MAKER;VEV_6000;XIRECS;1.0;2
72400;BOT_TAKER;BOT_MAKER;HYDROGEL_PACK;XIRECS;9897.0;3
72400;BOT_MAKER;BOT_TAKER;VELVETFRUIT_EXTRACT;XIRECS;5273.0;5
72400;BOT_TAKER;BOT_MAKER;VEV_5400;XIRECS;8.0;3
72500;BOT_MAKER;BOT_TAKER;VEV_5500;XIRECS;4.0;2
72500;BOT_TAKER;SUBMISSION;VELVETFRUIT_EXTRACT;XIRECS;5275.0;3
72600;BOT_TAKER;BOT_MAKER;HYDROGEL_PACK;XIRECS;9894.0;4
72700;BOT_MAKER;BOT_TAKER;HYDROGEL_PACK;XIRECS;9875.0;5
72800;BOT_MAKER;BOT_TAKER;VELVETFRUIT_EXTRACT;XIRECS;5269.0;3
72900;BOT_TAKER;BOT_MAKER;VELVETFRUIT_EXTRACT;XIRECS;5274.0;4
72900;BOT_TAKER;BOT_MAKER;VEV_4000;XIRECS;1280.0;3
72900;SUBMISSION;BOT_TAKER;VELVETFRUIT_EXTRACT;XIRECS;5270.0;5
72900;BOT_MAKER;BOT_TAKER;VELVETFRUIT_EXTRACT;XIRECS;5269.0;3
73100;BOT_TAKER;BOT_MAKER;VEV_4000;XIRECS;1282.0;1
73200;BOT_MAKER;BOT_TAKER;VEV_4000;XIRECS;1259.0;3
73300;BOT_MAKER;BOT_TAKER;VELVETFRUIT_EXTRACT;XIRECS;5269.0;4
73300;BOT_MAKER;BOT_TAKER;VEV_6000;XIRECS;0.0;2
73400;BOT_MAKER;BOT_TAKER;VEV_6000;XIRECS;0.0;4
73500;BOT_MAKER;BOT_TAKER;VEV_5400;XIRECS;7.0;4
73500;BOT_TAKER;BOT_MAKER;VEV_5400;XIRECS;7.0;2
73500;BOT_MAKER;BOT_TAKER;VEV_5500;XIRECS;4.0;2
73600;BOT_TAKER;BOT_MAKER;VELVETFRUIT_EXTRACT;XIRECS;5274.0;3
73700;BOT_TAKER;BOT_MAKER;HYDROGEL_PACK;XIRECS;9893.0;3
73700;BOT_TAKER;BOT_MAKER;VELVETFRUIT_EXTRACT;XIRECS;5273.0;6
73800;BOT_MAKER;BOT_TAKER;VEV_6000;XIRECS;0.0;3
73900;BOT_MAKER;BOT_TAKER;HYDROGEL_PACK;XIRECS;9875.0;2
73900;BOT_TAKER;BOT_MAKER;VELVETFRUIT_EXTRACT;XIRECS;5270.0;5
73900;BOT_MAKER;BOT_TAKER;VEV_5500;XIRECS;4.0;2
74000;BOT_TAKER;BOT_MAKER;VELVETFRUIT_EXTRACT;XIRECS;5269.0;4
74100;BOT_TAKER;BOT_MAKER;VEV_5400;XIRECS;8.0;2
74100;BOT_MAKER;BOT_TAKER;VEV_6000;XIRECS;0.0;3
74100;BOT_MAKER;BOT_TAKER;VEV_6500;XIRECS;0.0;4
74200;BOT_TAKER;BOT_MAKER;VELVETFRUIT_EXTRACT;XIRECS;5269.0;7
74300;BOT_MAKER;BOT_TAKER;VELVETFRUIT_EXTRACT;XIRECS;5265.0;8
74300;BOT_TAKER;BOT_MAKER;VEV_5400;XIRECS;7.0;3
74300;BOT_MAKER;BOT_TAKER;VEV_5500;XIRECS;4.0;5
74400;BOT_TAKER;BOT_MAKER;VELVETFRUIT_EXTRACT;XIRECS;5270.0;15
74400;BOT_TAKER;BOT_MAKER;VEV_5400;XIRECS;8.0;4
74400;BOT_MAKER;BOT_TAKER;VEV_6500;XIRECS;0.0;5
74500;BOT_MAKER;BOT_TAKER;VEV_6000;XIRECS;0.0;3
74500;BOT_TAKER;BOT_MAKER;VEV_6500;XIRECS;1.0;5
74600;BOT_TAKER;BOT_MAKER;HYDROGEL_PACK;XIRECS;9889.0;3
74600;BOT_TAKER;BOT_MAKER;VEV_5400;XIRECS;7.0;5
74700;BOT_MAKER;BOT_TAKER;VEV_5500;XIRECS;5.0;4
74800;BOT_TAKER;BOT_MAKER;HYDROGEL_PACK;XIRECS;9890.0;6
74800;BOT_MAKER;BOT_TAKER;VEV_4000;XIRECS;1262.0;3
74900;BOT_MAKER;BOT_TAKER;HYDROGEL_PACK;XIRECS;9871.0;3
75100;BOT_MAKER;BOT_TAKER;VELVETFRUIT_EXTRACT;XIRECS;5261.0;8
75200;BOT_MAKER;BOT_TAKER;VEV_4000;XIRECS;1261.0;2
75200;BOT_MAKER;BOT_TAKER;VEV_5500;XIRECS;5.0;4
75200;BOT_TAKER;BOT_MAKER;VEV_6500;XIRECS;1.0;2
75400;BOT_TAKER;BOT_MAKER;VELVETFRUIT_EXTRACT;XIRECS;5265.0;6
75400;BOT_TAKER;BOT_MAKER;VEV_6500;XIRECS;1.0;2
75600;BOT_TAKER;BOT_MAKER;HYDROGEL_PACK;XIRECS;9880.0;2
75700;BOT_TAKER;BOT_MAKER;VELVETFRUIT_EXTRACT;XIRECS;5262.0;3
75700;BOT_TAKER;BOT_MAKER;VEV_6000;XIRECS;1.0;5
75800;BOT_MAKER;BOT_TAKER;HYDROGEL_PACK;XIRECS;9864.0;5
75800;BOT_MAKER;BOT_TAKER;VEV_5500;XIRECS;5.0;2
75900;BOT_TAKER;BOT_MAKER;VELVETFRUIT_EXTRACT;XIRECS;5262.0;5
76000;BOT_MAKER;BOT_TAKER;VELVETFRUIT_EXTRACT;XIRECS;5257.0;6
76100;BOT_MAKER;BOT_TAKER;VELVETFRUIT_EXTRACT;XIRECS;5258.0;7
76200;BOT_MAKER;BOT_TAKER;VELVETFRUIT_EXTRACT;XIRECS;5256.0;6
76200;BOT_TAKER;BOT_MAKER;VEV_5500;XIRECS;6.0;4
76200;BOT_TAKER;SUBMISSION;VELVETFRUIT_EXTRACT;XIRECS;5261.0;5
76400;BOT_TAKER;BOT_MAKER;VELVETFRUIT_EXTRACT;XIRECS;5261.0;3
76600;BOT_TAKER;BOT_MAKER;VELVETFRUIT_EXTRACT;XIRECS;5263.0;10
76600;BOT_TAKER;BOT_MAKER;VEV_4000;XIRECS;1278.0;3
76700;BOT_TAKER;BOT_MAKER;VEV_4000;XIRECS;1277.0;3
76800;BOT_MAKER;BOT_TAKER;VEV_5500;XIRECS;5.0;3
76900;BOT_MAKER;BOT_TAKER;HYDROGEL_PACK;XIRECS;9869.0;3
77000;BOT_MAKER;BOT_TAKER;HYDROGEL_PACK;XIRECS;9873.0;6
77000;BOT_TAKER;SUBMISSION;VELVETFRUIT_EXTRACT;XIRECS;5262.0;5
77200;BOT_TAKER;BOT_MAKER;VELVETFRUIT_EXTRACT;XIRECS;5264.0;3
77300;BOT_TAKER;BOT_MAKER;VEV_4000;XIRECS;1280.0;2
77300;SUBMISSION;BOT_TAKER;VELVETFRUIT_EXTRACT;XIRECS;5259.0;5
77400;BOT_TAKER;BOT_MAKER;VELVETFRUIT_EXTRACT;XIRECS;5264.0;7
77500;SUBMISSION;BOT_TAKER;VELVETFRUIT_EXTRACT;XIRECS;5260.0;5
77500;BOT_MAKER;BOT_TAKER;VELVETFRUIT_EXTRACT;XIRECS;5259.0;1
77600;BOT_MAKER;BOT_TAKER;VEV_5500;XIRECS;5.0;4
77600;BOT_TAKER;SUBMISSION;HYDROGEL_PACK;XIRECS;9881.0;5
77700;BOT_TAKER;BOT_MAKER;HYDROGEL_PACK;XIRECS;9881.0;5
77800;BOT_TAKER;BOT_MAKER;HYDROGEL_PACK;XIRECS;9880.0;4
77800;BOT_MAKER;BOT_TAKER;VEV_5400;XIRECS;6.0;4
77900;BOT_MAKER;BOT_TAKER;HYDROGEL_PACK;XIRECS;9863.0;2
78000;BOT_TAKER;BOT_MAKER;VELVETFRUIT_EXTRACT;XIRECS;5266.0;6
78100;BOT_MAKER;BOT_TAKER;VELVETFRUIT_EXTRACT;XIRECS;5261.0;7
78200;BOT_TAKER;BOT_MAKER;HYDROGEL_PACK;XIRECS;9870.0;3
78200;BOT_TAKER;BOT_MAKER;VELVETFRUIT_EXTRACT;XIRECS;5263.0;7
78200;BOT_MAKER;BOT_TAKER;VEV_4000;XIRECS;1255.0;1
78200;BOT_MAKER;BOT_TAKER;VEV_6000;XIRECS;0.0;5
78300;BOT_MAKER;BOT_TAKER;VEV_5300;XIRECS;38.0;3
78300;BOT_MAKER;BOT_TAKER;VEV_6000;XIRECS;0.0;4
78400;BOT_TAKER;BOT_MAKER;HYDROGEL_PACK;XIRECS;9866.0;4
78500;BOT_TAKER;BOT_MAKER;VELVETFRUIT_EXTRACT;XIRECS;5264.0;7
78700;BOT_MAKER;BOT_TAKER;VELVETFRUIT_EXTRACT;XIRECS;5259.0;4
78700;BOT_MAKER;BOT_TAKER;VEV_6500;XIRECS;0.0;2
78700;SUBMISSION;BOT_TAKER;VELVETFRUIT_EXTRACT;XIRECS;5260.0;3
78700;BOT_MAKER;BOT_TAKER;VELVETFRUIT_EXTRACT;XIRECS;5259.0;4
78800;BOT_TAKER;BOT_MAKER;VELVETFRUIT_EXTRACT;XIRECS;5264.0;7
78900;BOT_MAKER;BOT_TAKER;VEV_6500;XIRECS;0.0;4
79000;BOT_TAKER;BOT_MAKER;VELVETFRUIT_EXTRACT;XIRECS;5264.0;4
79100;BOT_TAKER;BOT_MAKER;HYDROGEL_PACK;XIRECS;9852.0;5
79100;BOT_MAKER;BOT_TAKER;VELVETFRUIT_EXTRACT;XIRECS;5257.0;5
79100;BOT_MAKER;BOT_TAKER;VEV_6500;XIRECS;0.0;5
79200;SUBMISSION;BOT_TAKER;HYDROGEL_PACK;XIRECS;9838.0;4
79400;BOT_TAKER;BOT_MAKER;HYDROGEL_PACK;XIRECS;9854.0;3
79400;BOT_TAKER;BOT_MAKER;VELVETFRUIT_EXTRACT;XIRECS;5265.0;3
79400;SUBMISSION;BOT_TAKER;HYDROGEL_PACK;XIRECS;9839.0;3
79500;BOT_MAKER;BOT_TAKER;VELVETFRUIT_EXTRACT;XIRECS;5261.0;5
79500;BOT_TAKER;BOT_MAKER;VEV_5400;XIRECS;7.0;5
79600;BOT_MAKER;BOT_TAKER;VELVETFRUIT_EXTRACT;XIRECS;5261.0;8
79700;BOT_MAKER;BOT_TAKER;HYDROGEL_PACK;XIRECS;9838.0;2
79700;BOT_TAKER;BOT_MAKER;VELVETFRUIT_EXTRACT;XIRECS;5266.0;7
79800;BOT_TAKER;BOT_MAKER;VELVETFRUIT_EXTRACT;XIRECS;5264.0;6
79900;BOT_MAKER;BOT_TAKER;VELVETFRUIT_EXTRACT;XIRECS;5258.0;5
79900;BOT_MAKER;BOT_TAKER;VELVETFRUIT_EXTRACT;XIRECS;5258.0;4
79900;BOT_MAKER;BOT_TAKER;VEV_4000;XIRECS;1262.0;1
79900;BOT_MAKER;BOT_TAKER;VEV_5500;XIRECS;5.0;2
80000;BOT_TAKER;BOT_MAKER;HYDROGEL_PACK;XIRECS;9858.0;5
80000;BOT_MAKER;BOT_TAKER;VEV_5500;XIRECS;5.0;3
80100;BOT_MAKER;BOT_TAKER;VEV_5500;XIRECS;5.0;3
80200;BOT_TAKER;BOT_MAKER;HYDROGEL_PACK;XIRECS;9861.0;6
80200;BOT_TAKER;BOT_MAKER;VELVETFRUIT_EXTRACT;XIRECS;5267.0;7
80400;BOT_MAKER;BOT_TAKER;VEV_5500;XIRECS;5.0;3
80500;BOT_TAKER;BOT_MAKER;VELVETFRUIT_EXTRACT;XIRECS;5267.0;7
80600;BOT_TAKER;BOT_MAKER;VELVETFRUIT_EXTRACT;XIRECS;5266.0;7
81100;BOT_TAKER;BOT_MAKER;HYDROGEL_PACK;XIRECS;9864.0;2
81100;BOT_TAKER;BOT_MAKER;VELVETFRUIT_EXTRACT;XIRECS;5260.0;8
81100;BOT_TAKER;BOT_MAKER;VEV_6000;XIRECS;1.0;2
81300;SUBMISSION;BOT_TAKER;HYDROGEL_PACK;XIRECS;9849.0;3
81400;BOT_TAKER;BOT_MAKER;VELVETFRUIT_EXTRACT;XIRECS;5261.0;4
81400;SUBMISSION;BOT_TAKER;VEV_5400;XIRECS;6.0;5
81500;BOT_MAKER;BOT_TAKER;HYDROGEL_PACK;XIRECS;9851.0;5
81600;BOT_MAKER;BOT_TAKER;VELVETFRUIT_EXTRACT;XIRECS;5256.0;5
81600;BOT_TAKER;BOT_MAKER;VEV_5400;XIRECS;5.0;3
81700;BOT_TAKER;BOT_MAKER;VELVETFRUIT_EXTRACT;XIRECS;5263.0;4
81700;BOT_MAKER;BOT_TAKER;VEV_6000;XIRECS;0.0;3
81800;BOT_MAKER;BOT_TAKER;VELVETFRUIT_EXTRACT;XIRECS;5258.0;5
81800;BOT_MAKER;BOT_TAKER;VEV_5300;XIRECS;41.0;5
81900;BOT_TAKER;SUBMISSION;VELVETFRUIT_EXTRACT;XIRECS;5260.0;5
81900;BOT_TAKER;BOT_MAKER;VELVETFRUIT_EXTRACT;XIRECS;5261.0;3
82000;BOT_MAKER;BOT_TAKER;VEV_4000;XIRECS;1258.0;3
82100;BOT_MAKER;BOT_TAKER;VELVETFRUIT_EXTRACT;XIRECS;5255.0;10
82200;BOT_TAKER;BOT_MAKER;VELVETFRUIT_EXTRACT;XIRECS;5261.0;7
82300;BOT_TAKER;BOT_MAKER;VEV_6000;XIRECS;1.0;4
82300;BOT_TAKER;SUBMISSION;VELVETFRUIT_EXTRACT;XIRECS;5259.0;3
82400;BOT_TAKER;BOT_MAKER;VEV_4000;XIRECS;1282.0;2
82500;BOT_TAKER;BOT_MAKER;HYDROGEL_PACK;XIRECS;9877.0;5
82500;BOT_TAKER;BOT_MAKER;VELVETFRUIT_EXTRACT;XIRECS;5260.0;7
82500;BOT_TAKER;BOT_MAKER;VEV_4000;XIRECS;1282.0;1
82600;BOT_MAKER;BOT_TAKER;VEV_5400;XIRECS;4.0;5
82600;BOT_MAKER;BOT_TAKER;VEV_6500;XIRECS;0.0;3
82700;BOT_TAKER;BOT_MAKER;VELVETFRUIT_EXTRACT;XIRECS;5262.0;5
82700;BOT_TAKER;BOT_MAKER;VELVETFRUIT_EXTRACT;XIRECS;5262.0;4
82800;BOT_MAKER;BOT_TAKER;VELVETFRUIT_EXTRACT;XIRECS;5255.0;3
82800;BOT_TAKER;BOT_MAKER;VEV_4000;XIRECS;1282.0;3
82900;BOT_TAKER;BOT_MAKER;HYDROGEL_PACK;XIRECS;9876.0;4
82900;BOT_MAKER;BOT_TAKER;VEV_6000;XIRECS;0.0;4
82900;BOT_TAKER;SUBMISSION;VEV_5300;XIRECS;42.0;4
83000;BOT_MAKER;BOT_TAKER;HYDROGEL_PACK;XIRECS;9859.0;2
83000;BOT_MAKER;BOT_TAKER;VELVETFRUIT_EXTRACT;XIRECS;5257.0;7
83100;BOT_MAKER;BOT_TAKER;HYDROGEL_PACK;XIRECS;9856.0;2
83100;BOT_MAKER;BOT_TAKER;VEV_4000;XIRECS;1261.0;3
83200;BOT_MAKER;BOT_TAKER;HYDROGEL_PACK;XIRECS;9855.0;4
83200;BOT_TAKER;BOT_MAKER;VELVETFRUIT_EXTRACT;XIRECS;5262.0;4
83300;BOT_MAKER;BOT_TAKER;VELVETFRUIT_EXTRACT;XIRECS;5257.0;6
83300;BOT_TAKER;BOT_MAKER;VEV_4000;XIRECS;1285.0;3
83400;BOT_TAKER;BOT_MAKER;HYDROGEL_PACK;XIRECS;9873.0;5
83400;BOT_TAKER;BOT_MAKER;VELVETFRUIT_EXTRACT;XIRECS;5262.0;6
83500;BOT_TAKER;BOT_MAKER;VELVETFRUIT_EXTRACT;XIRECS;5263.0;4
83500;BOT_TAKER;BOT_MAKER;VEV_5300;XIRECS;43.0;3
83500;BOT_MAKER;BOT_TAKER;VEV_6500;XIRECS;0.0;5
83500;BOT_MAKER;BOT_TAKER;VEV_6500;XIRECS;0.0;2
83600;BOT_MAKER;BOT_TAKER;VELVETFRUIT_EXTRACT;XIRECS;5259.0;7
83600;BOT_TAKER;BOT_MAKER;VEV_5300;XIRECS;43.0;2
83700;BOT_TAKER;BOT_MAKER;VELVETFRUIT_EXTRACT;XIRECS;5265.0;8
83900;BOT_MAKER;BOT_TAKER;VEV_4000;XIRECS;1263.0;3
84100;BOT_TAKER;SUBMISSION;HYDROGEL_PACK;XIRECS;9870.0;4
84200;BOT_MAKER;BOT_TAKER;HYDROGEL_PACK;XIRECS;9854.0;2
84300;BOT_MAKER;BOT_TAKER;VELVETFRUIT_EXTRACT;XIRECS;5260.0;4
84300;BOT_MAKER;BOT_TAKER;VEV_4000;XIRECS;1264.0;1
84500;BOT_MAKER;BOT_TAKER;VELVETFRUIT_EXTRACT;XIRECS;5262.0;5
84600;BOT_MAKER;BOT_TAKER;HYDROGEL_PACK;XIRECS;9861.0;4
84600;BOT_MAKER;BOT_TAKER;VEV_5300;XIRECS;41.0;5
84700;BOT_TAKER;BOT_MAKER;HYDROGEL_PACK;XIRECS;9876.0;5
84700;BOT_TAKER;BOT_MAKER;VEV_4000;XIRECS;1285.0;3
84800;BOT_MAKER;BOT_TAKER;VELVETFRUIT_EXTRACT;XIRECS;5258.0;7
84800;BOT_MAKER;BOT_TAKER;VEV_5500;XIRECS;5.0;4
84900;BOT_MAKER;BOT_TAKER;HYDROGEL_PACK;XIRECS;9861.0;3
84900;BOT_MAKER;BOT_TAKER;VELVETFRUIT_EXTRACT;XIRECS;5258.0;9
84900;BOT_MAKER;BOT_TAKER;VEV_6000;XIRECS;0.0;5
85000;BOT_TAKER;BOT_MAKER;VEV_5500;XIRECS;6.0;2
85100;BOT_MAKER;BOT_TAKER;VELVETFRUIT_EXTRACT;XIRECS;5257.0;5
85100;SUBMISSION;BOT_TAKER;VEV_4000;XIRECS;1263.0;2
85200;BOT_MAKER;BOT_TAKER;VELVETFRUIT_EXTRACT;XIRECS;5259.0;8
85200;BOT_MAKER;BOT_TAKER;VEV_5300;XIRECS;42.0;2
85300;BOT_TAKER;BOT_MAKER;HYDROGEL_PACK;XIRECS;9878.0;2
85300;BOT_MAKER;BOT_TAKER;VEV_5500;XIRECS;5.0;4
85400;BOT_TAKER;BOT_MAKER;VELVETFRUIT_EXTRACT;XIRECS;5263.0;8
85400;BOT_TAKER;SUBMISSION;VELVETFRUIT_EXTRACT;XIRECS;5262.0;4
85500;BOT_TAKER;BOT_MAKER;VEV_6000;XIRECS;1.0;4
85700;BOT_TAKER;BOT_MAKER;VELVETFRUIT_EXTRACT;XIRECS;5261.0;4
85800;SUBMISSION;BOT_TAKER;VELVETFRUIT_EXTRACT;XIRECS;5257.0;4
85900;BOT_MAKER;BOT_TAKER;VEV_6000;XIRECS;0.0;5
86000;BOT_MAKER;BOT_TAKER;HYDROGEL_PACK;XIRECS;9856.0;4
86000;BOT_TAKER;SUBMISSION;VELVETFRUIT_EXTRACT;XIRECS;5261.0;4
86000;SUBMISSION;BOT_TAKER;VEV_4000;XIRECS;1263.0;2
86200;BOT_MAKER;BOT_TAKER;VELVETFRUIT_EXTRACT;XIRECS;5256.0;3
86300;BOT_MAKER;BOT_TAKER;HYDROGEL_PACK;XIRECS;9857.0;2
86300;SUBMISSION;BOT_TAKER;VELVETFRUIT_EXTRACT;XIRECS;5257.0;5
86300;BOT_MAKER;BOT_TAKER;VELVETFRUIT_EXTRACT;XIRECS;5256.0;9
86400;BOT_MAKER;BOT_TAKER;VELVETFRUIT_EXTRACT;XIRECS;5257.0;6
86600;BOT_MAKER;BOT_TAKER;HYDROGEL_PACK;XIRECS;9855.0;2
86700;BOT_TAKER;BOT_MAKER;HYDROGEL_PACK;XIRECS;9870.0;6
86700;BOT_TAKER;BOT_MAKER;VELVETFRUIT_EXTRACT;XIRECS;5264.0;5
86700;BOT_TAKER;BOT_MAKER;VEV_5300;XIRECS;45.0;5
86700;BOT_TAKER;BOT_MAKER;VEV_6500;XIRECS;1.0;4
86800;BOT_TAKER;BOT_MAKER;HYDROGEL_PACK;XIRECS;9868.0;5
86800;BOT_TAKER;BOT_MAKER;VEV_6000;XIRECS;1.0;3
86800;SUBMISSION;BOT_TAKER;VELVETFRUIT_EXTRACT;XIRECS;5259.0;5
86800;BOT_MAKER;BOT_TAKER;VELVETFRUIT_EXTRACT;XIRECS;5258.0;2
86900;BOT_MAKER;BOT_TAKER;HYDROGEL_PACK;XIRECS;9848.0;2
87000;BOT_MAKER;BOT_TAKER;HYDROGEL_PACK;XIRECS;9845.0;2
87000;BOT_MAKER;BOT_TAKER;VELVETFRUIT_EXTRACT;XIRECS;5256.0;10
87100;BOT_MAKER;BOT_TAKER;HYDROGEL_PACK;XIRECS;9844.0;2
87100;BOT_MAKER;BOT_TAKER;VEV_6000;XIRECS;0.0;5
87200;BOT_MAKER;BOT_TAKER;VELVETFRUIT_EXTRACT;XIRECS;5259.0;7
87200;BOT_MAKER;BOT_TAKER;VEV_6000;XIRECS;0.0;3
87300;BOT_TAKER;BOT_MAKER;VEV_5300;XIRECS;47.0;5
87300;SUBMISSION;BOT_TAKER;VELVETFRUIT_EXTRACT;XIRECS;5258.0;2
87300;BOT_MAKER;BOT_TAKER;VELVETFRUIT_EXTRACT;XIRECS;5257.0;11
87400;BOT_MAKER;BOT_TAKER;HYDROGEL_PACK;XIRECS;9844.0;6
87400;BOT_MAKER;BOT_TAKER;VELVETFRUIT_EXTRACT;XIRECS;5259.0;6
87500;BOT_MAKER;BOT_TAKER;VEV_4000;XIRECS;1265.0;3
87500;BOT_MAKER;BOT_TAKER;VELVETFRUIT_EXTRACT;XIRECS;5258.0;3
87600;BOT_MAKER;BOT_TAKER;VEV_5500;XIRECS;4.0;4
87700;BOT_TAKER;BOT_MAKER;VEV_6000;XIRECS;1.0;3
87900;BOT_MAKER;BOT_TAKER;VELVETFRUIT_EXTRACT;XIRECS;5261.0;4
87900;BOT_TAKER;BOT_MAKER;VEV_4000;XIRECS;1287.0;3
88000;BOT_TAKER;BOT_MAKER;VEV_4000;XIRECS;1285.0;2
88000;BOT_TAKER;SUBMISSION;VELVETFRUIT_EXTRACT;XIRECS;5266.0;3
88100;BOT_TAKER;BOT_MAKER;HYDROGEL_PACK;XIRECS;9860.0;2
88200;BOT_MAKER;BOT_TAKER;VELVETFRUIT_EXTRACT;XIRECS;5263.0;3
88200;BOT_MAKER;BOT_TAKER;VEV_5300;XIRECS;44.0;2
88400;BOT_MAKER;BOT_TAKER;VEV_5100;XIRECS;154.0;1
88500;BOT_MAKER;BOT_TAKER;HYDROGEL_PACK;XIRECS;9849.0;4
88500;BOT_MAKER;BOT_TAKER;VELVETFRUIT_EXTRACT;XIRECS;5261.0;4
88600;BOT_MAKER;BOT_TAKER;HYDROGEL_PACK;XIRECS;9849.0;5
88600;BOT_MAKER;BOT_TAKER;VELVETFRUIT_EXTRACT;XIRECS;5261.0;6
88700;BOT_MAKER;BOT_TAKER;VELVETFRUIT_EXTRACT;XIRECS;5259.0;6
88900;BOT_MAKER;BOT_TAKER;VELVETFRUIT_EXTRACT;XIRECS;5258.0;5
89000;BOT_TAKER;BOT_MAKER;HYDROGEL_PACK;XIRECS;9862.0;4
89000;BOT_TAKER;BOT_MAKER;VEV_4000;XIRECS;1289.0;2
89000;BOT_TAKER;BOT_MAKER;VEV_6000;XIRECS;1.0;5
89200;BOT_MAKER;BOT_TAKER;VELVETFRUIT_EXTRACT;XIRECS;5260.0;3
89300;BOT_TAKER;BOT_MAKER;VEV_4000;XIRECS;1288.0;2
89300;BOT_MAKER;BOT_TAKER;VEV_5400;XIRECS;3.0;2
89500;BOT_TAKER;BOT_MAKER;VEV_4000;XIRECS;1289.0;3
89600;BOT_MAKER;BOT_TAKER;HYDROGEL_PACK;XIRECS;9847.0;5
89700;BOT_MAKER;BOT_TAKER;HYDROGEL_PACK;XIRECS;9844.0;5
89700;BOT_TAKER;BOT_MAKER;VEV_4000;XIRECS;1287.0;3
89900;BOT_MAKER;BOT_TAKER;VELVETFRUIT_EXTRACT;XIRECS;5263.0;5
89900;BOT_TAKER;BOT_MAKER;VEV_4000;XIRECS;1287.0;1
89900;SUBMISSION;BOT_TAKER;HYDROGEL_PACK;XIRECS;9839.0;2
89900;SUBMISSION;BOT_TAKER;VEV_5500;XIRECS;5.0;5
90000;BOT_TAKER;BOT_MAKER;VELVETFRUIT_EXTRACT;XIRECS;5268.0;8
90100;BOT_TAKER;BOT_MAKER;HYDROGEL_PACK;XIRECS;9857.0;3
90100;BOT_MAKER;BOT_TAKER;VEV_5500;XIRECS;5.0;3
90200;BOT_MAKER;BOT_TAKER;HYDROGEL_PACK;XIRECS;9841.0;2
90200;BOT_TAKER;BOT_MAKER;VELVETFRUIT_EXTRACT;XIRECS;5266.0;8
90200;BOT_MAKER;BOT_TAKER;VEV_5500;XIRECS;5.0;5
90200;SUBMISSION;BOT_TAKER;VEV_5400;XIRECS;5.0;3
90300;BOT_TAKER;BOT_MAKER;VEV_4000;XIRECS;1285.0;1
90300;SUBMISSION;BOT_TAKER;VEV_4000;XIRECS;1265.0;2
90400;BOT_TAKER;BOT_MAKER;HYDROGEL_PACK;XIRECS;9859.0;6
90400;BOT_MAKER;BOT_TAKER;VELVETFRUIT_EXTRACT;XIRECS;5262.0;6
90500;BOT_MAKER;BOT_TAKER;VELVETFRUIT_EXTRACT;XIRECS;5262.0;7
90600;BOT_MAKER;BOT_TAKER;HYDROGEL_PACK;XIRECS;9842.0;3
90600;BOT_MAKER;BOT_TAKER;VELVETFRUIT_EXTRACT;XIRECS;5262.0;4
90600;BOT_TAKER;BOT_MAKER;VEV_4000;XIRECS;1285.0;3
90700;BOT_TAKER;BOT_MAKER;VEV_5300;XIRECS;45.0;4
90800;BOT_TAKER;BOT_MAKER;VELVETFRUIT_EXTRACT;XIRECS;5265.0;8
90900;BOT_TAKER;BOT_MAKER;HYDROGEL_PACK;XIRECS;9858.0;3
91000;BOT_MAKER;BOT_TAKER;HYDROGEL_PACK;XIRECS;9843.0;6
91300;BOT_TAKER;BOT_MAKER;HYDROGEL_PACK;XIRECS;9861.0;3
91300;BOT_TAKER;BOT_MAKER;VEV_6500;XIRECS;1.0;3
91400;BOT_TAKER;BOT_MAKER;HYDROGEL_PACK;XIRECS;9864.0;5
91500;BOT_TAKER;BOT_MAKER;HYDROGEL_PACK;XIRECS;9861.0;3
91700;BOT_MAKER;BOT_TAKER;VEV_5400;XIRECS;3.0;2
91800;BOT_TAKER;BOT_MAKER;VELVETFRUIT_EXTRACT;XIRECS;5266.0;3
91800;BOT_MAKER;BOT_TAKER;VEV_5500;XIRECS;4.0;2
91900;BOT_TAKER;BOT_MAKER;VELVETFRUIT_EXTRACT;XIRECS;5266.0;6
91900;BOT_MAKER;BOT_TAKER;VEV_5500;XIRECS;4.0;4
92100;BOT_MAKER;BOT_TAKER;VEV_4000;XIRECS;1266.0;2
92100;SUBMISSION;BOT_TAKER;HYDROGEL_PACK;XIRECS;9844.0;3
92200;SUBMISSION;BOT_TAKER;VEV_4000;XIRECS;1266.0;1
92300;BOT_TAKER;BOT_MAKER;HYDROGEL_PACK;XIRECS;9856.0;3
92300;BOT_TAKER;BOT_MAKER;VELVETFRUIT_EXTRACT;XIRECS;5266.0;8
92300;BOT_TAKER;SUBMISSION;VEV_5300;XIRECS;44.0;3
92400;BOT_TAKER;BOT_MAKER;VELVETFRUIT_EXTRACT;XIRECS;5268.0;4
92500;BOT_MAKER;BOT_TAKER;HYDROGEL_PACK;XIRECS;9842.0;4
92500;BOT_TAKER;BOT_MAKER;VEV_6000;XIRECS;1.0;4
92600;BOT_MAKER;BOT_TAKER;HYDROGEL_PACK;XIRECS;9845.0;6
92600;BOT_TAKER;BOT_MAKER;VEV_5500;XIRECS;5.0;4
92600;BOT_TAKER;BOT_MAKER;VEV_6500;XIRECS;1.0;4
92600;BOT_TAKER;SUBMISSION;HYDROGEL_PACK;XIRECS;9860.0;4
92700;BOT_TAKER;BOT_MAKER;VELVETFRUIT_EXTRACT;XIRECS;5270.0;3
92800;BOT_TAKER;BOT_MAKER;VELVETFRUIT_EXTRACT;XIRECS;5269.0;6
92900;BOT_MAKER;BOT_TAKER;HYDROGEL_PACK;XIRECS;9846.0;5
93000;BOT_MAKER;BOT_TAKER;VELVETFRUIT_EXTRACT;XIRECS;5264.0;4
93100;BOT_MAKER;BOT_TAKER;VELVETFRUIT_EXTRACT;XIRECS;5265.0;4
93100;BOT_TAKER;BOT_MAKER;VEV_5400;XIRECS;4.0;2
93100;BOT_TAKER;BOT_MAKER;VEV_6500;XIRECS;1.0;2
93200;BOT_TAKER;BOT_MAKER;VEV_4000;XIRECS;1288.0;3
93300;BOT_MAKER;BOT_TAKER;HYDROGEL_PACK;XIRECS;9851.0;5
93300;BOT_TAKER;BOT_MAKER;VELVETFRUIT_EXTRACT;XIRECS;5270.0;3
93400;BOT_MAKER;BOT_TAKER;VEV_4000;XIRECS;1267.0;1
93500;BOT_MAKER;BOT_TAKER;VELVETFRUIT_EXTRACT;XIRECS;5264.0;5
93600;BOT_MAKER;BOT_TAKER;VELVETFRUIT_EXTRACT;XIRECS;5263.0;3
93700;BOT_MAKER;BOT_TAKER;VEV_6500;XIRECS;0.0;5
93800;BOT_MAKER;BOT_TAKER;HYDROGEL_PACK;XIRECS;9851.0;5
93800;BOT_MAKER;BOT_TAKER;VEV_6500;XIRECS;0.0;5
93900;BOT_MAKER;BOT_TAKER;HYDROGEL_PACK;XIRECS;9852.0;5
93900;BOT_TAKER;BOT_MAKER;VEV_5400;XIRECS;5.0;2
94000;BOT_MAKER;BOT_TAKER;VELVETFRUIT_EXTRACT;XIRECS;5265.0;6
94000;BOT_MAKER;BOT_TAKER;VELVETFRUIT_EXTRACT;XIRECS;5265.0;7
94000;BOT_MAKER;BOT_TAKER;VEV_4000;XIRECS;1263.0;3
94000;BOT_MAKER;BOT_TAKER;VEV_5500;XIRECS;4.0;2
94000;BOT_TAKER;SUBMISSION;VEV_4000;XIRECS;1283.0;1
94100;BOT_TAKER;BOT_MAKER;VELVETFRUIT_EXTRACT;XIRECS;5270.0;14
94100;SUBMISSION;BOT_TAKER;HYDROGEL_PACK;XIRECS;9852.0;5
94300;BOT_TAKER;BOT_MAKER;VELVETFRUIT_EXTRACT;XIRECS;5271.0;4
94300;BOT_TAKER;BOT_MAKER;VEV_5500;XIRECS;6.0;4
94400;BOT_TAKER;BOT_MAKER;HYDROGEL_PACK;XIRECS;9865.0;5
94400;BOT_MAKER;BOT_TAKER;VEV_5500;XIRECS;5.0;2
94700;BOT_MAKER;BOT_TAKER;HYDROGEL_PACK;XIRECS;9845.0;5
94700;BOT_MAKER;BOT_TAKER;VEV_4000;XIRECS;1265.0;1
94700;BOT_TAKER;BOT_MAKER;VEV_5500;XIRECS;6.0;4
95000;BOT_MAKER;BOT_TAKER;HYDROGEL_PACK;XIRECS;9847.0;6
95100;SUBMISSION;BOT_TAKER;VELVETFRUIT_EXTRACT;XIRECS;5270.0;3
95200;BOT_TAKER;BOT_MAKER;VEV_5500;XIRECS;6.0;2
95200;BOT_TAKER;BOT_MAKER;VEV_6500;XIRECS;1.0;5
95300;BOT_MAKER;BOT_TAKER;HYDROGEL_PACK;XIRECS;9849.0;4
95300;BOT_MAKER;BOT_TAKER;VELVETFRUIT_EXTRACT;XIRECS;5268.0;3
95400;BOT_MAKER;BOT_TAKER;VELVETFRUIT_EXTRACT;XIRECS;5269.0;8
95500;BOT_TAKER;SUBMISSION;VEV_4000;XIRECS;1283.0;2
95600;BOT_MAKER;BOT_TAKER;VEV_4000;XIRECS;1262.0;3
95700;BOT_MAKER;BOT_TAKER;HYDROGEL_PACK;XIRECS;9851.0;6
95800;BOT_MAKER;BOT_TAKER;HYDROGEL_PACK;XIRECS;9851.0;3
95800;BOT_TAKER;BOT_MAKER;VEV_5400;XIRECS;4.0;5
95800;BOT_MAKER;BOT_TAKER;VELVETFRUIT_EXTRACT;XIRECS;5270.0;5
95900;BOT_MAKER;BOT_TAKER;HYDROGEL_PACK;XIRECS;9855.0;6
95900;BOT_TAKER;BOT_MAKER;VEV_6000;XIRECS;1.0;4
96100;BOT_TAKER;BOT_MAKER;HYDROGEL_PACK;XIRECS;9868.0;6
96200;BOT_TAKER;BOT_MAKER;VEV_5500;XIRECS;6.0;3
96200;BOT_MAKER;BOT_TAKER;VEV_5500;XIRECS;5.0;4
96300;BOT_TAKER;SUBMISSION;VELVETFRUIT_EXTRACT;XIRECS;5275.0;3
96400;BOT_MAKER;BOT_TAKER;HYDROGEL_PACK;XIRECS;9856.0;2
96400;BOT_MAKER;BOT_TAKER;VELVETFRUIT_EXTRACT;XIRECS;5270.0;3
96500;BOT_MAKER;BOT_TAKER;VEV_6000;XIRECS;0.0;3
96600;BOT_MAKER;BOT_TAKER;VELVETFRUIT_EXTRACT;XIRECS;5268.0;10
96700;BOT_MAKER;BOT_TAKER;VEV_4000;XIRECS;1265.0;1
96700;BOT_MAKER;BOT_TAKER;VEV_5400;XIRECS;3.0;2
96800;BOT_TAKER;BOT_MAKER;VELVETFRUIT_EXTRACT;XIRECS;5272.0;5
96800;SUBMISSION;BOT_TAKER;HYDROGEL_PACK;XIRECS;9862.0;5
96800;BOT_MAKER;BOT_TAKER;HYDROGEL_PACK;XIRECS;9861.0;1
96900;BOT_MAKER;BOT_TAKER;HYDROGEL_PACK;XIRECS;9858.0;6
96900;BOT_MAKER;BOT_TAKER;VELVETFRUIT_EXTRACT;XIRECS;5268.0;3
96900;BOT_TAKER;BOT_MAKER;VEV_5300;XIRECS;45.0;3
97000;BOT_TAKER;BOT_MAKER;VEV_6000;XIRECS;1.0;3
97100;BOT_TAKER;BOT_MAKER;VELVETFRUIT_EXTRACT;XIRECS;5273.0;3
97100;BOT_MAKER;BOT_TAKER;VEV_6000;XIRECS;0.0;5
97100;BOT_TAKER;SUBMISSION;HYDROGEL_PACK;XIRECS;9874.0;3
97200;BOT_MAKER;BOT_TAKER;VELVETFRUIT_EXTRACT;XIRECS;5268.0;8
97300;BOT_TAKER;BOT_MAKER;VEV_6000;XIRECS;1.0;4
97400;BOT_MAKER;BOT_TAKER;VELVETFRUIT_EXTRACT;XIRECS;5269.0;3
97500;BOT_TAKER;BOT_MAKER;HYDROGEL_PACK;XIRECS;9875.0;4
97500;BOT_TAKER;BOT_MAKER;VELVETFRUIT_EXTRACT;XIRECS;5275.0;8
97500;BOT_TAKER;BOT_MAKER;VEV_5400;XIRECS;5.0;3
97500;BOT_MAKER;BOT_TAKER;VEV_5500;XIRECS;4.0;5
97500;BOT_MAKER;BOT_TAKER;VEV_5500;XIRECS;4.0;5
97600;BOT_MAKER;BOT_TAKER;VELVETFRUIT_EXTRACT;XIRECS;5271.0;7
97700;BOT_TAKER;BOT_MAKER;VELVETFRUIT_EXTRACT;XIRECS;5276.0;4
97700;BOT_TAKER;SUBMISSION;VELVETFRUIT_EXTRACT;XIRECS;5275.0;4
97800;BOT_MAKER;BOT_TAKER;VEV_6500;XIRECS;0.0;3
97800;BOT_TAKER;SUBMISSION;HYDROGEL_PACK;XIRECS;9872.0;5
97800;BOT_TAKER;BOT_MAKER;HYDROGEL_PACK;XIRECS;9873.0;1
97900;BOT_MAKER;BOT_TAKER;VEV_6000;XIRECS;0.0;5
98100;BOT_MAKER;BOT_TAKER;VEV_4000;XIRECS;1265.0;1
98200;BOT_MAKER;BOT_TAKER;VEV_4000;XIRECS;1266.0;2
98300;BOT_TAKER;BOT_MAKER;VELVETFRUIT_EXTRACT;XIRECS;5276.0;7
98400;SUBMISSION;BOT_TAKER;VELVETFRUIT_EXTRACT;XIRECS;5272.0;4
98500;BOT_MAKER;BOT_TAKER;VEV_5300;XIRECS;44.0;3
98600;BOT_TAKER;BOT_MAKER;VELVETFRUIT_EXTRACT;XIRECS;5278.0;3
98600;BOT_TAKER;SUBMISSION;VELVETFRUIT_EXTRACT;XIRECS;5277.0;3
98700;BOT_TAKER;BOT_MAKER;VELVETFRUIT_EXTRACT;XIRECS;5278.0;4
98700;BOT_TAKER;SUBMISSION;HYDROGEL_PACK;XIRECS;9854.0;5
98700;BOT_TAKER;BOT_MAKER;HYDROGEL_PACK;XIRECS;9855.0;1
98800;BOT_MAKER;BOT_TAKER;VEV_4000;XIRECS;1263.0;2
98800;BOT_TAKER;BOT_MAKER;VEV_5300;XIRECS;46.0;2
98800;SUBMISSION;BOT_TAKER;VEV_5300;XIRECS;45.0;2
98900;BOT_TAKER;BOT_MAKER;VELVETFRUIT_EXTRACT;XIRECS;5277.0;7
99000;BOT_MAKER;BOT_TAKER;HYDROGEL_PACK;XIRECS;9842.0;2
99000;BOT_MAKER;BOT_TAKER;VELVETFRUIT_EXTRACT;XIRECS;5272.0;8
99000;SUBMISSION;BOT_TAKER;VEV_4000;XIRECS;1265.0;3
99100;BOT_MAKER;BOT_TAKER;HYDROGEL_PACK;XIRECS;9841.0;2
99100;BOT_TAKER;BOT_MAKER;VEV_6000;XIRECS;1.0;4
99200;BOT_TAKER;BOT_MAKER;HYDROGEL_PACK;XIRECS;9865.0;4
99200;BOT_MAKER;BOT_TAKER;VELVETFRUIT_EXTRACT;XIRECS;5272.0;7
99300;BOT_TAKER;BOT_MAKER;HYDROGEL_PACK;XIRECS;9865.0;4
99600;BOT_TAKER;BOT_MAKER;VELVETFRUIT_EXTRACT;XIRECS;5277.0;6
99800;BOT_TAKER;BOT_MAKER;VELVETFRUIT_EXTRACT;XIRECS;5275.0;5
99800;BOT_TAKER;BOT_MAKER;VEV_5400;XIRECS;5.0;3
99800;BOT_MAKER;BOT_TAKER;VEV_5500;XIRECS;4.0;4
99900;BOT_MAKER;BOT_TAKER;VELVETFRUIT_EXTRACT;XIRECS;5268.0;11
100200;BOT_MAKER;BOT_TAKER;HYDROGEL_PACK;XIRECS;9856.0;2
100200;BOT_TAKER;BOT_MAKER;VELVETFRUIT_EXTRACT;XIRECS;5272.0;7
100300;BOT_TAKER;BOT_MAKER;VEV_4000;XIRECS;1283.0;1
100300;BOT_MAKER;BOT_TAKER;VEV_6500;XIRECS;0.0;3
100400;BOT_MAKER;BOT_TAKER;VEV_6500;XIRECS;0.0;2
100500;BOT_MAKER;BOT_TAKER;VELVETFRUIT_EXTRACT;XIRECS;5265.0;8
100500;BOT_TAKER;BOT_MAKER;VEV_4000;XIRECS;1284.0;2
100600;BOT_TAKER;BOT_MAKER;VEV_4000;XIRECS;1284.0;3
100700;BOT_MAKER;BOT_TAKER;HYDROGEL_PACK;XIRECS;9858.0;2
100900;BOT_MAKER;BOT_TAKER;VEV_4000;XIRECS;1265.0;1
100900;BOT_MAKER;BOT_TAKER;VEV_6000;XIRECS;0.0;2
100900;SUBMISSION;BOT_TAKER;VELVETFRUIT_EXTRACT;XIRECS;5265.0;5
100900;BOT_MAKER;BOT_TAKER;VELVETFRUIT_EXTRACT;XIRECS;5264.0;2
101000;BOT_TAKER;BOT_MAKER;VEV_5300;XIRECS;47.0;4
101000;SUBMISSION;BOT_TAKER;VELVETFRUIT_EXTRACT;XIRECS;5267.0;1
101000;BOT_MAKER;BOT_TAKER;VELVETFRUIT_EXTRACT;XIRECS;5266.0;4
101100;BOT_MAKER;BOT_TAKER;HYDROGEL_PACK;XIRECS;9856.0;2
101100;BOT_MAKER;BOT_TAKER;VELVETFRUIT_EXTRACT;XIRECS;5268.0;7
101100;SUBMISSION;BOT_TAKER;HYDROGEL_PACK;XIRECS;9857.0;5
101200;BOT_MAKER;BOT_TAKER;VELVETFRUIT_EXTRACT;XIRECS;5267.0;6
101300;BOT_TAKER;BOT_MAKER;HYDROGEL_PACK;XIRECS;9870.0;5
101300;BOT_MAKER;BOT_TAKER;VELVETFRUIT_EXTRACT;XIRECS;5268.0;8
101300;BOT_MAKER;BOT_TAKER;VEV_5300;XIRECS;46.0;4
101300;BOT_MAKER;BOT_TAKER;VEV_5400;XIRECS;4.0;5
101300;BOT_MAKER;BOT_TAKER;VEV_5400;XIRECS;4.0;5
101300;SUBMISSION;BOT_TAKER;VEV_5200;XIRECS;129.0;1
101400;BOT_TAKER;BOT_MAKER;HYDROGEL_PACK;XIRECS;9867.0;6
101400;BOT_TAKER;BOT_MAKER;VEV_5200;XIRECS;132.0;5
101600;BOT_TAKER;BOT_MAKER;HYDROGEL_PACK;XIRECS;9865.0;3
101600;BOT_TAKER;BOT_MAKER;VELVETFRUIT_EXTRACT;XIRECS;5272.0;7
101600;BOT_TAKER;BOT_MAKER;VEV_6500;XIRECS;1.0;3
101700;BOT_MAKER;BOT_TAKER;HYDROGEL_PACK;XIRECS;9850.0;2
101700;BOT_TAKER;BOT_MAKER;VELVETFRUIT_EXTRACT;XIRECS;5273.0;5
101800;BOT_MAKER;BOT_TAKER;VELVETFRUIT_EXTRACT;XIRECS;5270.0;7
101900;BOT_TAKER;BOT_MAKER;HYDROGEL_PACK;XIRECS;9867.0;2
101900;BOT_TAKER;BOT_MAKER;VEV_6500;XIRECS;1.0;3
102000;BOT_TAKER;BOT_MAKER;VEV_4000;XIRECS;1290.0;3
102000;BOT_TAKER;BOT_MAKER;VEV_6500;XIRECS;1.0;3
102100;BOT_TAKER;BOT_MAKER;VELVETFRUIT_EXTRACT;XIRECS;5276.0;3
102100;BOT_MAKER;BOT_TAKER;VELVETFRUIT_EXTRACT;XIRECS;5270.0;10
102200;BOT_TAKER;BOT_MAKER;VELVETFRUIT_EXTRACT;XIRECS;5275.0;7
102200;BOT_MAKER;BOT_TAKER;VELVETFRUIT_EXTRACT;XIRECS;5269.0;3
102300;BOT_MAKER;BOT_TAKER;VELVETFRUIT_EXTRACT;XIRECS;5269.0;6
102400;BOT_TAKER;BOT_MAKER;VEV_4000;XIRECS;1292.0;1
102400;SUBMISSION;BOT_TAKER;HYDROGEL_PACK;XIRECS;9855.0;5
102400;BOT_MAKER;BOT_TAKER;HYDROGEL_PACK;XIRECS;9854.0;1
102500;BOT_MAKER;BOT_TAKER;VEV_5500;XIRECS;4.0;4
102500;BOT_MAKER;BOT_TAKER;VEV_6500;XIRECS;0.0;4
102600;BOT_MAKER;BOT_TAKER;VEV_4000;XIRECS;1270.0;1
102800;BOT_TAKER;BOT_MAKER;VELVETFRUIT_EXTRACT;XIRECS;5272.0;7
102800;BOT_MAKER;BOT_TAKER;VEV_5400;XIRECS;4.0;4
102800;BOT_TAKER;BOT_MAKER;VEV_6500;XIRECS;1.0;4
103100;BOT_MAKER;BOT_TAKER;VELVETFRUIT_EXTRACT;XIRECS;5269.0;8
103200;SUBMISSION;BOT_TAKER;HYDROGEL_PACK;XIRECS;9852.0;4
103300;BOT_TAKER;BOT_MAKER;VELVETFRUIT_EXTRACT;XIRECS;5273.0;4
103300;BOT_MAKER;BOT_TAKER;VEV_4000;XIRECS;1272.0;1
103400;BOT_MAKER;BOT_TAKER;HYDROGEL_PACK;XIRECS;9850.0;4
103400;BOT_MAKER;BOT_TAKER;VEV_4000;XIRECS;1273.0;3
103400;BOT_TAKER;SUBMISSION;HYDROGEL_PACK;XIRECS;9865.0;3
103700;BOT_MAKER;BOT_TAKER;VELVETFRUIT_EXTRACT;XIRECS;5266.0;5
103700;SUBMISSION;BOT_TAKER;HYDROGEL_PACK;XIRECS;9852.0;2
103700;BOT_MAKER;BOT_TAKER;VELVETFRUIT_EXTRACT;XIRECS;5266.0;4
103800;BOT_MAKER;BOT_TAKER;HYDROGEL_PACK;XIRECS;9851.0;4
103800;BOT_TAKER;BOT_MAKER;VELVETFRUIT_EXTRACT;XIRECS;5274.0;6
103800;BOT_TAKER;BOT_MAKER;VEV_5500;XIRECS;5.0;3
103900;BOT_TAKER;BOT_MAKER;HYDROGEL_PACK;XIRECS;9867.0;6
103900;SUBMISSION;BOT_TAKER;HYDROGEL_PACK;XIRECS;9852.0;4
104000;BOT_TAKER;BOT_MAKER;HYDROGEL_PACK;XIRECS;9864.0;2
104000;BOT_MAKER;BOT_TAKER;VELVETFRUIT_EXTRACT;XIRECS;5266.0;7
104000;BOT_TAKER;SUBMISSION;HYDROGEL_PACK;XIRECS;9863.0;5
104100;BOT_TAKER;BOT_MAKER;VELVETFRUIT_EXTRACT;XIRECS;5271.0;6
104100;BOT_TAKER;BOT_MAKER;VEV_5300;XIRECS;45.0;3
104200;BOT_TAKER;BOT_MAKER;HYDROGEL_PACK;XIRECS;9869.0;6
104200;BOT_TAKER;BOT_MAKER;VELVETFRUIT_EXTRACT;XIRECS;5270.0;3
104400;BOT_TAKER;BOT_MAKER;HYDROGEL_PACK;XIRECS;9868.0;2
104600;SUBMISSION;BOT_TAKER;VEV_4000;XIRECS;1272.0;1
104700;BOT_TAKER;BOT_MAKER;HYDROGEL_PACK;XIRECS;9869.0;6
104700;BOT_MAKER;BOT_TAKER;VELVETFRUIT_EXTRACT;XIRECS;5265.0;3
104700;BOT_MAKER;BOT_TAKER;VELVETFRUIT_EXTRACT;XIRECS;5265.0;7
104800;BOT_MAKER;BOT_TAKER;HYDROGEL_PACK;XIRECS;9851.0;4
104800;BOT_MAKER;BOT_TAKER;VELVETFRUIT_EXTRACT;XIRECS;5264.0;5
104900;BOT_MAKER;BOT_TAKER;HYDROGEL_PACK;XIRECS;9853.0;2
104900;BOT_MAKER;BOT_TAKER;VELVETFRUIT_EXTRACT;XIRECS;5263.0;8
104900;BOT_MAKER;BOT_TAKER;VELVETFRUIT_EXTRACT;XIRECS;5263.0;3
105000;BOT_MAKER;BOT_TAKER;VEV_5500;XIRECS;4.0;5
105000;BOT_TAKER;SUBMISSION;VELVETFRUIT_EXTRACT;XIRECS;5267.0;5
105000;BOT_TAKER;BOT_MAKER;VELVETFRUIT_EXTRACT;XIRECS;5268.0;1
105100;BOT_MAKER;BOT_TAKER;VELVETFRUIT_EXTRACT;XIRECS;5261.0;13
105200;BOT_TAKER;BOT_MAKER;VELVETFRUIT_EXTRACT;XIRECS;5267.0;7
105200;BOT_MAKER;BOT_TAKER;VEV_5400;XIRECS;5.0;5
105400;BOT_TAKER;BOT_MAKER;VELVETFRUIT_EXTRACT;XIRECS;5264.0;3
105400;BOT_MAKER;BOT_TAKER;VELVETFRUIT_EXTRACT;XIRECS;5258.0;5
105500;BOT_TAKER;BOT_MAKER;HYDROGEL_PACK;XIRECS;9873.0;5
105500;BOT_MAKER;BOT_TAKER;VEV_4000;XIRECS;1271.0;3
105500;BOT_MAKER;BOT_TAKER;VEV_5500;XIRECS;4.0;5
105600;BOT_TAKER;BOT_MAKER;HYDROGEL_PACK;XIRECS;9875.0;5
105600;BOT_MAKER;BOT_TAKER;VELVETFRUIT_EXTRACT;XIRECS;5258.0;13
105700;BOT_TAKER;BOT_MAKER;VELVETFRUIT_EXTRACT;XIRECS;5262.0;4
105700;BOT_TAKER;BOT_MAKER;VEV_4000;XIRECS;1293.0;2
105700;BOT_TAKER;SUBMISSION;VEV_4000;XIRECS;1292.0;3
105800;BOT_TAKER;BOT_MAKER;VELVETFRUIT_EXTRACT;XIRECS;5262.0;5
105800;BOT_MAKER;BOT_TAKER;VEV_4000;XIRECS;1271.0;3
105900;BOT_MAKER;BOT_TAKER;HYDROGEL_PACK;XIRECS;9860.0;6
105900;BOT_TAKER;BOT_MAKER;VELVETFRUIT_EXTRACT;XIRECS;5261.0;6
105900;BOT_TAKER;SUBMISSION;HYDROGEL_PACK;XIRECS;9875.0;2
106100;BOT_TAKER;BOT_MAKER;HYDROGEL_PACK;XIRECS;9872.0;3
106100;BOT_MAKER;BOT_TAKER;VEV_6000;XIRECS;0.0;2
106200;BOT_MAKER;BOT_TAKER;HYDROGEL_PACK;XIRECS;9857.0;3
106200;BOT_TAKER;SUBMISSION;VELVETFRUIT_EXTRACT;XIRECS;5259.0;5
106200;BOT_TAKER;BOT_MAKER;VELVETFRUIT_EXTRACT;XIRECS;5260.0;1
106400;BOT_TAKER;BOT_MAKER;VELVETFRUIT_EXTRACT;XIRECS;5260.0;5
106400;BOT_MAKER;BOT_TAKER;VELVETFRUIT_EXTRACT;XIRECS;5256.0;7
106400;BOT_TAKER;SUBMISSION;VEV_4000;XIRECS;1293.0;3
106500;BOT_MAKER;BOT_TAKER;VELVETFRUIT_EXTRACT;XIRECS;5256.0;7
106600;BOT_TAKER;BOT_MAKER;HYDROGEL_PACK;XIRECS;9874.0;5
106600;BOT_MAKER;BOT_TAKER;VEV_4000;XIRECS;1271.0;1
106600;BOT_MAKER;BOT_TAKER;VEV_6500;XIRECS;0.0;4
106600;BOT_TAKER;SUBMISSION;VEV_5400;XIRECS;5.0;5
106700;BOT_TAKER;SUBMISSION;HYDROGEL_PACK;XIRECS;9874.0;3
106800;BOT_MAKER;BOT_TAKER;HYDROGEL_PACK;XIRECS;9859.0;4
106800;BOT_TAKER;BOT_MAKER;VEV_6500;XIRECS;1.0;2
106900;BOT_TAKER;BOT_MAKER;HYDROGEL_PACK;XIRECS;9873.0;6
106900;BOT_MAKER;BOT_TAKER;VELVETFRUIT_EXTRACT;XIRECS;5258.0;8
107000;BOT_TAKER;BOT_MAKER;VELVETFRUIT_EXTRACT;XIRECS;5262.0;8
107000;BOT_TAKER;BOT_MAKER;VEV_4000;XIRECS;1292.0;3
107100;BOT_MAKER;BOT_TAKER;HYDROGEL_PACK;XIRECS;9857.0;6
107100;BOT_TAKER;BOT_MAKER;VELVETFRUIT_EXTRACT;XIRECS;5262.0;5
107100;SUBMISSION;BOT_TAKER;VELVETFRUIT_EXTRACT;XIRECS;5258.0;5
107100;BOT_MAKER;BOT_TAKER;VELVETFRUIT_EXTRACT;XIRECS;5257.0;4
107200;BOT_MAKER;BOT_TAKER;VELVETFRUIT_EXTRACT;XIRECS;5259.0;3
107200;BOT_MAKER;BOT_TAKER;VEV_4000;XIRECS;1271.0;3
107200;BOT_TAKER;BOT_MAKER;VEV_5400;XIRECS;5.0;5
107400;BOT_MAKER;BOT_TAKER;HYDROGEL_PACK;XIRECS;9856.0;2
107400;BOT_TAKER;BOT_MAKER;VEV_4000;XIRECS;1292.0;1
107500;BOT_MAKER;BOT_TAKER;HYDROGEL_PACK;XIRECS;9856.0;3
107500;BOT_MAKER;BOT_TAKER;VEV_5500;XIRECS;4.0;2
107500;BOT_MAKER;BOT_TAKER;VEV_5500;XIRECS;4.0;4
107600;BOT_TAKER;BOT_MAKER;VEV_6000;XIRECS;1.0;3
107800;BOT_TAKER;BOT_MAKER;VEV_4000;XIRECS;1293.0;2
107900;BOT_TAKER;BOT_MAKER;VEV_5500;XIRECS;5.0;5
108000;BOT_MAKER;BOT_TAKER;HYDROGEL_PACK;XIRECS;9854.0;2
108000;BOT_MAKER;BOT_TAKER;VEV_4000;XIRECS;1275.0;2
108100;BOT_TAKER;BOT_MAKER;VELVETFRUIT_EXTRACT;XIRECS;5261.0;4
108100;BOT_MAKER;BOT_TAKER;VEV_5400;XIRECS;3.0;2
108200;BOT_MAKER;BOT_TAKER;VELVETFRUIT_EXTRACT;XIRECS;5256.0;5
108200;SUBMISSION;BOT_TAKER;HYDROGEL_PACK;XIRECS;9856.0;2
108300;BOT_MAKER;BOT_TAKER;VELVETFRUIT_EXTRACT;XIRECS;5256.0;5
108300;BOT_TAKER;BOT_MAKER;VEV_5300;XIRECS;49.0;4
108400;BOT_TAKER;BOT_MAKER;VELVETFRUIT_EXTRACT;XIRECS;5258.0;3
108400;BOT_TAKER;BOT_MAKER;VEV_4000;XIRECS;1295.0;2
108500;BOT_TAKER;BOT_MAKER;HYDROGEL_PACK;XIRECS;9868.0;5
108500;BOT_TAKER;BOT_MAKER;VELVETFRUIT_EXTRACT;XIRECS;5257.0;4
108600;BOT_TAKER;SUBMISSION;VEV_4000;XIRECS;1294.0;3
108700;BOT_TAKER;BOT_MAKER;HYDROGEL_PACK;XIRECS;9868.0;6
108900;BOT_TAKER;BOT_MAKER;VEV_5300;XIRECS;50.0;5
108900;BOT_MAKER;BOT_TAKER;VEV_6000;XIRECS;0.0;3
109000;BOT_MAKER;BOT_TAKER;HYDROGEL_PACK;XIRECS;9848.0;4
109200;BOT_TAKER;BOT_MAKER;VEV_5300;XIRECS;50.0;4
109300;BOT_MAKER;BOT_TAKER;VELVETFRUIT_EXTRACT;XIRECS;5255.0;8
109300;BOT_TAKER;BOT_MAKER;VEV_5400;XIRECS;6.0;2
109300;SUBMISSION;BOT_TAKER;HYDROGEL_PACK;XIRECS;9854.0;5
109300;BOT_TAKER;SUBMISSION;VELVETFRUIT_EXTRACT;XIRECS;5260.0;5
109300;BOT_TAKER;BOT_MAKER;VELVETFRUIT_EXTRACT;XIRECS;5261.0;2
109300;SUBMISSION;BOT_TAKER;VEV_5400;XIRECS;5.0;2
109400;BOT_TAKER;BOT_MAKER;VELVETFRUIT_EXTRACT;XIRECS;5259.0;4
109400;BOT_MAKER;BOT_TAKER;VEV_5300;XIRECS;48.0;3
109500;BOT_TAKER;BOT_MAKER;VELVETFRUIT_EXTRACT;XIRECS;5258.0;4
109500;BOT_TAKER;BOT_MAKER;VEV_5500;XIRECS;5.0;5
109500;BOT_MAKER;BOT_TAKER;VEV_6500;XIRECS;0.0;4
109500;BOT_TAKER;SUBMISSION;HYDROGEL_PACK;XIRECS;9868.0;2
109600;BOT_TAKER;SUBMISSION;VELVETFRUIT_EXTRACT;XIRECS;5257.0;5
109600;BOT_TAKER;BOT_MAKER;VELVETFRUIT_EXTRACT;XIRECS;5258.0;3
109700;BOT_MAKER;BOT_TAKER;VEV_6500;XIRECS;0.0;2
109800;BOT_MAKER;BOT_TAKER;HYDROGEL_PACK;XIRECS;9855.0;3
109800;BOT_MAKER;BOT_TAKER;VELVETFRUIT_EXTRACT;XIRECS;5254.0;5
109900;BOT_TAKER;BOT_MAKER;VELVETFRUIT_EXTRACT;XIRECS;5259.0;6
109900;BOT_TAKER;BOT_MAKER;VEV_4000;XIRECS;1299.0;3
109900;BOT_TAKER;BOT_MAKER;VEV_5300;XIRECS;50.0;5
110000;BOT_TAKER;BOT_MAKER;VEV_5400;XIRECS;5.0;5
110100;BOT_MAKER;BOT_TAKER;HYDROGEL_PACK;XIRECS;9854.0;2
110100;BOT_TAKER;BOT_MAKER;VELVETFRUIT_EXTRACT;XIRECS;5258.0;8
110100;BOT_MAKER;BOT_TAKER;VEV_4000;XIRECS;1276.0;1
110200;BOT_TAKER;BOT_MAKER;VEV_6000;XIRECS;1.0;2
110200;SUBMISSION;BOT_TAKER;VELVETFRUIT_EXTRACT;XIRECS;5252.0;5
110300;BOT_TAKER;BOT_MAKER;VELVETFRUIT_EXTRACT;XIRECS;5257.0;8
110400;BOT_TAKER;BOT_MAKER;VELVETFRUIT_EXTRACT;XIRECS;5257.0;8
110500;BOT_TAKER;BOT_MAKER;VELVETFRUIT_EXTRACT;XIRECS;5256.0;7
110500;BOT_TAKER;BOT_MAKER;VEV_4000;XIRECS;1297.0;2
110600;BOT_MAKER;BOT_TAKER;HYDROGEL_PACK;XIRECS;9859.0;3
110600;BOT_MAKER;BOT_TAKER;VELVETFRUIT_EXTRACT;XIRECS;5251.0;7
110800;SUBMISSION;BOT_TAKER;HYDROGEL_PACK;XIRECS;9858.0;2
110900;BOT_MAKER;BOT_TAKER;HYDROGEL_PACK;XIRECS;9858.0;6
110900;BOT_TAKER;BOT_MAKER;VEV_4000;XIRECS;1297.0;1
111000;BOT_MAKER;BOT_TAKER;HYDROGEL_PACK;XIRECS;9858.0;4
111000;BOT_MAKER;BOT_TAKER;VELVETFRUIT_EXTRACT;XIRECS;5255.0;5
111100;BOT_TAKER;BOT_MAKER;HYDROGEL_PACK;XIRECS;9874.0;4
111100;BOT_TAKER;BOT_MAKER;VEV_5400;XIRECS;6.0;4
111100;BOT_TAKER;BOT_MAKER;VEV_6000;XIRECS;1.0;4
111200;BOT_MAKER;BOT_TAKER;VELVETFRUIT_EXTRACT;XIRECS;5256.0;5
111300;BOT_MAKER;BOT_TAKER;VELVETFRUIT_EXTRACT;XIRECS;5258.0;7
111300;BOT_MAKER;BOT_TAKER;VEV_6000;XIRECS;0.0;4
111400;SUBMISSION;BOT_TAKER;VELVETFRUIT_EXTRACT;XIRECS;5258.0;3
111500;BOT_TAKER;BOT_MAKER;VELVETFRUIT_EXTRACT;XIRECS;5264.0;6
111500;BOT_TAKER;BOT_MAKER;VEV_4000;XIRECS;1297.0;3
111600;BOT_MAKER;BOT_TAKER;HYDROGEL_PACK;XIRECS;9857.0;3
111600;BOT_TAKER;BOT_MAKER;VELVETFRUIT_EXTRACT;XIRECS;5265.0;3
111600;BOT_MAKER;BOT_TAKER;VELVETFRUIT_EXTRACT;XIRECS;5259.0;8
111600;SUBMISSION;BOT_TAKER;HYDROGEL_PACK;XIRECS;9858.0;4
111700;BOT_TAKER;BOT_MAKER;VEV_6000;XIRECS;1.0;2
111800;BOT_MAKER;BOT_TAKER;HYDROGEL_PACK;XIRECS;9856.0;3
111800;BOT_TAKER;BOT_MAKER;VEV_5500;XIRECS;5.0;3
111900;BOT_TAKER;BOT_MAKER;VELVETFRUIT_EXTRACT;XIRECS;5269.0;4
112000;BOT_MAKER;BOT_TAKER;HYDROGEL_PACK;XIRECS;9854.0;2
112000;BOT_MAKER;BOT_TAKER;HYDROGEL_PACK;XIRECS;9854.0;4
112100;SUBMISSION;BOT_TAKER;VELVETFRUIT_EXTRACT;XIRECS;5264.0;4
112200;BOT_MAKER;BOT_TAKER;VEV_5400;XIRECS;4.0;4
112200;BOT_TAKER;BOT_MAKER;VEV_5500;XIRECS;5.0;2
112300;BOT_TAKER;BOT_MAKER;VEV_6500;XIRECS;1.0;4
112400;BOT_TAKER;BOT_MAKER;HYDROGEL_PACK;XIRECS;9867.0;4
112400;BOT_TAKER;SUBMISSION;VELVETFRUIT_EXTRACT;XIRECS;5271.0;5
112400;BOT_TAKER;BOT_MAKER;VELVETFRUIT_EXTRACT;XIRECS;5272.0;6
112500;BOT_MAKER;BOT_TAKER;HYDROGEL_PACK;XIRECS;9854.0;4
112600;BOT_MAKER;BOT_TAKER;VELVETFRUIT_EXTRACT;XIRECS;5265.0;6
112600;BOT_TAKER;SUBMISSION;VELVETFRUIT_EXTRACT;XIRECS;5270.0;5
112700;BOT_MAKER;BOT_TAKER;VELVETFRUIT_EXTRACT;XIRECS;5266.0;5
112800;BOT_TAKER;BOT_MAKER;VEV_6000;XIRECS;1.0;3
113000;BOT_MAKER;BOT_TAKER;VEV_6500;XIRECS;0.0;2
113100;BOT_MAKER;BOT_TAKER;VELVETFRUIT_EXTRACT;XIRECS;5266.0;5
113100;BOT_MAKER;BOT_TAKER;VEV_6500;XIRECS;0.0;4
