timestamp;buyer;seller;symbol;currency;price;quantity
700;SUBMISSION;BOT_TAKER;PEBBLES_XS;XIRECS;9973.0;2
700;BOT_MAKER;BOT_TAKER;PEBBLES_S;XIRECS;10028.0;2
700;BOT_MAKER;BOT_TAKER;PEBBLES_M;XIRECS;10066.0;2
700;SUBMISSION;BOT_TAKER;PEBBLES_L;XIRECS;9994.0;2
700;SUBMISSION;BOT_TAKER;PEBBLES_XL;XIRECS;9911.0;2
2100;BOT_TAKER;BOT_MAKER;GALAXY_SOUNDS_DARK_MATTER;XIRECS;9944.0;4
2100;BOT_TAKER;SUBMISSION;GALAXY_SOUNDS_BLACK_HOLES;XIRECS;10025.0;4
2100;BOT_TAKER;SUBMISSION;GALAXY_SOUNDS_PLANETARY_RINGS;XIRECS;10020.0;4
2100;BOT_TAKER;SUBMISSION;GALAXY_SOUNDS_SOLAR_WINDS;XIRECS;9955.0;4
2100;BOT_TAKER;BOT_MAKER;GALAXY_SOUNDS_SOLAR_FLAMES;XIRECS;10000.0;4
2100;BOT_TAKER;BOT_MAKER;SLEEP_POD_SUEDE;XIRECS;9976.0;4
2100;BOT_TAKER;SUBMISSION;SLEEP_POD_LAMB_WOOL;XIRECS;10053.0;4
2100;BOT_TAKER;SUBMISSION;SLEEP_POD_POLYESTER;XIRECS;9923.0;4
2100;BOT_TAKER;BOT_MAKER;SLEEP_POD_NYLON;XIRECS;9971.0;4
2100;BOT_TAKER;SUBMISSION;SLEEP_POD_COTTON;XIRECS;9924.0;4
2100;BOT_TAKER;BOT_MAKER;ROBOT_VACUUMING;XIRECS;9999.0;4
2100;BOT_TAKER;SUBMISSION;ROBOT_MOPPING;XIRECS;9972.0;4
2100;BOT_TAKER;BOT_MAKER;ROBOT_DISHES;XIRECS;9900.0;4
2100;BOT_TAKER;BOT_MAKER;ROBOT_LAUNDRY;XIRECS;9967.0;4
2100;BOT_TAKER;SUBMISSION;ROBOT_IRONING;XIRECS;10065.0;4
2100;BOT_TAKER;SUBMISSION;UV_VISOR_YELLOW;XIRECS;9928.0;4
2100;BOT_TAKER;SUBMISSION;UV_VISOR_AMBER;XIRECS;9996.0;4
2100;BOT_TAKER;SUBMISSION;UV_VISOR_ORANGE;XIRECS;10053.0;4
2100;BOT_TAKER;BOT_MAKER;UV_VISOR_RED;XIRECS;10008.0;4
2100;BOT_TAKER;SUBMISSION;UV_VISOR_MAGENTA;XIRECS;10166.0;4
2100;BOT_TAKER;SUBMISSION;TRANSLATOR_SPACE_GRAY;XIRECS;10030.0;4
2100;BOT_TAKER;SUBMISSION;TRANSLATOR_ASTRO_BLACK;XIRECS;10064.0;4
2100;BOT_TAKER;SUBMISSION;TRANSLATOR_ECLIPSE_CHARCOAL;XIRECS;10007.0;2
2100;BOT_TAKER;BOT_MAKER;TRANSLATOR_ECLIPSE_CHARCOAL;XIRECS;10008.0;2
2100;BOT_TAKER;SUBMISSION;TRANSLATOR_GRAPHITE_MIST;XIRECS;9996.0;4
2100;BOT_TAKER;SUBMISSION;TRANSLATOR_VOID_BLUE;XIRECS;10008.0;1
2100;BOT_TAKER;BOT_MAKER;TRANSLATOR_VOID_BLUE;XIRECS;10009.0;3
2100;BOT_TAKER;SUBMISSION;PANEL_1X2;XIRECS;10037.0;4
2100;BOT_TAKER;SUBMISSION;PANEL_2X2;XIRECS;10011.0;4
2100;BOT_TAKER;SUBMISSION;PANEL_1X4;XIRECS;10075.0;4
2100;BOT_TAKER;SUBMISSION;PANEL_2X4;XIRECS;10025.0;4
2100;BOT_TAKER;SUBMISSION;PANEL_4X4;XIRECS;10042.0;4
2100;BOT_TAKER;SUBMISSION;OXYGEN_SHAKE_MORNING_BREATH;XIRECS;9984.0;4
2100;BOT_TAKER;SUBMISSION;OXYGEN_SHAKE_EVENING_BREATH;XIRECS;10038.0;4
2100;BOT_TAKER;SUBMISSION;OXYGEN_SHAKE_MINT;XIRECS;10002.0;4
2100;BOT_TAKER;SUBMISSION;OXYGEN_SHAKE_CHOCOLATE;XIRECS;10047.0;4
2100;BOT_TAKER;SUBMISSION;OXYGEN_SHAKE_GARLIC;XIRECS;10016.0;4
2100;BOT_TAKER;SUBMISSION;SNACKPACK_CHOCOLATE;XIRECS;10029.0;4
2100;BOT_TAKER;BOT_MAKER;SNACKPACK_VANILLA;XIRECS;10011.0;4
2100;BOT_TAKER;SUBMISSION;SNACKPACK_PISTACHIO;XIRECS;10006.0;4
2100;BOT_TAKER;SUBMISSION;SNACKPACK_STRAWBERRY;XIRECS;9999.0;4
2100;BOT_TAKER;BOT_MAKER;SNACKPACK_RASPBERRY;XIRECS;10031.0;4
3700;SUBMISSION;BOT_TAKER;GALAXY_SOUNDS_DARK_MATTER;XIRECS;9919.0;2
3700;SUBMISSION;BOT_TAKER;GALAXY_SOUNDS_BLACK_HOLES;XIRECS;10052.0;2
3700;SUBMISSION;BOT_TAKER;GALAXY_SOUNDS_PLANETARY_RINGS;XIRECS;9997.0;2
3700;SUBMISSION;BOT_TAKER;GALAXY_SOUNDS_SOLAR_WINDS;XIRECS;9981.0;2
3700;BOT_MAKER;BOT_TAKER;GALAXY_SOUNDS_SOLAR_FLAMES;XIRECS;10117.0;2
3700;BOT_MAKER;BOT_TAKER;SLEEP_POD_SUEDE;XIRECS;10044.0;2
3700;BOT_MAKER;BOT_TAKER;SLEEP_POD_LAMB_WOOL;XIRECS;10041.0;2
3700;SUBMISSION;BOT_TAKER;SLEEP_POD_POLYESTER;XIRECS;9898.0;2
3700;SUBMISSION;BOT_TAKER;SLEEP_POD_NYLON;XIRECS;9973.0;2
3700;SUBMISSION;BOT_TAKER;SLEEP_POD_COTTON;XIRECS;9936.0;2
3700;BOT_MAKER;BOT_TAKER;ROBOT_VACUUMING;XIRECS;10034.0;2
3700;SUBMISSION;BOT_TAKER;ROBOT_MOPPING;XIRECS;9959.0;2
3700;SUBMISSION;BOT_TAKER;ROBOT_DISHES;XIRECS;9815.0;2
3700;BOT_MAKER;BOT_TAKER;ROBOT_LAUNDRY;XIRECS;10048.0;2
3700;SUBMISSION;BOT_TAKER;ROBOT_IRONING;XIRECS;10068.0;2
3700;SUBMISSION;BOT_TAKER;UV_VISOR_YELLOW;XIRECS;9860.0;2
3700;SUBMISSION;BOT_TAKER;UV_VISOR_AMBER;XIRECS;9976.0;2
3700;SUBMISSION;BOT_TAKER;UV_VISOR_ORANGE;XIRECS;10039.0;2
3700;SUBMISSION;BOT_TAKER;UV_VISOR_RED;XIRECS;9955.0;2
3700;BOT_MAKER;BOT_TAKER;UV_VISOR_MAGENTA;XIRECS;10183.0;2
3700;SUBMISSION;BOT_TAKER;TRANSLATOR_SPACE_GRAY;XIRECS;10025.0;2
3700;BOT_MAKER;BOT_TAKER;TRANSLATOR_ASTRO_BLACK;XIRECS;10063.0;2
3700;SUBMISSION;BOT_TAKER;TRANSLATOR_ECLIPSE_CHARCOAL;XIRECS;9919.0;2
3700;SUBMISSION;BOT_TAKER;TRANSLATOR_GRAPHITE_MIST;XIRECS;9998.0;2
3700;SUBMISSION;BOT_TAKER;TRANSLATOR_VOID_BLUE;XIRECS;9952.0;2
3700;SUBMISSION;BOT_TAKER;PANEL_1X2;XIRECS;10038.0;2
3700;SUBMISSION;BOT_TAKER;PANEL_2X2;XIRECS;10027.0;2
3700;SUBMISSION;BOT_TAKER;PANEL_1X4;XIRECS;10122.0;2
3700;SUBMISSION;BOT_TAKER;PANEL_2X4;XIRECS;9993.0;2
3700;SUBMISSION;BOT_TAKER;PANEL_4X4;XIRECS;10094.0;2
3700;SUBMISSION;BOT_TAKER;OXYGEN_SHAKE_MORNING_BREATH;XIRECS;9993.0;2
3700;SUBMISSION;BOT_TAKER;OXYGEN_SHAKE_EVENING_BREATH;XIRECS;10011.0;2
3700;SUBMISSION;BOT_TAKER;OXYGEN_SHAKE_MINT;XIRECS;9959.0;2
3700;BOT_MAKER;BOT_TAKER;OXYGEN_SHAKE_CHOCOLATE;XIRECS;10008.0;2
3700;SUBMISSION;BOT_TAKER;OXYGEN_SHAKE_GARLIC;XIRECS;10056.0;2
3700;BOT_MAKER;BOT_TAKER;SNACKPACK_CHOCOLATE;XIRECS;10045.0;2
3700;SUBMISSION;BOT_TAKER;SNACKPACK_VANILLA;XIRECS;9966.0;2
3700;BOT_MAKER;BOT_TAKER;SNACKPACK_PISTACHIO;XIRECS;9986.0;2
3700;BOT_MAKER;BOT_TAKER;SNACKPACK_STRAWBERRY;XIRECS;10004.0;2
3700;SUBMISSION;BOT_TAKER;SNACKPACK_RASPBERRY;XIRECS;9988.0;2
8600;SUBMISSION;BOT_TAKER;PEBBLES_XS;XIRECS;9863.0;2
8600;BOT_MAKER;BOT_TAKER;PEBBLES_XS;XIRECS;9862.0;3
8600;SUBMISSION;BOT_TAKER;PEBBLES_S;XIRECS;9940.0;5
8600;BOT_MAKER;BOT_TAKER;PEBBLES_M;XIRECS;10230.0;5
8600;SUBMISSION;BOT_TAKER;PEBBLES_L;XIRECS;10220.0;2
8600;BOT_MAKER;BOT_TAKER;PEBBLES_L;XIRECS;10219.0;3
8600;SUBMISSION;BOT_TAKER;PEBBLES_XL;XIRECS;9721.0;5
10500;SUBMISSION;BOT_TAKER;GALAXY_SOUNDS_DARK_MATTER;XIRECS;9915.0;3
10500;SUBMISSION;BOT_TAKER;GALAXY_SOUNDS_BLACK_HOLES;XIRECS;9990.0;3
10500;SUBMISSION;BOT_TAKER;GALAXY_SOUNDS_PLANETARY_RINGS;XIRECS;10027.0;3
10500;SUBMISSION;BOT_TAKER;GALAXY_SOUNDS_SOLAR_WINDS;XIRECS;10097.0;3
10500;BOT_MAKER;BOT_TAKER;GALAXY_SOUNDS_SOLAR_FLAMES;XIRECS;10229.0;3
10500;BOT_MAKER;BOT_TAKER;SLEEP_POD_SUEDE;XIRECS;10072.0;3
10500;BOT_MAKER;BOT_TAKER;SLEEP_POD_LAMB_WOOL;XIRECS;10238.0;3
10500;SUBMISSION;BOT_TAKER;SLEEP_POD_POLYESTER;XIRECS;10028.0;3
10500;SUBMISSION;BOT_TAKER;SLEEP_POD_NYLON;XIRECS;9837.0;3
10500;SUBMISSION;BOT_TAKER;SLEEP_POD_COTTON;XIRECS;9827.0;3
10500;BOT_MAKER;BOT_TAKER;ROBOT_VACUUMING;XIRECS;10051.0;3
10500;SUBMISSION;BOT_TAKER;ROBOT_MOPPING;XIRECS;9960.0;3
10500;SUBMISSION;BOT_TAKER;ROBOT_DISHES;XIRECS;9922.0;3
10500;BOT_MAKER;BOT_TAKER;ROBOT_LAUNDRY;XIRECS;10104.0;3
10500;SUBMISSION;BOT_TAKER;ROBOT_IRONING;XIRECS;9990.0;3
10500;SUBMISSION;BOT_TAKER;UV_VISOR_YELLOW;XIRECS;9892.0;3
10500;SUBMISSION;BOT_TAKER;UV_VISOR_AMBER;XIRECS;10033.0;3
10500;SUBMISSION;BOT_TAKER;UV_VISOR_ORANGE;XIRECS;10002.0;3
10500;BOT_MAKER;BOT_TAKER;UV_VISOR_RED;XIRECS;10106.0;3
10500;BOT_MAKER;BOT_TAKER;UV_VISOR_MAGENTA;XIRECS;10078.0;3
10500;SUBMISSION;BOT_TAKER;TRANSLATOR_SPACE_GRAY;XIRECS;10004.0;3
10500;BOT_MAKER;BOT_TAKER;TRANSLATOR_ASTRO_BLACK;XIRECS;10007.0;3
10500;SUBMISSION;BOT_TAKER;TRANSLATOR_ECLIPSE_CHARCOAL;XIRECS;9953.0;3
10500;SUBMISSION;BOT_TAKER;TRANSLATOR_GRAPHITE_MIST;XIRECS;10029.0;3
10500;SUBMISSION;BOT_TAKER;TRANSLATOR_VOID_BLUE;XIRECS;9966.0;3
10500;SUBMISSION;BOT_TAKER;PANEL_1X2;XIRECS;10011.0;3
10500;SUBMISSION;BOT_TAKER;PANEL_2X2;XIRECS;10064.0;3
10500;SUBMISSION;BOT_TAKER;PANEL_1X4;XIRECS;10091.0;3
10500;SUBMISSION;BOT_TAKER;PANEL_2X4;XIRECS;9893.0;3
10500;SUBMISSION;BOT_TAKER;PANEL_4X4;XIRECS;10150.0;3
10500;SUBMISSION;BOT_TAKER;OXYGEN_SHAKE_MORNING_BREATH;XIRECS;9940.0;3
10500;SUBMISSION;BOT_TAKER;OXYGEN_SHAKE_EVENING_BREATH;XIRECS;9997.0;3
10500;SUBMISSION;BOT_TAKER;OXYGEN_SHAKE_MINT;XIRECS;10000.0;3
10500;SUBMISSION;BOT_TAKER;OXYGEN_SHAKE_CHOCOLATE;XIRECS;9932.0;3
10500;SUBMISSION;BOT_TAKER;OXYGEN_SHAKE_GARLIC;XIRECS;10182.0;3
10500;BOT_MAKER;BOT_TAKER;SNACKPACK_CHOCOLATE;XIRECS;10044.0;3
10500;SUBMISSION;BOT_TAKER;SNACKPACK_VANILLA;XIRECS;9931.0;3
10500;SUBMISSION;BOT_TAKER;SNACKPACK_PISTACHIO;XIRECS;9961.0;3
10500;BOT_MAKER;BOT_TAKER;SNACKPACK_STRAWBERRY;XIRECS;10000.0;3
10500;SUBMISSION;BOT_TAKER;SNACKPACK_RASPBERRY;XIRECS;10018.0;1
10500;BOT_MAKER;BOT_TAKER;SNACKPACK_RASPBERRY;XIRECS;10017.0;2
10600;SUBMISSION;BOT_TAKER;GALAXY_SOUNDS_DARK_MATTER;XIRECS;9924.0;2
10600;SUBMISSION;BOT_TAKER;GALAXY_SOUNDS_BLACK_HOLES;XIRECS;9991.0;2
10600;SUBMISSION;BOT_TAKER;GALAXY_SOUNDS_PLANETARY_RINGS;XIRECS;10035.0;2
10600;SUBMISSION;BOT_TAKER;GALAXY_SOUNDS_SOLAR_WINDS;XIRECS;10083.0;2
10600;BOT_MAKER;BOT_TAKER;GALAXY_SOUNDS_SOLAR_FLAMES;XIRECS;10248.0;2
10600;BOT_MAKER;BOT_TAKER;SLEEP_POD_SUEDE;XIRECS;10082.0;2
10600;BOT_MAKER;BOT_TAKER;SLEEP_POD_LAMB_WOOL;XIRECS;10241.0;2
10600;SUBMISSION;BOT_TAKER;SLEEP_POD_POLYESTER;XIRECS;10047.0;2
10600;SUBMISSION;BOT_TAKER;SLEEP_POD_NYLON;XIRECS;9839.0;2
10600;SUBMISSION;BOT_TAKER;SLEEP_POD_COTTON;XIRECS;9838.0;2
10600;BOT_MAKER;BOT_TAKER;ROBOT_VACUUMING;XIRECS;10041.0;2
10600;SUBMISSION;BOT_TAKER;ROBOT_MOPPING;XIRECS;9940.0;2
10600;SUBMISSION;BOT_TAKER;ROBOT_DISHES;XIRECS;9923.0;2
10600;BOT_MAKER;BOT_TAKER;ROBOT_LAUNDRY;XIRECS;10116.0;2
10600;SUBMISSION;BOT_TAKER;ROBOT_IRONING;XIRECS;9985.0;2
10600;SUBMISSION;BOT_TAKER;UV_VISOR_YELLOW;XIRECS;9884.0;2
10600;SUBMISSION;BOT_TAKER;UV_VISOR_AMBER;XIRECS;10038.0;2
10600;SUBMISSION;BOT_TAKER;UV_VISOR_ORANGE;XIRECS;9988.0;2
10600;BOT_MAKER;BOT_TAKER;UV_VISOR_RED;XIRECS;10132.0;2
10600;BOT_MAKER;BOT_TAKER;UV_VISOR_MAGENTA;XIRECS;10047.0;2
10600;SUBMISSION;BOT_TAKER;TRANSLATOR_SPACE_GRAY;XIRECS;10010.0;2
10600;SUBMISSION;BOT_TAKER;TRANSLATOR_ASTRO_BLACK;XIRECS;10008.0;1
10600;BOT_MAKER;BOT_TAKER;TRANSLATOR_ASTRO_BLACK;XIRECS;10007.0;1
10600;SUBMISSION;BOT_TAKER;TRANSLATOR_ECLIPSE_CHARCOAL;XIRECS;9961.0;2
10600;SUBMISSION;BOT_TAKER;TRANSLATOR_GRAPHITE_MIST;XIRECS;10031.0;2
10600;SUBMISSION;BOT_TAKER;TRANSLATOR_VOID_BLUE;XIRECS;9958.0;2
10600;SUBMISSION;BOT_TAKER;PANEL_1X2;XIRECS;10008.0;2
10600;SUBMISSION;BOT_TAKER;PANEL_2X2;XIRECS;10080.0;2
10600;SUBMISSION;BOT_TAKER;PANEL_1X4;XIRECS;10083.0;2
10600;SUBMISSION;BOT_TAKER;PANEL_2X4;XIRECS;9887.0;2
10600;SUBMISSION;BOT_TAKER;PANEL_4X4;XIRECS;10155.0;2
10600;SUBMISSION;BOT_TAKER;OXYGEN_SHAKE_MORNING_BREATH;XIRECS;9951.0;2
10600;SUBMISSION;BOT_TAKER;OXYGEN_SHAKE_EVENING_BREATH;XIRECS;9987.0;2
10600;SUBMISSION;BOT_TAKER;OXYGEN_SHAKE_MINT;XIRECS;10017.0;2
10600;SUBMISSION;BOT_TAKER;OXYGEN_SHAKE_CHOCOLATE;XIRECS;9940.0;2
10600;SUBMISSION;BOT_TAKER;OXYGEN_SHAKE_GARLIC;XIRECS;10183.0;2
10600;BOT_MAKER;BOT_TAKER;SNACKPACK_CHOCOLATE;XIRECS;10054.0;2
10600;SUBMISSION;BOT_TAKER;SNACKPACK_VANILLA;XIRECS;9919.0;2
10600;SUBMISSION;BOT_TAKER;SNACKPACK_PISTACHIO;XIRECS;9953.0;2
10600;BOT_MAKER;BOT_TAKER;SNACKPACK_STRAWBERRY;XIRECS;9991.0;2
10600;BOT_MAKER;BOT_TAKER;SNACKPACK_RASPBERRY;XIRECS;10027.0;2
10700;SUBMISSION;BOT_TAKER;PEBBLES_XS;XIRECS;9899.0;2
10700;BOT_MAKER;BOT_TAKER;PEBBLES_XS;XIRECS;9898.0;3
10700;SUBMISSION;BOT_TAKER;PEBBLES_S;XIRECS;9872.0;5
10700;BOT_MAKER;BOT_TAKER;PEBBLES_M;XIRECS;10155.0;5
10700;SUBMISSION;BOT_TAKER;PEBBLES_L;XIRECS;10229.0;2
10700;BOT_MAKER;BOT_TAKER;PEBBLES_L;XIRECS;10228.0;3
10700;SUBMISSION;BOT_TAKER;PEBBLES_XL;XIRECS;9818.0;3
10700;BOT_MAKER;BOT_TAKER;PEBBLES_XL;XIRECS;9817.0;2
15100;SUBMISSION;BOT_TAKER;PEBBLES_XS;XIRECS;10026.0;2
15100;BOT_MAKER;BOT_TAKER;PEBBLES_S;XIRECS;9642.0;2
15100;BOT_MAKER;BOT_TAKER;PEBBLES_M;XIRECS;10154.0;2
15100;SUBMISSION;BOT_TAKER;PEBBLES_L;XIRECS;10236.0;2
15100;BOT_MAKER;BOT_TAKER;PEBBLES_XL;XIRECS;9913.0;2
17300;BOT_TAKER;SUBMISSION;PEBBLES_XS;XIRECS;10057.0;2
17300;BOT_TAKER;BOT_MAKER;PEBBLES_S;XIRECS;9659.0;2
17300;BOT_TAKER;SUBMISSION;PEBBLES_M;XIRECS;10169.0;2
17300;BOT_TAKER;SUBMISSION;PEBBLES_L;XIRECS;10247.0;2
17300;BOT_TAKER;BOT_MAKER;PEBBLES_XL;XIRECS;9895.0;2
18400;SUBMISSION;BOT_TAKER;GALAXY_SOUNDS_DARK_MATTER;XIRECS;9878.0;3
18400;SUBMISSION;BOT_TAKER;GALAXY_SOUNDS_BLACK_HOLES;XIRECS;10120.0;2
18400;BOT_MAKER;BOT_TAKER;GALAXY_SOUNDS_BLACK_HOLES;XIRECS;10119.0;1
18400;SUBMISSION;BOT_TAKER;GALAXY_SOUNDS_PLANETARY_RINGS;XIRECS;10029.0;2
18400;BOT_MAKER;BOT_TAKER;GALAXY_SOUNDS_PLANETARY_RINGS;XIRECS;10028.0;1
18400;SUBMISSION;BOT_TAKER;GALAXY_SOUNDS_SOLAR_WINDS;XIRECS;10210.0;2
18400;BOT_MAKER;BOT_TAKER;GALAXY_SOUNDS_SOLAR_WINDS;XIRECS;10209.0;1
18400;BOT_MAKER;BOT_TAKER;GALAXY_SOUNDS_SOLAR_FLAMES;XIRECS;10211.0;3
18400;BOT_MAKER;BOT_TAKER;SLEEP_POD_SUEDE;XIRECS;10066.0;3
18400;BOT_MAKER;BOT_TAKER;SLEEP_POD_LAMB_WOOL;XIRECS;10402.0;3
18400;SUBMISSION;BOT_TAKER;SLEEP_POD_POLYESTER;XIRECS;10157.0;2
18400;BOT_MAKER;BOT_TAKER;SLEEP_POD_POLYESTER;XIRECS;10156.0;1
18400;SUBMISSION;BOT_TAKER;SLEEP_POD_NYLON;XIRECS;9769.0;3
18400;SUBMISSION;BOT_TAKER;SLEEP_POD_COTTON;XIRECS;9977.0;2
18400;BOT_MAKER;BOT_TAKER;SLEEP_POD_COTTON;XIRECS;9976.0;1
18400;SUBMISSION;BOT_TAKER;ROBOT_VACUUMING;XIRECS;9945.0;3
18400;SUBMISSION;BOT_TAKER;ROBOT_MOPPING;XIRECS;10040.0;2
18400;BOT_MAKER;BOT_TAKER;ROBOT_MOPPING;XIRECS;10039.0;1
18400;BOT_MAKER;BOT_TAKER;ROBOT_DISHES;XIRECS;9997.0;3
18400;BOT_MAKER;BOT_TAKER;ROBOT_LAUNDRY;XIRECS;10148.0;3
18400;SUBMISSION;BOT_TAKER;ROBOT_IRONING;XIRECS;9822.0;2
18400;BOT_MAKER;BOT_TAKER;ROBOT_IRONING;XIRECS;9821.0;1
18400;SUBMISSION;BOT_TAKER;UV_VISOR_YELLOW;XIRECS;9906.0;2
18400;BOT_MAKER;BOT_TAKER;UV_VISOR_YELLOW;XIRECS;9905.0;1
18400;SUBMISSION;BOT_TAKER;UV_VISOR_AMBER;XIRECS;10107.0;2
18400;BOT_MAKER;BOT_TAKER;UV_VISOR_AMBER;XIRECS;10106.0;1
18400;SUBMISSION;BOT_TAKER;UV_VISOR_ORANGE;XIRECS;10142.0;2
18400;BOT_MAKER;BOT_TAKER;UV_VISOR_ORANGE;XIRECS;10141.0;1
18400;BOT_MAKER;BOT_TAKER;UV_VISOR_RED;XIRECS;10197.0;3
18400;BOT_MAKER;BOT_TAKER;UV_VISOR_MAGENTA;XIRECS;10099.0;3
18400;SUBMISSION;BOT_TAKER;TRANSLATOR_SPACE_GRAY;XIRECS;10088.0;2
18400;BOT_MAKER;BOT_TAKER;TRANSLATOR_SPACE_GRAY;XIRECS;10087.0;1
18400;BOT_MAKER;BOT_TAKER;TRANSLATOR_ASTRO_BLACK;XIRECS;10095.0;3
18400;BOT_MAKER;BOT_TAKER;TRANSLATOR_ECLIPSE_CHARCOAL;XIRECS;10108.0;3
18400;SUBMISSION;BOT_TAKER;TRANSLATOR_GRAPHITE_MIST;XIRECS;9917.0;2
18400;BOT_MAKER;BOT_TAKER;TRANSLATOR_GRAPHITE_MIST;XIRECS;9916.0;1
18400;SUBMISSION;BOT_TAKER;TRANSLATOR_VOID_BLUE;XIRECS;9905.0;3
18400;SUBMISSION;BOT_TAKER;PANEL_1X2;XIRECS;10093.0;2
18400;BOT_MAKER;BOT_TAKER;PANEL_1X2;XIRECS;10092.0;1
18400;SUBMISSION;BOT_TAKER;PANEL_2X2;XIRECS;10003.0;2
18400;BOT_MAKER;BOT_TAKER;PANEL_2X2;XIRECS;10002.0;1
18400;SUBMISSION;BOT_TAKER;PANEL_1X4;XIRECS;10078.0;2
18400;BOT_MAKER;BOT_TAKER;PANEL_1X4;XIRECS;10077.0;1
18400;SUBMISSION;BOT_TAKER;PANEL_2X4;XIRECS;9813.0;3
18400;SUBMISSION;BOT_TAKER;PANEL_4X4;XIRECS;10118.0;2
18400;BOT_MAKER;BOT_TAKER;PANEL_4X4;XIRECS;10117.0;1
18400;SUBMISSION;BOT_TAKER;OXYGEN_SHAKE_MORNING_BREATH;XIRECS;9883.0;2
18400;BOT_MAKER;BOT_TAKER;OXYGEN_SHAKE_MORNING_BREATH;XIRECS;9882.0;1
18400;SUBMISSION;BOT_TAKER;OXYGEN_SHAKE_EVENING_BREATH;XIRECS;9850.0;2
18400;BOT_MAKER;BOT_TAKER;OXYGEN_SHAKE_EVENING_BREATH;XIRECS;9849.0;1
18400;SUBMISSION;BOT_TAKER;OXYGEN_SHAKE_MINT;XIRECS;9843.0;2
18400;BOT_MAKER;BOT_TAKER;OXYGEN_SHAKE_MINT;XIRECS;9842.0;1
18400;BOT_MAKER;BOT_TAKER;OXYGEN_SHAKE_CHOCOLATE;XIRECS;10034.0;3
18400;SUBMISSION;BOT_TAKER;OXYGEN_SHAKE_GARLIC;XIRECS;10247.0;2
18400;BOT_MAKER;BOT_TAKER;OXYGEN_SHAKE_GARLIC;XIRECS;10246.0;1
18400;BOT_MAKER;BOT_TAKER;SNACKPACK_CHOCOLATE;XIRECS;10084.0;3
18400;SUBMISSION;BOT_TAKER;SNACKPACK_VANILLA;XIRECS;9913.0;3
18400;BOT_MAKER;BOT_TAKER;SNACKPACK_PISTACHIO;XIRECS;9975.0;3
18400;BOT_MAKER;BOT_TAKER;SNACKPACK_STRAWBERRY;XIRECS;10062.0;3
18400;SUBMISSION;BOT_TAKER;SNACKPACK_RASPBERRY;XIRECS;9926.0;3
18800;BOT_TAKER;SUBMISSION;MICROCHIP_CIRCLE;XIRECS;9954.0;3
18800;BOT_TAKER;SUBMISSION;MICROCHIP_OVAL;XIRECS;10111.0;3
18800;BOT_TAKER;SUBMISSION;MICROCHIP_SQUARE;XIRECS;9765.0;3
18800;BOT_TAKER;BOT_MAKER;MICROCHIP_RECTANGLE;XIRECS;9955.0;3
18800;BOT_TAKER;SUBMISSION;MICROCHIP_TRIANGLE;XIRECS;10081.0;3
20300;BOT_TAKER;BOT_MAKER;GALAXY_SOUNDS_DARK_MATTER;XIRECS;9822.0;3
20300;BOT_TAKER;SUBMISSION;GALAXY_SOUNDS_BLACK_HOLES;XIRECS;10116.0;3
20300;BOT_TAKER;SUBMISSION;GALAXY_SOUNDS_PLANETARY_RINGS;XIRECS;10027.0;3
20300;BOT_TAKER;SUBMISSION;GALAXY_SOUNDS_SOLAR_WINDS;XIRECS;10281.0;3
20300;BOT_TAKER;SUBMISSION;GALAXY_SOUNDS_SOLAR_FLAMES;XIRECS;10210.0;3
20300;BOT_TAKER;SUBMISSION;SLEEP_POD_SUEDE;XIRECS;10078.0;3
20300;BOT_TAKER;SUBMISSION;SLEEP_POD_LAMB_WOOL;XIRECS;10385.0;3
20300;BOT_TAKER;SUBMISSION;SLEEP_POD_POLYESTER;XIRECS;10190.0;3
20300;BOT_TAKER;BOT_MAKER;SLEEP_POD_NYLON;XIRECS;9803.0;3
20300;BOT_TAKER;SUBMISSION;SLEEP_POD_COTTON;XIRECS;9951.0;3
20300;BOT_TAKER;BOT_MAKER;ROBOT_VACUUMING;XIRECS;9967.0;3
20300;BOT_TAKER;SUBMISSION;ROBOT_MOPPING;XIRECS;10054.0;3
20300;BOT_TAKER;SUBMISSION;ROBOT_DISHES;XIRECS;9994.0;3
20300;BOT_TAKER;SUBMISSION;ROBOT_LAUNDRY;XIRECS;10186.0;3
20300;BOT_TAKER;SUBMISSION;ROBOT_IRONING;XIRECS;9757.0;3
20300;BOT_TAKER;SUBMISSION;UV_VISOR_YELLOW;XIRECS;9876.0;3
20300;BOT_TAKER;SUBMISSION;UV_VISOR_AMBER;XIRECS;10057.0;3
20300;BOT_TAKER;SUBMISSION;UV_VISOR_ORANGE;XIRECS;10185.0;3
20300;BOT_TAKER;SUBMISSION;UV_VISOR_RED;XIRECS;10233.0;3
20300;BOT_TAKER;BOT_MAKER;UV_VISOR_MAGENTA;XIRECS;10011.0;3
20300;BOT_TAKER;SUBMISSION;TRANSLATOR_SPACE_GRAY;XIRECS;10063.0;3
20300;BOT_TAKER;BOT_MAKER;TRANSLATOR_ASTRO_BLACK;XIRECS;9992.0;3
20300;BOT_TAKER;SUBMISSION;TRANSLATOR_ECLIPSE_CHARCOAL;XIRECS;10053.0;3
20300;BOT_TAKER;SUBMISSION;TRANSLATOR_GRAPHITE_MIST;XIRECS;9873.0;3
20300;BOT_TAKER;BOT_MAKER;TRANSLATOR_VOID_BLUE;XIRECS;9891.0;3
20300;BOT_TAKER;SUBMISSION;PANEL_1X2;XIRECS;10068.0;3
20300;BOT_TAKER;SUBMISSION;PANEL_2X2;XIRECS;10043.0;3
20300;BOT_TAKER;SUBMISSION;PANEL_1X4;XIRECS;10039.0;3
20300;BOT_TAKER;BOT_MAKER;PANEL_2X4;XIRECS;9878.0;3
20300;BOT_TAKER;SUBMISSION;PANEL_4X4;XIRECS;10072.0;3
20300;BOT_TAKER;SUBMISSION;OXYGEN_SHAKE_MORNING_BREATH;XIRECS;9840.0;3
20300;BOT_TAKER;SUBMISSION;OXYGEN_SHAKE_EVENING_BREATH;XIRECS;9813.0;3
20300;BOT_TAKER;SUBMISSION;OXYGEN_SHAKE_MINT;XIRECS;9840.0;3
20300;BOT_TAKER;SUBMISSION;OXYGEN_SHAKE_CHOCOLATE;XIRECS;10046.0;3
20300;BOT_TAKER;SUBMISSION;OXYGEN_SHAKE_GARLIC;XIRECS;10214.0;3
20300;BOT_TAKER;SUBMISSION;SNACKPACK_CHOCOLATE;XIRECS;10136.0;3
20300;BOT_TAKER;BOT_MAKER;SNACKPACK_VANILLA;XIRECS;9909.0;3
20300;BOT_TAKER;BOT_MAKER;SNACKPACK_PISTACHIO;XIRECS;9942.0;3
20300;BOT_TAKER;SUBMISSION;SNACKPACK_STRAWBERRY;XIRECS;10012.0;3
20300;BOT_TAKER;BOT_MAKER;SNACKPACK_RASPBERRY;XIRECS;10002.0;3
22700;BOT_MAKER;BOT_TAKER;GALAXY_SOUNDS_DARK_MATTER;XIRECS;9794.0;3
22700;SUBMISSION;BOT_TAKER;GALAXY_SOUNDS_BLACK_HOLES;XIRECS;10083.0;2
22700;BOT_MAKER;BOT_TAKER;GALAXY_SOUNDS_BLACK_HOLES;XIRECS;10082.0;1
22700;SUBMISSION;BOT_TAKER;GALAXY_SOUNDS_PLANETARY_RINGS;XIRECS;10101.0;2
22700;BOT_MAKER;BOT_TAKER;GALAXY_SOUNDS_PLANETARY_RINGS;XIRECS;10100.0;1
22700;SUBMISSION;BOT_TAKER;GALAXY_SOUNDS_SOLAR_WINDS;XIRECS;10276.0;2
22700;BOT_MAKER;BOT_TAKER;GALAXY_SOUNDS_SOLAR_WINDS;XIRECS;10275.0;1
22700;BOT_MAKER;BOT_TAKER;GALAXY_SOUNDS_SOLAR_FLAMES;XIRECS;10239.0;3
22700;BOT_MAKER;BOT_TAKER;SLEEP_POD_SUEDE;XIRECS;10146.0;3
22700;BOT_MAKER;BOT_TAKER;SLEEP_POD_LAMB_WOOL;XIRECS;10434.0;3
22700;SUBMISSION;BOT_TAKER;SLEEP_POD_POLYESTER;XIRECS;10100.0;2
22700;BOT_MAKER;BOT_TAKER;SLEEP_POD_POLYESTER;XIRECS;10099.0;1
22700;BOT_MAKER;BOT_TAKER;SLEEP_POD_NYLON;XIRECS;9735.0;3
22700;SUBMISSION;BOT_TAKER;SLEEP_POD_COTTON;XIRECS;9924.0;2
22700;BOT_MAKER;BOT_TAKER;SLEEP_POD_COTTON;XIRECS;9923.0;1
22700;SUBMISSION;BOT_TAKER;ROBOT_VACUUMING;XIRECS;9970.0;3
22700;SUBMISSION;BOT_TAKER;ROBOT_MOPPING;XIRECS;9974.0;2
22700;BOT_MAKER;BOT_TAKER;ROBOT_MOPPING;XIRECS;9973.0;1
22700;BOT_MAKER;BOT_TAKER;ROBOT_DISHES;XIRECS;9974.0;3
22700;BOT_MAKER;BOT_TAKER;ROBOT_LAUNDRY;XIRECS;10174.0;3
22700;SUBMISSION;BOT_TAKER;ROBOT_IRONING;XIRECS;9765.0;2
22700;BOT_MAKER;BOT_TAKER;ROBOT_IRONING;XIRECS;9764.0;1
22700;SUBMISSION;BOT_TAKER;UV_VISOR_YELLOW;XIRECS;9917.0;2
22700;BOT_MAKER;BOT_TAKER;UV_VISOR_YELLOW;XIRECS;9916.0;1
22700;SUBMISSION;BOT_TAKER;UV_VISOR_AMBER;XIRECS;10033.0;2
22700;BOT_MAKER;BOT_TAKER;UV_VISOR_AMBER;XIRECS;10032.0;1
22700;SUBMISSION;BOT_TAKER;UV_VISOR_ORANGE;XIRECS;10155.0;2
22700;BOT_MAKER;BOT_TAKER;UV_VISOR_ORANGE;XIRECS;10154.0;1
22700;BOT_MAKER;BOT_TAKER;UV_VISOR_RED;XIRECS;10159.0;3
22700;SUBMISSION;BOT_TAKER;UV_VISOR_MAGENTA;XIRECS;9954.0;3
22700;SUBMISSION;BOT_TAKER;TRANSLATOR_SPACE_GRAY;XIRECS;9969.0;2
22700;BOT_MAKER;BOT_TAKER;TRANSLATOR_SPACE_GRAY;XIRECS;9968.0;1
22700;SUBMISSION;BOT_TAKER;TRANSLATOR_ASTRO_BLACK;XIRECS;9934.0;3
22700;BOT_MAKER;BOT_TAKER;TRANSLATOR_ECLIPSE_CHARCOAL;XIRECS;10041.0;3
22700;SUBMISSION;BOT_TAKER;TRANSLATOR_GRAPHITE_MIST;XIRECS;9809.0;2
22700;BOT_MAKER;BOT_TAKER;TRANSLATOR_GRAPHITE_MIST;XIRECS;9808.0;1
22700;SUBMISSION;BOT_TAKER;TRANSLATOR_VOID_BLUE;XIRECS;9943.0;1
22700;BOT_MAKER;BOT_TAKER;TRANSLATOR_VOID_BLUE;XIRECS;9942.0;2
22700;SUBMISSION;BOT_TAKER;PANEL_1X2;XIRECS;9975.0;2
22700;BOT_MAKER;BOT_TAKER;PANEL_1X2;XIRECS;9974.0;1
22700;SUBMISSION;BOT_TAKER;PANEL_2X2;XIRECS;10080.0;2
22700;BOT_MAKER;BOT_TAKER;PANEL_2X2;XIRECS;10079.0;1
22700;SUBMISSION;BOT_TAKER;PANEL_1X4;XIRECS;10080.0;2
22700;BOT_MAKER;BOT_TAKER;PANEL_1X4;XIRECS;10079.0;1
22700;SUBMISSION;BOT_TAKER;PANEL_2X4;XIRECS;9873.0;3
22700;SUBMISSION;BOT_TAKER;PANEL_4X4;XIRECS;10086.0;2
22700;BOT_MAKER;BOT_TAKER;PANEL_4X4;XIRECS;10085.0;1
22700;SUBMISSION;BOT_TAKER;OXYGEN_SHAKE_MORNING_BREATH;XIRECS;9786.0;2
22700;BOT_MAKER;BOT_TAKER;OXYGEN_SHAKE_MORNING_BREATH;XIRECS;9785.0;1
22700;SUBMISSION;BOT_TAKER;OXYGEN_SHAKE_EVENING_BREATH;XIRECS;9838.0;2
22700;BOT_MAKER;BOT_TAKER;OXYGEN_SHAKE_EVENING_BREATH;XIRECS;9837.0;1
22700;SUBMISSION;BOT_TAKER;OXYGEN_SHAKE_MINT;XIRECS;9867.0;2
22700;BOT_MAKER;BOT_TAKER;OXYGEN_SHAKE_MINT;XIRECS;9866.0;1
22700;BOT_MAKER;BOT_TAKER;OXYGEN_SHAKE_CHOCOLATE;XIRECS;10026.0;3
22700;SUBMISSION;BOT_TAKER;OXYGEN_SHAKE_GARLIC;XIRECS;10115.0;2
22700;BOT_MAKER;BOT_TAKER;OXYGEN_SHAKE_GARLIC;XIRECS;10114.0;1
22700;BOT_MAKER;BOT_TAKER;SNACKPACK_CHOCOLATE;XIRECS;10134.0;3
22700;BOT_MAKER;BOT_TAKER;SNACKPACK_VANILLA;XIRECS;9881.0;3
22700;SUBMISSION;BOT_TAKER;SNACKPACK_PISTACHIO;XIRECS;9946.0;3
22700;BOT_MAKER;BOT_TAKER;SNACKPACK_STRAWBERRY;XIRECS;10050.0;3
22700;SUBMISSION;BOT_TAKER;SNACKPACK_RASPBERRY;XIRECS;9962.0;3
23500;BOT_TAKER;BOT_MAKER;GALAXY_SOUNDS_DARK_MATTER;XIRECS;9790.0;2
23500;BOT_TAKER;SUBMISSION;GALAXY_SOUNDS_BLACK_HOLES;XIRECS;10052.0;2
23500;BOT_TAKER;SUBMISSION;GALAXY_SOUNDS_PLANETARY_RINGS;XIRECS;10123.0;2
23500;BOT_TAKER;SUBMISSION;GALAXY_SOUNDS_SOLAR_WINDS;XIRECS;10329.0;2
23500;BOT_TAKER;SUBMISSION;GALAXY_SOUNDS_SOLAR_FLAMES;XIRECS;10254.0;2
23500;BOT_TAKER;SUBMISSION;SLEEP_POD_SUEDE;XIRECS;10121.0;2
23500;BOT_TAKER;SUBMISSION;SLEEP_POD_LAMB_WOOL;XIRECS;10440.0;2
23500;BOT_TAKER;SUBMISSION;SLEEP_POD_POLYESTER;XIRECS;10119.0;2
23500;BOT_TAKER;BOT_MAKER;SLEEP_POD_NYLON;XIRECS;9747.0;2
23500;BOT_TAKER;SUBMISSION;SLEEP_POD_COTTON;XIRECS;9974.0;2
23500;BOT_TAKER;BOT_MAKER;ROBOT_VACUUMING;XIRECS;9983.0;2
23500;BOT_TAKER;SUBMISSION;ROBOT_MOPPING;XIRECS;9985.0;2
23500;BOT_TAKER;BOT_MAKER;ROBOT_DISHES;XIRECS;9878.0;2
23500;BOT_TAKER;SUBMISSION;ROBOT_LAUNDRY;XIRECS;10182.0;2
23500;BOT_TAKER;SUBMISSION;ROBOT_IRONING;XIRECS;9781.0;2
23500;BOT_TAKER;SUBMISSION;UV_VISOR_YELLOW;XIRECS;9956.0;2
23500;BOT_TAKER;SUBMISSION;UV_VISOR_AMBER;XIRECS;10016.0;2
23500;BOT_TAKER;SUBMISSION;UV_VISOR_ORANGE;XIRECS;10200.0;2
23500;BOT_TAKER;SUBMISSION;UV_VISOR_RED;XIRECS;10200.0;2
23500;BOT_TAKER;BOT_MAKER;UV_VISOR_MAGENTA;XIRECS;9962.0;2
23500;BOT_TAKER;SUBMISSION;TRANSLATOR_SPACE_GRAY;XIRECS;9965.0;2
23500;BOT_TAKER;BOT_MAKER;TRANSLATOR_ASTRO_BLACK;XIRECS;9937.0;2
23500;BOT_TAKER;SUBMISSION;TRANSLATOR_ECLIPSE_CHARCOAL;XIRECS;10049.0;2
23500;BOT_TAKER;SUBMISSION;TRANSLATOR_GRAPHITE_MIST;XIRECS;9895.0;2
23500;BOT_TAKER;BOT_MAKER;TRANSLATOR_VOID_BLUE;XIRECS;9917.0;2
23500;BOT_TAKER;SUBMISSION;PANEL_1X2;XIRECS;10042.0;2
23500;BOT_TAKER;SUBMISSION;PANEL_2X2;XIRECS;10092.0;2
23500;BOT_TAKER;SUBMISSION;PANEL_1X4;XIRECS;10118.0;2
23500;BOT_TAKER;BOT_MAKER;PANEL_2X4;XIRECS;9894.0;2
23500;BOT_TAKER;SUBMISSION;PANEL_4X4;XIRECS;10098.0;2
23500;BOT_TAKER;SUBMISSION;OXYGEN_SHAKE_MORNING_BREATH;XIRECS;9738.0;2
23500;BOT_TAKER;SUBMISSION;OXYGEN_SHAKE_EVENING_BREATH;XIRECS;9874.0;2
23500;BOT_TAKER;SUBMISSION;OXYGEN_SHAKE_MINT;XIRECS;9871.0;2
23500;BOT_TAKER;BOT_MAKER;OXYGEN_SHAKE_CHOCOLATE;XIRECS;10001.0;2
23500;BOT_TAKER;SUBMISSION;OXYGEN_SHAKE_GARLIC;XIRECS;10187.0;2
23500;BOT_TAKER;SUBMISSION;SNACKPACK_CHOCOLATE;XIRECS;10180.0;2
23500;BOT_TAKER;BOT_MAKER;SNACKPACK_VANILLA;XIRECS;9868.0;2
23500;BOT_TAKER;BOT_MAKER;SNACKPACK_PISTACHIO;XIRECS;9972.0;2
23500;BOT_TAKER;SUBMISSION;SNACKPACK_STRAWBERRY;XIRECS;10086.0;2
23500;BOT_TAKER;BOT_MAKER;SNACKPACK_RASPBERRY;XIRECS;9968.0;2
23600;BOT_TAKER;SUBMISSION;MICROCHIP_CIRCLE;XIRECS;9989.0;2
23600;BOT_TAKER;SUBMISSION;MICROCHIP_OVAL;XIRECS;10082.0;2
23600;BOT_TAKER;SUBMISSION;MICROCHIP_SQUARE;XIRECS;9868.0;2
23600;BOT_TAKER;BOT_MAKER;MICROCHIP_RECTANGLE;XIRECS;9875.0;2
23600;BOT_TAKER;BOT_MAKER;MICROCHIP_TRIANGLE;XIRECS;9897.0;2
23800;SUBMISSION;BOT_TAKER;MICROCHIP_CIRCLE;XIRECS;9980.0;3
23800;SUBMISSION;BOT_TAKER;MICROCHIP_OVAL;XIRECS;10088.0;3
23800;SUBMISSION;BOT_TAKER;MICROCHIP_SQUARE;XIRECS;9870.0;3
23800;SUBMISSION;BOT_TAKER;MICROCHIP_RECTANGLE;XIRECS;9838.0;3
23800;SUBMISSION;BOT_TAKER;MICROCHIP_TRIANGLE;XIRECS;9922.0;3
24500;SUBMISSION;BOT_TAKER;PEBBLES_XS;XIRECS;10155.0;2
24500;BOT_MAKER;BOT_TAKER;PEBBLES_XS;XIRECS;10154.0;2
24500;BOT_MAKER;BOT_TAKER;PEBBLES_S;XIRECS;9827.0;4
24500;BOT_MAKER;BOT_TAKER;PEBBLES_M;XIRECS;10250.0;4
24500;SUBMISSION;BOT_TAKER;PEBBLES_L;XIRECS;10062.0;2
24500;BOT_MAKER;BOT_TAKER;PEBBLES_L;XIRECS;10061.0;2
24500;BOT_MAKER;BOT_TAKER;PEBBLES_XL;XIRECS;9678.0;4
26500;BOT_MAKER;BOT_TAKER;GALAXY_SOUNDS_DARK_MATTER;XIRECS;9757.0;4
26500;SUBMISSION;BOT_TAKER;GALAXY_SOUNDS_BLACK_HOLES;XIRECS;10076.0;2
26500;BOT_MAKER;BOT_TAKER;GALAXY_SOUNDS_BLACK_HOLES;XIRECS;10075.0;2
26500;SUBMISSION;BOT_TAKER;GALAXY_SOUNDS_PLANETARY_RINGS;XIRECS;10084.0;2
26500;BOT_MAKER;BOT_TAKER;GALAXY_SOUNDS_PLANETARY_RINGS;XIRECS;10083.0;2
26500;SUBMISSION;BOT_TAKER;GALAXY_SOUNDS_SOLAR_WINDS;XIRECS;10297.0;2
26500;BOT_MAKER;BOT_TAKER;GALAXY_SOUNDS_SOLAR_WINDS;XIRECS;10296.0;2
26500;BOT_MAKER;BOT_TAKER;GALAXY_SOUNDS_SOLAR_FLAMES;XIRECS;10265.0;4
26500;BOT_MAKER;BOT_TAKER;SLEEP_POD_SUEDE;XIRECS;10062.0;4
26500;BOT_MAKER;BOT_TAKER;SLEEP_POD_LAMB_WOOL;XIRECS;10431.0;4
26500;SUBMISSION;BOT_TAKER;SLEEP_POD_POLYESTER;XIRECS;10015.0;2
26500;BOT_MAKER;BOT_TAKER;SLEEP_POD_POLYESTER;XIRECS;10014.0;2
26500;BOT_MAKER;BOT_TAKER;SLEEP_POD_NYLON;XIRECS;9615.0;4
26500;SUBMISSION;BOT_TAKER;SLEEP_POD_COTTON;XIRECS;10091.0;2
26500;BOT_MAKER;BOT_TAKER;SLEEP_POD_COTTON;XIRECS;10090.0;2
26500;SUBMISSION;BOT_TAKER;ROBOT_VACUUMING;XIRECS;9979.0;2
26500;BOT_MAKER;BOT_TAKER;ROBOT_VACUUMING;XIRECS;9978.0;2
26500;SUBMISSION;BOT_TAKER;ROBOT_MOPPING;XIRECS;9861.0;2
26500;BOT_MAKER;BOT_TAKER;ROBOT_MOPPING;XIRECS;9860.0;2
26500;SUBMISSION;BOT_TAKER;ROBOT_DISHES;XIRECS;9766.0;4
26500;BOT_MAKER;BOT_TAKER;ROBOT_LAUNDRY;XIRECS;10124.0;4
26500;SUBMISSION;BOT_TAKER;ROBOT_IRONING;XIRECS;9817.0;2
26500;BOT_MAKER;BOT_TAKER;ROBOT_IRONING;XIRECS;9816.0;2
26500;SUBMISSION;BOT_TAKER;UV_VISOR_YELLOW;XIRECS;10085.0;2
26500;BOT_MAKER;BOT_TAKER;UV_VISOR_YELLOW;XIRECS;10084.0;2
26500;SUBMISSION;BOT_TAKER;UV_VISOR_AMBER;XIRECS;10007.0;2
26500;BOT_MAKER;BOT_TAKER;UV_VISOR_AMBER;XIRECS;10006.0;2
26500;SUBMISSION;BOT_TAKER;UV_VISOR_ORANGE;XIRECS;10184.0;2
26500;BOT_MAKER;BOT_TAKER;UV_VISOR_ORANGE;XIRECS;10183.0;2
26500;BOT_MAKER;BOT_TAKER;UV_VISOR_RED;XIRECS;10093.0;4
26500;SUBMISSION;BOT_TAKER;UV_VISOR_MAGENTA;XIRECS;9947.0;4
26500;SUBMISSION;BOT_TAKER;TRANSLATOR_SPACE_GRAY;XIRECS;9998.0;2
26500;BOT_MAKER;BOT_TAKER;TRANSLATOR_SPACE_GRAY;XIRECS;9997.0;2
26500;SUBMISSION;BOT_TAKER;TRANSLATOR_ASTRO_BLACK;XIRECS;9911.0;4
26500;BOT_MAKER;BOT_TAKER;TRANSLATOR_ECLIPSE_CHARCOAL;XIRECS;10016.0;4
26500;SUBMISSION;BOT_TAKER;TRANSLATOR_GRAPHITE_MIST;XIRECS;9757.0;2
26500;BOT_MAKER;BOT_TAKER;TRANSLATOR_GRAPHITE_MIST;XIRECS;9756.0;2
26500;BOT_MAKER;BOT_TAKER;TRANSLATOR_VOID_BLUE;XIRECS;9945.0;4
26500;SUBMISSION;BOT_TAKER;PANEL_1X2;XIRECS;9988.0;2
26500;BOT_MAKER;BOT_TAKER;PANEL_1X2;XIRECS;9987.0;2
26500;SUBMISSION;BOT_TAKER;PANEL_2X2;XIRECS;10131.0;2
26500;BOT_MAKER;BOT_TAKER;PANEL_2X2;XIRECS;10130.0;2
26500;SUBMISSION;BOT_TAKER;PANEL_1X4;XIRECS;10112.0;2
26500;BOT_MAKER;BOT_TAKER;PANEL_1X4;XIRECS;10111.0;2
26500;SUBMISSION;BOT_TAKER;PANEL_2X4;XIRECS;9909.0;1
26500;BOT_MAKER;BOT_TAKER;PANEL_2X4;XIRECS;9908.0;3
26500;SUBMISSION;BOT_TAKER;PANEL_4X4;XIRECS;10095.0;2
26500;BOT_MAKER;BOT_TAKER;PANEL_4X4;XIRECS;10094.0;2
26500;SUBMISSION;BOT_TAKER;OXYGEN_SHAKE_MORNING_BREATH;XIRECS;9694.0;2
26500;BOT_MAKER;BOT_TAKER;OXYGEN_SHAKE_MORNING_BREATH;XIRECS;9693.0;2
26500;SUBMISSION;BOT_TAKER;OXYGEN_SHAKE_EVENING_BREATH;XIRECS;9816.0;2
26500;BOT_MAKER;BOT_TAKER;OXYGEN_SHAKE_EVENING_BREATH;XIRECS;9815.0;2
26500;SUBMISSION;BOT_TAKER;OXYGEN_SHAKE_MINT;XIRECS;9873.0;2
26500;BOT_MAKER;BOT_TAKER;OXYGEN_SHAKE_MINT;XIRECS;9872.0;2
26500;SUBMISSION;BOT_TAKER;OXYGEN_SHAKE_CHOCOLATE;XIRECS;9885.0;4
26500;SUBMISSION;BOT_TAKER;OXYGEN_SHAKE_GARLIC;XIRECS;10119.0;2
26500;BOT_MAKER;BOT_TAKER;OXYGEN_SHAKE_GARLIC;XIRECS;10118.0;2
26500;BOT_MAKER;BOT_TAKER;SNACKPACK_CHOCOLATE;XIRECS;10177.0;4
26500;BOT_MAKER;BOT_TAKER;SNACKPACK_VANILLA;XIRECS;9842.0;4
26500;SUBMISSION;BOT_TAKER;SNACKPACK_PISTACHIO;XIRECS;9929.0;4
26500;BOT_MAKER;BOT_TAKER;SNACKPACK_STRAWBERRY;XIRECS;10044.0;4
26500;SUBMISSION;BOT_TAKER;SNACKPACK_RASPBERRY;XIRECS;9968.0;1
26500;BOT_MAKER;BOT_TAKER;SNACKPACK_RASPBERRY;XIRECS;9967.0;3
26700;SUBMISSION;BOT_TAKER;MICROCHIP_CIRCLE;XIRECS;9981.0;1
26700;SUBMISSION;BOT_TAKER;MICROCHIP_OVAL;XIRECS;10086.0;1
26700;SUBMISSION;BOT_TAKER;MICROCHIP_SQUARE;XIRECS;9914.0;1
26700;SUBMISSION;BOT_TAKER;MICROCHIP_RECTANGLE;XIRECS;9899.0;1
26700;BOT_MAKER;BOT_TAKER;MICROCHIP_TRIANGLE;XIRECS;10031.0;1
32900;BOT_TAKER;SUBMISSION;PEBBLES_XS;XIRECS;10154.0;2
32900;BOT_TAKER;SUBMISSION;PEBBLES_S;XIRECS;10000.0;2
32900;BOT_TAKER;SUBMISSION;PEBBLES_M;XIRECS;10258.0;2
32900;BOT_TAKER;SUBMISSION;PEBBLES_L;XIRECS;9936.0;2
32900;BOT_TAKER;BOT_MAKER;PEBBLES_XL;XIRECS;9679.0;2
33800;BOT_MAKER;BOT_TAKER;GALAXY_SOUNDS_DARK_MATTER;XIRECS;9742.0;2
33800;SUBMISSION;BOT_TAKER;GALAXY_SOUNDS_BLACK_HOLES;XIRECS;10244.0;2
33800;SUBMISSION;BOT_TAKER;GALAXY_SOUNDS_PLANETARY_RINGS;XIRECS;10142.0;2
33800;SUBMISSION;BOT_TAKER;GALAXY_SOUNDS_SOLAR_WINDS;XIRECS;10264.0;2
33800;BOT_MAKER;BOT_TAKER;GALAXY_SOUNDS_SOLAR_FLAMES;XIRECS;10167.0;2
33800;BOT_MAKER;BOT_TAKER;SLEEP_POD_SUEDE;XIRECS;10120.0;2
33800;BOT_MAKER;BOT_TAKER;SLEEP_POD_LAMB_WOOL;XIRECS;10514.0;2
33800;SUBMISSION;BOT_TAKER;SLEEP_POD_POLYESTER;XIRECS;9884.0;2
33800;BOT_MAKER;BOT_TAKER;SLEEP_POD_NYLON;XIRECS;9508.0;2
33800;SUBMISSION;BOT_TAKER;SLEEP_POD_COTTON;XIRECS;10079.0;2
33800;BOT_MAKER;BOT_TAKER;ROBOT_VACUUMING;XIRECS;10076.0;2
33800;SUBMISSION;BOT_TAKER;ROBOT_MOPPING;XIRECS;9774.0;2
33800;SUBMISSION;BOT_TAKER;ROBOT_DISHES;XIRECS;9861.0;2
33800;BOT_MAKER;BOT_TAKER;ROBOT_LAUNDRY;XIRECS;10123.0;2
33800;SUBMISSION;BOT_TAKER;ROBOT_IRONING;XIRECS;9786.0;2
33800;SUBMISSION;BOT_TAKER;UV_VISOR_YELLOW;XIRECS;10165.0;2
33800;SUBMISSION;BOT_TAKER;UV_VISOR_AMBER;XIRECS;9964.0;2
33800;SUBMISSION;BOT_TAKER;UV_VISOR_ORANGE;XIRECS;10279.0;2
33800;BOT_MAKER;BOT_TAKER;UV_VISOR_RED;XIRECS;10178.0;2
33800;SUBMISSION;BOT_TAKER;UV_VISOR_MAGENTA;XIRECS;9942.0;2
33800;SUBMISSION;BOT_TAKER;TRANSLATOR_SPACE_GRAY;XIRECS;9981.0;2
33800;SUBMISSION;BOT_TAKER;TRANSLATOR_ASTRO_BLACK;XIRECS;9926.0;2
33800;BOT_MAKER;BOT_TAKER;TRANSLATOR_ECLIPSE_CHARCOAL;XIRECS;10097.0;2
33800;SUBMISSION;BOT_TAKER;TRANSLATOR_GRAPHITE_MIST;XIRECS;9852.0;2
33800;BOT_MAKER;BOT_TAKER;TRANSLATOR_VOID_BLUE;XIRECS;9952.0;2
33800;SUBMISSION;BOT_TAKER;PANEL_1X2;XIRECS;10031.0;2
33800;SUBMISSION;BOT_TAKER;PANEL_2X2;XIRECS;10182.0;2
33800;SUBMISSION;BOT_TAKER;PANEL_1X4;XIRECS;10237.0;2
33800;BOT_MAKER;BOT_TAKER;PANEL_2X4;XIRECS;9824.0;2
33800;SUBMISSION;BOT_TAKER;PANEL_4X4;XIRECS;10017.0;2
33800;SUBMISSION;BOT_TAKER;OXYGEN_SHAKE_MORNING_BREATH;XIRECS;9816.0;2
33800;SUBMISSION;BOT_TAKER;OXYGEN_SHAKE_EVENING_BREATH;XIRECS;9778.0;2
33800;SUBMISSION;BOT_TAKER;OXYGEN_SHAKE_MINT;XIRECS;9916.0;2
33800;SUBMISSION;BOT_TAKER;OXYGEN_SHAKE_CHOCOLATE;XIRECS;9839.0;2
33800;SUBMISSION;BOT_TAKER;OXYGEN_SHAKE_GARLIC;XIRECS;10018.0;2
33800;BOT_MAKER;BOT_TAKER;SNACKPACK_CHOCOLATE;XIRECS;10171.0;2
33800;BOT_MAKER;BOT_TAKER;SNACKPACK_VANILLA;XIRECS;9845.0;2
33800;SUBMISSION;BOT_TAKER;SNACKPACK_PISTACHIO;XIRECS;9890.0;2
33800;BOT_MAKER;BOT_TAKER;SNACKPACK_STRAWBERRY;XIRECS;10017.0;2
33800;BOT_MAKER;BOT_TAKER;SNACKPACK_RASPBERRY;XIRECS;9993.0;2
36200;BOT_MAKER;BOT_TAKER;GALAXY_SOUNDS_DARK_MATTER;XIRECS;9759.0;1
36200;SUBMISSION;BOT_TAKER;GALAXY_SOUNDS_BLACK_HOLES;XIRECS;10213.0;1
36200;SUBMISSION;BOT_TAKER;GALAXY_SOUNDS_PLANETARY_RINGS;XIRECS;10056.0;1
36200;SUBMISSION;BOT_TAKER;GALAXY_SOUNDS_SOLAR_WINDS;XIRECS;10165.0;1
36200;BOT_MAKER;BOT_TAKER;GALAXY_SOUNDS_SOLAR_FLAMES;XIRECS;10122.0;1
36200;BOT_MAKER;BOT_TAKER;SLEEP_POD_SUEDE;XIRECS;10131.0;1
36200;BOT_MAKER;BOT_TAKER;SLEEP_POD_LAMB_WOOL;XIRECS;10474.0;1
36200;SUBMISSION;BOT_TAKER;SLEEP_POD_POLYESTER;XIRECS;9873.0;1
36200;BOT_MAKER;BOT_TAKER;SLEEP_POD_NYLON;XIRECS;9498.0;1
36200;SUBMISSION;BOT_TAKER;SLEEP_POD_COTTON;XIRECS;10175.0;1
36200;BOT_MAKER;BOT_TAKER;ROBOT_VACUUMING;XIRECS;10076.0;1
36200;SUBMISSION;BOT_TAKER;ROBOT_MOPPING;XIRECS;9743.0;1
36200;BOT_MAKER;BOT_TAKER;ROBOT_DISHES;XIRECS;9797.0;1
36200;BOT_MAKER;BOT_TAKER;ROBOT_LAUNDRY;XIRECS;10190.0;1
36200;SUBMISSION;BOT_TAKER;ROBOT_IRONING;XIRECS;9773.0;1
36200;SUBMISSION;BOT_TAKER;UV_VISOR_YELLOW;XIRECS;10211.0;1
36200;SUBMISSION;BOT_TAKER;UV_VISOR_AMBER;XIRECS;9965.0;1
36200;SUBMISSION;BOT_TAKER;UV_VISOR_ORANGE;XIRECS;10345.0;1
36200;BOT_MAKER;BOT_TAKER;UV_VISOR_RED;XIRECS;10231.0;1
36200;SUBMISSION;BOT_TAKER;UV_VISOR_MAGENTA;XIRECS;9983.0;1
36200;SUBMISSION;BOT_TAKER;TRANSLATOR_SPACE_GRAY;XIRECS;9978.0;1
36200;SUBMISSION;BOT_TAKER;TRANSLATOR_ASTRO_BLACK;XIRECS;9945.0;1
36200;BOT_MAKER;BOT_TAKER;TRANSLATOR_ECLIPSE_CHARCOAL;XIRECS;10075.0;1
36200;SUBMISSION;BOT_TAKER;TRANSLATOR_GRAPHITE_MIST;XIRECS;9866.0;1
36200;BOT_MAKER;BOT_TAKER;TRANSLATOR_VOID_BLUE;XIRECS;10003.0;1
36200;SUBMISSION;BOT_TAKER;PANEL_1X2;XIRECS;9945.0;1
36200;SUBMISSION;BOT_TAKER;PANEL_2X2;XIRECS;10215.0;1
36200;SUBMISSION;BOT_TAKER;PANEL_1X4;XIRECS;10220.0;1
36200;BOT_MAKER;BOT_TAKER;PANEL_2X4;XIRECS;9756.0;1
36200;SUBMISSION;BOT_TAKER;PANEL_4X4;XIRECS;10094.0;1
36200;SUBMISSION;BOT_TAKER;OXYGEN_SHAKE_MORNING_BREATH;XIRECS;9885.0;1
36200;SUBMISSION;BOT_TAKER;OXYGEN_SHAKE_EVENING_BREATH;XIRECS;9650.0;1
36200;SUBMISSION;BOT_TAKER;OXYGEN_SHAKE_MINT;XIRECS;9890.0;1
36200;SUBMISSION;BOT_TAKER;OXYGEN_SHAKE_CHOCOLATE;XIRECS;9947.0;1
36200;SUBMISSION;BOT_TAKER;OXYGEN_SHAKE_GARLIC;XIRECS;10008.0;1
36200;BOT_MAKER;BOT_TAKER;SNACKPACK_CHOCOLATE;XIRECS;10154.0;1
36200;BOT_MAKER;BOT_TAKER;SNACKPACK_VANILLA;XIRECS;9872.0;1
36200;BOT_MAKER;BOT_TAKER;SNACKPACK_PISTACHIO;XIRECS;9892.0;1
36200;BOT_MAKER;BOT_TAKER;SNACKPACK_STRAWBERRY;XIRECS;10040.0;1
36200;BOT_MAKER;BOT_TAKER;SNACKPACK_RASPBERRY;XIRECS;9993.0;1
41200;BOT_TAKER;SUBMISSION;MICROCHIP_CIRCLE;XIRECS;9821.0;2
41200;BOT_TAKER;SUBMISSION;MICROCHIP_OVAL;XIRECS;10198.0;2
41200;BOT_TAKER;SUBMISSION;MICROCHIP_SQUARE;XIRECS;10132.0;2
41200;BOT_TAKER;SUBMISSION;MICROCHIP_RECTANGLE;XIRECS;10052.0;2
41200;BOT_TAKER;SUBMISSION;MICROCHIP_TRIANGLE;XIRECS;10289.0;2
41900;BOT_MAKER;BOT_TAKER;GALAXY_SOUNDS_DARK_MATTER;XIRECS;9737.0;1
41900;SUBMISSION;BOT_TAKER;GALAXY_SOUNDS_BLACK_HOLES;XIRECS;10123.0;1
41900;SUBMISSION;BOT_TAKER;GALAXY_SOUNDS_PLANETARY_RINGS;XIRECS;10217.0;1
41900;SUBMISSION;BOT_TAKER;GALAXY_SOUNDS_SOLAR_WINDS;XIRECS;10147.0;1
41900;BOT_MAKER;BOT_TAKER;GALAXY_SOUNDS_SOLAR_FLAMES;XIRECS;10132.0;1
41900;BOT_MAKER;BOT_TAKER;SLEEP_POD_SUEDE;XIRECS;10074.0;1
41900;BOT_MAKER;BOT_TAKER;SLEEP_POD_LAMB_WOOL;XIRECS;10527.0;1
41900;SUBMISSION;BOT_TAKER;SLEEP_POD_POLYESTER;XIRECS;9946.0;1
41900;BOT_MAKER;BOT_TAKER;SLEEP_POD_NYLON;XIRECS;9449.0;1
41900;SUBMISSION;BOT_TAKER;SLEEP_POD_COTTON;XIRECS;10130.0;1
41900;BOT_MAKER;BOT_TAKER;ROBOT_VACUUMING;XIRECS;10011.0;1
41900;SUBMISSION;BOT_TAKER;ROBOT_MOPPING;XIRECS;9813.0;1
41900;BOT_MAKER;BOT_TAKER;ROBOT_DISHES;XIRECS;9662.0;1
41900;BOT_MAKER;BOT_TAKER;ROBOT_LAUNDRY;XIRECS;10156.0;1
41900;SUBMISSION;BOT_TAKER;ROBOT_IRONING;XIRECS;9729.0;1
41900;SUBMISSION;BOT_TAKER;UV_VISOR_YELLOW;XIRECS;10210.0;1
41900;SUBMISSION;BOT_TAKER;UV_VISOR_AMBER;XIRECS;10030.0;1
41900;SUBMISSION;BOT_TAKER;UV_VISOR_ORANGE;XIRECS;10297.0;1
41900;BOT_MAKER;BOT_TAKER;UV_VISOR_RED;XIRECS;10182.0;1
41900;BOT_MAKER;BOT_TAKER;UV_VISOR_MAGENTA;XIRECS;10013.0;1
41900;SUBMISSION;BOT_TAKER;TRANSLATOR_SPACE_GRAY;XIRECS;9751.0;1
41900;SUBMISSION;BOT_TAKER;TRANSLATOR_ASTRO_BLACK;XIRECS;9929.0;1
41900;BOT_MAKER;BOT_TAKER;TRANSLATOR_ECLIPSE_CHARCOAL;XIRECS;10072.0;1
41900;SUBMISSION;BOT_TAKER;TRANSLATOR_GRAPHITE_MIST;XIRECS;9912.0;1
41900;BOT_MAKER;BOT_TAKER;TRANSLATOR_VOID_BLUE;XIRECS;10127.0;1
41900;SUBMISSION;BOT_TAKER;PANEL_1X2;XIRECS;9848.0;1
41900;SUBMISSION;BOT_TAKER;PANEL_2X2;XIRECS;10259.0;1
41900;SUBMISSION;BOT_TAKER;PANEL_1X4;XIRECS;10148.0;1
41900;BOT_MAKER;BOT_TAKER;PANEL_2X4;XIRECS;9796.0;1
41900;SUBMISSION;BOT_TAKER;PANEL_4X4;XIRECS;10074.0;1
41900;SUBMISSION;BOT_TAKER;OXYGEN_SHAKE_MORNING_BREATH;XIRECS;9819.0;1
41900;SUBMISSION;BOT_TAKER;OXYGEN_SHAKE_EVENING_BREATH;XIRECS;9845.0;1
41900;SUBMISSION;BOT_TAKER;OXYGEN_SHAKE_MINT;XIRECS;9773.0;1
41900;BOT_MAKER;BOT_TAKER;OXYGEN_SHAKE_CHOCOLATE;XIRECS;10165.0;1
41900;SUBMISSION;BOT_TAKER;OXYGEN_SHAKE_GARLIC;XIRECS;9980.0;1
41900;BOT_MAKER;BOT_TAKER;SNACKPACK_CHOCOLATE;XIRECS;10155.0;1
41900;BOT_MAKER;BOT_TAKER;SNACKPACK_VANILLA;XIRECS;9891.0;1
41900;BOT_MAKER;BOT_TAKER;SNACKPACK_PISTACHIO;XIRECS;9836.0;1
41900;BOT_MAKER;BOT_TAKER;SNACKPACK_STRAWBERRY;XIRECS;9998.0;1
41900;BOT_MAKER;BOT_TAKER;SNACKPACK_RASPBERRY;XIRECS;10033.0;1
44000;BOT_TAKER;SUBMISSION;PEBBLES_XS;XIRECS;10104.0;4
44000;BOT_TAKER;SUBMISSION;PEBBLES_S;XIRECS;10009.0;4
44000;BOT_TAKER;SUBMISSION;PEBBLES_M;XIRECS;10266.0;4
44000;BOT_TAKER;SUBMISSION;PEBBLES_L;XIRECS;10102.0;4
44000;BOT_TAKER;BOT_MAKER;PEBBLES_XL;XIRECS;9546.0;4
46700;BOT_TAKER;SUBMISSION;PEBBLES_XS;XIRECS;10014.0;3
46700;BOT_TAKER;SUBMISSION;PEBBLES_S;XIRECS;10014.0;3
46700;BOT_TAKER;SUBMISSION;PEBBLES_M;XIRECS;10124.0;2
46700;BOT_TAKER;BOT_MAKER;PEBBLES_M;XIRECS;10125.0;1
46700;BOT_TAKER;SUBMISSION;PEBBLES_L;XIRECS;10164.0;3
46700;BOT_TAKER;BOT_MAKER;PEBBLES_XL;XIRECS;9710.0;3
47100;BOT_TAKER;SUBMISSION;PEBBLES_XS;XIRECS;10000.0;2
47100;BOT_TAKER;SUBMISSION;PEBBLES_S;XIRECS;9973.0;2
47100;BOT_TAKER;BOT_MAKER;PEBBLES_M;XIRECS;10112.0;2
47100;BOT_TAKER;SUBMISSION;PEBBLES_L;XIRECS;10200.0;2
47100;BOT_TAKER;BOT_MAKER;PEBBLES_XL;XIRECS;9742.0;2
49800;BOT_TAKER;BOT_MAKER;GALAXY_SOUNDS_DARK_MATTER;XIRECS;9832.0;4
49800;BOT_TAKER;SUBMISSION;GALAXY_SOUNDS_BLACK_HOLES;XIRECS;10145.0;4
49800;BOT_TAKER;SUBMISSION;GALAXY_SOUNDS_PLANETARY_RINGS;XIRECS;10290.0;4
49800;BOT_TAKER;SUBMISSION;GALAXY_SOUNDS_SOLAR_WINDS;XIRECS;10295.0;4
49800;BOT_TAKER;SUBMISSION;GALAXY_SOUNDS_SOLAR_FLAMES;XIRECS;10113.0;4
49800;BOT_TAKER;SUBMISSION;SLEEP_POD_SUEDE;XIRECS;10145.0;4
49800;BOT_TAKER;SUBMISSION;SLEEP_POD_LAMB_WOOL;XIRECS;10695.0;1
49800;BOT_TAKER;BOT_MAKER;SLEEP_POD_LAMB_WOOL;XIRECS;10696.0;3
49800;BOT_TAKER;SUBMISSION;SLEEP_POD_POLYESTER;XIRECS;10008.0;4
49800;BOT_TAKER;BOT_MAKER;SLEEP_POD_NYLON;XIRECS;9350.0;4
49800;BOT_TAKER;SUBMISSION;SLEEP_POD_COTTON;XIRECS;10176.0;4
49800;BOT_TAKER;SUBMISSION;ROBOT_VACUUMING;XIRECS;9991.0;2
49800;BOT_TAKER;BOT_MAKER;ROBOT_VACUUMING;XIRECS;9992.0;2
49800;BOT_TAKER;SUBMISSION;ROBOT_MOPPING;XIRECS;9823.0;4
49800;BOT_TAKER;BOT_MAKER;ROBOT_DISHES;XIRECS;9585.0;4
49800;BOT_TAKER;SUBMISSION;ROBOT_LAUNDRY;XIRECS;10098.0;4
49800;BOT_TAKER;SUBMISSION;ROBOT_IRONING;XIRECS;9679.0;4
49800;BOT_TAKER;SUBMISSION;UV_VISOR_YELLOW;XIRECS;10264.0;4
49800;BOT_TAKER;SUBMISSION;UV_VISOR_AMBER;XIRECS;9938.0;4
49800;BOT_TAKER;SUBMISSION;UV_VISOR_ORANGE;XIRECS;10352.0;4
49800;BOT_TAKER;SUBMISSION;UV_VISOR_RED;XIRECS;10237.0;4
49800;BOT_TAKER;SUBMISSION;UV_VISOR_MAGENTA;XIRECS;10036.0;4
49800;BOT_TAKER;SUBMISSION;TRANSLATOR_SPACE_GRAY;XIRECS;9630.0;4
49800;BOT_TAKER;BOT_MAKER;TRANSLATOR_ASTRO_BLACK;XIRECS;9936.0;4
49800;BOT_TAKER;BOT_MAKER;TRANSLATOR_ECLIPSE_CHARCOAL;XIRECS;10006.0;4
49800;BOT_TAKER;SUBMISSION;TRANSLATOR_GRAPHITE_MIST;XIRECS;9896.0;4
49800;BOT_TAKER;SUBMISSION;TRANSLATOR_VOID_BLUE;XIRECS;9984.0;4
49800;BOT_TAKER;SUBMISSION;PANEL_1X2;XIRECS;9851.0;4
49800;BOT_TAKER;SUBMISSION;PANEL_2X2;XIRECS;10394.0;4
49800;BOT_TAKER;SUBMISSION;PANEL_1X4;XIRECS;10154.0;4
49800;BOT_TAKER;BOT_MAKER;PANEL_2X4;XIRECS;9878.0;4
49800;BOT_TAKER;SUBMISSION;PANEL_4X4;XIRECS;10122.0;4
49800;BOT_TAKER;SUBMISSION;OXYGEN_SHAKE_MORNING_BREATH;XIRECS;9869.0;4
49800;BOT_TAKER;SUBMISSION;OXYGEN_SHAKE_EVENING_BREATH;XIRECS;9797.0;4
49800;BOT_TAKER;SUBMISSION;OXYGEN_SHAKE_MINT;XIRECS;9822.0;4
49800;BOT_TAKER;SUBMISSION;OXYGEN_SHAKE_CHOCOLATE;XIRECS;10086.0;4
49800;BOT_TAKER;SUBMISSION;OXYGEN_SHAKE_GARLIC;XIRECS;10061.0;4
49800;BOT_TAKER;SUBMISSION;SNACKPACK_CHOCOLATE;XIRECS;10275.0;1
49800;BOT_TAKER;BOT_MAKER;SNACKPACK_CHOCOLATE;XIRECS;10276.0;3
49800;BOT_TAKER;SUBMISSION;SNACKPACK_VANILLA;XIRECS;9789.0;2
49800;BOT_TAKER;BOT_MAKER;SNACKPACK_VANILLA;XIRECS;9790.0;2
49800;BOT_TAKER;BOT_MAKER;SNACKPACK_PISTACHIO;XIRECS;9894.0;4
49800;BOT_TAKER;SUBMISSION;SNACKPACK_STRAWBERRY;XIRECS;10112.0;1
49800;BOT_TAKER;BOT_MAKER;SNACKPACK_STRAWBERRY;XIRECS;10113.0;3
49800;BOT_TAKER;BOT_MAKER;SNACKPACK_RASPBERRY;XIRECS;9995.0;4
50600;BOT_TAKER;BOT_MAKER;GALAXY_SOUNDS_DARK_MATTER;XIRECS;9837.0;4
50600;BOT_TAKER;SUBMISSION;GALAXY_SOUNDS_BLACK_HOLES;XIRECS;10176.0;4
50600;BOT_TAKER;SUBMISSION;GALAXY_SOUNDS_PLANETARY_RINGS;XIRECS;10253.0;4
50600;BOT_TAKER;SUBMISSION;GALAXY_SOUNDS_SOLAR_WINDS;XIRECS;10299.0;4
50600;BOT_TAKER;SUBMISSION;GALAXY_SOUNDS_SOLAR_FLAMES;XIRECS;10092.0;1
50600;BOT_TAKER;BOT_MAKER;GALAXY_SOUNDS_SOLAR_FLAMES;XIRECS;10093.0;3
50600;BOT_TAKER;SUBMISSION;SLEEP_POD_SUEDE;XIRECS;10161.0;1
50600;BOT_TAKER;BOT_MAKER;SLEEP_POD_SUEDE;XIRECS;10162.0;3
50600;BOT_TAKER;BOT_MAKER;SLEEP_POD_LAMB_WOOL;XIRECS;10683.0;4
50600;BOT_TAKER;SUBMISSION;SLEEP_POD_POLYESTER;XIRECS;10027.0;4
50600;BOT_TAKER;BOT_MAKER;SLEEP_POD_NYLON;XIRECS;9329.0;4
50600;BOT_TAKER;SUBMISSION;SLEEP_POD_COTTON;XIRECS;10169.0;4
50600;BOT_TAKER;SUBMISSION;ROBOT_VACUUMING;XIRECS;10006.0;4
50600;BOT_TAKER;SUBMISSION;ROBOT_MOPPING;XIRECS;9797.0;4
50600;BOT_TAKER;BOT_MAKER;ROBOT_DISHES;XIRECS;9626.0;4
50600;BOT_TAKER;SUBMISSION;ROBOT_LAUNDRY;XIRECS;10084.0;1
50600;BOT_TAKER;BOT_MAKER;ROBOT_LAUNDRY;XIRECS;10085.0;3
50600;BOT_TAKER;SUBMISSION;ROBOT_IRONING;XIRECS;9665.0;4
50600;BOT_TAKER;SUBMISSION;UV_VISOR_YELLOW;XIRECS;10258.0;4
50600;BOT_TAKER;SUBMISSION;UV_VISOR_AMBER;XIRECS;9952.0;4
50600;BOT_TAKER;SUBMISSION;UV_VISOR_ORANGE;XIRECS;10332.0;4
50600;BOT_TAKER;SUBMISSION;UV_VISOR_RED;XIRECS;10279.0;3
50600;BOT_TAKER;BOT_MAKER;UV_VISOR_RED;XIRECS;10280.0;1
50600;BOT_TAKER;SUBMISSION;UV_VISOR_MAGENTA;XIRECS;10042.0;4
50600;BOT_TAKER;SUBMISSION;TRANSLATOR_SPACE_GRAY;XIRECS;9660.0;4
50600;BOT_TAKER;BOT_MAKER;TRANSLATOR_ASTRO_BLACK;XIRECS;9873.0;4
50600;BOT_TAKER;BOT_MAKER;TRANSLATOR_ECLIPSE_CHARCOAL;XIRECS;10006.0;4
50600;BOT_TAKER;SUBMISSION;TRANSLATOR_GRAPHITE_MIST;XIRECS;9904.0;4
50600;BOT_TAKER;BOT_MAKER;TRANSLATOR_VOID_BLUE;XIRECS;9952.0;4
50600;BOT_TAKER;SUBMISSION;PANEL_1X2;XIRECS;9860.0;4
50600;BOT_TAKER;SUBMISSION;PANEL_2X2;XIRECS;10429.0;4
50600;BOT_TAKER;SUBMISSION;PANEL_1X4;XIRECS;10124.0;4
50600;BOT_TAKER;BOT_MAKER;PANEL_2X4;XIRECS;9857.0;4
50600;BOT_TAKER;SUBMISSION;PANEL_4X4;XIRECS;10189.0;4
50600;BOT_TAKER;SUBMISSION;OXYGEN_SHAKE_MORNING_BREATH;XIRECS;9859.0;4
50600;BOT_TAKER;SUBMISSION;OXYGEN_SHAKE_EVENING_BREATH;XIRECS;9786.0;4
50600;BOT_TAKER;SUBMISSION;OXYGEN_SHAKE_MINT;XIRECS;9824.0;4
50600;BOT_TAKER;SUBMISSION;OXYGEN_SHAKE_CHOCOLATE;XIRECS;10080.0;4
50600;BOT_TAKER;SUBMISSION;OXYGEN_SHAKE_GARLIC;XIRECS;10128.0;4
50600;BOT_TAKER;BOT_MAKER;SNACKPACK_CHOCOLATE;XIRECS;10302.0;4
50600;BOT_TAKER;BOT_MAKER;SNACKPACK_VANILLA;XIRECS;9762.0;4
50600;BOT_TAKER;BOT_MAKER;SNACKPACK_PISTACHIO;XIRECS;9903.0;4
50600;BOT_TAKER;BOT_MAKER;SNACKPACK_STRAWBERRY;XIRECS;10136.0;4
50600;BOT_TAKER;BOT_MAKER;SNACKPACK_RASPBERRY;XIRECS;9982.0;4
52200;SUBMISSION;BOT_TAKER;PEBBLES_XS;XIRECS;9839.0;2
52200;SUBMISSION;BOT_TAKER;PEBBLES_S;XIRECS;9920.0;2
52200;BOT_MAKER;BOT_TAKER;PEBBLES_M;XIRECS;10192.0;2
52200;SUBMISSION;BOT_TAKER;PEBBLES_L;XIRECS;10241.0;2
52200;BOT_MAKER;BOT_TAKER;PEBBLES_XL;XIRECS;9781.0;2
53500;BOT_TAKER;SUBMISSION;PEBBLES_XS;XIRECS;9852.0;2
53500;BOT_TAKER;BOT_MAKER;PEBBLES_S;XIRECS;9963.0;2
53500;BOT_TAKER;BOT_MAKER;PEBBLES_M;XIRECS;10308.0;2
53500;BOT_TAKER;SUBMISSION;PEBBLES_L;XIRECS;10214.0;2
53500;BOT_TAKER;BOT_MAKER;PEBBLES_XL;XIRECS;9692.0;2
53800;BOT_TAKER;BOT_MAKER;GALAXY_SOUNDS_DARK_MATTER;XIRECS;9902.0;2
53800;BOT_TAKER;SUBMISSION;GALAXY_SOUNDS_BLACK_HOLES;XIRECS;10180.0;2
53800;BOT_TAKER;SUBMISSION;GALAXY_SOUNDS_PLANETARY_RINGS;XIRECS;10092.0;2
53800;BOT_TAKER;SUBMISSION;GALAXY_SOUNDS_SOLAR_WINDS;XIRECS;10314.0;2
53800;BOT_TAKER;BOT_MAKER;GALAXY_SOUNDS_SOLAR_FLAMES;XIRECS;10003.0;2
53800;BOT_TAKER;BOT_MAKER;SLEEP_POD_SUEDE;XIRECS;10264.0;2
53800;BOT_TAKER;BOT_MAKER;SLEEP_POD_LAMB_WOOL;XIRECS;10760.0;2
53800;BOT_TAKER;SUBMISSION;SLEEP_POD_POLYESTER;XIRECS;10080.0;2
53800;BOT_TAKER;BOT_MAKER;SLEEP_POD_NYLON;XIRECS;9201.0;2
53800;BOT_TAKER;SUBMISSION;SLEEP_POD_COTTON;XIRECS;10136.0;2
53800;BOT_TAKER;SUBMISSION;ROBOT_VACUUMING;XIRECS;10054.0;2
53800;BOT_TAKER;SUBMISSION;ROBOT_MOPPING;XIRECS;9742.0;2
53800;BOT_TAKER;BOT_MAKER;ROBOT_DISHES;XIRECS;9393.0;2
53800;BOT_TAKER;BOT_MAKER;ROBOT_LAUNDRY;XIRECS;10149.0;2
53800;BOT_TAKER;SUBMISSION;ROBOT_IRONING;XIRECS;9746.0;2
53800;BOT_TAKER;SUBMISSION;UV_VISOR_YELLOW;XIRECS;10280.0;2
53800;BOT_TAKER;SUBMISSION;UV_VISOR_AMBER;XIRECS;9883.0;2
53800;BOT_TAKER;SUBMISSION;UV_VISOR_ORANGE;XIRECS;10341.0;2
53800;BOT_TAKER;BOT_MAKER;UV_VISOR_RED;XIRECS;10313.0;2
53800;BOT_TAKER;SUBMISSION;UV_VISOR_MAGENTA;XIRECS;10057.0;2
53800;BOT_TAKER;SUBMISSION;TRANSLATOR_SPACE_GRAY;XIRECS;9736.0;2
53800;BOT_TAKER;BOT_MAKER;TRANSLATOR_ASTRO_BLACK;XIRECS;9821.0;2
53800;BOT_TAKER;BOT_MAKER;TRANSLATOR_ECLIPSE_CHARCOAL;XIRECS;9905.0;2
53800;BOT_TAKER;SUBMISSION;TRANSLATOR_GRAPHITE_MIST;XIRECS;9932.0;2
53800;BOT_TAKER;BOT_MAKER;TRANSLATOR_VOID_BLUE;XIRECS;9961.0;2
53800;BOT_TAKER;SUBMISSION;PANEL_1X2;XIRECS;9789.0;2
53800;BOT_TAKER;SUBMISSION;PANEL_2X2;XIRECS;10420.0;2
53800;BOT_TAKER;SUBMISSION;PANEL_1X4;XIRECS;10123.0;2
53800;BOT_TAKER;BOT_MAKER;PANEL_2X4;XIRECS;9902.0;2
53800;BOT_TAKER;SUBMISSION;PANEL_4X4;XIRECS;10164.0;2
53800;BOT_TAKER;SUBMISSION;OXYGEN_SHAKE_MORNING_BREATH;XIRECS;9898.0;2
53800;BOT_TAKER;SUBMISSION;OXYGEN_SHAKE_EVENING_BREATH;XIRECS;9789.0;2
53800;BOT_TAKER;SUBMISSION;OXYGEN_SHAKE_MINT;XIRECS;9787.0;2
53800;BOT_TAKER;SUBMISSION;OXYGEN_SHAKE_CHOCOLATE;XIRECS;10073.0;2
53800;BOT_TAKER;SUBMISSION;OXYGEN_SHAKE_GARLIC;XIRECS;10124.0;2
53800;BOT_TAKER;BOT_MAKER;SNACKPACK_CHOCOLATE;XIRECS;10271.0;2
53800;BOT_TAKER;BOT_MAKER;SNACKPACK_VANILLA;XIRECS;9744.0;2
53800;BOT_TAKER;BOT_MAKER;SNACKPACK_PISTACHIO;XIRECS;9909.0;2
53800;BOT_TAKER;BOT_MAKER;SNACKPACK_STRAWBERRY;XIRECS;10144.0;2
53800;BOT_TAKER;BOT_MAKER;SNACKPACK_RASPBERRY;XIRECS;9996.0;2
55900;SUBMISSION;BOT_TAKER;PEBBLES_XS;XIRECS;9830.0;4
55900;SUBMISSION;BOT_TAKER;PEBBLES_S;XIRECS;9879.0;4
55900;BOT_MAKER;BOT_TAKER;PEBBLES_M;XIRECS;10275.0;4
55900;SUBMISSION;BOT_TAKER;PEBBLES_L;XIRECS;10142.0;4
55900;BOT_MAKER;BOT_TAKER;PEBBLES_XL;XIRECS;9846.0;4
56000;BOT_MAKER;BOT_TAKER;GALAXY_SOUNDS_DARK_MATTER;XIRECS;9867.0;3
56000;SUBMISSION;BOT_TAKER;GALAXY_SOUNDS_BLACK_HOLES;XIRECS;10083.0;3
56000;SUBMISSION;BOT_TAKER;GALAXY_SOUNDS_PLANETARY_RINGS;XIRECS;10071.0;3
56000;SUBMISSION;BOT_TAKER;GALAXY_SOUNDS_SOLAR_WINDS;XIRECS;10280.0;3
56000;SUBMISSION;BOT_TAKER;GALAXY_SOUNDS_SOLAR_FLAMES;XIRECS;10006.0;3
56000;BOT_MAKER;BOT_TAKER;SLEEP_POD_SUEDE;XIRECS;10254.0;3
56000;BOT_MAKER;BOT_TAKER;SLEEP_POD_LAMB_WOOL;XIRECS;10660.0;3
56000;SUBMISSION;BOT_TAKER;SLEEP_POD_POLYESTER;XIRECS;10159.0;3
56000;BOT_MAKER;BOT_TAKER;SLEEP_POD_NYLON;XIRECS;9178.0;3
56000;SUBMISSION;BOT_TAKER;SLEEP_POD_COTTON;XIRECS;10064.0;3
56000;BOT_MAKER;BOT_TAKER;ROBOT_VACUUMING;XIRECS;10067.0;3
56000;SUBMISSION;BOT_TAKER;ROBOT_MOPPING;XIRECS;9838.0;3
56000;BOT_MAKER;BOT_TAKER;ROBOT_DISHES;XIRECS;9381.0;3
56000;BOT_MAKER;BOT_TAKER;ROBOT_LAUNDRY;XIRECS;10157.0;3
56000;SUBMISSION;BOT_TAKER;ROBOT_IRONING;XIRECS;9714.0;3
56000;SUBMISSION;BOT_TAKER;UV_VISOR_YELLOW;XIRECS;10306.0;3
56000;SUBMISSION;BOT_TAKER;UV_VISOR_AMBER;XIRECS;9824.0;3
56000;SUBMISSION;BOT_TAKER;UV_VISOR_ORANGE;XIRECS;10342.0;3
56000;BOT_MAKER;BOT_TAKER;UV_VISOR_RED;XIRECS;10237.0;3
56000;BOT_MAKER;BOT_TAKER;UV_VISOR_MAGENTA;XIRECS;10133.0;3
56000;SUBMISSION;BOT_TAKER;TRANSLATOR_SPACE_GRAY;XIRECS;9714.0;3
56000;SUBMISSION;BOT_TAKER;TRANSLATOR_ASTRO_BLACK;XIRECS;9864.0;2
56000;BOT_MAKER;BOT_TAKER;TRANSLATOR_ASTRO_BLACK;XIRECS;9863.0;1
56000;SUBMISSION;BOT_TAKER;TRANSLATOR_ECLIPSE_CHARCOAL;XIRECS;9962.0;3
56000;SUBMISSION;BOT_TAKER;TRANSLATOR_GRAPHITE_MIST;XIRECS;9844.0;3
56000;BOT_MAKER;BOT_TAKER;TRANSLATOR_VOID_BLUE;XIRECS;10007.0;3
56000;SUBMISSION;BOT_TAKER;PANEL_1X2;XIRECS;9876.0;3
56000;SUBMISSION;BOT_TAKER;PANEL_2X2;XIRECS;10387.0;3
56000;SUBMISSION;BOT_TAKER;PANEL_1X4;XIRECS;10167.0;3
56000;BOT_MAKER;BOT_TAKER;PANEL_2X4;XIRECS;9901.0;3
56000;SUBMISSION;BOT_TAKER;PANEL_4X4;XIRECS;10132.0;3
56000;SUBMISSION;BOT_TAKER;OXYGEN_SHAKE_MORNING_BREATH;XIRECS;9848.0;3
56000;SUBMISSION;BOT_TAKER;OXYGEN_SHAKE_EVENING_BREATH;XIRECS;9757.0;3
56000;SUBMISSION;BOT_TAKER;OXYGEN_SHAKE_MINT;XIRECS;9793.0;3
56000;BOT_MAKER;BOT_TAKER;OXYGEN_SHAKE_CHOCOLATE;XIRECS;10031.0;3
56000;SUBMISSION;BOT_TAKER;OXYGEN_SHAKE_GARLIC;XIRECS;10169.0;3
56000;BOT_MAKER;BOT_TAKER;SNACKPACK_CHOCOLATE;XIRECS;10265.0;3
56000;SUBMISSION;BOT_TAKER;SNACKPACK_VANILLA;XIRECS;9748.0;2
56000;BOT_MAKER;BOT_TAKER;SNACKPACK_VANILLA;XIRECS;9747.0;1
56000;BOT_MAKER;BOT_TAKER;SNACKPACK_PISTACHIO;XIRECS;9929.0;3
56000;BOT_MAKER;BOT_TAKER;SNACKPACK_STRAWBERRY;XIRECS;10185.0;3
56000;BOT_MAKER;BOT_TAKER;SNACKPACK_RASPBERRY;XIRECS;9932.0;3
58000;BOT_TAKER;BOT_MAKER;GALAXY_SOUNDS_DARK_MATTER;XIRECS;9909.0;4
58000;BOT_TAKER;SUBMISSION;GALAXY_SOUNDS_BLACK_HOLES;XIRECS;10043.0;4
58000;BOT_TAKER;SUBMISSION;GALAXY_SOUNDS_PLANETARY_RINGS;XIRECS;10085.0;4
58000;BOT_TAKER;SUBMISSION;GALAXY_SOUNDS_SOLAR_WINDS;XIRECS;10351.0;4
58000;BOT_TAKER;BOT_MAKER;GALAXY_SOUNDS_SOLAR_FLAMES;XIRECS;10039.0;4
58000;BOT_TAKER;BOT_MAKER;SLEEP_POD_SUEDE;XIRECS;10127.0;4
58000;BOT_TAKER;BOT_MAKER;SLEEP_POD_LAMB_WOOL;XIRECS;10645.0;4
58000;BOT_TAKER;SUBMISSION;SLEEP_POD_POLYESTER;XIRECS;10173.0;4
58000;BOT_TAKER;BOT_MAKER;SLEEP_POD_NYLON;XIRECS;9197.0;4
58000;BOT_TAKER;SUBMISSION;SLEEP_POD_COTTON;XIRECS;10023.0;4
58000;BOT_TAKER;SUBMISSION;ROBOT_VACUUMING;XIRECS;10099.0;4
58000;BOT_TAKER;SUBMISSION;ROBOT_MOPPING;XIRECS;9800.0;4
58000;BOT_TAKER;BOT_MAKER;ROBOT_DISHES;XIRECS;9461.0;4
58000;BOT_TAKER;BOT_MAKER;ROBOT_LAUNDRY;XIRECS;10154.0;4
58000;BOT_TAKER;SUBMISSION;ROBOT_IRONING;XIRECS;9715.0;4
58000;BOT_TAKER;SUBMISSION;UV_VISOR_YELLOW;XIRECS;10357.0;4
58000;BOT_TAKER;SUBMISSION;UV_VISOR_AMBER;XIRECS;9820.0;4
58000;BOT_TAKER;SUBMISSION;UV_VISOR_ORANGE;XIRECS;10325.0;4
58000;BOT_TAKER;BOT_MAKER;UV_VISOR_RED;XIRECS;10169.0;4
58000;BOT_TAKER;SUBMISSION;UV_VISOR_MAGENTA;XIRECS;10130.0;4
58000;BOT_TAKER;SUBMISSION;TRANSLATOR_SPACE_GRAY;XIRECS;9751.0;4
58000;BOT_TAKER;BOT_MAKER;TRANSLATOR_ASTRO_BLACK;XIRECS;9921.0;4
58000;BOT_TAKER;BOT_MAKER;TRANSLATOR_ECLIPSE_CHARCOAL;XIRECS;9910.0;4
58000;BOT_TAKER;SUBMISSION;TRANSLATOR_GRAPHITE_MIST;XIRECS;9958.0;4
58000;BOT_TAKER;SUBMISSION;TRANSLATOR_VOID_BLUE;XIRECS;10034.0;4
58000;BOT_TAKER;SUBMISSION;PANEL_1X2;XIRECS;9913.0;4
58000;BOT_TAKER;SUBMISSION;PANEL_2X2;XIRECS;10373.0;4
58000;BOT_TAKER;SUBMISSION;PANEL_1X4;XIRECS;10255.0;4
58000;BOT_TAKER;BOT_MAKER;PANEL_2X4;XIRECS;9889.0;4
58000;BOT_TAKER;SUBMISSION;PANEL_4X4;XIRECS;10203.0;4
58000;BOT_TAKER;SUBMISSION;OXYGEN_SHAKE_MORNING_BREATH;XIRECS;9924.0;4
58000;BOT_TAKER;SUBMISSION;OXYGEN_SHAKE_EVENING_BREATH;XIRECS;9782.0;4
58000;BOT_TAKER;SUBMISSION;OXYGEN_SHAKE_MINT;XIRECS;9804.0;4
58000;BOT_TAKER;BOT_MAKER;OXYGEN_SHAKE_CHOCOLATE;XIRECS;9985.0;4
58000;BOT_TAKER;SUBMISSION;OXYGEN_SHAKE_GARLIC;XIRECS;10104.0;4
58000;BOT_TAKER;BOT_MAKER;SNACKPACK_CHOCOLATE;XIRECS;10277.0;4
58000;BOT_TAKER;BOT_MAKER;SNACKPACK_VANILLA;XIRECS;9756.0;4
58000;BOT_TAKER;BOT_MAKER;SNACKPACK_PISTACHIO;XIRECS;9941.0;4
58000;BOT_TAKER;BOT_MAKER;SNACKPACK_STRAWBERRY;XIRECS;10206.0;4
58000;BOT_TAKER;BOT_MAKER;SNACKPACK_RASPBERRY;XIRECS;9944.0;4
58100;BOT_TAKER;SUBMISSION;MICROCHIP_CIRCLE;XIRECS;9823.0;1
58100;BOT_TAKER;SUBMISSION;MICROCHIP_OVAL;XIRECS;9861.0;1
58100;BOT_TAKER;SUBMISSION;MICROCHIP_SQUARE;XIRECS;10108.0;1
58100;BOT_TAKER;SUBMISSION;MICROCHIP_RECTANGLE;XIRECS;10061.0;1
58100;BOT_TAKER;SUBMISSION;MICROCHIP_TRIANGLE;XIRECS;10335.0;1
64200;BOT_TAKER;SUBMISSION;GALAXY_SOUNDS_DARK_MATTER;XIRECS;9952.0;4
64200;BOT_TAKER;SUBMISSION;GALAXY_SOUNDS_BLACK_HOLES;XIRECS;10052.0;2
64200;BOT_TAKER;BOT_MAKER;GALAXY_SOUNDS_BLACK_HOLES;XIRECS;10053.0;2
64200;BOT_TAKER;SUBMISSION;GALAXY_SOUNDS_PLANETARY_RINGS;XIRECS;9958.0;2
64200;BOT_TAKER;BOT_MAKER;GALAXY_SOUNDS_PLANETARY_RINGS;XIRECS;9959.0;2
64200;BOT_TAKER;SUBMISSION;GALAXY_SOUNDS_SOLAR_WINDS;XIRECS;10324.0;2
64200;BOT_TAKER;BOT_MAKER;GALAXY_SOUNDS_SOLAR_WINDS;XIRECS;10325.0;2
64200;BOT_TAKER;SUBMISSION;GALAXY_SOUNDS_SOLAR_FLAMES;XIRECS;10131.0;3
64200;BOT_TAKER;BOT_MAKER;GALAXY_SOUNDS_SOLAR_FLAMES;XIRECS;10132.0;1
64200;BOT_TAKER;BOT_MAKER;SLEEP_POD_SUEDE;XIRECS;10147.0;4
64200;BOT_TAKER;BOT_MAKER;SLEEP_POD_LAMB_WOOL;XIRECS;10753.0;4
64200;BOT_TAKER;SUBMISSION;SLEEP_POD_POLYESTER;XIRECS;10210.0;2
64200;BOT_TAKER;BOT_MAKER;SLEEP_POD_POLYESTER;XIRECS;10211.0;2
64200;BOT_TAKER;BOT_MAKER;SLEEP_POD_NYLON;XIRECS;9394.0;4
64200;BOT_TAKER;SUBMISSION;SLEEP_POD_COTTON;XIRECS;10060.0;2
64200;BOT_TAKER;BOT_MAKER;SLEEP_POD_COTTON;XIRECS;10061.0;2
64200;BOT_TAKER;SUBMISSION;ROBOT_VACUUMING;XIRECS;10061.0;4
64200;BOT_TAKER;SUBMISSION;ROBOT_MOPPING;XIRECS;9745.0;2
64200;BOT_TAKER;BOT_MAKER;ROBOT_MOPPING;XIRECS;9746.0;2
64200;BOT_TAKER;BOT_MAKER;ROBOT_DISHES;XIRECS;9549.0;4
64200;BOT_TAKER;BOT_MAKER;ROBOT_LAUNDRY;XIRECS;10228.0;4
64200;BOT_TAKER;SUBMISSION;ROBOT_IRONING;XIRECS;9802.0;2
64200;BOT_TAKER;BOT_MAKER;ROBOT_IRONING;XIRECS;9803.0;2
64200;BOT_TAKER;SUBMISSION;UV_VISOR_YELLOW;XIRECS;10334.0;2
64200;BOT_TAKER;BOT_MAKER;UV_VISOR_YELLOW;XIRECS;10335.0;2
64200;BOT_TAKER;SUBMISSION;UV_VISOR_AMBER;XIRECS;9824.0;2
64200;BOT_TAKER;BOT_MAKER;UV_VISOR_AMBER;XIRECS;9825.0;2
64200;BOT_TAKER;SUBMISSION;UV_VISOR_ORANGE;XIRECS;10202.0;2
64200;BOT_TAKER;BOT_MAKER;UV_VISOR_ORANGE;XIRECS;10203.0;2
64200;BOT_TAKER;BOT_MAKER;UV_VISOR_RED;XIRECS;10265.0;4
64200;BOT_TAKER;SUBMISSION;UV_VISOR_MAGENTA;XIRECS;10151.0;2
64200;BOT_TAKER;BOT_MAKER;UV_VISOR_MAGENTA;XIRECS;10152.0;2
64200;BOT_TAKER;SUBMISSION;TRANSLATOR_SPACE_GRAY;XIRECS;9788.0;2
64200;BOT_TAKER;BOT_MAKER;TRANSLATOR_SPACE_GRAY;XIRECS;9789.0;2
64200;BOT_TAKER;BOT_MAKER;TRANSLATOR_ASTRO_BLACK;XIRECS;9839.0;4
64200;BOT_TAKER;BOT_MAKER;TRANSLATOR_ECLIPSE_CHARCOAL;XIRECS;9888.0;4
64200;BOT_TAKER;SUBMISSION;TRANSLATOR_GRAPHITE_MIST;XIRECS;10035.0;2
64200;BOT_TAKER;BOT_MAKER;TRANSLATOR_GRAPHITE_MIST;XIRECS;10036.0;2
64200;BOT_TAKER;SUBMISSION;TRANSLATOR_VOID_BLUE;XIRECS;10073.0;4
64200;BOT_TAKER;SUBMISSION;PANEL_1X2;XIRECS;9947.0;2
64200;BOT_TAKER;BOT_MAKER;PANEL_1X2;XIRECS;9948.0;2
64200;BOT_TAKER;SUBMISSION;PANEL_2X2;XIRECS;10415.0;2
64200;BOT_TAKER;BOT_MAKER;PANEL_2X2;XIRECS;10416.0;2
64200;BOT_TAKER;SUBMISSION;PANEL_1X4;XIRECS;10254.0;2
64200;BOT_TAKER;BOT_MAKER;PANEL_1X4;XIRECS;10255.0;2
64200;BOT_TAKER;SUBMISSION;PANEL_2X4;XIRECS;10011.0;4
64200;BOT_TAKER;SUBMISSION;PANEL_4X4;XIRECS;10137.0;2
64200;BOT_TAKER;BOT_MAKER;PANEL_4X4;XIRECS;10138.0;2
64200;BOT_TAKER;SUBMISSION;OXYGEN_SHAKE_MORNING_BREATH;XIRECS;9802.0;2
64200;BOT_TAKER;BOT_MAKER;OXYGEN_SHAKE_MORNING_BREATH;XIRECS;9803.0;2
64200;BOT_TAKER;SUBMISSION;OXYGEN_SHAKE_EVENING_BREATH;XIRECS;9601.0;2
64200;BOT_TAKER;BOT_MAKER;OXYGEN_SHAKE_EVENING_BREATH;XIRECS;9602.0;2
64200;BOT_TAKER;SUBMISSION;OXYGEN_SHAKE_MINT;XIRECS;9926.0;2
64200;BOT_TAKER;BOT_MAKER;OXYGEN_SHAKE_MINT;XIRECS;9927.0;2
64200;BOT_TAKER;BOT_MAKER;OXYGEN_SHAKE_CHOCOLATE;XIRECS;9975.0;4
64200;BOT_TAKER;SUBMISSION;OXYGEN_SHAKE_GARLIC;XIRECS;10053.0;2
64200;BOT_TAKER;BOT_MAKER;OXYGEN_SHAKE_GARLIC;XIRECS;10054.0;2
64200;BOT_TAKER;BOT_MAKER;SNACKPACK_CHOCOLATE;XIRECS;10193.0;4
64200;BOT_TAKER;BOT_MAKER;SNACKPACK_VANILLA;XIRECS;9862.0;4
64200;BOT_TAKER;BOT_MAKER;SNACKPACK_PISTACHIO;XIRECS;9931.0;4
64200;BOT_TAKER;BOT_MAKER;SNACKPACK_STRAWBERRY;XIRECS;10196.0;4
64200;BOT_TAKER;BOT_MAKER;SNACKPACK_RASPBERRY;XIRECS;9980.0;4
65900;BOT_TAKER;SUBMISSION;MICROCHIP_CIRCLE;XIRECS;9716.0;2
65900;BOT_TAKER;BOT_MAKER;MICROCHIP_CIRCLE;XIRECS;9717.0;1
65900;BOT_TAKER;SUBMISSION;MICROCHIP_OVAL;XIRECS;9797.0;2
65900;BOT_TAKER;BOT_MAKER;MICROCHIP_OVAL;XIRECS;9798.0;1
65900;BOT_TAKER;SUBMISSION;MICROCHIP_SQUARE;XIRECS;10159.0;2
65900;BOT_TAKER;BOT_MAKER;MICROCHIP_SQUARE;XIRECS;10160.0;1
65900;BOT_TAKER;SUBMISSION;MICROCHIP_RECTANGLE;XIRECS;10143.0;3
65900;BOT_TAKER;SUBMISSION;MICROCHIP_TRIANGLE;XIRECS;10203.0;3
67700;SUBMISSION;BOT_TAKER;PEBBLES_XS;XIRECS;9860.0;2
67700;SUBMISSION;BOT_TAKER;PEBBLES_S;XIRECS;9722.0;2
67700;BOT_MAKER;BOT_TAKER;PEBBLES_M;XIRECS;10283.0;2
67700;SUBMISSION;BOT_TAKER;PEBBLES_L;XIRECS;10283.0;2
67700;BOT_MAKER;BOT_TAKER;PEBBLES_XL;XIRECS;9824.0;2
68100;BOT_MAKER;BOT_TAKER;GALAXY_SOUNDS_DARK_MATTER;XIRECS;10024.0;2
68100;SUBMISSION;BOT_TAKER;GALAXY_SOUNDS_BLACK_HOLES;XIRECS;10030.0;2
68100;SUBMISSION;BOT_TAKER;GALAXY_SOUNDS_PLANETARY_RINGS;XIRECS;10006.0;2
68100;SUBMISSION;BOT_TAKER;GALAXY_SOUNDS_SOLAR_WINDS;XIRECS;10282.0;2
68100;SUBMISSION;BOT_TAKER;GALAXY_SOUNDS_SOLAR_FLAMES;XIRECS;10049.0;2
68100;BOT_MAKER;BOT_TAKER;SLEEP_POD_SUEDE;XIRECS;10098.0;2
68100;BOT_MAKER;BOT_TAKER;SLEEP_POD_LAMB_WOOL;XIRECS;10797.0;2
68100;SUBMISSION;BOT_TAKER;SLEEP_POD_POLYESTER;XIRECS;10290.0;2
68100;BOT_MAKER;BOT_TAKER;SLEEP_POD_NYLON;XIRECS;9371.0;2
68100;SUBMISSION;BOT_TAKER;SLEEP_POD_COTTON;XIRECS;9993.0;2
68100;BOT_MAKER;BOT_TAKER;ROBOT_VACUUMING;XIRECS;10077.0;2
68100;SUBMISSION;BOT_TAKER;ROBOT_MOPPING;XIRECS;9766.0;2
68100;BOT_MAKER;BOT_TAKER;ROBOT_DISHES;XIRECS;9611.0;2
68100;BOT_MAKER;BOT_TAKER;ROBOT_LAUNDRY;XIRECS;10291.0;2
68100;SUBMISSION;BOT_TAKER;ROBOT_IRONING;XIRECS;9785.0;2
68100;SUBMISSION;BOT_TAKER;UV_VISOR_YELLOW;XIRECS;10287.0;2
68100;SUBMISSION;BOT_TAKER;UV_VISOR_AMBER;XIRECS;9743.0;2
68100;SUBMISSION;BOT_TAKER;UV_VISOR_ORANGE;XIRECS;10394.0;2
68100;BOT_MAKER;BOT_TAKER;UV_VISOR_RED;XIRECS;10349.0;2
68100;BOT_MAKER;BOT_TAKER;UV_VISOR_MAGENTA;XIRECS;10194.0;2
68100;SUBMISSION;BOT_TAKER;TRANSLATOR_SPACE_GRAY;XIRECS;9763.0;2
68100;BOT_MAKER;BOT_TAKER;TRANSLATOR_ASTRO_BLACK;XIRECS;9878.0;2
68100;SUBMISSION;BOT_TAKER;TRANSLATOR_ECLIPSE_CHARCOAL;XIRECS;9917.0;2
68100;SUBMISSION;BOT_TAKER;TRANSLATOR_GRAPHITE_MIST;XIRECS;10066.0;2
68100;BOT_MAKER;BOT_TAKER;TRANSLATOR_VOID_BLUE;XIRECS;10014.0;2
68100;SUBMISSION;BOT_TAKER;PANEL_1X2;XIRECS;9952.0;2
68100;SUBMISSION;BOT_TAKER;PANEL_2X2;XIRECS;10534.0;2
68100;SUBMISSION;BOT_TAKER;PANEL_1X4;XIRECS;10310.0;2
68100;SUBMISSION;BOT_TAKER;PANEL_2X4;XIRECS;9923.0;2
68100;SUBMISSION;BOT_TAKER;PANEL_4X4;XIRECS;10124.0;2
68100;SUBMISSION;BOT_TAKER;OXYGEN_SHAKE_MORNING_BREATH;XIRECS;9686.0;2
68100;SUBMISSION;BOT_TAKER;OXYGEN_SHAKE_EVENING_BREATH;XIRECS;9649.0;2
68100;SUBMISSION;BOT_TAKER;OXYGEN_SHAKE_MINT;XIRECS;9950.0;2
68100;SUBMISSION;BOT_TAKER;OXYGEN_SHAKE_CHOCOLATE;XIRECS;9897.0;2
68100;SUBMISSION;BOT_TAKER;OXYGEN_SHAKE_GARLIC;XIRECS;10047.0;2
68100;BOT_MAKER;BOT_TAKER;SNACKPACK_CHOCOLATE;XIRECS;10247.0;2
68100;BOT_MAKER;BOT_TAKER;SNACKPACK_VANILLA;XIRECS;9796.0;2
68100;BOT_MAKER;BOT_TAKER;SNACKPACK_PISTACHIO;XIRECS;9900.0;2
68100;BOT_MAKER;BOT_TAKER;SNACKPACK_STRAWBERRY;XIRECS;10168.0;2
68100;BOT_MAKER;BOT_TAKER;SNACKPACK_RASPBERRY;XIRECS;10008.0;2
68500;SUBMISSION;BOT_TAKER;PEBBLES_XS;XIRECS;9772.0;2
68500;BOT_MAKER;BOT_TAKER;PEBBLES_XS;XIRECS;9771.0;3
68500;SUBMISSION;BOT_TAKER;PEBBLES_S;XIRECS;9686.0;3
68500;BOT_MAKER;BOT_TAKER;PEBBLES_S;XIRECS;9685.0;2
68500;BOT_MAKER;BOT_TAKER;PEBBLES_M;XIRECS;10324.0;5
68500;SUBMISSION;BOT_TAKER;PEBBLES_L;XIRECS;10280.0;2
68500;BOT_MAKER;BOT_TAKER;PEBBLES_L;XIRECS;10279.0;3
68500;BOT_MAKER;BOT_TAKER;PEBBLES_XL;XIRECS;9911.0;5
71200;BOT_TAKER;SUBMISSION;PEBBLES_XS;XIRECS;9747.0;5
71200;BOT_TAKER;BOT_MAKER;PEBBLES_S;XIRECS;9682.0;5
71200;BOT_TAKER;BOT_MAKER;PEBBLES_M;XIRECS;10310.0;5
71200;BOT_TAKER;SUBMISSION;PEBBLES_L;XIRECS;10245.0;5
71200;BOT_TAKER;SUBMISSION;PEBBLES_XL;XIRECS;10044.0;5
76600;SUBMISSION;BOT_TAKER;PEBBLES_XS;XIRECS;9773.0;3
76600;BOT_MAKER;BOT_TAKER;PEBBLES_S;XIRECS;9701.0;3
76600;SUBMISSION;BOT_TAKER;PEBBLES_M;XIRECS;10092.0;3
76600;SUBMISSION;BOT_TAKER;PEBBLES_L;XIRECS;10327.0;3
76600;BOT_MAKER;BOT_TAKER;PEBBLES_XL;XIRECS;10079.0;3
76800;BOT_TAKER;SUBMISSION;GALAXY_SOUNDS_DARK_MATTER;XIRECS;10090.0;3
76800;BOT_TAKER;SUBMISSION;GALAXY_SOUNDS_BLACK_HOLES;XIRECS;9931.0;2
76800;BOT_TAKER;BOT_MAKER;GALAXY_SOUNDS_BLACK_HOLES;XIRECS;9932.0;1
76800;BOT_TAKER;SUBMISSION;GALAXY_SOUNDS_PLANETARY_RINGS;XIRECS;10013.0;2
76800;BOT_TAKER;BOT_MAKER;GALAXY_SOUNDS_PLANETARY_RINGS;XIRECS;10014.0;1
76800;BOT_TAKER;SUBMISSION;GALAXY_SOUNDS_SOLAR_WINDS;XIRECS;10475.0;2
76800;BOT_TAKER;BOT_MAKER;GALAXY_SOUNDS_SOLAR_WINDS;XIRECS;10476.0;1
76800;BOT_TAKER;SUBMISSION;GALAXY_SOUNDS_SOLAR_FLAMES;XIRECS;10221.0;2
76800;BOT_TAKER;BOT_MAKER;GALAXY_SOUNDS_SOLAR_FLAMES;XIRECS;10222.0;1
76800;BOT_TAKER;BOT_MAKER;SLEEP_POD_SUEDE;XIRECS;10101.0;3
76800;BOT_TAKER;BOT_MAKER;SLEEP_POD_LAMB_WOOL;XIRECS;10819.0;3
76800;BOT_TAKER;SUBMISSION;SLEEP_POD_POLYESTER;XIRECS;10265.0;2
76800;BOT_TAKER;BOT_MAKER;SLEEP_POD_POLYESTER;XIRECS;10266.0;1
76800;BOT_TAKER;BOT_MAKER;SLEEP_POD_NYLON;XIRECS;9385.0;3
76800;BOT_TAKER;SUBMISSION;SLEEP_POD_COTTON;XIRECS;9876.0;2
76800;BOT_TAKER;BOT_MAKER;SLEEP_POD_COTTON;XIRECS;9877.0;1
76800;BOT_TAKER;SUBMISSION;ROBOT_VACUUMING;XIRECS;10041.0;2
76800;BOT_TAKER;BOT_MAKER;ROBOT_VACUUMING;XIRECS;10042.0;1
76800;BOT_TAKER;SUBMISSION;ROBOT_MOPPING;XIRECS;9630.0;2
76800;BOT_TAKER;BOT_MAKER;ROBOT_MOPPING;XIRECS;9631.0;1
76800;BOT_TAKER;BOT_MAKER;ROBOT_DISHES;XIRECS;9563.0;3
76800;BOT_TAKER;BOT_MAKER;ROBOT_LAUNDRY;XIRECS;10211.0;3
76800;BOT_TAKER;SUBMISSION;ROBOT_IRONING;XIRECS;9991.0;2
76800;BOT_TAKER;BOT_MAKER;ROBOT_IRONING;XIRECS;9992.0;1
76800;BOT_TAKER;SUBMISSION;UV_VISOR_YELLOW;XIRECS;10396.0;2
76800;BOT_TAKER;BOT_MAKER;UV_VISOR_YELLOW;XIRECS;10397.0;1
76800;BOT_TAKER;SUBMISSION;UV_VISOR_AMBER;XIRECS;9695.0;2
76800;BOT_TAKER;BOT_MAKER;UV_VISOR_AMBER;XIRECS;9696.0;1
76800;BOT_TAKER;SUBMISSION;UV_VISOR_ORANGE;XIRECS;10514.0;2
76800;BOT_TAKER;BOT_MAKER;UV_VISOR_ORANGE;XIRECS;10515.0;1
76800;BOT_TAKER;BOT_MAKER;UV_VISOR_RED;XIRECS;10396.0;3
76800;BOT_TAKER;BOT_MAKER;UV_VISOR_MAGENTA;XIRECS;10326.0;3
76800;BOT_TAKER;SUBMISSION;TRANSLATOR_SPACE_GRAY;XIRECS;9801.0;2
76800;BOT_TAKER;BOT_MAKER;TRANSLATOR_SPACE_GRAY;XIRECS;9802.0;1
76800;BOT_TAKER;BOT_MAKER;TRANSLATOR_ASTRO_BLACK;XIRECS;9844.0;3
76800;BOT_TAKER;BOT_MAKER;TRANSLATOR_ECLIPSE_CHARCOAL;XIRECS;9829.0;3
76800;BOT_TAKER;SUBMISSION;TRANSLATOR_GRAPHITE_MIST;XIRECS;10206.0;2
76800;BOT_TAKER;BOT_MAKER;TRANSLATOR_GRAPHITE_MIST;XIRECS;10207.0;1
76800;BOT_TAKER;SUBMISSION;TRANSLATOR_VOID_BLUE;XIRECS;10086.0;3
76800;BOT_TAKER;SUBMISSION;PANEL_1X2;XIRECS;10059.0;2
76800;BOT_TAKER;BOT_MAKER;PANEL_1X2;XIRECS;10060.0;1
76800;BOT_TAKER;SUBMISSION;PANEL_2X2;XIRECS;10589.0;2
76800;BOT_TAKER;BOT_MAKER;PANEL_2X2;XIRECS;10590.0;1
76800;BOT_TAKER;SUBMISSION;PANEL_1X4;XIRECS;10290.0;2
76800;BOT_TAKER;BOT_MAKER;PANEL_1X4;XIRECS;10291.0;1
76800;BOT_TAKER;SUBMISSION;PANEL_2X4;XIRECS;10063.0;3
76800;BOT_TAKER;SUBMISSION;PANEL_4X4;XIRECS;10182.0;2
76800;BOT_TAKER;BOT_MAKER;PANEL_4X4;XIRECS;10183.0;1
76800;BOT_TAKER;SUBMISSION;OXYGEN_SHAKE_MORNING_BREATH;XIRECS;9720.0;2
76800;BOT_TAKER;BOT_MAKER;OXYGEN_SHAKE_MORNING_BREATH;XIRECS;9721.0;1
76800;BOT_TAKER;SUBMISSION;OXYGEN_SHAKE_EVENING_BREATH;XIRECS;9712.0;2
76800;BOT_TAKER;BOT_MAKER;OXYGEN_SHAKE_EVENING_BREATH;XIRECS;9713.0;1
76800;BOT_TAKER;SUBMISSION;OXYGEN_SHAKE_MINT;XIRECS;10010.0;2
76800;BOT_TAKER;BOT_MAKER;OXYGEN_SHAKE_MINT;XIRECS;10011.0;1
76800;BOT_TAKER;BOT_MAKER;OXYGEN_SHAKE_CHOCOLATE;XIRECS;9850.0;3
76800;BOT_TAKER;SUBMISSION;OXYGEN_SHAKE_GARLIC;XIRECS;10207.0;2
76800;BOT_TAKER;BOT_MAKER;OXYGEN_SHAKE_GARLIC;XIRECS;10208.0;1
76800;BOT_TAKER;BOT_MAKER;SNACKPACK_CHOCOLATE;XIRECS;10326.0;3
76800;BOT_TAKER;BOT_MAKER;SNACKPACK_VANILLA;XIRECS;9727.0;3
76800;BOT_TAKER;BOT_MAKER;SNACKPACK_PISTACHIO;XIRECS;9901.0;3
76800;BOT_TAKER;BOT_MAKER;SNACKPACK_STRAWBERRY;XIRECS;10236.0;3
76800;BOT_TAKER;BOT_MAKER;SNACKPACK_RASPBERRY;XIRECS;9973.0;3
77200;BOT_TAKER;SUBMISSION;PEBBLES_XS;XIRECS;9793.0;2
77200;BOT_TAKER;BOT_MAKER;PEBBLES_S;XIRECS;9771.0;2
77200;BOT_TAKER;SUBMISSION;PEBBLES_M;XIRECS;10111.0;1
77200;BOT_TAKER;BOT_MAKER;PEBBLES_M;XIRECS;10112.0;1
77200;BOT_TAKER;SUBMISSION;PEBBLES_L;XIRECS;10377.0;2
77200;BOT_TAKER;SUBMISSION;PEBBLES_XL;XIRECS;9974.0;2
77500;BOT_TAKER;SUBMISSION;GALAXY_SOUNDS_DARK_MATTER;XIRECS;10064.0;4
77500;BOT_TAKER;SUBMISSION;GALAXY_SOUNDS_BLACK_HOLES;XIRECS;9913.0;2
77500;BOT_TAKER;BOT_MAKER;GALAXY_SOUNDS_BLACK_HOLES;XIRECS;9914.0;2
77500;BOT_TAKER;SUBMISSION;GALAXY_SOUNDS_PLANETARY_RINGS;XIRECS;9972.0;2
77500;BOT_TAKER;BOT_MAKER;GALAXY_SOUNDS_PLANETARY_RINGS;XIRECS;9973.0;2
77500;BOT_TAKER;SUBMISSION;GALAXY_SOUNDS_SOLAR_WINDS;XIRECS;10477.0;2
77500;BOT_TAKER;BOT_MAKER;GALAXY_SOUNDS_SOLAR_WINDS;XIRECS;10478.0;2
77500;BOT_TAKER;BOT_MAKER;GALAXY_SOUNDS_SOLAR_FLAMES;XIRECS;10168.0;4
77500;BOT_TAKER;BOT_MAKER;SLEEP_POD_SUEDE;XIRECS;10071.0;4
77500;BOT_TAKER;BOT_MAKER;SLEEP_POD_LAMB_WOOL;XIRECS;10816.0;4
77500;BOT_TAKER;SUBMISSION;SLEEP_POD_POLYESTER;XIRECS;10317.0;2
77500;BOT_TAKER;BOT_MAKER;SLEEP_POD_POLYESTER;XIRECS;10318.0;2
77500;BOT_TAKER;BOT_MAKER;SLEEP_POD_NYLON;XIRECS;9389.0;4
77500;BOT_TAKER;SUBMISSION;SLEEP_POD_COTTON;XIRECS;9905.0;2
77500;BOT_TAKER;BOT_MAKER;SLEEP_POD_COTTON;XIRECS;9906.0;2
77500;BOT_TAKER;BOT_MAKER;ROBOT_VACUUMING;XIRECS;10028.0;4
77500;BOT_TAKER;SUBMISSION;ROBOT_MOPPING;XIRECS;9633.0;2
77500;BOT_TAKER;BOT_MAKER;ROBOT_MOPPING;XIRECS;9634.0;2
77500;BOT_TAKER;BOT_MAKER;ROBOT_DISHES;XIRECS;9525.0;4
77500;BOT_TAKER;BOT_MAKER;ROBOT_LAUNDRY;XIRECS;10273.0;4
77500;BOT_TAKER;SUBMISSION;ROBOT_IRONING;XIRECS;10000.0;2
77500;BOT_TAKER;BOT_MAKER;ROBOT_IRONING;XIRECS;10001.0;2
77500;BOT_TAKER;SUBMISSION;UV_VISOR_YELLOW;XIRECS;10369.0;2
77500;BOT_TAKER;BOT_MAKER;UV_VISOR_YELLOW;XIRECS;10370.0;2
77500;BOT_TAKER;SUBMISSION;UV_VISOR_AMBER;XIRECS;9694.0;2
77500;BOT_TAKER;BOT_MAKER;UV_VISOR_AMBER;XIRECS;9695.0;2
77500;BOT_TAKER;SUBMISSION;UV_VISOR_ORANGE;XIRECS;10500.0;2
77500;BOT_TAKER;BOT_MAKER;UV_VISOR_ORANGE;XIRECS;10501.0;2
77500;BOT_TAKER;BOT_MAKER;UV_VISOR_RED;XIRECS;10423.0;4
77500;BOT_TAKER;BOT_MAKER;UV_VISOR_MAGENTA;XIRECS;10307.0;4
77500;BOT_TAKER;SUBMISSION;TRANSLATOR_SPACE_GRAY;XIRECS;9830.0;2
77500;BOT_TAKER;BOT_MAKER;TRANSLATOR_SPACE_GRAY;XIRECS;9831.0;2
77500;BOT_TAKER;BOT_MAKER;TRANSLATOR_ASTRO_BLACK;XIRECS;9821.0;4
77500;BOT_TAKER;BOT_MAKER;TRANSLATOR_ECLIPSE_CHARCOAL;XIRECS;9807.0;4
77500;BOT_TAKER;SUBMISSION;TRANSLATOR_GRAPHITE_MIST;XIRECS;10224.0;2
77500;BOT_TAKER;BOT_MAKER;TRANSLATOR_GRAPHITE_MIST;XIRECS;10225.0;2
77500;BOT_TAKER;SUBMISSION;TRANSLATOR_VOID_BLUE;XIRECS;10092.0;4
77500;BOT_TAKER;SUBMISSION;PANEL_1X2;XIRECS;10062.0;2
77500;BOT_TAKER;BOT_MAKER;PANEL_1X2;XIRECS;10063.0;2
77500;BOT_TAKER;SUBMISSION;PANEL_2X2;XIRECS;10589.0;2
77500;BOT_TAKER;BOT_MAKER;PANEL_2X2;XIRECS;10590.0;2
77500;BOT_TAKER;SUBMISSION;PANEL_1X4;XIRECS;10277.0;2
77500;BOT_TAKER;BOT_MAKER;PANEL_1X4;XIRECS;10278.0;2
77500;BOT_TAKER;SUBMISSION;PANEL_2X4;XIRECS;10072.0;4
77500;BOT_TAKER;SUBMISSION;PANEL_4X4;XIRECS;10209.0;2
77500;BOT_TAKER;BOT_MAKER;PANEL_4X4;XIRECS;10210.0;2
77500;BOT_TAKER;SUBMISSION;OXYGEN_SHAKE_MORNING_BREATH;XIRECS;9725.0;2
77500;BOT_TAKER;BOT_MAKER;OXYGEN_SHAKE_MORNING_BREATH;XIRECS;9726.0;2
77500;BOT_TAKER;SUBMISSION;OXYGEN_SHAKE_EVENING_BREATH;XIRECS;9731.0;2
77500;BOT_TAKER;BOT_MAKER;OXYGEN_SHAKE_EVENING_BREATH;XIRECS;9732.0;2
77500;BOT_TAKER;SUBMISSION;OXYGEN_SHAKE_MINT;XIRECS;10044.0;2
77500;BOT_TAKER;BOT_MAKER;OXYGEN_SHAKE_MINT;XIRECS;10045.0;2
77500;BOT_TAKER;BOT_MAKER;OXYGEN_SHAKE_CHOCOLATE;XIRECS;9912.0;4
77500;BOT_TAKER;SUBMISSION;OXYGEN_SHAKE_GARLIC;XIRECS;10259.0;2
77500;BOT_TAKER;BOT_MAKER;OXYGEN_SHAKE_GARLIC;XIRECS;10260.0;2
77500;BOT_TAKER;BOT_MAKER;SNACKPACK_CHOCOLATE;XIRECS;10319.0;4
77500;BOT_TAKER;SUBMISSION;SNACKPACK_VANILLA;XIRECS;9741.0;1
77500;BOT_TAKER;BOT_MAKER;SNACKPACK_VANILLA;XIRECS;9742.0;3
77500;BOT_TAKER;BOT_MAKER;SNACKPACK_PISTACHIO;XIRECS;9894.0;4
77500;BOT_TAKER;BOT_MAKER;SNACKPACK_STRAWBERRY;XIRECS;10228.0;4
77500;BOT_TAKER;BOT_MAKER;SNACKPACK_RASPBERRY;XIRECS;9988.0;4
79100;BOT_MAKER;BOT_TAKER;GALAXY_SOUNDS_DARK_MATTER;XIRECS;10117.0;4
79100;SUBMISSION;BOT_TAKER;GALAXY_SOUNDS_BLACK_HOLES;XIRECS;9946.0;4
79100;SUBMISSION;BOT_TAKER;GALAXY_SOUNDS_PLANETARY_RINGS;XIRECS;9903.0;4
79100;SUBMISSION;BOT_TAKER;GALAXY_SOUNDS_SOLAR_WINDS;XIRECS;10473.0;4
79100;BOT_MAKER;BOT_TAKER;GALAXY_SOUNDS_SOLAR_FLAMES;XIRECS;10162.0;4
79100;BOT_MAKER;BOT_TAKER;SLEEP_POD_SUEDE;XIRECS;10118.0;4
79100;BOT_MAKER;BOT_TAKER;SLEEP_POD_LAMB_WOOL;XIRECS;10813.0;4
79100;SUBMISSION;BOT_TAKER;SLEEP_POD_POLYESTER;XIRECS;10266.0;4
79100;BOT_MAKER;BOT_TAKER;SLEEP_POD_NYLON;XIRECS;9334.0;4
79100;SUBMISSION;BOT_TAKER;SLEEP_POD_COTTON;XIRECS;9896.0;4
79100;SUBMISSION;BOT_TAKER;ROBOT_VACUUMING;XIRECS;10024.0;4
79100;SUBMISSION;BOT_TAKER;ROBOT_MOPPING;XIRECS;9619.0;4
79100;BOT_MAKER;BOT_TAKER;ROBOT_DISHES;XIRECS;9664.0;4
79100;BOT_MAKER;BOT_TAKER;ROBOT_LAUNDRY;XIRECS;10259.0;4
79100;SUBMISSION;BOT_TAKER;ROBOT_IRONING;XIRECS;9970.0;4
79100;SUBMISSION;BOT_TAKER;UV_VISOR_YELLOW;XIRECS;10333.0;4
79100;SUBMISSION;BOT_TAKER;UV_VISOR_AMBER;XIRECS;9724.0;4
79100;SUBMISSION;BOT_TAKER;UV_VISOR_ORANGE;XIRECS;10496.0;4
79100;BOT_MAKER;BOT_TAKER;UV_VISOR_RED;XIRECS;10407.0;4
79100;BOT_MAKER;BOT_TAKER;UV_VISOR_MAGENTA;XIRECS;10295.0;4
79100;SUBMISSION;BOT_TAKER;TRANSLATOR_SPACE_GRAY;XIRECS;9832.0;4
79100;BOT_MAKER;BOT_TAKER;TRANSLATOR_ASTRO_BLACK;XIRECS;9861.0;4
79100;SUBMISSION;BOT_TAKER;TRANSLATOR_ECLIPSE_CHARCOAL;XIRECS;9827.0;4
79100;SUBMISSION;BOT_TAKER;TRANSLATOR_GRAPHITE_MIST;XIRECS;10150.0;4
79100;BOT_MAKER;BOT_TAKER;TRANSLATOR_VOID_BLUE;XIRECS;10057.0;4
79100;SUBMISSION;BOT_TAKER;PANEL_1X2;XIRECS;10122.0;4
79100;SUBMISSION;BOT_TAKER;PANEL_2X2;XIRECS;10568.0;4
79100;SUBMISSION;BOT_TAKER;PANEL_1X4;XIRECS;10214.0;4
79100;BOT_MAKER;BOT_TAKER;PANEL_2X4;XIRECS;10047.0;4
79100;SUBMISSION;BOT_TAKER;PANEL_4X4;XIRECS;10224.0;4
79100;SUBMISSION;BOT_TAKER;OXYGEN_SHAKE_MORNING_BREATH;XIRECS;9720.0;4
79100;SUBMISSION;BOT_TAKER;OXYGEN_SHAKE_EVENING_BREATH;XIRECS;9698.0;4
79100;SUBMISSION;BOT_TAKER;OXYGEN_SHAKE_MINT;XIRECS;10043.0;4
79100;SUBMISSION;BOT_TAKER;OXYGEN_SHAKE_CHOCOLATE;XIRECS;9900.0;4
79100;SUBMISSION;BOT_TAKER;OXYGEN_SHAKE_GARLIC;XIRECS;10397.0;4
79100;BOT_MAKER;BOT_TAKER;SNACKPACK_CHOCOLATE;XIRECS;10238.0;4
79100;BOT_MAKER;BOT_TAKER;SNACKPACK_VANILLA;XIRECS;9801.0;4
79100;BOT_MAKER;BOT_TAKER;SNACKPACK_PISTACHIO;XIRECS;9868.0;4
79100;BOT_MAKER;BOT_TAKER;SNACKPACK_STRAWBERRY;XIRECS;10192.0;4
79100;BOT_MAKER;BOT_TAKER;SNACKPACK_RASPBERRY;XIRECS;9998.0;4
86200;BOT_TAKER;SUBMISSION;MICROCHIP_CIRCLE;XIRECS;9259.0;2
86200;BOT_TAKER;SUBMISSION;MICROCHIP_OVAL;XIRECS;9674.0;2
86200;BOT_TAKER;SUBMISSION;MICROCHIP_SQUARE;XIRECS;10671.0;2
86200;BOT_TAKER;SUBMISSION;MICROCHIP_RECTANGLE;XIRECS;10695.0;2
86200;BOT_TAKER;SUBMISSION;MICROCHIP_TRIANGLE;XIRECS;10472.0;2
87600;BOT_MAKER;BOT_TAKER;GALAXY_SOUNDS_DARK_MATTER;XIRECS;10126.0;1
87600;SUBMISSION;BOT_TAKER;GALAXY_SOUNDS_BLACK_HOLES;XIRECS;10023.0;1
87600;SUBMISSION;BOT_TAKER;GALAXY_SOUNDS_PLANETARY_RINGS;XIRECS;9809.0;1
87600;SUBMISSION;BOT_TAKER;GALAXY_SOUNDS_SOLAR_WINDS;XIRECS;10386.0;1
87600;BOT_MAKER;BOT_TAKER;GALAXY_SOUNDS_SOLAR_FLAMES;XIRECS;10177.0;1
87600;SUBMISSION;BOT_TAKER;SLEEP_POD_SUEDE;XIRECS;10009.0;1
87600;BOT_MAKER;BOT_TAKER;SLEEP_POD_LAMB_WOOL;XIRECS;10771.0;1
87600;SUBMISSION;BOT_TAKER;SLEEP_POD_POLYESTER;XIRECS;10232.0;1
87600;BOT_MAKER;BOT_TAKER;SLEEP_POD_NYLON;XIRECS;9362.0;1
87600;SUBMISSION;BOT_TAKER;SLEEP_POD_COTTON;XIRECS;10040.0;1
87600;SUBMISSION;BOT_TAKER;ROBOT_VACUUMING;XIRECS;9986.0;1
87600;SUBMISSION;BOT_TAKER;ROBOT_MOPPING;XIRECS;9802.0;1
87600;BOT_MAKER;BOT_TAKER;ROBOT_DISHES;XIRECS;9552.0;1
87600;BOT_MAKER;BOT_TAKER;ROBOT_LAUNDRY;XIRECS;10316.0;1
87600;SUBMISSION;BOT_TAKER;ROBOT_IRONING;XIRECS;10056.0;1
87600;SUBMISSION;BOT_TAKER;UV_VISOR_YELLOW;XIRECS;10214.0;1
87600;SUBMISSION;BOT_TAKER;UV_VISOR_AMBER;XIRECS;9565.0;1
87600;SUBMISSION;BOT_TAKER;UV_VISOR_ORANGE;XIRECS;10516.0;1
87600;BOT_MAKER;BOT_TAKER;UV_VISOR_RED;XIRECS;10358.0;1
87600;BOT_MAKER;BOT_TAKER;UV_VISOR_MAGENTA;XIRECS;10203.0;1
87600;SUBMISSION;BOT_TAKER;TRANSLATOR_SPACE_GRAY;XIRECS;9801.0;1
87600;BOT_MAKER;BOT_TAKER;TRANSLATOR_ASTRO_BLACK;XIRECS;9813.0;1
87600;SUBMISSION;BOT_TAKER;TRANSLATOR_ECLIPSE_CHARCOAL;XIRECS;9881.0;1
87600;SUBMISSION;BOT_TAKER;TRANSLATOR_GRAPHITE_MIST;XIRECS;10161.0;1
87600;BOT_MAKER;BOT_TAKER;TRANSLATOR_VOID_BLUE;XIRECS;10146.0;1
87600;SUBMISSION;BOT_TAKER;PANEL_1X2;XIRECS;10035.0;1
87600;SUBMISSION;BOT_TAKER;PANEL_2X2;XIRECS;10661.0;1
87600;SUBMISSION;BOT_TAKER;PANEL_1X4;XIRECS;10064.0;1
87600;SUBMISSION;BOT_TAKER;PANEL_2X4;XIRECS;9943.0;1
87600;SUBMISSION;BOT_TAKER;PANEL_4X4;XIRECS;10309.0;1
87600;SUBMISSION;BOT_TAKER;OXYGEN_SHAKE_MORNING_BREATH;XIRECS;9903.0;1
87600;SUBMISSION;BOT_TAKER;OXYGEN_SHAKE_EVENING_BREATH;XIRECS;9698.0;1
87600;SUBMISSION;BOT_TAKER;OXYGEN_SHAKE_MINT;XIRECS;10011.0;1
87600;SUBMISSION;BOT_TAKER;OXYGEN_SHAKE_CHOCOLATE;XIRECS;9840.0;1
87600;SUBMISSION;BOT_TAKER;OXYGEN_SHAKE_GARLIC;XIRECS;10525.0;1
87600;BOT_MAKER;BOT_TAKER;SNACKPACK_CHOCOLATE;XIRECS;10250.0;1
87600;BOT_MAKER;BOT_TAKER;SNACKPACK_VANILLA;XIRECS;9829.0;1
87600;BOT_MAKER;BOT_TAKER;SNACKPACK_PISTACHIO;XIRECS;9857.0;1
87600;BOT_MAKER;BOT_TAKER;SNACKPACK_STRAWBERRY;XIRECS;10256.0;1
87600;BOT_MAKER;BOT_TAKER;SNACKPACK_RASPBERRY;XIRECS;9948.0;1
87700;BOT_TAKER;SUBMISSION;GALAXY_SOUNDS_DARK_MATTER;XIRECS;10124.0;1
87700;BOT_TAKER;SUBMISSION;GALAXY_SOUNDS_BLACK_HOLES;XIRECS;10022.0;1
87700;BOT_TAKER;SUBMISSION;GALAXY_SOUNDS_PLANETARY_RINGS;XIRECS;9812.0;1
87700;BOT_TAKER;SUBMISSION;GALAXY_SOUNDS_SOLAR_WINDS;XIRECS;10403.0;1
87700;BOT_TAKER;BOT_MAKER;GALAXY_SOUNDS_SOLAR_FLAMES;XIRECS;10203.0;1
87700;BOT_TAKER;BOT_MAKER;SLEEP_POD_SUEDE;XIRECS;10015.0;1
87700;BOT_TAKER;BOT_MAKER;SLEEP_POD_LAMB_WOOL;XIRECS;10786.0;1
87700;BOT_TAKER;SUBMISSION;SLEEP_POD_POLYESTER;XIRECS;10244.0;1
87700;BOT_TAKER;BOT_MAKER;SLEEP_POD_NYLON;XIRECS;9383.0;1
87700;BOT_TAKER;SUBMISSION;SLEEP_POD_COTTON;XIRECS;10047.0;1
87700;BOT_TAKER;BOT_MAKER;ROBOT_VACUUMING;XIRECS;10016.0;1
87700;BOT_TAKER;SUBMISSION;ROBOT_MOPPING;XIRECS;9810.0;1
87700;BOT_TAKER;BOT_MAKER;ROBOT_DISHES;XIRECS;9573.0;1
87700;BOT_TAKER;BOT_MAKER;ROBOT_LAUNDRY;XIRECS;10308.0;1
87700;BOT_TAKER;SUBMISSION;ROBOT_IRONING;XIRECS;10054.0;1
87700;BOT_TAKER;SUBMISSION;UV_VISOR_YELLOW;XIRECS;10226.0;1
87700;BOT_TAKER;SUBMISSION;UV_VISOR_AMBER;XIRECS;9579.0;1
87700;BOT_TAKER;SUBMISSION;UV_VISOR_ORANGE;XIRECS;10529.0;1
87700;BOT_TAKER;BOT_MAKER;UV_VISOR_RED;XIRECS;10388.0;1
87700;BOT_TAKER;BOT_MAKER;UV_VISOR_MAGENTA;XIRECS;10212.0;1
87700;BOT_TAKER;SUBMISSION;TRANSLATOR_SPACE_GRAY;XIRECS;9789.0;1
87700;BOT_TAKER;BOT_MAKER;TRANSLATOR_ASTRO_BLACK;XIRECS;9832.0;1
87700;BOT_TAKER;BOT_MAKER;TRANSLATOR_ECLIPSE_CHARCOAL;XIRECS;9893.0;1
87700;BOT_TAKER;SUBMISSION;TRANSLATOR_GRAPHITE_MIST;XIRECS;10190.0;1
87700;BOT_TAKER;SUBMISSION;TRANSLATOR_VOID_BLUE;XIRECS;10156.0;1
87700;BOT_TAKER;SUBMISSION;PANEL_1X2;XIRECS;10053.0;1
87700;BOT_TAKER;SUBMISSION;PANEL_2X2;XIRECS;10673.0;1
87700;BOT_TAKER;SUBMISSION;PANEL_1X4;XIRECS;10068.0;1
87700;BOT_TAKER;BOT_MAKER;PANEL_2X4;XIRECS;9949.0;1
87700;BOT_TAKER;SUBMISSION;PANEL_4X4;XIRECS;10324.0;1
87700;BOT_TAKER;SUBMISSION;OXYGEN_SHAKE_MORNING_BREATH;XIRECS;9910.0;1
87700;BOT_TAKER;SUBMISSION;OXYGEN_SHAKE_EVENING_BREATH;XIRECS;9706.0;1
87700;BOT_TAKER;SUBMISSION;OXYGEN_SHAKE_MINT;XIRECS;10026.0;1
87700;BOT_TAKER;BOT_MAKER;OXYGEN_SHAKE_CHOCOLATE;XIRECS;9840.0;1
87700;BOT_TAKER;SUBMISSION;OXYGEN_SHAKE_GARLIC;XIRECS;10532.0;1
87700;BOT_TAKER;BOT_MAKER;SNACKPACK_CHOCOLATE;XIRECS;10262.0;1
87700;BOT_TAKER;SUBMISSION;SNACKPACK_VANILLA;XIRECS;9850.0;1
87700;BOT_TAKER;BOT_MAKER;SNACKPACK_PISTACHIO;XIRECS;9864.0;1
87700;BOT_TAKER;BOT_MAKER;SNACKPACK_STRAWBERRY;XIRECS;10264.0;1
87700;BOT_TAKER;BOT_MAKER;SNACKPACK_RASPBERRY;XIRECS;9977.0;1
89200;BOT_TAKER;SUBMISSION;PEBBLES_XS;XIRECS;9462.0;5
89200;BOT_TAKER;BOT_MAKER;PEBBLES_S;XIRECS;9811.0;5
89200;BOT_TAKER;SUBMISSION;PEBBLES_M;XIRECS;10285.0;2
89200;BOT_TAKER;BOT_MAKER;PEBBLES_M;XIRECS;10286.0;3
89200;BOT_TAKER;SUBMISSION;PEBBLES_L;XIRECS;10456.0;5
89200;BOT_TAKER;SUBMISSION;PEBBLES_XL;XIRECS;10012.0;5
91500;BOT_TAKER;SUBMISSION;MICROCHIP_CIRCLE;XIRECS;9320.0;1
91500;BOT_TAKER;SUBMISSION;MICROCHIP_OVAL;XIRECS;9634.0;1
91500;BOT_TAKER;SUBMISSION;MICROCHIP_SQUARE;XIRECS;10997.0;1
91500;BOT_TAKER;SUBMISSION;MICROCHIP_RECTANGLE;XIRECS;10694.0;1
91500;BOT_TAKER;SUBMISSION;MICROCHIP_TRIANGLE;XIRECS;10486.0;1
92400;BOT_MAKER;BOT_TAKER;GALAXY_SOUNDS_DARK_MATTER;XIRECS;10198.0;2
92400;SUBMISSION;BOT_TAKER;GALAXY_SOUNDS_BLACK_HOLES;XIRECS;10012.0;2
92400;SUBMISSION;BOT_TAKER;GALAXY_SOUNDS_PLANETARY_RINGS;XIRECS;9835.0;2
92400;SUBMISSION;BOT_TAKER;GALAXY_SOUNDS_SOLAR_WINDS;XIRECS;10316.0;2
92400;BOT_MAKER;BOT_TAKER;GALAXY_SOUNDS_SOLAR_FLAMES;XIRECS;10198.0;2
92400;BOT_MAKER;BOT_TAKER;SLEEP_POD_SUEDE;XIRECS;10194.0;2
92400;BOT_MAKER;BOT_TAKER;SLEEP_POD_LAMB_WOOL;XIRECS;10873.0;2
92400;SUBMISSION;BOT_TAKER;SLEEP_POD_POLYESTER;XIRECS;10296.0;2
92400;BOT_MAKER;BOT_TAKER;SLEEP_POD_NYLON;XIRECS;9428.0;2
92400;SUBMISSION;BOT_TAKER;SLEEP_POD_COTTON;XIRECS;9951.0;2
92400;SUBMISSION;BOT_TAKER;ROBOT_VACUUMING;XIRECS;9931.0;2
92400;SUBMISSION;BOT_TAKER;ROBOT_MOPPING;XIRECS;10062.0;2
92400;BOT_MAKER;BOT_TAKER;ROBOT_DISHES;XIRECS;9718.0;2
92400;BOT_MAKER;BOT_TAKER;ROBOT_LAUNDRY;XIRECS;10230.0;2
92400;SUBMISSION;BOT_TAKER;ROBOT_IRONING;XIRECS;9932.0;2
92400;SUBMISSION;BOT_TAKER;UV_VISOR_YELLOW;XIRECS;10271.0;2
92400;SUBMISSION;BOT_TAKER;UV_VISOR_AMBER;XIRECS;9498.0;2
92400;SUBMISSION;BOT_TAKER;UV_VISOR_ORANGE;XIRECS;10529.0;2
92400;BOT_MAKER;BOT_TAKER;UV_VISOR_RED;XIRECS;10356.0;2
92400;SUBMISSION;BOT_TAKER;UV_VISOR_MAGENTA;XIRECS;10019.0;2
92400;SUBMISSION;BOT_TAKER;TRANSLATOR_SPACE_GRAY;XIRECS;9723.0;2
92400;BOT_MAKER;BOT_TAKER;TRANSLATOR_ASTRO_BLACK;XIRECS;9703.0;2
92400;BOT_MAKER;BOT_TAKER;TRANSLATOR_ECLIPSE_CHARCOAL;XIRECS;9805.0;2
92400;SUBMISSION;BOT_TAKER;TRANSLATOR_GRAPHITE_MIST;XIRECS;10237.0;2
92400;BOT_MAKER;BOT_TAKER;TRANSLATOR_VOID_BLUE;XIRECS;10174.0;2
92400;SUBMISSION;BOT_TAKER;PANEL_1X2;XIRECS;10047.0;2
92400;SUBMISSION;BOT_TAKER;PANEL_2X2;XIRECS;10650.0;2
92400;SUBMISSION;BOT_TAKER;PANEL_1X4;XIRECS;10000.0;2
92400;BOT_MAKER;BOT_TAKER;PANEL_2X4;XIRECS;10106.0;2
92400;SUBMISSION;BOT_TAKER;PANEL_4X4;XIRECS;10413.0;2
92400;SUBMISSION;BOT_TAKER;OXYGEN_SHAKE_MORNING_BREATH;XIRECS;9926.0;2
92400;SUBMISSION;BOT_TAKER;OXYGEN_SHAKE_EVENING_BREATH;XIRECS;9577.0;2
92400;SUBMISSION;BOT_TAKER;OXYGEN_SHAKE_MINT;XIRECS;9994.0;2
92400;SUBMISSION;BOT_TAKER;OXYGEN_SHAKE_CHOCOLATE;XIRECS;9836.0;2
92400;SUBMISSION;BOT_TAKER;OXYGEN_SHAKE_GARLIC;XIRECS;10562.0;2
92400;BOT_MAKER;BOT_TAKER;SNACKPACK_CHOCOLATE;XIRECS;10295.0;2
92400;BOT_MAKER;BOT_TAKER;SNACKPACK_VANILLA;XIRECS;9773.0;2
92400;BOT_MAKER;BOT_TAKER;SNACKPACK_PISTACHIO;XIRECS;9895.0;2
92400;BOT_MAKER;BOT_TAKER;SNACKPACK_STRAWBERRY;XIRECS;10330.0;2
92400;BOT_MAKER;BOT_TAKER;SNACKPACK_RASPBERRY;XIRECS;9900.0;2
93200;SUBMISSION;BOT_TAKER;PEBBLES_XS;XIRECS;9504.0;4
93200;BOT_MAKER;BOT_TAKER;PEBBLES_S;XIRECS;9701.0;4
93200;BOT_MAKER;BOT_TAKER;PEBBLES_M;XIRECS;10204.0;4
93200;SUBMISSION;BOT_TAKER;PEBBLES_L;XIRECS;10378.0;4
93200;BOT_MAKER;BOT_TAKER;PEBBLES_XL;XIRECS;10184.0;4
93800;BOT_TAKER;SUBMISSION;PEBBLES_XS;XIRECS;9483.0;4
93800;BOT_TAKER;BOT_MAKER;PEBBLES_S;XIRECS;9746.0;4
93800;BOT_TAKER;BOT_MAKER;PEBBLES_M;XIRECS;10195.0;4
93800;BOT_TAKER;SUBMISSION;PEBBLES_L;XIRECS;10386.0;4
93800;BOT_TAKER;SUBMISSION;PEBBLES_XL;XIRECS;10217.0;4
94100;BOT_TAKER;SUBMISSION;GALAXY_SOUNDS_DARK_MATTER;XIRECS;10272.0;2
94100;BOT_TAKER;SUBMISSION;GALAXY_SOUNDS_BLACK_HOLES;XIRECS;10012.0;2
94100;BOT_TAKER;SUBMISSION;GALAXY_SOUNDS_PLANETARY_RINGS;XIRECS;9888.0;2
94100;BOT_TAKER;SUBMISSION;GALAXY_SOUNDS_SOLAR_WINDS;XIRECS;10325.0;2
94100;BOT_TAKER;BOT_MAKER;GALAXY_SOUNDS_SOLAR_FLAMES;XIRECS;10228.0;2
94100;BOT_TAKER;SUBMISSION;SLEEP_POD_SUEDE;XIRECS;10227.0;1
94100;BOT_TAKER;BOT_MAKER;SLEEP_POD_SUEDE;XIRECS;10228.0;1
94100;BOT_TAKER;BOT_MAKER;SLEEP_POD_LAMB_WOOL;XIRECS;10823.0;2
94100;BOT_TAKER;SUBMISSION;SLEEP_POD_POLYESTER;XIRECS;10337.0;2
94100;BOT_TAKER;BOT_MAKER;SLEEP_POD_NYLON;XIRECS;9449.0;2
94100;BOT_TAKER;SUBMISSION;SLEEP_POD_COTTON;XIRECS;9974.0;2
94100;BOT_TAKER;BOT_MAKER;ROBOT_VACUUMING;XIRECS;9933.0;2
94100;BOT_TAKER;SUBMISSION;ROBOT_MOPPING;XIRECS;10092.0;2
94100;BOT_TAKER;BOT_MAKER;ROBOT_DISHES;XIRECS;9740.0;2
94100;BOT_TAKER;BOT_MAKER;ROBOT_LAUNDRY;XIRECS;10202.0;2
94100;BOT_TAKER;SUBMISSION;ROBOT_IRONING;XIRECS;9957.0;2
94100;BOT_TAKER;SUBMISSION;UV_VISOR_YELLOW;XIRECS;10322.0;2
94100;BOT_TAKER;SUBMISSION;UV_VISOR_AMBER;XIRECS;9540.0;2
94100;BOT_TAKER;SUBMISSION;UV_VISOR_ORANGE;XIRECS;10481.0;2
94100;BOT_TAKER;BOT_MAKER;UV_VISOR_RED;XIRECS;10351.0;2
94100;BOT_TAKER;BOT_MAKER;UV_VISOR_MAGENTA;XIRECS;10019.0;2
94100;BOT_TAKER;SUBMISSION;TRANSLATOR_SPACE_GRAY;XIRECS;9714.0;2
94100;BOT_TAKER;BOT_MAKER;TRANSLATOR_ASTRO_BLACK;XIRECS;9710.0;2
94100;BOT_TAKER;BOT_MAKER;TRANSLATOR_ECLIPSE_CHARCOAL;XIRECS;9857.0;2
94100;BOT_TAKER;SUBMISSION;TRANSLATOR_GRAPHITE_MIST;XIRECS;10263.0;2
94100;BOT_TAKER;BOT_MAKER;TRANSLATOR_VOID_BLUE;XIRECS;10124.0;2
94100;BOT_TAKER;SUBMISSION;PANEL_1X2;XIRECS;10063.0;2
94100;BOT_TAKER;SUBMISSION;PANEL_2X2;XIRECS;10608.0;2
94100;BOT_TAKER;SUBMISSION;PANEL_1X4;XIRECS;10051.0;2
94100;BOT_TAKER;SUBMISSION;PANEL_2X4;XIRECS;10107.0;2
94100;BOT_TAKER;SUBMISSION;PANEL_4X4;XIRECS;10429.0;2
94100;BOT_TAKER;SUBMISSION;OXYGEN_SHAKE_MORNING_BREATH;XIRECS;9829.0;2
94100;BOT_TAKER;SUBMISSION;OXYGEN_SHAKE_EVENING_BREATH;XIRECS;9542.0;2
94100;BOT_TAKER;SUBMISSION;OXYGEN_SHAKE_MINT;XIRECS;9995.0;2
94100;BOT_TAKER;BOT_MAKER;OXYGEN_SHAKE_CHOCOLATE;XIRECS;9814.0;2
94100;BOT_TAKER;SUBMISSION;OXYGEN_SHAKE_GARLIC;XIRECS;10569.0;2
94100;BOT_TAKER;BOT_MAKER;SNACKPACK_CHOCOLATE;XIRECS;10290.0;2
94100;BOT_TAKER;SUBMISSION;SNACKPACK_VANILLA;XIRECS;9808.0;2
94100;BOT_TAKER;BOT_MAKER;SNACKPACK_PISTACHIO;XIRECS;9891.0;2
94100;BOT_TAKER;BOT_MAKER;SNACKPACK_STRAWBERRY;XIRECS;10325.0;2
94100;BOT_TAKER;BOT_MAKER;SNACKPACK_RASPBERRY;XIRECS;9943.0;2
96800;BOT_TAKER;SUBMISSION;GALAXY_SOUNDS_DARK_MATTER;XIRECS;10360.0;2
96800;BOT_TAKER;SUBMISSION;GALAXY_SOUNDS_BLACK_HOLES;XIRECS;10061.0;2
96800;BOT_TAKER;SUBMISSION;GALAXY_SOUNDS_PLANETARY_RINGS;XIRECS;9806.0;2
96800;BOT_TAKER;SUBMISSION;GALAXY_SOUNDS_SOLAR_WINDS;XIRECS;10337.0;2
96800;BOT_TAKER;BOT_MAKER;GALAXY_SOUNDS_SOLAR_FLAMES;XIRECS;10168.0;2
96800;BOT_TAKER;BOT_MAKER;SLEEP_POD_SUEDE;XIRECS;10184.0;2
96800;BOT_TAKER;BOT_MAKER;SLEEP_POD_LAMB_WOOL;XIRECS;10768.0;2
96800;BOT_TAKER;SUBMISSION;SLEEP_POD_POLYESTER;XIRECS;10340.0;2
96800;BOT_TAKER;BOT_MAKER;SLEEP_POD_NYLON;XIRECS;9421.0;2
96800;BOT_TAKER;SUBMISSION;SLEEP_POD_COTTON;XIRECS;9959.0;2
96800;BOT_TAKER;BOT_MAKER;ROBOT_VACUUMING;XIRECS;10005.0;2
96800;BOT_TAKER;SUBMISSION;ROBOT_MOPPING;XIRECS;10076.0;2
96800;BOT_TAKER;BOT_MAKER;ROBOT_DISHES;XIRECS;9673.0;2
96800;BOT_TAKER;BOT_MAKER;ROBOT_LAUNDRY;XIRECS;10251.0;2
96800;BOT_TAKER;SUBMISSION;ROBOT_IRONING;XIRECS;10047.0;2
96800;BOT_TAKER;SUBMISSION;UV_VISOR_YELLOW;XIRECS;10320.0;2
96800;BOT_TAKER;SUBMISSION;UV_VISOR_AMBER;XIRECS;9501.0;2
96800;BOT_TAKER;SUBMISSION;UV_VISOR_ORANGE;XIRECS;10546.0;2
96800;BOT_TAKER;BOT_MAKER;UV_VISOR_RED;XIRECS;10308.0;2
96800;BOT_TAKER;BOT_MAKER;UV_VISOR_MAGENTA;XIRECS;10012.0;2
96800;BOT_TAKER;SUBMISSION;TRANSLATOR_SPACE_GRAY;XIRECS;9689.0;2
96800;BOT_TAKER;BOT_MAKER;TRANSLATOR_ASTRO_BLACK;XIRECS;9645.0;2
96800;BOT_TAKER;BOT_MAKER;TRANSLATOR_ECLIPSE_CHARCOAL;XIRECS;9899.0;2
96800;BOT_TAKER;SUBMISSION;TRANSLATOR_GRAPHITE_MIST;XIRECS;10271.0;2
96800;BOT_TAKER;BOT_MAKER;TRANSLATOR_VOID_BLUE;XIRECS;10175.0;2
96800;BOT_TAKER;SUBMISSION;PANEL_1X2;XIRECS;10125.0;2
96800;BOT_TAKER;SUBMISSION;PANEL_2X2;XIRECS;10653.0;2
96800;BOT_TAKER;SUBMISSION;PANEL_1X4;XIRECS;10015.0;2
96800;BOT_TAKER;SUBMISSION;PANEL_2X4;XIRECS;10207.0;2
96800;BOT_TAKER;SUBMISSION;PANEL_4X4;XIRECS;10475.0;2
96800;BOT_TAKER;SUBMISSION;OXYGEN_SHAKE_MORNING_BREATH;XIRECS;9888.0;2
96800;BOT_TAKER;SUBMISSION;OXYGEN_SHAKE_EVENING_BREATH;XIRECS;9510.0;2
96800;BOT_TAKER;SUBMISSION;OXYGEN_SHAKE_MINT;XIRECS;10032.0;2
96800;BOT_TAKER;BOT_MAKER;OXYGEN_SHAKE_CHOCOLATE;XIRECS;9874.0;2
96800;BOT_TAKER;SUBMISSION;OXYGEN_SHAKE_GARLIC;XIRECS;10573.0;2
96800;BOT_TAKER;BOT_MAKER;SNACKPACK_CHOCOLATE;XIRECS;10268.0;2
96800;BOT_TAKER;SUBMISSION;SNACKPACK_VANILLA;XIRECS;9828.0;2
96800;BOT_TAKER;BOT_MAKER;SNACKPACK_PISTACHIO;XIRECS;9867.0;2
96800;BOT_TAKER;BOT_MAKER;SNACKPACK_STRAWBERRY;XIRECS;10286.0;2
96800;BOT_TAKER;SUBMISSION;SNACKPACK_RASPBERRY;XIRECS;10009.0;2
96900;BOT_TAKER;SUBMISSION;MICROCHIP_CIRCLE;XIRECS;9239.0;1
96900;BOT_TAKER;SUBMISSION;MICROCHIP_OVAL;XIRECS;9620.0;1
96900;BOT_TAKER;SUBMISSION;MICROCHIP_SQUARE;XIRECS;11115.0;1
96900;BOT_TAKER;SUBMISSION;MICROCHIP_RECTANGLE;XIRECS;10734.0;1
96900;BOT_TAKER;SUBMISSION;MICROCHIP_TRIANGLE;XIRECS;10360.0;1
97200;BOT_MAKER;BOT_TAKER;GALAXY_SOUNDS_DARK_MATTER;XIRECS;10322.0;3
97200;SUBMISSION;BOT_TAKER;GALAXY_SOUNDS_BLACK_HOLES;XIRECS;10047.0;3
97200;SUBMISSION;BOT_TAKER;GALAXY_SOUNDS_PLANETARY_RINGS;XIRECS;9785.0;3
97200;SUBMISSION;BOT_TAKER;GALAXY_SOUNDS_SOLAR_WINDS;XIRECS;10330.0;3
97200;BOT_MAKER;BOT_TAKER;GALAXY_SOUNDS_SOLAR_FLAMES;XIRECS;10139.0;3
97200;BOT_MAKER;BOT_TAKER;SLEEP_POD_SUEDE;XIRECS;10169.0;3
97200;BOT_MAKER;BOT_TAKER;SLEEP_POD_LAMB_WOOL;XIRECS;10772.0;3
97200;SUBMISSION;BOT_TAKER;SLEEP_POD_POLYESTER;XIRECS;10312.0;3
97200;BOT_MAKER;BOT_TAKER;SLEEP_POD_NYLON;XIRECS;9442.0;3
97200;SUBMISSION;BOT_TAKER;SLEEP_POD_COTTON;XIRECS;9930.0;3
97200;SUBMISSION;BOT_TAKER;ROBOT_VACUUMING;XIRECS;9971.0;3
97200;SUBMISSION;BOT_TAKER;ROBOT_MOPPING;XIRECS;10071.0;3
97200;BOT_MAKER;BOT_TAKER;ROBOT_DISHES;XIRECS;9658.0;3
97200;BOT_MAKER;BOT_TAKER;ROBOT_LAUNDRY;XIRECS;10244.0;3
97200;SUBMISSION;BOT_TAKER;ROBOT_IRONING;XIRECS;10061.0;3
97200;SUBMISSION;BOT_TAKER;UV_VISOR_YELLOW;XIRECS;10306.0;3
97200;SUBMISSION;BOT_TAKER;UV_VISOR_AMBER;XIRECS;9474.0;3
97200;SUBMISSION;BOT_TAKER;UV_VISOR_ORANGE;XIRECS;10530.0;3
97200;BOT_MAKER;BOT_TAKER;UV_VISOR_RED;XIRECS;10290.0;3
97200;SUBMISSION;BOT_TAKER;UV_VISOR_MAGENTA;XIRECS;9986.0;3
97200;SUBMISSION;BOT_TAKER;TRANSLATOR_SPACE_GRAY;XIRECS;9674.0;3
97200;BOT_MAKER;BOT_TAKER;TRANSLATOR_ASTRO_BLACK;XIRECS;9601.0;3
97200;BOT_MAKER;BOT_TAKER;TRANSLATOR_ECLIPSE_CHARCOAL;XIRECS;9903.0;3
97200;SUBMISSION;BOT_TAKER;TRANSLATOR_GRAPHITE_MIST;XIRECS;10253.0;3
97200;BOT_MAKER;BOT_TAKER;TRANSLATOR_VOID_BLUE;XIRECS;10116.0;3
97200;SUBMISSION;BOT_TAKER;PANEL_1X2;XIRECS;10118.0;3
97200;SUBMISSION;BOT_TAKER;PANEL_2X2;XIRECS;10633.0;3
97200;SUBMISSION;BOT_TAKER;PANEL_1X4;XIRECS;10017.0;3
97200;BOT_MAKER;BOT_TAKER;PANEL_2X4;XIRECS;10206.0;3
97200;SUBMISSION;BOT_TAKER;PANEL_4X4;XIRECS;10465.0;3
97200;SUBMISSION;BOT_TAKER;OXYGEN_SHAKE_MORNING_BREATH;XIRECS;9898.0;3
97200;SUBMISSION;BOT_TAKER;OXYGEN_SHAKE_EVENING_BREATH;XIRECS;9523.0;3
97200;SUBMISSION;BOT_TAKER;OXYGEN_SHAKE_MINT;XIRECS;10032.0;3
97200;SUBMISSION;BOT_TAKER;OXYGEN_SHAKE_CHOCOLATE;XIRECS;9887.0;3
97200;SUBMISSION;BOT_TAKER;OXYGEN_SHAKE_GARLIC;XIRECS;10588.0;3
97200;BOT_MAKER;BOT_TAKER;SNACKPACK_CHOCOLATE;XIRECS;10240.0;3
97200;BOT_MAKER;BOT_TAKER;SNACKPACK_VANILLA;XIRECS;9820.0;3
97200;BOT_MAKER;BOT_TAKER;SNACKPACK_PISTACHIO;XIRECS;9858.0;3
97200;BOT_MAKER;BOT_TAKER;SNACKPACK_STRAWBERRY;XIRECS;10280.0;3
97200;BOT_MAKER;BOT_TAKER;SNACKPACK_RASPBERRY;XIRECS;9988.0;3
97200;BOT_TAKER;SUBMISSION;PEBBLES_XS;XIRECS;9505.0;2
97200;BOT_TAKER;BOT_MAKER;PEBBLES_XS;XIRECS;9506.0;1
97200;BOT_TAKER;BOT_MAKER;PEBBLES_S;XIRECS;9742.0;3
97200;BOT_TAKER;BOT_MAKER;PEBBLES_M;XIRECS;10250.0;3
97200;BOT_TAKER;SUBMISSION;PEBBLES_L;XIRECS;10381.0;2
97200;BOT_TAKER;BOT_MAKER;PEBBLES_L;XIRECS;10382.0;1
97200;BOT_TAKER;SUBMISSION;PEBBLES_XL;XIRECS;10150.0;3
98200;SUBMISSION;BOT_TAKER;MICROCHIP_CIRCLE;XIRECS;9204.0;2
98200;SUBMISSION;BOT_TAKER;MICROCHIP_OVAL;XIRECS;9613.0;2
98200;SUBMISSION;BOT_TAKER;MICROCHIP_SQUARE;XIRECS;11150.0;2
98200;BOT_MAKER;BOT_TAKER;MICROCHIP_RECTANGLE;XIRECS;10706.0;2
98200;BOT_MAKER;BOT_TAKER;MICROCHIP_TRIANGLE;XIRECS;10259.0;2
98300;SUBMISSION;BOT_TAKER;PEBBLES_XS;XIRECS;9462.0;5
98300;BOT_MAKER;BOT_TAKER;PEBBLES_S;XIRECS;9784.0;5
98300;BOT_MAKER;BOT_TAKER;PEBBLES_M;XIRECS;10302.0;5
98300;SUBMISSION;BOT_TAKER;PEBBLES_L;XIRECS;10400.0;5
98300;BOT_MAKER;BOT_TAKER;PEBBLES_XL;XIRECS;10023.0;5
102500;BOT_TAKER;SUBMISSION;MICROCHIP_CIRCLE;XIRECS;9247.0;2
102500;BOT_TAKER;SUBMISSION;MICROCHIP_OVAL;XIRECS;9680.0;2
102500;BOT_TAKER;SUBMISSION;MICROCHIP_SQUARE;XIRECS;11210.0;2
102500;BOT_TAKER;SUBMISSION;MICROCHIP_RECTANGLE;XIRECS;10742.0;2
102500;BOT_TAKER;BOT_MAKER;MICROCHIP_TRIANGLE;XIRECS;10444.0;2
103500;BOT_MAKER;BOT_TAKER;GALAXY_SOUNDS_DARK_MATTER;XIRECS;10301.0;1
103500;SUBMISSION;BOT_TAKER;GALAXY_SOUNDS_BLACK_HOLES;XIRECS;10057.0;1
103500;SUBMISSION;BOT_TAKER;GALAXY_SOUNDS_PLANETARY_RINGS;XIRECS;9919.0;1
103500;SUBMISSION;BOT_TAKER;GALAXY_SOUNDS_SOLAR_WINDS;XIRECS;10192.0;1
103500;BOT_MAKER;BOT_TAKER;GALAXY_SOUNDS_SOLAR_FLAMES;XIRECS;10121.0;1
103500;BOT_MAKER;BOT_TAKER;SLEEP_POD_SUEDE;XIRECS;10231.0;1
103500;BOT_MAKER;BOT_TAKER;SLEEP_POD_LAMB_WOOL;XIRECS;10728.0;1
103500;SUBMISSION;BOT_TAKER;SLEEP_POD_POLYESTER;XIRECS;10319.0;1
103500;BOT_MAKER;BOT_TAKER;SLEEP_POD_NYLON;XIRECS;9592.0;1
103500;SUBMISSION;BOT_TAKER;SLEEP_POD_COTTON;XIRECS;10037.0;1
103500;SUBMISSION;BOT_TAKER;ROBOT_VACUUMING;XIRECS;9975.0;1
103500;SUBMISSION;BOT_TAKER;ROBOT_MOPPING;XIRECS;10158.0;1
103500;BOT_MAKER;BOT_TAKER;ROBOT_DISHES;XIRECS;9408.0;1
103500;BOT_MAKER;BOT_TAKER;ROBOT_LAUNDRY;XIRECS;10253.0;1
103500;SUBMISSION;BOT_TAKER;ROBOT_IRONING;XIRECS;10089.0;1
103500;SUBMISSION;BOT_TAKER;UV_VISOR_YELLOW;XIRECS;10300.0;1
103500;SUBMISSION;BOT_TAKER;UV_VISOR_AMBER;XIRECS;9424.0;1
103500;SUBMISSION;BOT_TAKER;UV_VISOR_ORANGE;XIRECS;10747.0;1
103500;BOT_MAKER;BOT_TAKER;UV_VISOR_RED;XIRECS;10285.0;1
103500;SUBMISSION;BOT_TAKER;UV_VISOR_MAGENTA;XIRECS;10013.0;1
103500;SUBMISSION;BOT_TAKER;TRANSLATOR_SPACE_GRAY;XIRECS;9717.0;1
103500;BOT_MAKER;BOT_TAKER;TRANSLATOR_ASTRO_BLACK;XIRECS;9677.0;1
103500;BOT_MAKER;BOT_TAKER;TRANSLATOR_ECLIPSE_CHARCOAL;XIRECS;9855.0;1
103500;SUBMISSION;BOT_TAKER;TRANSLATOR_GRAPHITE_MIST;XIRECS;10100.0;1
103500;BOT_MAKER;BOT_TAKER;TRANSLATOR_VOID_BLUE;XIRECS;10039.0;1
103500;SUBMISSION;BOT_TAKER;PANEL_1X2;XIRECS;10128.0;1
103500;SUBMISSION;BOT_TAKER;PANEL_2X2;XIRECS;10637.0;1
103500;SUBMISSION;BOT_TAKER;PANEL_1X4;XIRECS;10024.0;1
103500;BOT_MAKER;BOT_TAKER;PANEL_2X4;XIRECS;10277.0;1
103500;SUBMISSION;BOT_TAKER;PANEL_4X4;XIRECS;10474.0;1
103500;SUBMISSION;BOT_TAKER;OXYGEN_SHAKE_MORNING_BREATH;XIRECS;9918.0;1
103500;SUBMISSION;BOT_TAKER;OXYGEN_SHAKE_EVENING_BREATH;XIRECS;9610.0;1
103500;SUBMISSION;BOT_TAKER;OXYGEN_SHAKE_MINT;XIRECS;9813.0;1
103500;SUBMISSION;BOT_TAKER;OXYGEN_SHAKE_CHOCOLATE;XIRECS;9833.0;1
103500;SUBMISSION;BOT_TAKER;OXYGEN_SHAKE_GARLIC;XIRECS;10619.0;1
103500;BOT_MAKER;BOT_TAKER;SNACKPACK_CHOCOLATE;XIRECS;10140.0;1
103500;SUBMISSION;BOT_TAKER;SNACKPACK_VANILLA;XIRECS;9897.0;1
103500;BOT_MAKER;BOT_TAKER;SNACKPACK_PISTACHIO;XIRECS;9787.0;1
103500;BOT_MAKER;BOT_TAKER;SNACKPACK_STRAWBERRY;XIRECS;10172.0;1
103500;BOT_MAKER;BOT_TAKER;SNACKPACK_RASPBERRY;XIRECS;10099.0;1
105400;BOT_TAKER;BOT_MAKER;MICROCHIP_CIRCLE;XIRECS;9308.0;3
105400;BOT_TAKER;BOT_MAKER;MICROCHIP_OVAL;XIRECS;9647.0;3
105400;BOT_TAKER;BOT_MAKER;MICROCHIP_SQUARE;XIRECS;11173.0;3
105400;BOT_TAKER;SUBMISSION;MICROCHIP_RECTANGLE;XIRECS;10651.0;2
105400;BOT_TAKER;BOT_MAKER;MICROCHIP_RECTANGLE;XIRECS;10652.0;1
105400;BOT_TAKER;BOT_MAKER;MICROCHIP_TRIANGLE;XIRECS;10364.0;3
105700;BOT_TAKER;BOT_MAKER;MICROCHIP_CIRCLE;XIRECS;9307.0;3
105700;BOT_TAKER;BOT_MAKER;MICROCHIP_OVAL;XIRECS;9645.0;3
105700;BOT_TAKER;BOT_MAKER;MICROCHIP_SQUARE;XIRECS;11188.0;3
105700;BOT_TAKER;BOT_MAKER;MICROCHIP_RECTANGLE;XIRECS;10654.0;3
105700;BOT_TAKER;BOT_MAKER;MICROCHIP_TRIANGLE;XIRECS;10361.0;3
106300;SUBMISSION;BOT_TAKER;MICROCHIP_CIRCLE;XIRECS;9331.0;1
106300;SUBMISSION;BOT_TAKER;MICROCHIP_OVAL;XIRECS;9634.0;1
106300;SUBMISSION;BOT_TAKER;MICROCHIP_SQUARE;XIRECS;11083.0;1
106300;BOT_MAKER;BOT_TAKER;MICROCHIP_RECTANGLE;XIRECS;10627.0;1
106300;BOT_MAKER;BOT_TAKER;MICROCHIP_TRIANGLE;XIRECS;10296.0;1
106600;BOT_TAKER;SUBMISSION;PEBBLES_XS;XIRECS;9546.0;2
106600;BOT_TAKER;BOT_MAKER;PEBBLES_XS;XIRECS;9547.0;3
106600;BOT_TAKER;BOT_MAKER;PEBBLES_S;XIRECS;9798.0;5
106600;BOT_TAKER;BOT_MAKER;PEBBLES_M;XIRECS;10298.0;5
106600;BOT_TAKER;SUBMISSION;PEBBLES_L;XIRECS;10497.0;2
106600;BOT_TAKER;BOT_MAKER;PEBBLES_L;XIRECS;10498.0;3
106600;BOT_TAKER;BOT_MAKER;PEBBLES_XL;XIRECS;9890.0;5
109300;SUBMISSION;BOT_TAKER;MICROCHIP_CIRCLE;XIRECS;9315.0;1
109300;SUBMISSION;BOT_TAKER;MICROCHIP_OVAL;XIRECS;9691.0;1
109300;SUBMISSION;BOT_TAKER;MICROCHIP_SQUARE;XIRECS;10997.0;1
109300;BOT_MAKER;BOT_TAKER;MICROCHIP_RECTANGLE;XIRECS;10683.0;1
109300;BOT_MAKER;BOT_TAKER;MICROCHIP_TRIANGLE;XIRECS;10276.0;1
111200;BOT_MAKER;BOT_TAKER;GALAXY_SOUNDS_DARK_MATTER;XIRECS;10404.0;3
111200;SUBMISSION;BOT_TAKER;GALAXY_SOUNDS_BLACK_HOLES;XIRECS;10075.0;3
111200;SUBMISSION;BOT_TAKER;GALAXY_SOUNDS_PLANETARY_RINGS;XIRECS;10091.0;3
111200;SUBMISSION;BOT_TAKER;GALAXY_SOUNDS_SOLAR_WINDS;XIRECS;10131.0;3
111200;BOT_MAKER;BOT_TAKER;GALAXY_SOUNDS_SOLAR_FLAMES;XIRECS;10205.0;3
111200;BOT_MAKER;BOT_TAKER;SLEEP_POD_SUEDE;XIRECS;10439.0;3
111200;BOT_MAKER;BOT_TAKER;SLEEP_POD_LAMB_WOOL;XIRECS;10855.0;3
111200;SUBMISSION;BOT_TAKER;SLEEP_POD_POLYESTER;XIRECS;10286.0;3
111200;BOT_MAKER;BOT_TAKER;SLEEP_POD_NYLON;XIRECS;9571.0;3
111200;SUBMISSION;BOT_TAKER;SLEEP_POD_COTTON;XIRECS;10025.0;3
111200;SUBMISSION;BOT_TAKER;ROBOT_VACUUMING;XIRECS;9937.0;3
111200;SUBMISSION;BOT_TAKER;ROBOT_MOPPING;XIRECS;10275.0;3
111200;BOT_MAKER;BOT_TAKER;ROBOT_DISHES;XIRECS;9547.0;3
111200;BOT_MAKER;BOT_TAKER;ROBOT_LAUNDRY;XIRECS;10399.0;3
111200;SUBMISSION;BOT_TAKER;ROBOT_IRONING;XIRECS;10239.0;3
111200;SUBMISSION;BOT_TAKER;UV_VISOR_YELLOW;XIRECS;10329.0;3
111200;SUBMISSION;BOT_TAKER;UV_VISOR_AMBER;XIRECS;9364.0;3
111200;SUBMISSION;BOT_TAKER;UV_VISOR_ORANGE;XIRECS;10756.0;3
111200;BOT_MAKER;BOT_TAKER;UV_VISOR_RED;XIRECS;10492.0;3
111200;BOT_MAKER;BOT_TAKER;UV_VISOR_MAGENTA;XIRECS;10153.0;3
111200;SUBMISSION;BOT_TAKER;TRANSLATOR_SPACE_GRAY;XIRECS;9759.0;3
111200;BOT_MAKER;BOT_TAKER;TRANSLATOR_ASTRO_BLACK;XIRECS;9582.0;3
111200;BOT_MAKER;BOT_TAKER;TRANSLATOR_ECLIPSE_CHARCOAL;XIRECS;9875.0;3
111200;SUBMISSION;BOT_TAKER;TRANSLATOR_GRAPHITE_MIST;XIRECS;10086.0;3
111200;SUBMISSION;BOT_TAKER;TRANSLATOR_VOID_BLUE;XIRECS;9954.0;3
111200;SUBMISSION;BOT_TAKER;PANEL_1X2;XIRECS;10237.0;3
111200;SUBMISSION;BOT_TAKER;PANEL_2X2;XIRECS;10679.0;3
111200;SUBMISSION;BOT_TAKER;PANEL_1X4;XIRECS;9884.0;3
111200;BOT_MAKER;BOT_TAKER;PANEL_2X4;XIRECS;10404.0;3
111200;SUBMISSION;BOT_TAKER;PANEL_4X4;XIRECS;10473.0;3
111200;SUBMISSION;BOT_TAKER;OXYGEN_SHAKE_MORNING_BREATH;XIRECS;9954.0;3
111200;SUBMISSION;BOT_TAKER;OXYGEN_SHAKE_EVENING_BREATH;XIRECS;9589.0;3
111200;SUBMISSION;BOT_TAKER;OXYGEN_SHAKE_MINT;XIRECS;9885.0;3
111200;SUBMISSION;BOT_TAKER;OXYGEN_SHAKE_CHOCOLATE;XIRECS;9637.0;2
111200;BOT_MAKER;BOT_TAKER;OXYGEN_SHAKE_CHOCOLATE;XIRECS;9636.0;1
111200;SUBMISSION;BOT_TAKER;OXYGEN_SHAKE_GARLIC;XIRECS;10638.0;3
111200;SUBMISSION;BOT_TAKER;SNACKPACK_CHOCOLATE;XIRECS;10036.0;3
111200;BOT_MAKER;BOT_TAKER;SNACKPACK_VANILLA;XIRECS;10009.0;3
111200;BOT_MAKER;BOT_TAKER;SNACKPACK_PISTACHIO;XIRECS;9758.0;3
111200;BOT_MAKER;BOT_TAKER;SNACKPACK_STRAWBERRY;XIRECS;10124.0;3
111200;BOT_MAKER;BOT_TAKER;SNACKPACK_RASPBERRY;XIRECS;10124.0;3
113000;BOT_TAKER;SUBMISSION;GALAXY_SOUNDS_DARK_MATTER;XIRECS;10438.0;3
113000;BOT_TAKER;SUBMISSION;GALAXY_SOUNDS_BLACK_HOLES;XIRECS;9988.0;3
113000;BOT_TAKER;SUBMISSION;GALAXY_SOUNDS_PLANETARY_RINGS;XIRECS;10134.0;3
113000;BOT_TAKER;SUBMISSION;GALAXY_SOUNDS_SOLAR_WINDS;XIRECS;10168.0;3
113000;BOT_TAKER;BOT_MAKER;GALAXY_SOUNDS_SOLAR_FLAMES;XIRECS;10208.0;3
113000;BOT_TAKER;BOT_MAKER;SLEEP_POD_SUEDE;XIRECS;10475.0;3
113000;BOT_TAKER;BOT_MAKER;SLEEP_POD_LAMB_WOOL;XIRECS;10806.0;3
113000;BOT_TAKER;SUBMISSION;SLEEP_POD_POLYESTER;XIRECS;10352.0;3
113000;BOT_TAKER;BOT_MAKER;SLEEP_POD_NYLON;XIRECS;9610.0;3
113000;BOT_TAKER;SUBMISSION;SLEEP_POD_COTTON;XIRECS;10100.0;3
113000;BOT_TAKER;BOT_MAKER;ROBOT_VACUUMING;XIRECS;9951.0;3
113000;BOT_TAKER;SUBMISSION;ROBOT_MOPPING;XIRECS;10214.0;3
113000;BOT_TAKER;BOT_MAKER;ROBOT_DISHES;XIRECS;9533.0;3
113000;BOT_TAKER;BOT_MAKER;ROBOT_LAUNDRY;XIRECS;10467.0;3
113000;BOT_TAKER;SUBMISSION;ROBOT_IRONING;XIRECS;10273.0;3
113000;BOT_TAKER;SUBMISSION;UV_VISOR_YELLOW;XIRECS;10351.0;3
113000;BOT_TAKER;SUBMISSION;UV_VISOR_AMBER;XIRECS;9365.0;3
113000;BOT_TAKER;SUBMISSION;UV_VISOR_ORANGE;XIRECS;10757.0;3
113000;BOT_TAKER;BOT_MAKER;UV_VISOR_RED;XIRECS;10477.0;3
113000;BOT_TAKER;SUBMISSION;UV_VISOR_MAGENTA;XIRECS;10148.0;3
113000;BOT_TAKER;SUBMISSION;TRANSLATOR_SPACE_GRAY;XIRECS;9746.0;3
113000;BOT_TAKER;BOT_MAKER;TRANSLATOR_ASTRO_BLACK;XIRECS;9591.0;3
113000;BOT_TAKER;BOT_MAKER;TRANSLATOR_ECLIPSE_CHARCOAL;XIRECS;9891.0;3
113000;BOT_TAKER;SUBMISSION;TRANSLATOR_GRAPHITE_MIST;XIRECS;10087.0;3
113000;BOT_TAKER;BOT_MAKER;TRANSLATOR_VOID_BLUE;XIRECS;9946.0;3
113000;BOT_TAKER;SUBMISSION;PANEL_1X2;XIRECS;10224.0;3
113000;BOT_TAKER;SUBMISSION;PANEL_2X2;XIRECS;10737.0;3
113000;BOT_TAKER;SUBMISSION;PANEL_1X4;XIRECS;9891.0;3
113000;BOT_TAKER;SUBMISSION;PANEL_2X4;XIRECS;10416.0;3
113000;BOT_TAKER;SUBMISSION;PANEL_4X4;XIRECS;10505.0;3
113000;BOT_TAKER;SUBMISSION;OXYGEN_SHAKE_MORNING_BREATH;XIRECS;9949.0;3
113000;BOT_TAKER;SUBMISSION;OXYGEN_SHAKE_EVENING_BREATH;XIRECS;9630.0;3
113000;BOT_TAKER;SUBMISSION;OXYGEN_SHAKE_MINT;XIRECS;9851.0;3
113000;BOT_TAKER;BOT_MAKER;OXYGEN_SHAKE_CHOCOLATE;XIRECS;9565.0;3
113000;BOT_TAKER;SUBMISSION;OXYGEN_SHAKE_GARLIC;XIRECS;10705.0;3
113000;BOT_TAKER;BOT_MAKER;SNACKPACK_CHOCOLATE;XIRECS;10005.0;3
113000;BOT_TAKER;SUBMISSION;SNACKPACK_VANILLA;XIRECS;10059.0;3
113000;BOT_TAKER;BOT_MAKER;SNACKPACK_PISTACHIO;XIRECS;9776.0;3
113000;BOT_TAKER;BOT_MAKER;SNACKPACK_STRAWBERRY;XIRECS;10138.0;3
113000;BOT_TAKER;SUBMISSION;SNACKPACK_RASPBERRY;XIRECS;10159.0;3
116700;BOT_TAKER;SUBMISSION;GALAXY_SOUNDS_DARK_MATTER;XIRECS;10397.0;1
116700;BOT_TAKER;BOT_MAKER;GALAXY_SOUNDS_DARK_MATTER;XIRECS;10398.0;3
116700;BOT_TAKER;SUBMISSION;GALAXY_SOUNDS_BLACK_HOLES;XIRECS;10028.0;2
116700;BOT_TAKER;BOT_MAKER;GALAXY_SOUNDS_BLACK_HOLES;XIRECS;10029.0;2
116700;BOT_TAKER;SUBMISSION;GALAXY_SOUNDS_PLANETARY_RINGS;XIRECS;10137.0;2
116700;BOT_TAKER;BOT_MAKER;GALAXY_SOUNDS_PLANETARY_RINGS;XIRECS;10138.0;2
116700;BOT_TAKER;SUBMISSION;GALAXY_SOUNDS_SOLAR_WINDS;XIRECS;10120.0;2
116700;BOT_TAKER;BOT_MAKER;GALAXY_SOUNDS_SOLAR_WINDS;XIRECS;10121.0;2
116700;BOT_TAKER;BOT_MAKER;GALAXY_SOUNDS_SOLAR_FLAMES;XIRECS;10207.0;4
116700;BOT_TAKER;BOT_MAKER;SLEEP_POD_SUEDE;XIRECS;10462.0;4
116700;BOT_TAKER;BOT_MAKER;SLEEP_POD_LAMB_WOOL;XIRECS;10782.0;4
116700;BOT_TAKER;SUBMISSION;SLEEP_POD_POLYESTER;XIRECS;10276.0;2
116700;BOT_TAKER;BOT_MAKER;SLEEP_POD_POLYESTER;XIRECS;10277.0;2
116700;BOT_TAKER;BOT_MAKER;SLEEP_POD_NYLON;XIRECS;9543.0;4
116700;BOT_TAKER;SUBMISSION;SLEEP_POD_COTTON;XIRECS;10158.0;2
116700;BOT_TAKER;BOT_MAKER;SLEEP_POD_COTTON;XIRECS;10159.0;2
116700;BOT_TAKER;BOT_MAKER;ROBOT_VACUUMING;XIRECS;9979.0;4
116700;BOT_TAKER;SUBMISSION;ROBOT_MOPPING;XIRECS;10294.0;2
116700;BOT_TAKER;BOT_MAKER;ROBOT_MOPPING;XIRECS;10295.0;2
116700;BOT_TAKER;BOT_MAKER;ROBOT_DISHES;XIRECS;9387.0;4
116700;BOT_TAKER;BOT_MAKER;ROBOT_LAUNDRY;XIRECS;10439.0;4
116700;BOT_TAKER;SUBMISSION;ROBOT_IRONING;XIRECS;10251.0;2
