timestamp;buyer;seller;symbol;currency;price;quantity
0;BOT_TAKER;BOT_MAKER;VELVETFRUIT_EXTRACT;XIRECS;5265.0;8
100;BOT_MAKER;BOT_TAKER;VELVETFRUIT_EXTRACT;XIRECS;5260.0;7
100;BOT_TAKER;BOT_MAKER;VEV_4000;XIRECS;1274.0;3
100;SUBMISSION;BOT_TAKER;VEV_4000;XIRECS;1254.0;1
200;BOT_TAKER;BOT_MAKER;VELVETFRUIT_EXTRACT;XIRECS;5266.0;5
200;BOT_TAKER;BOT_MAKER;VEV_4000;XIRECS;1274.0;2
200;SUBMISSION;BOT_TAKER;HYDROGEL_PACK;XIRECS;9969.0;4
300;BOT_MAKER;BOT_TAKER;VELVETFRUIT_EXTRACT;XIRECS;5262.0;8
300;BOT_TAKER;BOT_MAKER;VEV_4000;XIRECS;1274.0;2
400;BOT_MAKER;BOT_TAKER;VEV_4000;XIRECS;1252.0;3
400;SUBMISSION;BOT_TAKER;HYDROGEL_PACK;XIRECS;9965.0;2
500;BOT_TAKER;BOT_MAKER;VELVETFRUIT_EXTRACT;XIRECS;5266.0;8
600;BOT_TAKER;BOT_MAKER;VEV_5400;XIRECS;17.0;4
700;BOT_TAKER;BOT_MAKER;VELVETFRUIT_EXTRACT;XIRECS;5266.0;8
700;BOT_TAKER;BOT_MAKER;VEV_6000;XIRECS;1.0;5
700;BOT_TAKER;SUBMISSION;VELVETFRUIT_EXTRACT;XIRECS;5265.0;3
800;BOT_MAKER;BOT_TAKER;HYDROGEL_PACK;XIRECS;9961.0;2
800;BOT_TAKER;BOT_MAKER;HYDROGEL_PACK;XIRECS;9977.0;2
800;BOT_MAKER;BOT_TAKER;VELVETFRUIT_EXTRACT;XIRECS;5261.0;6
800;BOT_TAKER;BOT_MAKER;VEV_4000;XIRECS;1275.0;1
900;BOT_MAKER;BOT_TAKER;HYDROGEL_PACK;XIRECS;9962.0;6
900;BOT_MAKER;BOT_TAKER;VELVETFRUIT_EXTRACT;XIRECS;5262.0;7
900;BOT_MAKER;BOT_TAKER;VEV_6500;XIRECS;0.0;2
1000;BOT_TAKER;BOT_MAKER;VELVETFRUIT_EXTRACT;XIRECS;5268.0;7
1100;BOT_TAKER;BOT_MAKER;HYDROGEL_PACK;XIRECS;9979.0;3
1100;BOT_MAKER;BOT_TAKER;VEV_5400;XIRECS;16.0;4
1100;BOT_TAKER;BOT_MAKER;VEV_5500;XIRECS;7.0;5
1100;BOT_MAKER;BOT_TAKER;VEV_5500;XIRECS;6.0;5
1200;BOT_MAKER;BOT_TAKER;VELVETFRUIT_EXTRACT;XIRECS;5264.0;9
1300;BOT_TAKER;BOT_MAKER;VEV_6000;XIRECS;1.0;3
1400;SUBMISSION;BOT_TAKER;HYDROGEL_PACK;XIRECS;9965.0;4
1500;BOT_MAKER;BOT_TAKER;VEV_5500;XIRECS;6.0;4
1700;BOT_MAKER;BOT_TAKER;HYDROGEL_PACK;XIRECS;9965.0;2
1800;BOT_MAKER;BOT_TAKER;HYDROGEL_PACK;XIRECS;9965.0;4
1900;BOT_TAKER;BOT_MAKER;HYDROGEL_PACK;XIRECS;9983.0;4
1900;BOT_TAKER;BOT_MAKER;VELVETFRUIT_EXTRACT;XIRECS;5267.0;6
1900;BOT_TAKER;SUBMISSION;VELVETFRUIT_EXTRACT;XIRECS;5266.0;5
1900;BOT_TAKER;BOT_MAKER;VELVETFRUIT_EXTRACT;XIRECS;5267.0;3
2100;BOT_MAKER;BOT_TAKER;VEV_6000;XIRECS;0.0;4
2200;BOT_MAKER;BOT_TAKER;VELVETFRUIT_EXTRACT;XIRECS;5264.0;6
2200;BOT_TAKER;SUBMISSION;VELVETFRUIT_EXTRACT;XIRECS;5268.0;5
2200;BOT_TAKER;BOT_MAKER;VELVETFRUIT_EXTRACT;XIRECS;5269.0;1
2300;BOT_MAKER;BOT_TAKER;HYDROGEL_PACK;XIRECS;9969.0;4
2300;BOT_TAKER;BOT_MAKER;VELVETFRUIT_EXTRACT;XIRECS;5270.0;7
2300;BOT_MAKER;BOT_TAKER;VEV_5500;XIRECS;6.0;4
2400;BOT_MAKER;BOT_TAKER;HYDROGEL_PACK;XIRECS;9971.0;6
2400;SUBMISSION;BOT_TAKER;HYDROGEL_PACK;XIRECS;9972.0;5
2700;BOT_TAKER;BOT_MAKER;VEV_5500;XIRECS;7.0;3
2700;BOT_TAKER;SUBMISSION;HYDROGEL_PACK;XIRECS;9985.0;4
2700;SUBMISSION;BOT_TAKER;VELVETFRUIT_EXTRACT;XIRECS;5264.0;5
2700;BOT_MAKER;BOT_TAKER;VELVETFRUIT_EXTRACT;XIRECS;5263.0;3
2800;BOT_TAKER;BOT_MAKER;VELVETFRUIT_EXTRACT;XIRECS;5267.0;7
2800;BOT_TAKER;BOT_MAKER;VEV_6000;XIRECS;1.0;3
3000;BOT_TAKER;BOT_MAKER;VELVETFRUIT_EXTRACT;XIRECS;5268.0;4
3100;BOT_MAKER;BOT_TAKER;VEV_4000;XIRECS;1259.0;2
3200;BOT_TAKER;BOT_MAKER;HYDROGEL_PACK;XIRECS;9988.0;4
3200;BOT_TAKER;BOT_MAKER;VELVETFRUIT_EXTRACT;XIRECS;5268.0;3
3300;BOT_TAKER;BOT_MAKER;VELVETFRUIT_EXTRACT;XIRECS;5267.0;8
3400;BOT_MAKER;BOT_TAKER;HYDROGEL_PACK;XIRECS;9973.0;3
3400;BOT_MAKER;BOT_TAKER;VEV_6000;XIRECS;0.0;2
3500;BOT_MAKER;BOT_TAKER;VELVETFRUIT_EXTRACT;XIRECS;5264.0;5
3600;BOT_TAKER;BOT_MAKER;VEV_5300;XIRECS;52.0;2
3700;BOT_TAKER;BOT_MAKER;VEV_6500;XIRECS;1.0;2
3800;BOT_TAKER;BOT_MAKER;VELVETFRUIT_EXTRACT;XIRECS;5269.0;7
3900;BOT_TAKER;BOT_MAKER;VELVETFRUIT_EXTRACT;XIRECS;5268.0;3
4100;BOT_TAKER;BOT_MAKER;HYDROGEL_PACK;XIRECS;9988.0;5
4100;BOT_MAKER;BOT_TAKER;HYDROGEL_PACK;XIRECS;9972.0;2
4100;BOT_TAKER;BOT_MAKER;VELVETFRUIT_EXTRACT;XIRECS;5272.0;5
4100;BOT_TAKER;BOT_MAKER;VELVETFRUIT_EXTRACT;XIRECS;5272.0;10
4100;BOT_MAKER;BOT_TAKER;VEV_4000;XIRECS;1256.0;2
4200;BOT_TAKER;BOT_MAKER;HYDROGEL_PACK;XIRECS;9989.0;2
4200;BOT_MAKER;BOT_TAKER;VELVETFRUIT_EXTRACT;XIRECS;5265.0;7
4300;BOT_TAKER;BOT_MAKER;HYDROGEL_PACK;XIRECS;9986.0;4
4300;BOT_MAKER;BOT_TAKER;VEV_4000;XIRECS;1256.0;3
4400;BOT_MAKER;BOT_TAKER;VELVETFRUIT_EXTRACT;XIRECS;5267.0;5
4400;BOT_TAKER;BOT_MAKER;VEV_4000;XIRECS;1276.0;3
4500;BOT_MAKER;BOT_TAKER;VELVETFRUIT_EXTRACT;XIRECS;5268.0;3
4600;BOT_MAKER;BOT_TAKER;VELVETFRUIT_EXTRACT;XIRECS;5267.0;4
4600;BOT_MAKER;BOT_TAKER;VEV_4000;XIRECS;1254.0;3
4600;BOT_MAKER;BOT_TAKER;VEV_5400;XIRECS;16.0;4
4800;SUBMISSION;BOT_TAKER;HYDROGEL_PACK;XIRECS;9966.0;2
4900;BOT_MAKER;BOT_TAKER;HYDROGEL_PACK;XIRECS;9964.0;5
5000;BOT_MAKER;BOT_TAKER;VEV_6000;XIRECS;0.0;4
5100;BOT_TAKER;BOT_MAKER;HYDROGEL_PACK;XIRECS;9981.0;5
5200;BOT_TAKER;BOT_MAKER;VELVETFRUIT_EXTRACT;XIRECS;5267.0;8
5400;BOT_TAKER;BOT_MAKER;VEV_6000;XIRECS;1.0;2
5400;BOT_TAKER;BOT_MAKER;VEV_6500;XIRECS;1.0;2
5500;BOT_TAKER;BOT_MAKER;HYDROGEL_PACK;XIRECS;9979.0;3
5500;BOT_TAKER;BOT_MAKER;VELVETFRUIT_EXTRACT;XIRECS;5269.0;3
5500;BOT_MAKER;BOT_TAKER;VEV_6000;XIRECS;0.0;4
5600;BOT_MAKER;BOT_TAKER;VEV_6500;XIRECS;0.0;2
5600;BOT_TAKER;BOT_MAKER;VEV_6500;XIRECS;1.0;4
5700;BOT_TAKER;BOT_MAKER;VELVETFRUIT_EXTRACT;XIRECS;5271.0;13
5800;BOT_MAKER;BOT_TAKER;HYDROGEL_PACK;XIRECS;9961.0;4
5800;BOT_TAKER;BOT_MAKER;VELVETFRUIT_EXTRACT;XIRECS;5270.0;5
6000;BOT_TAKER;BOT_MAKER;HYDROGEL_PACK;XIRECS;9977.0;3
6000;BOT_MAKER;BOT_TAKER;VELVETFRUIT_EXTRACT;XIRECS;5263.0;4
6000;BOT_TAKER;BOT_MAKER;VEV_4000;XIRECS;1272.0;1
6000;BOT_TAKER;BOT_MAKER;VEV_5500;XIRECS;7.0;5
6100;BOT_TAKER;BOT_MAKER;VEV_4000;XIRECS;1274.0;2
6200;BOT_TAKER;BOT_MAKER;HYDROGEL_PACK;XIRECS;9978.0;4
6200;BOT_MAKER;BOT_TAKER;VELVETFRUIT_EXTRACT;XIRECS;5264.0;10
6300;BOT_TAKER;BOT_MAKER;VEV_6500;XIRECS;1.0;2
6300;SUBMISSION;BOT_TAKER;VELVETFRUIT_EXTRACT;XIRECS;5266.0;3
6400;BOT_MAKER;BOT_TAKER;HYDROGEL_PACK;XIRECS;9960.0;2
6400;BOT_MAKER;BOT_TAKER;VEV_4000;XIRECS;1252.0;2
6400;BOT_TAKER;BOT_MAKER;VEV_6500;XIRECS;1.0;3
6500;BOT_MAKER;BOT_TAKER;VELVETFRUIT_EXTRACT;XIRECS;5264.0;4
6500;BOT_MAKER;BOT_TAKER;VEV_6500;XIRECS;0.0;3
6600;BOT_TAKER;BOT_MAKER;VEV_4000;XIRECS;1276.0;2
6600;BOT_TAKER;BOT_MAKER;VEV_6000;XIRECS;1.0;3
6600;SUBMISSION;BOT_TAKER;HYDROGEL_PACK;XIRECS;9963.0;4
6600;BOT_TAKER;SUBMISSION;VELVETFRUIT_EXTRACT;XIRECS;5268.0;5
6900;BOT_MAKER;BOT_TAKER;HYDROGEL_PACK;XIRECS;9963.0;6
7000;BOT_TAKER;SUBMISSION;VELVETFRUIT_EXTRACT;XIRECS;5265.0;5
7000;BOT_TAKER;BOT_MAKER;VELVETFRUIT_EXTRACT;XIRECS;5266.0;3
7100;BOT_MAKER;BOT_TAKER;VEV_5300;XIRECS;50.0;3
7200;BOT_TAKER;BOT_MAKER;HYDROGEL_PACK;XIRECS;9978.0;6
7200;BOT_MAKER;BOT_TAKER;VELVETFRUIT_EXTRACT;XIRECS;5262.0;4
7400;BOT_MAKER;BOT_TAKER;VEV_4000;XIRECS;1259.0;1
7400;BOT_TAKER;SUBMISSION;VELVETFRUIT_EXTRACT;XIRECS;5266.0;5
7500;BOT_TAKER;BOT_MAKER;HYDROGEL_PACK;XIRECS;9976.0;5
7500;BOT_TAKER;BOT_MAKER;VELVETFRUIT_EXTRACT;XIRECS;5267.0;4
7500;BOT_MAKER;BOT_TAKER;VEV_4000;XIRECS;1260.0;2
7500;BOT_TAKER;BOT_MAKER;VEV_5500;XIRECS;6.0;5
7500;SUBMISSION;BOT_TAKER;VELVETFRUIT_EXTRACT;XIRECS;5263.0;5
7500;BOT_MAKER;BOT_TAKER;VELVETFRUIT_EXTRACT;XIRECS;5262.0;3
7600;BOT_MAKER;BOT_TAKER;VEV_5400;XIRECS;15.0;5
7700;BOT_TAKER;SUBMISSION;VELVETFRUIT_EXTRACT;XIRECS;5267.0;3
7800;BOT_MAKER;BOT_TAKER;HYDROGEL_PACK;XIRECS;9959.0;5
7800;BOT_TAKER;BOT_MAKER;HYDROGEL_PACK;XIRECS;9975.0;2
7800;BOT_TAKER;BOT_MAKER;VELVETFRUIT_EXTRACT;XIRECS;5266.0;3
7800;BOT_TAKER;SUBMISSION;VELVETFRUIT_EXTRACT;XIRECS;5265.0;5
7900;BOT_TAKER;BOT_MAKER;VEV_5300;XIRECS;53.0;5
8000;BOT_TAKER;BOT_MAKER;VELVETFRUIT_EXTRACT;XIRECS;5266.0;5
8100;BOT_TAKER;BOT_MAKER;HYDROGEL_PACK;XIRECS;9975.0;6
8100;BOT_MAKER;BOT_TAKER;VELVETFRUIT_EXTRACT;XIRECS;5262.0;8
8100;BOT_MAKER;BOT_TAKER;VEV_5300;XIRECS;51.0;5
8200;BOT_TAKER;BOT_MAKER;HYDROGEL_PACK;XIRECS;9973.0;6
8200;BOT_MAKER;BOT_TAKER;VELVETFRUIT_EXTRACT;XIRECS;5262.0;5
8600;BOT_TAKER;BOT_MAKER;HYDROGEL_PACK;XIRECS;9969.0;3
8700;BOT_MAKER;BOT_TAKER;HYDROGEL_PACK;XIRECS;9953.0;6
8800;BOT_MAKER;BOT_TAKER;VELVETFRUIT_EXTRACT;XIRECS;5262.0;4
8900;BOT_MAKER;BOT_TAKER;VELVETFRUIT_EXTRACT;XIRECS;5261.0;5
8900;BOT_MAKER;BOT_TAKER;VELVETFRUIT_EXTRACT;XIRECS;5261.0;8
8900;BOT_MAKER;BOT_TAKER;VEV_4000;XIRECS;1260.0;2
8900;BOT_MAKER;BOT_TAKER;VEV_5300;XIRECS;53.0;3
8900;BOT_MAKER;BOT_TAKER;VEV_5400;XIRECS;15.0;5
9000;BOT_TAKER;BOT_MAKER;VEV_6500;XIRECS;1.0;2
9100;BOT_TAKER;BOT_MAKER;HYDROGEL_PACK;XIRECS;9971.0;2
9200;BOT_TAKER;BOT_MAKER;VEV_6000;XIRECS;1.0;2
9200;BOT_TAKER;BOT_MAKER;VEV_6500;XIRECS;1.0;5
9300;BOT_MAKER;BOT_TAKER;VEV_6000;XIRECS;0.0;2
9400;BOT_MAKER;BOT_TAKER;HYDROGEL_PACK;XIRECS;9954.0;3
9400;BOT_TAKER;BOT_MAKER;VELVETFRUIT_EXTRACT;XIRECS;5267.0;8
9600;BOT_MAKER;BOT_TAKER;VELVETFRUIT_EXTRACT;XIRECS;5261.0;6
9600;BOT_TAKER;BOT_MAKER;VEV_5200;XIRECS;110.0;5
9700;BOT_MAKER;BOT_TAKER;VELVETFRUIT_EXTRACT;XIRECS;5260.0;12
9700;BOT_MAKER;BOT_TAKER;VELVETFRUIT_EXTRACT;XIRECS;5260.0;3
9700;SUBMISSION;BOT_TAKER;VELVETFRUIT_EXTRACT;XIRECS;5261.0;5
9700;BOT_MAKER;BOT_TAKER;VELVETFRUIT_EXTRACT;XIRECS;5260.0;1
9700;SUBMISSION;BOT_TAKER;VEV_5400;XIRECS;17.0;2
9800;BOT_TAKER;BOT_MAKER;HYDROGEL_PACK;XIRECS;9967.0;4
9800;BOT_MAKER;BOT_TAKER;VELVETFRUIT_EXTRACT;XIRECS;5260.0;8
9900;BOT_MAKER;BOT_TAKER;HYDROGEL_PACK;XIRECS;9952.0;6
9900;BOT_TAKER;BOT_MAKER;VEV_5500;XIRECS;5.0;3
10000;BOT_MAKER;BOT_TAKER;HYDROGEL_PACK;XIRECS;9951.0;6
10000;BOT_MAKER;BOT_TAKER;VEV_6500;XIRECS;0.0;5
10100;BOT_MAKER;BOT_TAKER;HYDROGEL_PACK;XIRECS;9953.0;4
10100;BOT_TAKER;BOT_MAKER;VELVETFRUIT_EXTRACT;XIRECS;5265.0;5
10100;BOT_TAKER;SUBMISSION;VEV_4000;XIRECS;1284.0;1
10200;BOT_MAKER;BOT_TAKER;VELVETFRUIT_EXTRACT;XIRECS;5262.0;5
10200;BOT_TAKER;BOT_MAKER;VEV_5500;XIRECS;5.0;2
10300;BOT_TAKER;BOT_MAKER;HYDROGEL_PACK;XIRECS;9969.0;5
10300;BOT_MAKER;BOT_TAKER;VEV_5500;XIRECS;4.0;4
10400;BOT_TAKER;SUBMISSION;VEV_4000;XIRECS;1283.0;2
10500;BOT_MAKER;BOT_TAKER;HYDROGEL_PACK;XIRECS;9952.0;6
10500;BOT_MAKER;BOT_TAKER;VEV_4000;XIRECS;1264.0;3
10500;BOT_TAKER;BOT_MAKER;VEV_6000;XIRECS;1.0;2
10500;BOT_TAKER;SUBMISSION;HYDROGEL_PACK;XIRECS;9967.0;5
10600;BOT_MAKER;BOT_TAKER;HYDROGEL_PACK;XIRECS;9953.0;6
10600;BOT_TAKER;BOT_MAKER;VELVETFRUIT_EXTRACT;XIRECS;5264.0;3
10600;SUBMISSION;BOT_TAKER;HYDROGEL_PACK;XIRECS;9954.0;5
10700;BOT_TAKER;BOT_MAKER;VELVETFRUIT_EXTRACT;XIRECS;5264.0;6
10800;BOT_TAKER;BOT_MAKER;VELVETFRUIT_EXTRACT;XIRECS;5266.0;15
10800;BOT_TAKER;BOT_MAKER;VEV_4000;XIRECS;1286.0;3
10900;BOT_TAKER;BOT_MAKER;HYDROGEL_PACK;XIRECS;9962.0;6
10900;BOT_TAKER;BOT_MAKER;VELVETFRUIT_EXTRACT;XIRECS;5264.0;8
10900;BOT_TAKER;SUBMISSION;VELVETFRUIT_EXTRACT;XIRECS;5263.0;3
11300;BOT_MAKER;BOT_TAKER;VEV_4000;XIRECS;1270.0;2
11300;SUBMISSION;BOT_TAKER;HYDROGEL_PACK;XIRECS;9941.0;5
11500;BOT_MAKER;BOT_TAKER;HYDROGEL_PACK;XIRECS;9941.0;6
11700;BOT_TAKER;BOT_MAKER;VELVETFRUIT_EXTRACT;XIRECS;5260.0;5
11800;BOT_TAKER;BOT_MAKER;HYDROGEL_PACK;XIRECS;9953.0;5
11800;BOT_TAKER;BOT_MAKER;VEV_4000;XIRECS;1292.0;1
11800;BOT_TAKER;BOT_MAKER;VEV_6500;XIRECS;1.0;4
11900;BOT_TAKER;BOT_MAKER;VELVETFRUIT_EXTRACT;XIRECS;5261.0;8
11900;BOT_MAKER;BOT_TAKER;VEV_4000;XIRECS;1269.0;3
11900;BOT_TAKER;BOT_MAKER;VEV_6000;XIRECS;1.0;2
12000;BOT_TAKER;BOT_MAKER;VEV_6000;XIRECS;1.0;5
12100;BOT_MAKER;BOT_TAKER;VELVETFRUIT_EXTRACT;XIRECS;5258.0;3
12200;BOT_MAKER;BOT_TAKER;HYDROGEL_PACK;XIRECS;9932.0;4
12200;BOT_TAKER;BOT_MAKER;VELVETFRUIT_EXTRACT;XIRECS;5263.0;6
12200;SUBMISSION;BOT_TAKER;VELVETFRUIT_EXTRACT;XIRECS;5259.0;5
12200;BOT_MAKER;BOT_TAKER;VELVETFRUIT_EXTRACT;XIRECS;5258.0;1
12300;SUBMISSION;BOT_TAKER;VELVETFRUIT_EXTRACT;XIRECS;5258.0;5
12300;BOT_MAKER;BOT_TAKER;VELVETFRUIT_EXTRACT;XIRECS;5257.0;2
12500;BOT_MAKER;BOT_TAKER;VELVETFRUIT_EXTRACT;XIRECS;5257.0;3
12500;BOT_TAKER;SUBMISSION;HYDROGEL_PACK;XIRECS;9951.0;5
12500;BOT_TAKER;BOT_MAKER;HYDROGEL_PACK;XIRECS;9952.0;1
12600;BOT_MAKER;BOT_TAKER;HYDROGEL_PACK;XIRECS;9937.0;6
12900;BOT_TAKER;SUBMISSION;HYDROGEL_PACK;XIRECS;9953.0;3
13000;BOT_TAKER;BOT_MAKER;HYDROGEL_PACK;XIRECS;9955.0;4
13000;BOT_MAKER;BOT_TAKER;VEV_5300;XIRECS;50.0;2
13100;BOT_MAKER;BOT_TAKER;VELVETFRUIT_EXTRACT;XIRECS;5259.0;8
13100;BOT_TAKER;BOT_MAKER;VEV_4000;XIRECS;1293.0;3
13200;BOT_MAKER;BOT_TAKER;VEV_5400;XIRECS;18.0;2
13400;BOT_TAKER;BOT_MAKER;HYDROGEL_PACK;XIRECS;9951.0;4
13700;BOT_TAKER;BOT_MAKER;HYDROGEL_PACK;XIRECS;9949.0;4
13700;BOT_MAKER;BOT_TAKER;VEV_4000;XIRECS;1266.0;3
14100;BOT_MAKER;BOT_TAKER;VELVETFRUIT_EXTRACT;XIRECS;5258.0;15
14200;BOT_TAKER;BOT_MAKER;HYDROGEL_PACK;XIRECS;9949.0;5
14200;BOT_TAKER;BOT_MAKER;VELVETFRUIT_EXTRACT;XIRECS;5263.0;5
14400;BOT_TAKER;BOT_MAKER;VELVETFRUIT_EXTRACT;XIRECS;5263.0;7
14400;BOT_TAKER;BOT_MAKER;VEV_4000;XIRECS;1284.0;1
14500;BOT_MAKER;BOT_TAKER;HYDROGEL_PACK;XIRECS;9933.0;5
14500;BOT_MAKER;BOT_TAKER;VEV_5500;XIRECS;4.0;3
14500;SUBMISSION;BOT_TAKER;VELVETFRUIT_EXTRACT;XIRECS;5257.0;5
14600;BOT_MAKER;BOT_TAKER;VEV_4000;XIRECS;1265.0;2
14700;BOT_TAKER;BOT_MAKER;HYDROGEL_PACK;XIRECS;9948.0;4
14800;BOT_TAKER;BOT_MAKER;VELVETFRUIT_EXTRACT;XIRECS;5265.0;5
14900;BOT_MAKER;BOT_TAKER;HYDROGEL_PACK;XIRECS;9932.0;5
14900;BOT_TAKER;SUBMISSION;HYDROGEL_PACK;XIRECS;9947.0;5
14900;BOT_TAKER;BOT_MAKER;HYDROGEL_PACK;XIRECS;9948.0;1
15100;BOT_TAKER;BOT_MAKER;HYDROGEL_PACK;XIRECS;9943.0;2
15100;BOT_TAKER;BOT_MAKER;VELVETFRUIT_EXTRACT;XIRECS;5263.0;4
15100;BOT_MAKER;BOT_TAKER;VEV_6000;XIRECS;0.0;2
15200;BOT_TAKER;BOT_MAKER;HYDROGEL_PACK;XIRECS;9945.0;2
15200;BOT_TAKER;BOT_MAKER;VELVETFRUIT_EXTRACT;XIRECS;5262.0;6
15300;BOT_TAKER;BOT_MAKER;HYDROGEL_PACK;XIRECS;9940.0;3
15300;BOT_MAKER;BOT_TAKER;VELVETFRUIT_EXTRACT;XIRECS;5257.0;7
15300;BOT_TAKER;BOT_MAKER;VEV_5500;XIRECS;5.0;3
15400;BOT_TAKER;BOT_MAKER;HYDROGEL_PACK;XIRECS;9939.0;4
15400;BOT_MAKER;BOT_TAKER;VELVETFRUIT_EXTRACT;XIRECS;5256.0;12
15400;BOT_MAKER;BOT_TAKER;VEV_6500;XIRECS;0.0;3
15400;BOT_TAKER;SUBMISSION;HYDROGEL_PACK;XIRECS;9938.0;2
15500;BOT_MAKER;BOT_TAKER;HYDROGEL_PACK;XIRECS;9919.0;3
15500;BOT_MAKER;BOT_TAKER;VELVETFRUIT_EXTRACT;XIRECS;5257.0;3
15600;BOT_TAKER;BOT_MAKER;HYDROGEL_PACK;XIRECS;9934.0;5
15600;BOT_TAKER;BOT_MAKER;VELVETFRUIT_EXTRACT;XIRECS;5262.0;5
15600;BOT_TAKER;BOT_MAKER;VEV_6500;XIRECS;1.0;5
15800;BOT_MAKER;BOT_TAKER;VEV_4000;XIRECS;1266.0;3
15800;BOT_TAKER;SUBMISSION;VEV_5400;XIRECS;18.0;4
15900;BOT_MAKER;BOT_TAKER;HYDROGEL_PACK;XIRECS;9921.0;4
16000;BOT_MAKER;BOT_TAKER;VELVETFRUIT_EXTRACT;XIRECS;5257.0;4
16000;BOT_MAKER;BOT_TAKER;VEV_5500;XIRECS;4.0;3
16000;BOT_MAKER;BOT_TAKER;VEV_6000;XIRECS;0.0;3
16000;BOT_TAKER;SUBMISSION;VELVETFRUIT_EXTRACT;XIRECS;5261.0;5
16000;BOT_TAKER;BOT_MAKER;VELVETFRUIT_EXTRACT;XIRECS;5262.0;2
16100;BOT_TAKER;BOT_MAKER;VEV_4000;XIRECS;1287.0;1
16100;BOT_TAKER;BOT_MAKER;VEV_5300;XIRECS;53.0;4
16500;BOT_TAKER;BOT_MAKER;VEV_5500;XIRECS;5.0;5
16500;BOT_TAKER;SUBMISSION;VELVETFRUIT_EXTRACT;XIRECS;5264.0;5
16500;BOT_TAKER;BOT_MAKER;VELVETFRUIT_EXTRACT;XIRECS;5265.0;1
16600;BOT_TAKER;BOT_MAKER;VELVETFRUIT_EXTRACT;XIRECS;5266.0;7
16600;BOT_MAKER;BOT_TAKER;VELVETFRUIT_EXTRACT;XIRECS;5260.0;8
16700;BOT_TAKER;BOT_MAKER;HYDROGEL_PACK;XIRECS;9934.0;4
16700;BOT_TAKER;BOT_MAKER;VEV_4000;XIRECS;1287.0;1
16900;BOT_TAKER;BOT_MAKER;VELVETFRUIT_EXTRACT;XIRECS;5269.0;5
16900;BOT_MAKER;BOT_TAKER;VEV_6500;XIRECS;0.0;4
17000;BOT_TAKER;BOT_MAKER;VELVETFRUIT_EXTRACT;XIRECS;5271.0;3
17100;BOT_MAKER;BOT_TAKER;VELVETFRUIT_EXTRACT;XIRECS;5266.0;8
17100;BOT_MAKER;BOT_TAKER;VEV_4000;XIRECS;1264.0;2
17200;BOT_TAKER;BOT_MAKER;VELVETFRUIT_EXTRACT;XIRECS;5274.0;3
17200;BOT_MAKER;BOT_TAKER;VELVETFRUIT_EXTRACT;XIRECS;5268.0;5
17200;BOT_MAKER;BOT_TAKER;VEV_4000;XIRECS;1265.0;3
17300;BOT_TAKER;BOT_MAKER;HYDROGEL_PACK;XIRECS;9926.0;2
17300;BOT_TAKER;BOT_MAKER;VELVETFRUIT_EXTRACT;XIRECS;5274.0;6
17400;BOT_MAKER;BOT_TAKER;VELVETFRUIT_EXTRACT;XIRECS;5270.0;4
17500;BOT_MAKER;BOT_TAKER;VELVETFRUIT_EXTRACT;XIRECS;5270.0;5
17500;BOT_MAKER;BOT_TAKER;VEV_4000;XIRECS;1266.0;1
17600;BOT_TAKER;SUBMISSION;VELVETFRUIT_EXTRACT;XIRECS;5274.0;4
17800;BOT_MAKER;BOT_TAKER;VELVETFRUIT_EXTRACT;XIRECS;5271.0;5
17900;BOT_TAKER;BOT_MAKER;HYDROGEL_PACK;XIRECS;9933.0;4
18200;BOT_TAKER;BOT_MAKER;VELVETFRUIT_EXTRACT;XIRECS;5280.0;4
18200;BOT_MAKER;BOT_TAKER;VELVETFRUIT_EXTRACT;XIRECS;5275.0;7
18300;BOT_MAKER;BOT_TAKER;HYDROGEL_PACK;XIRECS;9916.0;4
18300;BOT_MAKER;BOT_TAKER;VELVETFRUIT_EXTRACT;XIRECS;5275.0;8
18300;BOT_MAKER;BOT_TAKER;VEV_6000;XIRECS;0.0;4
18400;BOT_TAKER;BOT_MAKER;HYDROGEL_PACK;XIRECS;9931.0;6
18500;BOT_TAKER;BOT_MAKER;VEV_6500;XIRECS;1.0;4
18600;BOT_TAKER;BOT_MAKER;HYDROGEL_PACK;XIRECS;9934.0;5
18600;BOT_MAKER;BOT_TAKER;VELVETFRUIT_EXTRACT;XIRECS;5272.0;5
18600;BOT_TAKER;BOT_MAKER;VEV_4000;XIRECS;1286.0;1
18700;BOT_MAKER;BOT_TAKER;VELVETFRUIT_EXTRACT;XIRECS;5273.0;6
18800;BOT_TAKER;BOT_MAKER;VEV_6500;XIRECS;1.0;5
18900;BOT_TAKER;BOT_MAKER;VELVETFRUIT_EXTRACT;XIRECS;5280.0;10
19100;BOT_TAKER;BOT_MAKER;VEV_5300;XIRECS;54.0;5
19100;BOT_MAKER;BOT_TAKER;VEV_5500;XIRECS;3.0;2
19100;BOT_MAKER;BOT_TAKER;VEV_6000;XIRECS;0.0;2
19300;BOT_TAKER;BOT_MAKER;HYDROGEL_PACK;XIRECS;9929.0;5
19300;BOT_TAKER;BOT_MAKER;VEV_4000;XIRECS;1287.0;1
19300;BOT_MAKER;BOT_TAKER;VEV_6500;XIRECS;0.0;5
19300;SUBMISSION;BOT_TAKER;VELVETFRUIT_EXTRACT;XIRECS;5273.0;5
19300;BOT_MAKER;BOT_TAKER;VELVETFRUIT_EXTRACT;XIRECS;5272.0;3
19400;BOT_TAKER;BOT_MAKER;VELVETFRUIT_EXTRACT;XIRECS;5279.0;7
19400;BOT_MAKER;BOT_TAKER;VEV_6000;XIRECS;0.0;4
19500;BOT_MAKER;BOT_TAKER;HYDROGEL_PACK;XIRECS;9911.0;5
19500;BOT_MAKER;BOT_TAKER;VELVETFRUIT_EXTRACT;XIRECS;5273.0;7
19600;BOT_TAKER;BOT_MAKER;VEV_5500;XIRECS;4.0;5
19600;BOT_TAKER;SUBMISSION;VELVETFRUIT_EXTRACT;XIRECS;5279.0;3
19700;BOT_TAKER;BOT_MAKER;VELVETFRUIT_EXTRACT;XIRECS;5281.0;4
19700;SUBMISSION;BOT_TAKER;VEV_5300;XIRECS;53.0;4
19900;BOT_MAKER;BOT_TAKER;VELVETFRUIT_EXTRACT;XIRECS;5278.0;6
20100;BOT_TAKER;BOT_MAKER;VELVETFRUIT_EXTRACT;XIRECS;5282.0;8
20200;BOT_TAKER;BOT_MAKER;VELVETFRUIT_EXTRACT;XIRECS;5282.0;11
20200;BOT_MAKER;BOT_TAKER;VEV_6500;XIRECS;0.0;4
20200;BOT_TAKER;SUBMISSION;VELVETFRUIT_EXTRACT;XIRECS;5281.0;5
20200;BOT_TAKER;BOT_MAKER;VELVETFRUIT_EXTRACT;XIRECS;5282.0;2
20300;BOT_TAKER;BOT_MAKER;HYDROGEL_PACK;XIRECS;9926.0;3
20300;BOT_TAKER;BOT_MAKER;VELVETFRUIT_EXTRACT;XIRECS;5281.0;8
20300;BOT_TAKER;BOT_MAKER;VEV_6500;XIRECS;1.0;2
20400;BOT_TAKER;BOT_MAKER;VELVETFRUIT_EXTRACT;XIRECS;5281.0;4
20500;BOT_MAKER;BOT_TAKER;VELVETFRUIT_EXTRACT;XIRECS;5277.0;4
20500;BOT_MAKER;BOT_TAKER;VEV_6000;XIRECS;0.0;4
20500;BOT_TAKER;SUBMISSION;VELVETFRUIT_EXTRACT;XIRECS;5281.0;5
20500;BOT_TAKER;BOT_MAKER;VELVETFRUIT_EXTRACT;XIRECS;5282.0;3
20600;BOT_TAKER;BOT_MAKER;VELVETFRUIT_EXTRACT;XIRECS;5282.0;4
20700;BOT_MAKER;BOT_TAKER;VELVETFRUIT_EXTRACT;XIRECS;5277.0;6
20700;BOT_TAKER;BOT_MAKER;VEV_6000;XIRECS;1.0;5
20700;SUBMISSION;BOT_TAKER;VELVETFRUIT_EXTRACT;XIRECS;5278.0;5
20900;BOT_MAKER;BOT_TAKER;VELVETFRUIT_EXTRACT;XIRECS;5277.0;3
20900;BOT_TAKER;BOT_MAKER;VEV_6500;XIRECS;1.0;2
21000;BOT_MAKER;BOT_TAKER;VELVETFRUIT_EXTRACT;XIRECS;5276.0;12
21100;BOT_TAKER;SUBMISSION;VELVETFRUIT_EXTRACT;XIRECS;5283.0;5
21100;BOT_TAKER;BOT_MAKER;VELVETFRUIT_EXTRACT;XIRECS;5284.0;3
21200;BOT_MAKER;BOT_TAKER;HYDROGEL_PACK;XIRECS;9913.0;3
21200;BOT_MAKER;BOT_TAKER;VELVETFRUIT_EXTRACT;XIRECS;5278.0;8
21400;BOT_TAKER;BOT_MAKER;VELVETFRUIT_EXTRACT;XIRECS;5285.0;4
21500;BOT_TAKER;BOT_MAKER;HYDROGEL_PACK;XIRECS;9928.0;5
21500;BOT_MAKER;BOT_TAKER;VELVETFRUIT_EXTRACT;XIRECS;5278.0;3
21600;BOT_MAKER;BOT_TAKER;HYDROGEL_PACK;XIRECS;9912.0;6
21600;BOT_TAKER;BOT_MAKER;VELVETFRUIT_EXTRACT;XIRECS;5284.0;3
21600;BOT_TAKER;BOT_MAKER;VEV_4000;XIRECS;1292.0;1
21700;BOT_MAKER;BOT_TAKER;VELVETFRUIT_EXTRACT;XIRECS;5280.0;5
21800;BOT_MAKER;BOT_TAKER;VELVETFRUIT_EXTRACT;XIRECS;5278.0;6
21800;BOT_TAKER;BOT_MAKER;VEV_5400;XIRECS;16.0;2
21900;BOT_MAKER;BOT_TAKER;HYDROGEL_PACK;XIRECS;9912.0;2
22000;BOT_TAKER;BOT_MAKER;HYDROGEL_PACK;XIRECS;9930.0;5
22000;BOT_TAKER;BOT_MAKER;VEV_5500;XIRECS;5.0;4
22100;BOT_TAKER;BOT_MAKER;HYDROGEL_PACK;XIRECS;9932.0;3
22100;BOT_MAKER;BOT_TAKER;VELVETFRUIT_EXTRACT;XIRECS;5279.0;5
22100;BOT_TAKER;BOT_MAKER;VEV_4000;XIRECS;1294.0;3
22100;BOT_TAKER;BOT_MAKER;VEV_6000;XIRECS;1.0;5
22100;BOT_MAKER;BOT_TAKER;VEV_6500;XIRECS;0.0;4
22100;BOT_MAKER;BOT_TAKER;VEV_6500;XIRECS;0.0;4
22300;BOT_MAKER;BOT_TAKER;VELVETFRUIT_EXTRACT;XIRECS;5277.0;3
22400;BOT_MAKER;BOT_TAKER;HYDROGEL_PACK;XIRECS;9916.0;5
22400;BOT_MAKER;BOT_TAKER;VELVETFRUIT_EXTRACT;XIRECS;5277.0;3
22400;BOT_MAKER;BOT_TAKER;VEV_5300;XIRECS;53.0;5
22500;BOT_MAKER;BOT_TAKER;VELVETFRUIT_EXTRACT;XIRECS;5275.0;4
22600;BOT_MAKER;BOT_TAKER;VELVETFRUIT_EXTRACT;XIRECS;5275.0;4
22700;BOT_TAKER;BOT_MAKER;HYDROGEL_PACK;XIRECS;9931.0;5
22800;BOT_TAKER;BOT_MAKER;HYDROGEL_PACK;XIRECS;9934.0;5
22800;BOT_MAKER;BOT_TAKER;VEV_4000;XIRECS;1271.0;1
22800;BOT_TAKER;SUBMISSION;HYDROGEL_PACK;XIRECS;9933.0;3
22900;BOT_MAKER;BOT_TAKER;VEV_4000;XIRECS;1271.0;1
22900;BOT_TAKER;BOT_MAKER;VEV_6500;XIRECS;1.0;4
23100;BOT_MAKER;BOT_TAKER;VELVETFRUIT_EXTRACT;XIRECS;5276.0;7
23100;BOT_TAKER;BOT_MAKER;VEV_4000;XIRECS;1292.0;3
23100;SUBMISSION;BOT_TAKER;HYDROGEL_PACK;XIRECS;9919.0;3
23200;BOT_TAKER;BOT_MAKER;HYDROGEL_PACK;XIRECS;9937.0;2
23200;BOT_MAKER;BOT_TAKER;VELVETFRUIT_EXTRACT;XIRECS;5276.0;8
23300;BOT_TAKER;BOT_MAKER;HYDROGEL_PACK;XIRECS;9937.0;5
23300;BOT_TAKER;BOT_MAKER;HYDROGEL_PACK;XIRECS;9937.0;2
23400;BOT_TAKER;BOT_MAKER;VELVETFRUIT_EXTRACT;XIRECS;5284.0;4
23400;BOT_MAKER;BOT_TAKER;VEV_6000;XIRECS;0.0;5
23500;BOT_MAKER;BOT_TAKER;VELVETFRUIT_EXTRACT;XIRECS;5279.0;4
23600;BOT_TAKER;BOT_MAKER;VEV_4000;XIRECS;1289.0;3
23600;BOT_TAKER;SUBMISSION;VELVETFRUIT_EXTRACT;XIRECS;5283.0;5
23600;BOT_TAKER;BOT_MAKER;VELVETFRUIT_EXTRACT;XIRECS;5284.0;3
23700;BOT_TAKER;BOT_MAKER;VELVETFRUIT_EXTRACT;XIRECS;5285.0;6
23700;BOT_MAKER;BOT_TAKER;VEV_5300;XIRECS;53.0;4
23800;BOT_TAKER;BOT_MAKER;VELVETFRUIT_EXTRACT;XIRECS;5284.0;8
23800;BOT_TAKER;BOT_MAKER;VEV_4000;XIRECS;1292.0;2
23800;BOT_TAKER;BOT_MAKER;VEV_5500;XIRECS;4.0;3
23900;BOT_MAKER;BOT_TAKER;VEV_5300;XIRECS;53.0;4
24100;BOT_TAKER;BOT_MAKER;VEV_6500;XIRECS;1.0;2
24200;BOT_MAKER;BOT_TAKER;VELVETFRUIT_EXTRACT;XIRECS;5280.0;4
24200;BOT_TAKER;BOT_MAKER;VEV_6000;XIRECS;1.0;4
24200;SUBMISSION;BOT_TAKER;VELVETFRUIT_EXTRACT;XIRECS;5281.0;5
24200;BOT_MAKER;BOT_TAKER;VELVETFRUIT_EXTRACT;XIRECS;5280.0;1
24300;BOT_TAKER;BOT_MAKER;HYDROGEL_PACK;XIRECS;9935.0;5
24400;BOT_TAKER;BOT_MAKER;VEV_4000;XIRECS;1291.0;1
24500;BOT_TAKER;BOT_MAKER;VELVETFRUIT_EXTRACT;XIRECS;5285.0;7
24500;BOT_MAKER;BOT_TAKER;VEV_4000;XIRECS;1271.0;2
24600;BOT_TAKER;BOT_MAKER;HYDROGEL_PACK;XIRECS;9938.0;4
24600;BOT_MAKER;BOT_TAKER;VELVETFRUIT_EXTRACT;XIRECS;5279.0;6
24700;BOT_TAKER;BOT_MAKER;VELVETFRUIT_EXTRACT;XIRECS;5284.0;5
24700;BOT_TAKER;BOT_MAKER;VEV_6500;XIRECS;1.0;3
24800;BOT_MAKER;BOT_TAKER;HYDROGEL_PACK;XIRECS;9923.0;4
24900;BOT_TAKER;BOT_MAKER;VELVETFRUIT_EXTRACT;XIRECS;5284.0;5
24900;BOT_MAKER;BOT_TAKER;VEV_5400;XIRECS;15.0;2
24900;BOT_MAKER;BOT_TAKER;VEV_6500;XIRECS;0.0;4
25200;BOT_TAKER;BOT_MAKER;HYDROGEL_PACK;XIRECS;9941.0;5
25200;BOT_TAKER;BOT_MAKER;VELVETFRUIT_EXTRACT;XIRECS;5284.0;8
25300;BOT_MAKER;BOT_TAKER;HYDROGEL_PACK;XIRECS;9921.0;3
25300;BOT_TAKER;BOT_MAKER;VEV_5400;XIRECS;17.0;2
25500;BOT_MAKER;BOT_TAKER;VELVETFRUIT_EXTRACT;XIRECS;5278.0;7
25500;BOT_MAKER;BOT_TAKER;VELVETFRUIT_EXTRACT;XIRECS;5278.0;8
25800;BOT_TAKER;BOT_MAKER;HYDROGEL_PACK;XIRECS;9943.0;3
25800;BOT_MAKER;BOT_TAKER;VELVETFRUIT_EXTRACT;XIRECS;5278.0;5
25800;BOT_TAKER;BOT_MAKER;VEV_4000;XIRECS;1292.0;1
26000;BOT_TAKER;BOT_MAKER;HYDROGEL_PACK;XIRECS;9944.0;6
26000;BOT_MAKER;BOT_TAKER;VELVETFRUIT_EXTRACT;XIRECS;5279.0;4
26100;BOT_TAKER;BOT_MAKER;VEV_5300;XIRECS;53.0;5
26100;SUBMISSION;BOT_TAKER;VELVETFRUIT_EXTRACT;XIRECS;5280.0;5
26100;BOT_MAKER;BOT_TAKER;VELVETFRUIT_EXTRACT;XIRECS;5279.0;2
26200;BOT_TAKER;BOT_MAKER;HYDROGEL_PACK;XIRECS;9943.0;2
26200;BOT_MAKER;BOT_TAKER;VEV_4000;XIRECS;1271.0;3
26300;BOT_TAKER;BOT_MAKER;HYDROGEL_PACK;XIRECS;9940.0;2
26300;BOT_TAKER;BOT_MAKER;VELVETFRUIT_EXTRACT;XIRECS;5284.0;4
26400;BOT_TAKER;BOT_MAKER;VEV_5300;XIRECS;53.0;4
26500;BOT_MAKER;BOT_TAKER;VELVETFRUIT_EXTRACT;XIRECS;5276.0;7
26700;BOT_MAKER;BOT_TAKER;VELVETFRUIT_EXTRACT;XIRECS;5276.0;8
26700;BOT_TAKER;BOT_MAKER;VEV_5500;XIRECS;4.0;5
26800;BOT_TAKER;SUBMISSION;VEV_5400;XIRECS;17.0;2
26900;BOT_TAKER;BOT_MAKER;VELVETFRUIT_EXTRACT;XIRECS;5281.0;15
27000;BOT_MAKER;BOT_TAKER;HYDROGEL_PACK;XIRECS;9919.0;4
27000;BOT_MAKER;BOT_TAKER;VEV_4000;XIRECS;1274.0;3
27100;BOT_MAKER;BOT_TAKER;VELVETFRUIT_EXTRACT;XIRECS;5274.0;6
27200;BOT_TAKER;BOT_MAKER;VELVETFRUIT_EXTRACT;XIRECS;5281.0;8
27300;BOT_MAKER;BOT_TAKER;VELVETFRUIT_EXTRACT;XIRECS;5275.0;8
27300;BOT_TAKER;BOT_MAKER;VELVETFRUIT_EXTRACT;XIRECS;5281.0;3
27300;BOT_MAKER;BOT_TAKER;VEV_5300;XIRECS;52.0;5
27300;BOT_MAKER;BOT_TAKER;VEV_6500;XIRECS;0.0;5
27500;BOT_TAKER;BOT_MAKER;VEV_6000;XIRECS;1.0;5
27600;BOT_TAKER;BOT_MAKER;VEV_4000;XIRECS;1295.0;3
27600;BOT_TAKER;SUBMISSION;VELVETFRUIT_EXTRACT;XIRECS;5282.0;4
27800;BOT_MAKER;BOT_TAKER;VEV_6500;XIRECS;0.0;2
27900;BOT_MAKER;BOT_TAKER;VEV_6500;XIRECS;0.0;5
28200;BOT_MAKER;BOT_TAKER;HYDROGEL_PACK;XIRECS;9909.0;2
28200;BOT_TAKER;BOT_MAKER;VELVETFRUIT_EXTRACT;XIRECS;5284.0;7
28200;BOT_TAKER;BOT_MAKER;VEV_6000;XIRECS;1.0;4
28200;BOT_TAKER;BOT_MAKER;VEV_6500;XIRECS;1.0;5
28500;BOT_TAKER;BOT_MAKER;VELVETFRUIT_EXTRACT;XIRECS;5289.0;7
28500;BOT_MAKER;BOT_TAKER;VEV_5500;XIRECS;3.0;3
28600;BOT_TAKER;BOT_MAKER;VELVETFRUIT_EXTRACT;XIRECS;5289.0;5
28600;BOT_MAKER;BOT_TAKER;VEV_4000;XIRECS;1273.0;1
28600;BOT_TAKER;SUBMISSION;VELVETFRUIT_EXTRACT;XIRECS;5288.0;3
28800;BOT_MAKER;BOT_TAKER;HYDROGEL_PACK;XIRECS;9909.0;6
28900;BOT_MAKER;BOT_TAKER;VELVETFRUIT_EXTRACT;XIRECS;5284.0;8
29000;BOT_MAKER;BOT_TAKER;HYDROGEL_PACK;XIRECS;9909.0;6
29000;BOT_MAKER;BOT_TAKER;VELVETFRUIT_EXTRACT;XIRECS;5284.0;6
29100;BOT_MAKER;BOT_TAKER;HYDROGEL_PACK;XIRECS;9906.0;3
29100;BOT_MAKER;BOT_TAKER;VELVETFRUIT_EXTRACT;XIRECS;5282.0;7
29100;BOT_TAKER;BOT_MAKER;VEV_5300;XIRECS;56.0;5
29100;BOT_TAKER;BOT_MAKER;VEV_6000;XIRECS;1.0;4
29200;BOT_MAKER;BOT_TAKER;VELVETFRUIT_EXTRACT;XIRECS;5283.0;7
29200;BOT_TAKER;BOT_MAKER;VEV_6000;XIRECS;1.0;2
29400;BOT_TAKER;BOT_MAKER;HYDROGEL_PACK;XIRECS;9925.0;4
29400;BOT_TAKER;BOT_MAKER;VEV_5500;XIRECS;4.0;4
29500;BOT_TAKER;BOT_MAKER;HYDROGEL_PACK;XIRECS;9923.0;2
29500;BOT_TAKER;BOT_MAKER;VELVETFRUIT_EXTRACT;XIRECS;5287.0;3
29500;BOT_MAKER;BOT_TAKER;VELVETFRUIT_EXTRACT;XIRECS;5282.0;3
29600;BOT_TAKER;BOT_MAKER;VELVETFRUIT_EXTRACT;XIRECS;5289.0;5
29600;BOT_TAKER;BOT_MAKER;VEV_6000;XIRECS;1.0;2
29700;BOT_TAKER;BOT_MAKER;HYDROGEL_PACK;XIRECS;9924.0;6
29700;BOT_TAKER;BOT_MAKER;VELVETFRUIT_EXTRACT;XIRECS;5288.0;3
29700;BOT_TAKER;BOT_MAKER;VEV_5500;XIRECS;4.0;5
29800;BOT_TAKER;BOT_MAKER;HYDROGEL_PACK;XIRECS;9922.0;3
29900;BOT_TAKER;BOT_MAKER;HYDROGEL_PACK;XIRECS;9920.0;3
30000;BOT_TAKER;BOT_MAKER;VEV_6500;XIRECS;1.0;2
30200;BOT_MAKER;BOT_TAKER;HYDROGEL_PACK;XIRECS;9907.0;6
30200;BOT_TAKER;BOT_MAKER;HYDROGEL_PACK;XIRECS;9923.0;2
30300;BOT_MAKER;BOT_TAKER;VELVETFRUIT_EXTRACT;XIRECS;5284.0;6
30300;BOT_TAKER;BOT_MAKER;VEV_6500;XIRECS;1.0;5
30300;SUBMISSION;BOT_TAKER;HYDROGEL_PACK;XIRECS;9907.0;2
30400;BOT_TAKER;BOT_MAKER;HYDROGEL_PACK;XIRECS;9921.0;3
30500;BOT_MAKER;BOT_TAKER;VELVETFRUIT_EXTRACT;XIRECS;5286.0;8
30600;BOT_MAKER;BOT_TAKER;VELVETFRUIT_EXTRACT;XIRECS;5287.0;7
30700;BOT_MAKER;BOT_TAKER;HYDROGEL_PACK;XIRECS;9908.0;4
30700;SUBMISSION;BOT_TAKER;VEV_4000;XIRECS;1270.0;3
30800;BOT_TAKER;BOT_MAKER;VELVETFRUIT_EXTRACT;XIRECS;5292.0;6
31000;BOT_MAKER;BOT_TAKER;VEV_6000;XIRECS;0.0;2
31100;BOT_MAKER;BOT_TAKER;VEV_4000;XIRECS;1268.0;3
31100;BOT_TAKER;BOT_MAKER;VEV_5400;XIRECS;16.0;5
31200;BOT_TAKER;BOT_MAKER;VELVETFRUIT_EXTRACT;XIRECS;5293.0;7
31200;BOT_TAKER;BOT_MAKER;VEV_4000;XIRECS;1289.0;2
31300;BOT_MAKER;BOT_TAKER;VELVETFRUIT_EXTRACT;XIRECS;5287.0;3
31300;BOT_TAKER;BOT_MAKER;VEV_5500;XIRECS;3.0;2
31400;BOT_MAKER;BOT_TAKER;HYDROGEL_PACK;XIRECS;9907.0;4
31400;BOT_TAKER;BOT_MAKER;VELVETFRUIT_EXTRACT;XIRECS;5292.0;5
31500;BOT_MAKER;BOT_TAKER;HYDROGEL_PACK;XIRECS;9907.0;2
31500;BOT_MAKER;BOT_TAKER;VELVETFRUIT_EXTRACT;XIRECS;5287.0;4
31500;BOT_TAKER;BOT_MAKER;VEV_4000;XIRECS;1289.0;1
31500;BOT_MAKER;BOT_TAKER;VEV_6500;XIRECS;0.0;2
31600;BOT_TAKER;BOT_MAKER;HYDROGEL_PACK;XIRECS;9924.0;5
31600;BOT_MAKER;BOT_TAKER;VEV_5400;XIRECS;14.0;2
31600;BOT_MAKER;BOT_TAKER;VEV_5500;XIRECS;2.0;2
31800;BOT_TAKER;BOT_MAKER;VEV_4000;XIRECS;1289.0;2
32000;BOT_TAKER;BOT_MAKER;HYDROGEL_PACK;XIRECS;9919.0;6
32100;BOT_TAKER;BOT_MAKER;VELVETFRUIT_EXTRACT;XIRECS;5291.0;6
32100;BOT_MAKER;BOT_TAKER;VEV_6000;XIRECS;0.0;2
32200;BOT_TAKER;BOT_MAKER;HYDROGEL_PACK;XIRECS;9915.0;5
32300;BOT_TAKER;BOT_MAKER;HYDROGEL_PACK;XIRECS;9911.0;3
32400;BOT_MAKER;BOT_TAKER;VELVETFRUIT_EXTRACT;XIRECS;5284.0;6
32400;BOT_TAKER;BOT_MAKER;VEV_5300;XIRECS;55.0;2
32500;BOT_TAKER;BOT_MAKER;VELVETFRUIT_EXTRACT;XIRECS;5288.0;7
32500;BOT_MAKER;BOT_TAKER;VEV_5500;XIRECS;2.0;5
32500;BOT_TAKER;SUBMISSION;VEV_4000;XIRECS;1289.0;2
32600;BOT_MAKER;BOT_TAKER;VELVETFRUIT_EXTRACT;XIRECS;5284.0;3
32600;BOT_TAKER;SUBMISSION;VELVETFRUIT_EXTRACT;XIRECS;5287.0;5
32600;BOT_TAKER;BOT_MAKER;VELVETFRUIT_EXTRACT;XIRECS;5288.0;3
32700;BOT_MAKER;BOT_TAKER;VELVETFRUIT_EXTRACT;XIRECS;5283.0;12
32700;BOT_TAKER;SUBMISSION;VELVETFRUIT_EXTRACT;XIRECS;5287.0;3
32700;SUBMISSION;BOT_TAKER;VEV_4000;XIRECS;1269.0;2
32800;BOT_TAKER;BOT_MAKER;HYDROGEL_PACK;XIRECS;9909.0;2
32900;BOT_TAKER;BOT_MAKER;HYDROGEL_PACK;XIRECS;9910.0;3
32900;BOT_TAKER;SUBMISSION;VEV_4000;XIRECS;1291.0;1
33000;BOT_TAKER;BOT_MAKER;HYDROGEL_PACK;XIRECS;9906.0;3
33000;BOT_TAKER;BOT_MAKER;VELVETFRUIT_EXTRACT;XIRECS;5289.0;7
33100;BOT_TAKER;BOT_MAKER;VELVETFRUIT_EXTRACT;XIRECS;5289.0;5
33300;BOT_MAKER;BOT_TAKER;HYDROGEL_PACK;XIRECS;9884.0;6
33300;BOT_TAKER;BOT_MAKER;VEV_6500;XIRECS;1.0;2
33400;BOT_TAKER;SUBMISSION;HYDROGEL_PACK;XIRECS;9897.0;2
33500;BOT_MAKER;BOT_TAKER;VELVETFRUIT_EXTRACT;XIRECS;5284.0;6
33500;BOT_TAKER;BOT_MAKER;VEV_5000;XIRECS;270.0;1
33600;BOT_TAKER;BOT_MAKER;VELVETFRUIT_EXTRACT;XIRECS;5289.0;7
33600;BOT_TAKER;SUBMISSION;HYDROGEL_PACK;XIRECS;9897.0;2
33600;BOT_TAKER;SUBMISSION;VELVETFRUIT_EXTRACT;XIRECS;5288.0;5
33600;BOT_TAKER;BOT_MAKER;VELVETFRUIT_EXTRACT;XIRECS;5289.0;2
33800;SUBMISSION;BOT_TAKER;VELVETFRUIT_EXTRACT;XIRECS;5286.0;5
33900;BOT_MAKER;BOT_TAKER;VELVETFRUIT_EXTRACT;XIRECS;5283.0;8
33900;BOT_MAKER;BOT_TAKER;VEV_4000;XIRECS;1269.0;3
34000;BOT_TAKER;BOT_MAKER;VELVETFRUIT_EXTRACT;XIRECS;5288.0;6
34000;BOT_TAKER;BOT_MAKER;VEV_5400;XIRECS;16.0;4
34000;BOT_TAKER;SUBMISSION;VELVETFRUIT_EXTRACT;XIRECS;5287.0;5
34100;BOT_TAKER;BOT_MAKER;VELVETFRUIT_EXTRACT;XIRECS;5284.0;7
34100;BOT_TAKER;BOT_MAKER;VEV_5500;XIRECS;3.0;5
34200;BOT_MAKER;BOT_TAKER;HYDROGEL_PACK;XIRECS;9881.0;5
34200;BOT_MAKER;BOT_TAKER;VEV_5400;XIRECS;15.0;4
34300;BOT_MAKER;BOT_TAKER;HYDROGEL_PACK;XIRECS;9882.0;5
34300;BOT_MAKER;BOT_TAKER;VELVETFRUIT_EXTRACT;XIRECS;5279.0;14
34400;BOT_TAKER;BOT_MAKER;HYDROGEL_PACK;XIRECS;9901.0;6
34400;BOT_TAKER;BOT_MAKER;VELVETFRUIT_EXTRACT;XIRECS;5286.0;6
34500;SUBMISSION;BOT_TAKER;HYDROGEL_PACK;XIRECS;9886.0;4
34600;BOT_MAKER;BOT_TAKER;VELVETFRUIT_EXTRACT;XIRECS;5282.0;7
34700;BOT_TAKER;BOT_MAKER;HYDROGEL_PACK;XIRECS;9903.0;3
34700;BOT_TAKER;BOT_MAKER;VEV_6000;XIRECS;1.0;2
34700;SUBMISSION;BOT_TAKER;HYDROGEL_PACK;XIRECS;9888.0;5
34700;BOT_MAKER;BOT_TAKER;HYDROGEL_PACK;XIRECS;9887.0;1
34800;BOT_MAKER;BOT_TAKER;VELVETFRUIT_EXTRACT;XIRECS;5282.0;4
34800;BOT_TAKER;BOT_MAKER;VEV_5200;XIRECS;102.0;4
34900;BOT_TAKER;BOT_MAKER;VEV_4000;XIRECS;1290.0;2
35000;BOT_MAKER;BOT_TAKER;HYDROGEL_PACK;XIRECS;9888.0;2
35000;BOT_MAKER;BOT_TAKER;VELVETFRUIT_EXTRACT;XIRECS;5282.0;8
35000;BOT_TAKER;BOT_MAKER;VELVETFRUIT_EXTRACT;XIRECS;5287.0;5
35000;BOT_MAKER;BOT_TAKER;VEV_5500;XIRECS;2.0;5
35100;BOT_MAKER;BOT_TAKER;VELVETFRUIT_EXTRACT;XIRECS;5282.0;5
35200;BOT_MAKER;BOT_TAKER;VELVETFRUIT_EXTRACT;XIRECS;5284.0;3
35300;BOT_TAKER;BOT_MAKER;VEV_5300;XIRECS;54.0;5
35300;BOT_MAKER;BOT_TAKER;VEV_5500;XIRECS;2.0;4
35400;BOT_MAKER;BOT_TAKER;VEV_6000;XIRECS;0.0;4
35500;BOT_TAKER;BOT_MAKER;HYDROGEL_PACK;XIRECS;9908.0;6
35600;BOT_MAKER;BOT_TAKER;VEV_6500;XIRECS;0.0;2
35700;BOT_TAKER;BOT_MAKER;HYDROGEL_PACK;XIRECS;9905.0;4
35700;BOT_MAKER;BOT_TAKER;VELVETFRUIT_EXTRACT;XIRECS;5282.0;3
35900;BOT_MAKER;BOT_TAKER;VELVETFRUIT_EXTRACT;XIRECS;5282.0;7
35900;BOT_TAKER;SUBMISSION;VELVETFRUIT_EXTRACT;XIRECS;5287.0;4
36000;BOT_MAKER;BOT_TAKER;VELVETFRUIT_EXTRACT;XIRECS;5284.0;5
36100;BOT_MAKER;BOT_TAKER;VELVETFRUIT_EXTRACT;XIRECS;5284.0;8
36100;BOT_MAKER;BOT_TAKER;VEV_4000;XIRECS;1272.0;2
36100;BOT_MAKER;BOT_TAKER;VEV_5500;XIRECS;2.0;3
36200;BOT_TAKER;BOT_MAKER;HYDROGEL_PACK;XIRECS;9901.0;3
36300;BOT_MAKER;BOT_TAKER;VEV_4000;XIRECS;1273.0;1
36300;BOT_TAKER;SUBMISSION;HYDROGEL_PACK;XIRECS;9899.0;3
36400;BOT_MAKER;BOT_TAKER;VEV_5500;XIRECS;2.0;4
36400;BOT_TAKER;BOT_MAKER;VEV_6500;XIRECS;1.0;2
36500;BOT_TAKER;BOT_MAKER;HYDROGEL_PACK;XIRECS;9904.0;5
36500;SUBMISSION;BOT_TAKER;HYDROGEL_PACK;XIRECS;9889.0;5
36500;SUBMISSION;BOT_TAKER;VELVETFRUIT_EXTRACT;XIRECS;5285.0;5
36700;BOT_MAKER;BOT_TAKER;HYDROGEL_PACK;XIRECS;9883.0;4
36800;BOT_MAKER;BOT_TAKER;HYDROGEL_PACK;XIRECS;9882.0;3
36900;BOT_MAKER;BOT_TAKER;VELVETFRUIT_EXTRACT;XIRECS;5285.0;4
36900;BOT_TAKER;SUBMISSION;HYDROGEL_PACK;XIRECS;9895.0;2
37000;BOT_TAKER;BOT_MAKER;HYDROGEL_PACK;XIRECS;9896.0;2
37000;BOT_TAKER;BOT_MAKER;VELVETFRUIT_EXTRACT;XIRECS;5290.0;6
37000;BOT_MAKER;BOT_TAKER;VEV_6500;XIRECS;0.0;4
37000;BOT_TAKER;SUBMISSION;VEV_4000;XIRECS;1293.0;3
37100;SUBMISSION;BOT_TAKER;VELVETFRUIT_EXTRACT;XIRECS;5283.0;5
37100;BOT_MAKER;BOT_TAKER;VELVETFRUIT_EXTRACT;XIRECS;5282.0;2
37200;BOT_TAKER;SUBMISSION;VEV_4000;XIRECS;1292.0;1
37300;BOT_MAKER;BOT_TAKER;VELVETFRUIT_EXTRACT;XIRECS;5282.0;6
37400;BOT_MAKER;BOT_TAKER;VEV_6500;XIRECS;0.0;4
37500;BOT_TAKER;BOT_MAKER;HYDROGEL_PACK;XIRECS;9897.0;5
37500;BOT_MAKER;BOT_TAKER;VELVETFRUIT_EXTRACT;XIRECS;5284.0;8
37500;BOT_TAKER;BOT_MAKER;VEV_6000;XIRECS;1.0;5
37500;BOT_TAKER;SUBMISSION;VELVETFRUIT_EXTRACT;XIRECS;5289.0;4
37600;BOT_MAKER;BOT_TAKER;VEV_4000;XIRECS;1271.0;3
37700;BOT_MAKER;BOT_TAKER;VEV_4000;XIRECS;1272.0;1
37700;BOT_MAKER;BOT_TAKER;VEV_5500;XIRECS;2.0;5
37700;BOT_MAKER;BOT_TAKER;VEV_6000;XIRECS;0.0;5
37700;BOT_TAKER;BOT_MAKER;VEV_6500;XIRECS;1.0;3
37800;BOT_MAKER;BOT_TAKER;HYDROGEL_PACK;XIRECS;9883.0;4
37900;BOT_MAKER;BOT_TAKER;VEV_5300;XIRECS;51.0;2
37900;BOT_TAKER;BOT_MAKER;VEV_6000;XIRECS;1.0;3
38100;BOT_MAKER;BOT_TAKER;HYDROGEL_PACK;XIRECS;9884.0;4
38100;BOT_MAKER;BOT_TAKER;VEV_5400;XIRECS;16.0;2
38100;BOT_MAKER;BOT_TAKER;VEV_5500;XIRECS;2.0;3
38200;BOT_TAKER;BOT_MAKER;HYDROGEL_PACK;XIRECS;9901.0;5
38300;BOT_MAKER;BOT_TAKER;VELVETFRUIT_EXTRACT;XIRECS;5288.0;8
38300;BOT_TAKER;BOT_MAKER;VEV_5400;XIRECS;17.0;4
38400;BOT_TAKER;BOT_MAKER;VEV_4000;XIRECS;1294.0;1
38500;BOT_MAKER;BOT_TAKER;HYDROGEL_PACK;XIRECS;9889.0;2
38500;BOT_TAKER;BOT_MAKER;VELVETFRUIT_EXTRACT;XIRECS;5295.0;8
38500;BOT_MAKER;BOT_TAKER;VEV_4000;XIRECS;1273.0;2
38500;SUBMISSION;BOT_TAKER;HYDROGEL_PACK;XIRECS;9890.0;2
38600;BOT_TAKER;BOT_MAKER;HYDROGEL_PACK;XIRECS;9903.0;4
38700;BOT_TAKER;BOT_MAKER;VEV_5300;XIRECS;52.0;3
38800;BOT_MAKER;BOT_TAKER;VEV_4000;XIRECS;1276.0;2
38900;SUBMISSION;BOT_TAKER;HYDROGEL_PACK;XIRECS;9892.0;4
39000;BOT_MAKER;BOT_TAKER;VELVETFRUIT_EXTRACT;XIRECS;5291.0;4
39000;BOT_MAKER;BOT_TAKER;VELVETFRUIT_EXTRACT;XIRECS;5291.0;8
39000;BOT_TAKER;BOT_MAKER;VEV_6500;XIRECS;1.0;4
39000;SUBMISSION;BOT_TAKER;HYDROGEL_PACK;XIRECS;9889.0;5
39100;BOT_TAKER;BOT_MAKER;HYDROGEL_PACK;XIRECS;9903.0;3
39100;BOT_TAKER;BOT_MAKER;VELVETFRUIT_EXTRACT;XIRECS;5297.0;8
39200;BOT_MAKER;BOT_TAKER;VEV_4000;XIRECS;1277.0;1
39300;BOT_MAKER;BOT_TAKER;VELVETFRUIT_EXTRACT;XIRECS;5291.0;7
39500;BOT_TAKER;BOT_MAKER;HYDROGEL_PACK;XIRECS;9905.0;3
39500;BOT_MAKER;BOT_TAKER;VELVETFRUIT_EXTRACT;XIRECS;5291.0;6
39500;SUBMISSION;BOT_TAKER;VELVETFRUIT_EXTRACT;XIRECS;5292.0;5
39500;BOT_MAKER;BOT_TAKER;VELVETFRUIT_EXTRACT;XIRECS;5291.0;2
39600;BOT_MAKER;BOT_TAKER;VELVETFRUIT_EXTRACT;XIRECS;5291.0;5
39700;BOT_TAKER;BOT_MAKER;VEV_4000;XIRECS;1300.0;2
39800;BOT_MAKER;BOT_TAKER;VELVETFRUIT_EXTRACT;XIRECS;5291.0;8
39800;BOT_MAKER;BOT_TAKER;VEV_5500;XIRECS;2.0;5
39900;BOT_MAKER;BOT_TAKER;HYDROGEL_PACK;XIRECS;9882.0;3
39900;BOT_MAKER;BOT_TAKER;VELVETFRUIT_EXTRACT;XIRECS;5291.0;3
40000;BOT_TAKER;BOT_MAKER;HYDROGEL_PACK;XIRECS;9896.0;4
40100;BOT_MAKER;BOT_TAKER;HYDROGEL_PACK;XIRECS;9881.0;3
40100;BOT_TAKER;BOT_MAKER;VELVETFRUIT_EXTRACT;XIRECS;5296.0;3
40100;BOT_TAKER;BOT_MAKER;VEV_4000;XIRECS;1300.0;2
40200;BOT_MAKER;BOT_TAKER;VELVETFRUIT_EXTRACT;XIRECS;5289.0;3
40400;BOT_MAKER;BOT_TAKER;VELVETFRUIT_EXTRACT;XIRECS;5289.0;7
40500;BOT_MAKER;BOT_TAKER;VEV_5300;XIRECS;50.0;5
40600;BOT_TAKER;BOT_MAKER;VEV_6500;XIRECS;1.0;4
40700;BOT_MAKER;BOT_TAKER;HYDROGEL_PACK;XIRECS;9873.0;2
40800;BOT_MAKER;BOT_TAKER;HYDROGEL_PACK;XIRECS;9876.0;3
40800;BOT_MAKER;BOT_TAKER;VEV_5500;XIRECS;2.0;5
40900;BOT_MAKER;BOT_TAKER;HYDROGEL_PACK;XIRECS;9876.0;4
41000;BOT_MAKER;BOT_TAKER;VEV_5400;XIRECS;14.0;4
41100;BOT_TAKER;BOT_MAKER;HYDROGEL_PACK;XIRECS;9896.0;3
41100;BOT_MAKER;BOT_TAKER;VEV_6500;XIRECS;0.0;5
41200;BOT_TAKER;BOT_MAKER;VELVETFRUIT_EXTRACT;XIRECS;5293.0;6
41400;BOT_MAKER;BOT_TAKER;HYDROGEL_PACK;XIRECS;9877.0;3
41400;BOT_MAKER;BOT_TAKER;VEV_4000;XIRECS;1275.0;2
41400;BOT_MAKER;BOT_TAKER;VEV_6000;XIRECS;0.0;3
41500;BOT_MAKER;BOT_TAKER;HYDROGEL_PACK;XIRECS;9879.0;6
41500;BOT_MAKER;BOT_TAKER;VELVETFRUIT_EXTRACT;XIRECS;5288.0;7
41500;BOT_MAKER;BOT_TAKER;VEV_5400;XIRECS;15.0;5
41500;SUBMISSION;BOT_TAKER;VELVETFRUIT_EXTRACT;XIRECS;5289.0;5
41500;BOT_MAKER;BOT_TAKER;VELVETFRUIT_EXTRACT;XIRECS;5288.0;3
41600;BOT_MAKER;BOT_TAKER;VELVETFRUIT_EXTRACT;XIRECS;5290.0;3
41600;BOT_MAKER;BOT_TAKER;VEV_5400;XIRECS;15.0;4
41700;BOT_TAKER;BOT_MAKER;VEV_4000;XIRECS;1298.0;2
41700;BOT_TAKER;SUBMISSION;VELVETFRUIT_EXTRACT;XIRECS;5295.0;4
41800;BOT_MAKER;BOT_TAKER;VEV_4000;XIRECS;1278.0;1
41900;SUBMISSION;BOT_TAKER;VEV_4000;XIRECS;1277.0;2
42000;BOT_TAKER;BOT_MAKER;VEV_5500;XIRECS;4.0;2
42200;BOT_MAKER;BOT_TAKER;HYDROGEL_PACK;XIRECS;9888.0;6
42200;BOT_MAKER;BOT_TAKER;HYDROGEL_PACK;XIRECS;9888.0;4
42200;BOT_TAKER;BOT_MAKER;VEV_4000;XIRECS;1302.0;3
42400;BOT_TAKER;BOT_MAKER;HYDROGEL_PACK;XIRECS;9903.0;2
42400;BOT_MAKER;BOT_TAKER;VELVETFRUIT_EXTRACT;XIRECS;5290.0;6
42600;BOT_TAKER;BOT_MAKER;VEV_5300;XIRECS;54.0;2
42600;BOT_MAKER;BOT_TAKER;VEV_5400;XIRECS;15.0;3
42600;BOT_TAKER;SUBMISSION;VELVETFRUIT_EXTRACT;XIRECS;5295.0;5
42600;BOT_TAKER;BOT_MAKER;VELVETFRUIT_EXTRACT;XIRECS;5296.0;2
42700;BOT_MAKER;BOT_TAKER;HYDROGEL_PACK;XIRECS;9886.0;4
42700;BOT_TAKER;BOT_MAKER;VEV_5400;XIRECS;17.0;5
42700;SUBMISSION;BOT_TAKER;VEV_5300;XIRECS;53.0;4
42800;BOT_MAKER;BOT_TAKER;VEV_6000;XIRECS;0.0;2
42900;BOT_TAKER;BOT_MAKER;VEV_6500;XIRECS;1.0;2
43000;BOT_TAKER;BOT_MAKER;VELVETFRUIT_EXTRACT;XIRECS;5297.0;5
43200;BOT_MAKER;BOT_TAKER;VELVETFRUIT_EXTRACT;XIRECS;5290.0;5
43200;BOT_TAKER;BOT_MAKER;VEV_6000;XIRECS;1.0;2
43300;BOT_MAKER;BOT_TAKER;VELVETFRUIT_EXTRACT;XIRECS;5290.0;8
43300;BOT_MAKER;BOT_TAKER;VEV_5500;XIRECS;3.0;2
43400;BOT_TAKER;BOT_MAKER;HYDROGEL_PACK;XIRECS;9900.0;4
43400;BOT_TAKER;BOT_MAKER;VEV_5400;XIRECS;17.0;4
43400;BOT_MAKER;BOT_TAKER;VEV_6000;XIRECS;0.0;3
43500;BOT_MAKER;BOT_TAKER;VEV_5500;XIRECS;3.0;5
43500;BOT_TAKER;SUBMISSION;VELVETFRUIT_EXTRACT;XIRECS;5294.0;5
43500;BOT_TAKER;BOT_MAKER;VELVETFRUIT_EXTRACT;XIRECS;5295.0;3
43900;BOT_MAKER;BOT_TAKER;VEV_5500;XIRECS;3.0;3
43900;SUBMISSION;BOT_TAKER;HYDROGEL_PACK;XIRECS;9884.0;5
43900;BOT_MAKER;BOT_TAKER;HYDROGEL_PACK;XIRECS;9883.0;1
43900;BOT_TAKER;SUBMISSION;VELVETFRUIT_EXTRACT;XIRECS;5293.0;5
44000;BOT_TAKER;BOT_MAKER;VELVETFRUIT_EXTRACT;XIRECS;5295.0;6
44100;BOT_TAKER;BOT_MAKER;VEV_4000;XIRECS;1307.0;3
44200;BOT_TAKER;BOT_MAKER;HYDROGEL_PACK;XIRECS;9895.0;6
44300;BOT_TAKER;BOT_MAKER;HYDROGEL_PACK;XIRECS;9893.0;4
44400;BOT_TAKER;SUBMISSION;VEV_4000;XIRECS;1306.0;2
44500;BOT_MAKER;BOT_TAKER;HYDROGEL_PACK;XIRECS;9879.0;6
44500;BOT_MAKER;BOT_TAKER;VELVETFRUIT_EXTRACT;XIRECS;5291.0;4
44500;BOT_TAKER;SUBMISSION;HYDROGEL_PACK;XIRECS;9894.0;3
44700;BOT_MAKER;BOT_TAKER;HYDROGEL_PACK;XIRECS;9876.0;4
44900;BOT_MAKER;BOT_TAKER;HYDROGEL_PACK;XIRECS;9872.0;5
44900;BOT_MAKER;BOT_TAKER;VEV_6000;XIRECS;0.0;3
45000;BOT_TAKER;BOT_MAKER;HYDROGEL_PACK;XIRECS;9890.0;5
45000;BOT_MAKER;BOT_TAKER;VEV_4000;XIRECS;1286.0;1
45100;BOT_MAKER;BOT_TAKER;VELVETFRUIT_EXTRACT;XIRECS;5292.0;4
45100;BOT_TAKER;BOT_MAKER;VEV_4000;XIRECS;1306.0;1
45100;BOT_TAKER;SUBMISSION;HYDROGEL_PACK;XIRECS;9893.0;5
45100;BOT_TAKER;BOT_MAKER;HYDROGEL_PACK;XIRECS;9894.0;1
45200;BOT_MAKER;BOT_TAKER;VELVETFRUIT_EXTRACT;XIRECS;5292.0;5
45200;BOT_TAKER;BOT_MAKER;VELVETFRUIT_EXTRACT;XIRECS;5298.0;3
45200;BOT_MAKER;BOT_TAKER;VEV_4000;XIRECS;1285.0;2
45300;BOT_TAKER;BOT_MAKER;HYDROGEL_PACK;XIRECS;9892.0;5
45300;BOT_MAKER;BOT_TAKER;VELVETFRUIT_EXTRACT;XIRECS;5293.0;8
45300;BOT_MAKER;BOT_TAKER;VEV_4000;XIRECS;1286.0;1
45300;BOT_TAKER;BOT_MAKER;VEV_5400;XIRECS;15.0;5
45400;BOT_MAKER;BOT_TAKER;VEV_5500;XIRECS;2.0;4
45400;SUBMISSION;BOT_TAKER;HYDROGEL_PACK;XIRECS;9876.0;5
45400;BOT_MAKER;BOT_TAKER;HYDROGEL_PACK;XIRECS;9875.0;1
45500;BOT_TAKER;SUBMISSION;VEV_4000;XIRECS;1308.0;3
45600;BOT_TAKER;BOT_MAKER;HYDROGEL_PACK;XIRECS;9889.0;5
45600;BOT_TAKER;BOT_MAKER;VELVETFRUIT_EXTRACT;XIRECS;5299.0;5
45700;BOT_MAKER;BOT_TAKER;HYDROGEL_PACK;XIRECS;9870.0;5
45700;BOT_MAKER;BOT_TAKER;VEV_4000;XIRECS;1288.0;1
45700;BOT_TAKER;BOT_MAKER;VEV_5500;XIRECS;4.0;4
45800;BOT_MAKER;BOT_TAKER;VEV_4000;XIRECS;1287.0;3
46100;BOT_MAKER;BOT_TAKER;VEV_5500;XIRECS;2.0;5
46100;SUBMISSION;BOT_TAKER;HYDROGEL_PACK;XIRECS;9871.0;3
46100;SUBMISSION;BOT_TAKER;VEV_5300;XIRECS;55.0;5
46300;BOT_MAKER;BOT_TAKER;VELVETFRUIT_EXTRACT;XIRECS;5299.0;3
46300;BOT_TAKER;BOT_MAKER;VEV_4000;XIRECS;1310.0;3
46400;BOT_MAKER;BOT_TAKER;HYDROGEL_PACK;XIRECS;9863.0;3
46400;BOT_MAKER;BOT_TAKER;VELVETFRUIT_EXTRACT;XIRECS;5297.0;7
46400;BOT_MAKER;BOT_TAKER;VEV_4000;XIRECS;1287.0;1
46500;BOT_MAKER;BOT_TAKER;HYDROGEL_PACK;XIRECS;9864.0;4
46500;BOT_TAKER;SUBMISSION;VELVETFRUIT_EXTRACT;XIRECS;5302.0;5
46600;BOT_TAKER;BOT_MAKER;VELVETFRUIT_EXTRACT;XIRECS;5303.0;7
46600;BOT_TAKER;SUBMISSION;VELVETFRUIT_EXTRACT;XIRECS;5302.0;5
46600;BOT_TAKER;BOT_MAKER;VELVETFRUIT_EXTRACT;XIRECS;5303.0;3
46700;BOT_MAKER;BOT_TAKER;HYDROGEL_PACK;XIRECS;9862.0;2
46700;BOT_MAKER;BOT_TAKER;VEV_5400;XIRECS;14.0;3
46700;SUBMISSION;BOT_TAKER;HYDROGEL_PACK;XIRECS;9863.0;2
46800;BOT_MAKER;BOT_TAKER;HYDROGEL_PACK;XIRECS;9863.0;4
46800;BOT_MAKER;BOT_TAKER;VEV_6000;XIRECS;0.0;4
46900;BOT_MAKER;BOT_TAKER;VELVETFRUIT_EXTRACT;XIRECS;5298.0;4
47000;BOT_TAKER;SUBMISSION;HYDROGEL_PACK;XIRECS;9880.0;3
47100;BOT_MAKER;BOT_TAKER;HYDROGEL_PACK;XIRECS;9864.0;5
47100;BOT_TAKER;BOT_MAKER;VELVETFRUIT_EXTRACT;XIRECS;5305.0;8
47100;BOT_MAKER;BOT_TAKER;VEV_4000;XIRECS;1285.0;1
47200;BOT_TAKER;BOT_MAKER;HYDROGEL_PACK;XIRECS;9880.0;4
47200;BOT_TAKER;BOT_MAKER;VELVETFRUIT_EXTRACT;XIRECS;5305.0;8
47200;BOT_TAKER;BOT_MAKER;VEV_6000;XIRECS;1.0;4
47200;BOT_MAKER;BOT_TAKER;VEV_6500;XIRECS;0.0;4
47300;BOT_TAKER;BOT_MAKER;VELVETFRUIT_EXTRACT;XIRECS;5307.0;3
47500;BOT_MAKER;BOT_TAKER;VELVETFRUIT_EXTRACT;XIRECS;5305.0;4
47600;BOT_TAKER;BOT_MAKER;VELVETFRUIT_EXTRACT;XIRECS;5307.0;6
47600;SUBMISSION;BOT_TAKER;VEV_4000;XIRECS;1285.0;1
47800;BOT_TAKER;BOT_MAKER;HYDROGEL_PACK;XIRECS;9874.0;6
47800;BOT_MAKER;BOT_TAKER;VEV_6000;XIRECS;0.0;5
47800;BOT_TAKER;BOT_MAKER;VEV_6500;XIRECS;1.0;3
47800;SUBMISSION;BOT_TAKER;HYDROGEL_PACK;XIRECS;9859.0;3
47800;SUBMISSION;BOT_TAKER;VEV_4000;XIRECS;1286.0;1
47900;BOT_TAKER;BOT_MAKER;VEV_5500;XIRECS;3.0;5
48100;BOT_MAKER;BOT_TAKER;VEV_5300;XIRECS;58.0;2
48200;BOT_TAKER;BOT_MAKER;VELVETFRUIT_EXTRACT;XIRECS;5309.0;4
48200;BOT_MAKER;BOT_TAKER;VELVETFRUIT_EXTRACT;XIRECS;5303.0;3
48200;BOT_MAKER;BOT_TAKER;VEV_5500;XIRECS;2.0;2
48400;BOT_TAKER;BOT_MAKER;VEV_5300;XIRECS;58.0;3
48400;SUBMISSION;BOT_TAKER;VELVETFRUIT_EXTRACT;XIRECS;5304.0;5
48400;BOT_MAKER;BOT_TAKER;VELVETFRUIT_EXTRACT;XIRECS;5303.0;3
48500;BOT_MAKER;BOT_TAKER;VELVETFRUIT_EXTRACT;XIRECS;5303.0;6
48500;BOT_MAKER;BOT_TAKER;VEV_4000;XIRECS;1287.0;3
48500;BOT_TAKER;BOT_MAKER;VEV_5400;XIRECS;15.0;4
48500;BOT_MAKER;BOT_TAKER;VEV_6000;XIRECS;0.0;4
48600;BOT_TAKER;BOT_MAKER;HYDROGEL_PACK;XIRECS;9876.0;6
48600;BOT_MAKER;BOT_TAKER;VEV_6500;XIRECS;0.0;3
48700;BOT_MAKER;BOT_TAKER;HYDROGEL_PACK;XIRECS;9859.0;3
48700;BOT_MAKER;BOT_TAKER;VEV_5500;XIRECS;2.0;2
48700;BOT_TAKER;SUBMISSION;VELVETFRUIT_EXTRACT;XIRECS;5307.0;4
48800;BOT_TAKER;BOT_MAKER;VELVETFRUIT_EXTRACT;XIRECS;5306.0;4
48900;BOT_MAKER;BOT_TAKER;VELVETFRUIT_EXTRACT;XIRECS;5301.0;8
48900;BOT_MAKER;BOT_TAKER;VEV_6500;XIRECS;0.0;4
49000;BOT_TAKER;BOT_MAKER;HYDROGEL_PACK;XIRECS;9877.0;3
49000;SUBMISSION;BOT_TAKER;VELVETFRUIT_EXTRACT;XIRECS;5301.0;5
49000;BOT_MAKER;BOT_TAKER;VELVETFRUIT_EXTRACT;XIRECS;5300.0;3
49100;BOT_MAKER;BOT_TAKER;HYDROGEL_PACK;XIRECS;9859.0;2
49100;BOT_MAKER;BOT_TAKER;VELVETFRUIT_EXTRACT;XIRECS;5301.0;5
49200;BOT_MAKER;BOT_TAKER;VELVETFRUIT_EXTRACT;XIRECS;5302.0;5
49300;BOT_MAKER;BOT_TAKER;VELVETFRUIT_EXTRACT;XIRECS;5300.0;5
49300;BOT_MAKER;BOT_TAKER;VEV_4000;XIRECS;1290.0;2
49300;SUBMISSION;BOT_TAKER;HYDROGEL_PACK;XIRECS;9858.0;3
49400;BOT_TAKER;SUBMISSION;HYDROGEL_PACK;XIRECS;9870.0;5
49500;BOT_MAKER;BOT_TAKER;VELVETFRUIT_EXTRACT;XIRECS;5300.0;3
49600;BOT_TAKER;BOT_MAKER;HYDROGEL_PACK;XIRECS;9865.0;6
49600;BOT_MAKER;BOT_TAKER;VEV_6000;XIRECS;0.0;3
49700;BOT_TAKER;BOT_MAKER;HYDROGEL_PACK;XIRECS;9863.0;6
49800;BOT_TAKER;BOT_MAKER;VEV_5400;XIRECS;17.0;4
49900;BOT_TAKER;BOT_MAKER;VELVETFRUIT_EXTRACT;XIRECS;5304.0;7
50000;BOT_MAKER;BOT_TAKER;VELVETFRUIT_EXTRACT;XIRECS;5297.0;6
50000;SUBMISSION;BOT_TAKER;VELVETFRUIT_EXTRACT;XIRECS;5298.0;5
50000;BOT_MAKER;BOT_TAKER;VELVETFRUIT_EXTRACT;XIRECS;5297.0;2
50100;BOT_TAKER;BOT_MAKER;VELVETFRUIT_EXTRACT;XIRECS;5303.0;8
50100;BOT_TAKER;BOT_MAKER;VEV_5500;XIRECS;4.0;4
50200;BOT_MAKER;BOT_TAKER;VELVETFRUIT_EXTRACT;XIRECS;5298.0;6
50200;BOT_MAKER;BOT_TAKER;VEV_4000;XIRECS;1290.0;3
50300;BOT_TAKER;BOT_MAKER;VELVETFRUIT_EXTRACT;XIRECS;5303.0;4
50300;BOT_MAKER;BOT_TAKER;VEV_5500;XIRECS;3.0;5
50300;SUBMISSION;BOT_TAKER;VEV_4000;XIRECS;1289.0;2
50400;BOT_MAKER;BOT_TAKER;HYDROGEL_PACK;XIRECS;9851.0;5
50400;BOT_TAKER;BOT_MAKER;VEV_5400;XIRECS;17.0;3
50900;BOT_TAKER;BOT_MAKER;HYDROGEL_PACK;XIRECS;9872.0;4
51000;BOT_TAKER;BOT_MAKER;HYDROGEL_PACK;XIRECS;9873.0;6
51100;BOT_TAKER;BOT_MAKER;HYDROGEL_PACK;XIRECS;9869.0;2
51200;BOT_TAKER;BOT_MAKER;VELVETFRUIT_EXTRACT;XIRECS;5305.0;5
51200;BOT_TAKER;BOT_MAKER;VEV_4000;XIRECS;1308.0;3
51200;BOT_MAKER;BOT_TAKER;VEV_5500;XIRECS;3.0;2
51200;BOT_TAKER;SUBMISSION;VELVETFRUIT_EXTRACT;XIRECS;5304.0;5
51300;BOT_TAKER;BOT_MAKER;VELVETFRUIT_EXTRACT;XIRECS;5304.0;8
51300;SUBMISSION;BOT_TAKER;HYDROGEL_PACK;XIRECS;9860.0;4
51400;BOT_MAKER;BOT_TAKER;HYDROGEL_PACK;XIRECS;9862.0;3
51400;BOT_MAKER;BOT_TAKER;VEV_4000;XIRECS;1284.0;1
51400;BOT_MAKER;BOT_TAKER;VEV_5500;XIRECS;3.0;2
51500;BOT_MAKER;BOT_TAKER;VELVETFRUIT_EXTRACT;XIRECS;5298.0;5
51600;BOT_MAKER;BOT_TAKER;HYDROGEL_PACK;XIRECS;9861.0;6
51600;BOT_MAKER;BOT_TAKER;VELVETFRUIT_EXTRACT;XIRECS;5298.0;4
51600;BOT_TAKER;BOT_MAKER;VEV_4000;XIRECS;1308.0;1
51700;BOT_TAKER;BOT_MAKER;VELVETFRUIT_EXTRACT;XIRECS;5302.0;8
51700;BOT_TAKER;BOT_MAKER;VELVETFRUIT_EXTRACT;XIRECS;5302.0;7
51700;BOT_TAKER;BOT_MAKER;VELVETFRUIT_EXTRACT;XIRECS;5303.0;3
51700;BOT_MAKER;BOT_TAKER;VEV_5500;XIRECS;3.0;2
51700;SUBMISSION;BOT_TAKER;HYDROGEL_PACK;XIRECS;9861.0;5
51700;BOT_MAKER;BOT_TAKER;HYDROGEL_PACK;XIRECS;9860.0;1
51800;BOT_MAKER;BOT_TAKER;HYDROGEL_PACK;XIRECS;9861.0;5
51900;BOT_MAKER;BOT_TAKER;HYDROGEL_PACK;XIRECS;9863.0;4
52000;BOT_TAKER;BOT_MAKER;VEV_5500;XIRECS;4.0;5
52100;BOT_TAKER;BOT_MAKER;VELVETFRUIT_EXTRACT;XIRECS;5304.0;6
52200;BOT_TAKER;BOT_MAKER;VEV_6000;XIRECS;1.0;2
52200;BOT_MAKER;BOT_TAKER;VEV_6500;XIRECS;0.0;5
52300;BOT_MAKER;BOT_TAKER;VELVETFRUIT_EXTRACT;XIRECS;5298.0;6
52400;BOT_TAKER;BOT_MAKER;VELVETFRUIT_EXTRACT;XIRECS;5302.0;6
52500;BOT_TAKER;BOT_MAKER;HYDROGEL_PACK;XIRECS;9880.0;2
52500;BOT_MAKER;BOT_TAKER;VELVETFRUIT_EXTRACT;XIRECS;5298.0;5
52600;BOT_MAKER;BOT_TAKER;VEV_5500;XIRECS;3.0;4
52700;BOT_MAKER;BOT_TAKER;HYDROGEL_PACK;XIRECS;9861.0;5
52800;BOT_TAKER;BOT_MAKER;VELVETFRUIT_EXTRACT;XIRECS;5303.0;6
52800;BOT_TAKER;BOT_MAKER;VELVETFRUIT_EXTRACT;XIRECS;5303.0;4
52800;BOT_MAKER;BOT_TAKER;VEV_5400;XIRECS;15.0;2
52900;BOT_MAKER;BOT_TAKER;HYDROGEL_PACK;XIRECS;9863.0;6
53100;BOT_TAKER;BOT_MAKER;VEV_5300;XIRECS;63.0;4
53200;BOT_TAKER;BOT_MAKER;HYDROGEL_PACK;XIRECS;9879.0;2
53200;BOT_TAKER;BOT_MAKER;VELVETFRUIT_EXTRACT;XIRECS;5302.0;5
53300;BOT_TAKER;BOT_MAKER;VELVETFRUIT_EXTRACT;XIRECS;5301.0;5
53400;BOT_MAKER;BOT_TAKER;HYDROGEL_PACK;XIRECS;9857.0;4
53600;BOT_TAKER;BOT_MAKER;VELVETFRUIT_EXTRACT;XIRECS;5301.0;6
53600;BOT_TAKER;BOT_MAKER;VEV_4000;XIRECS;1306.0;2
53600;BOT_TAKER;SUBMISSION;VELVETFRUIT_EXTRACT;XIRECS;5300.0;5
53700;BOT_MAKER;BOT_TAKER;VEV_4000;XIRECS;1285.0;2
53800;BOT_MAKER;BOT_TAKER;HYDROGEL_PACK;XIRECS;9855.0;4
53800;BOT_MAKER;BOT_TAKER;VEV_5400;XIRECS;15.0;5
53800;BOT_MAKER;BOT_TAKER;VEV_5500;XIRECS;3.0;4
54000;BOT_MAKER;BOT_TAKER;VELVETFRUIT_EXTRACT;XIRECS;5296.0;4
54000;BOT_TAKER;BOT_MAKER;VEV_5500;XIRECS;4.0;3
54000;SUBMISSION;BOT_TAKER;VELVETFRUIT_EXTRACT;XIRECS;5297.0;3
54100;BOT_TAKER;BOT_MAKER;VEV_5300;XIRECS;62.0;3
54200;BOT_TAKER;BOT_MAKER;VEV_6500;XIRECS;1.0;2
54300;BOT_TAKER;BOT_MAKER;VELVETFRUIT_EXTRACT;XIRECS;5299.0;7
54300;BOT_TAKER;BOT_MAKER;VEV_6000;XIRECS;1.0;4
54400;BOT_MAKER;BOT_TAKER;VELVETFRUIT_EXTRACT;XIRECS;5293.0;5
54400;BOT_MAKER;BOT_TAKER;VEV_5300;XIRECS;60.0;4
54500;BOT_TAKER;BOT_MAKER;VEV_4000;XIRECS;1307.0;2
54600;BOT_TAKER;BOT_MAKER;VEV_5300;XIRECS;62.0;4
54700;BOT_TAKER;BOT_MAKER;HYDROGEL_PACK;XIRECS;9865.0;3
54700;BOT_TAKER;BOT_MAKER;VEV_4000;XIRECS;1306.0;1
54700;SUBMISSION;BOT_TAKER;HYDROGEL_PACK;XIRECS;9850.0;4
54900;BOT_TAKER;BOT_MAKER;HYDROGEL_PACK;XIRECS;9864.0;2
54900;BOT_MAKER;BOT_TAKER;VEV_6500;XIRECS;0.0;3
54900;BOT_TAKER;SUBMISSION;VELVETFRUIT_EXTRACT;XIRECS;5295.0;5
54900;BOT_TAKER;BOT_MAKER;VELVETFRUIT_EXTRACT;XIRECS;5296.0;1
55000;BOT_TAKER;BOT_MAKER;HYDROGEL_PACK;XIRECS;9862.0;5
55000;BOT_TAKER;BOT_MAKER;VEV_6000;XIRECS;1.0;4
55000;SUBMISSION;BOT_TAKER;VELVETFRUIT_EXTRACT;XIRECS;5293.0;5
55000;BOT_MAKER;BOT_TAKER;VELVETFRUIT_EXTRACT;XIRECS;5292.0;1
55100;BOT_TAKER;BOT_MAKER;HYDROGEL_PACK;XIRECS;9862.0;5
55200;BOT_MAKER;BOT_TAKER;VEV_5400;XIRECS;14.0;3
55300;BOT_TAKER;BOT_MAKER;VEV_6000;XIRECS;1.0;2
55400;BOT_MAKER;BOT_TAKER;VELVETFRUIT_EXTRACT;XIRECS;5293.0;7
55400;BOT_TAKER;BOT_MAKER;VEV_6500;XIRECS;1.0;3
55500;SUBMISSION;BOT_TAKER;HYDROGEL_PACK;XIRECS;9848.0;3
55600;BOT_MAKER;BOT_TAKER;HYDROGEL_PACK;XIRECS;9846.0;2
55700;BOT_MAKER;BOT_TAKER;VELVETFRUIT_EXTRACT;XIRECS;5293.0;4
55800;BOT_TAKER;BOT_MAKER;HYDROGEL_PACK;XIRECS;9864.0;5
55800;BOT_MAKER;BOT_TAKER;VELVETFRUIT_EXTRACT;XIRECS;5294.0;5
55900;BOT_TAKER;BOT_MAKER;HYDROGEL_PACK;XIRECS;9862.0;6
56000;BOT_TAKER;BOT_MAKER;VEV_4000;XIRECS;1303.0;2
56000;BOT_TAKER;BOT_MAKER;VEV_5500;XIRECS;3.0;2
56100;BOT_MAKER;BOT_TAKER;VEV_4000;XIRECS;1282.0;2
56200;BOT_TAKER;BOT_MAKER;VEV_6000;XIRECS;1.0;2
56200;BOT_MAKER;BOT_TAKER;VEV_6500;XIRECS;0.0;3
56300;BOT_TAKER;BOT_MAKER;VELVETFRUIT_EXTRACT;XIRECS;5298.0;5
56300;BOT_TAKER;BOT_MAKER;VEV_6000;XIRECS;1.0;4
56400;BOT_TAKER;BOT_MAKER;VELVETFRUIT_EXTRACT;XIRECS;5297.0;5
56400;BOT_TAKER;BOT_MAKER;VEV_5500;XIRECS;4.0;2
56500;BOT_TAKER;BOT_MAKER;VEV_6000;XIRECS;1.0;3
56600;BOT_TAKER;BOT_MAKER;VEV_5500;XIRECS;3.0;5
56600;BOT_TAKER;SUBMISSION;VEV_5400;XIRECS;16.0;5
56700;BOT_TAKER;BOT_MAKER;HYDROGEL_PACK;XIRECS;9854.0;2
56700;BOT_MAKER;BOT_TAKER;VEV_6000;XIRECS;0.0;2
56700;BOT_TAKER;SUBMISSION;VEV_4000;XIRECS;1300.0;3
56800;BOT_TAKER;BOT_MAKER;VELVETFRUIT_EXTRACT;XIRECS;5297.0;5
56800;BOT_TAKER;BOT_MAKER;VEV_4000;XIRECS;1302.0;1
56800;BOT_MAKER;BOT_TAKER;VEV_6000;XIRECS;0.0;2
57100;BOT_MAKER;BOT_TAKER;VEV_5400;XIRECS;14.0;5
57200;BOT_MAKER;BOT_TAKER;VELVETFRUIT_EXTRACT;XIRECS;5287.0;5
57300;BOT_MAKER;BOT_TAKER;HYDROGEL_PACK;XIRECS;9839.0;2
57400;BOT_TAKER;BOT_MAKER;HYDROGEL_PACK;XIRECS;9851.0;6
57400;BOT_MAKER;BOT_TAKER;VELVETFRUIT_EXTRACT;XIRECS;5286.0;9
57400;BOT_MAKER;BOT_TAKER;VEV_6000;XIRECS;0.0;4
57400;BOT_TAKER;BOT_MAKER;VEV_6500;XIRECS;1.0;2
57500;BOT_MAKER;BOT_TAKER;VELVETFRUIT_EXTRACT;XIRECS;5286.0;4
57600;BOT_MAKER;BOT_TAKER;VELVETFRUIT_EXTRACT;XIRECS;5288.0;6
58300;BOT_MAKER;BOT_TAKER;HYDROGEL_PACK;XIRECS;9837.0;5
58400;BOT_MAKER;BOT_TAKER;VEV_5400;XIRECS;16.0;5
58500;BOT_TAKER;BOT_MAKER;HYDROGEL_PACK;XIRECS;9852.0;5
58600;BOT_MAKER;BOT_TAKER;HYDROGEL_PACK;XIRECS;9837.0;2
58600;BOT_MAKER;BOT_TAKER;VELVETFRUIT_EXTRACT;XIRECS;5291.0;3
58600;BOT_MAKER;BOT_TAKER;VEV_5500;XIRECS;2.0;4
58700;BOT_MAKER;BOT_TAKER;VELVETFRUIT_EXTRACT;XIRECS;5290.0;5
58700;BOT_MAKER;BOT_TAKER;VEV_4000;XIRECS;1280.0;1
58800;BOT_MAKER;BOT_TAKER;HYDROGEL_PACK;XIRECS;9837.0;5
58800;BOT_MAKER;BOT_TAKER;VELVETFRUIT_EXTRACT;XIRECS;5290.0;6
58900;BOT_TAKER;BOT_MAKER;HYDROGEL_PACK;XIRECS;9855.0;3
59000;BOT_TAKER;BOT_MAKER;HYDROGEL_PACK;XIRECS;9856.0;4
59000;BOT_TAKER;BOT_MAKER;VEV_6000;XIRECS;1.0;4
59100;BOT_TAKER;BOT_MAKER;HYDROGEL_PACK;XIRECS;9857.0;5
59100;BOT_MAKER;BOT_TAKER;VELVETFRUIT_EXTRACT;XIRECS;5289.0;5
59200;BOT_TAKER;BOT_MAKER;VEV_6000;XIRECS;1.0;5
59300;BOT_MAKER;BOT_TAKER;HYDROGEL_PACK;XIRECS;9841.0;6
59400;BOT_MAKER;BOT_TAKER;HYDROGEL_PACK;XIRECS;9838.0;2
59400;BOT_MAKER;BOT_TAKER;VEV_4000;XIRECS;1281.0;1
59400;BOT_MAKER;BOT_TAKER;VEV_5300;XIRECS;61.0;4
59500;BOT_TAKER;BOT_MAKER;VELVETFRUIT_EXTRACT;XIRECS;5294.0;5
59600;SUBMISSION;BOT_TAKER;VELVETFRUIT_EXTRACT;XIRECS;5292.0;5
59600;BOT_MAKER;BOT_TAKER;VELVETFRUIT_EXTRACT;XIRECS;5291.0;2
59800;BOT_MAKER;BOT_TAKER;VEV_6000;XIRECS;0.0;5
59800;BOT_MAKER;BOT_TAKER;VEV_6500;XIRECS;0.0;5
59800;SUBMISSION;BOT_TAKER;HYDROGEL_PACK;XIRECS;9834.0;4
59800;SUBMISSION;BOT_TAKER;VELVETFRUIT_EXTRACT;XIRECS;5290.0;3
59800;SUBMISSION;BOT_TAKER;VEV_5000;XIRECS;275.0;1
59900;BOT_MAKER;BOT_TAKER;VELVETFRUIT_EXTRACT;XIRECS;5288.0;10
59900;BOT_TAKER;BOT_MAKER;VEV_5500;XIRECS;3.0;3
60000;BOT_TAKER;SUBMISSION;HYDROGEL_PACK;XIRECS;9840.0;2
60100;BOT_TAKER;BOT_MAKER;HYDROGEL_PACK;XIRECS;9847.0;2
60100;BOT_MAKER;BOT_TAKER;VELVETFRUIT_EXTRACT;XIRECS;5288.0;8
60200;BOT_TAKER;BOT_MAKER;VEV_4000;XIRECS;1303.0;2
60300;BOT_TAKER;BOT_MAKER;HYDROGEL_PACK;XIRECS;9853.0;2
60300;BOT_TAKER;BOT_MAKER;VELVETFRUIT_EXTRACT;XIRECS;5292.0;7
60400;BOT_MAKER;BOT_TAKER;HYDROGEL_PACK;XIRECS;9841.0;6
60400;BOT_TAKER;BOT_MAKER;VEV_5300;XIRECS;61.0;1
60500;BOT_TAKER;BOT_MAKER;HYDROGEL_PACK;XIRECS;9857.0;2
60700;BOT_TAKER;BOT_MAKER;HYDROGEL_PACK;XIRECS;9860.0;4
60700;BOT_TAKER;BOT_MAKER;VELVETFRUIT_EXTRACT;XIRECS;5295.0;6
60800;BOT_TAKER;SUBMISSION;VEV_5300;XIRECS;59.0;3
60900;BOT_MAKER;BOT_TAKER;HYDROGEL_PACK;XIRECS;9844.0;3
60900;BOT_MAKER;BOT_TAKER;VELVETFRUIT_EXTRACT;XIRECS;5289.0;8
61000;BOT_MAKER;BOT_TAKER;VEV_4000;XIRECS;1282.0;2
61000;BOT_TAKER;SUBMISSION;VEV_4000;XIRECS;1303.0;2
61100;BOT_TAKER;BOT_MAKER;HYDROGEL_PACK;XIRECS;9861.0;3
61100;BOT_MAKER;BOT_TAKER;VEV_4000;XIRECS;1282.0;2
61100;BOT_MAKER;BOT_TAKER;VEV_5500;XIRECS;2.0;4
61200;BOT_MAKER;BOT_TAKER;VELVETFRUIT_EXTRACT;XIRECS;5288.0;8
61200;BOT_MAKER;BOT_TAKER;VEV_5400;XIRECS;16.0;2
61300;BOT_MAKER;BOT_TAKER;HYDROGEL_PACK;XIRECS;9843.0;4
61300;SUBMISSION;BOT_TAKER;VELVETFRUIT_EXTRACT;XIRECS;5286.0;5
61500;BOT_TAKER;BOT_MAKER;VEV_5300;XIRECS;61.0;4
61500;BOT_MAKER;BOT_TAKER;VEV_5400;XIRECS;17.0;3
61600;BOT_TAKER;BOT_MAKER;VELVETFRUIT_EXTRACT;XIRECS;5291.0;9
61700;BOT_MAKER;BOT_TAKER;HYDROGEL_PACK;XIRECS;9845.0;5
62000;BOT_TAKER;BOT_MAKER;VELVETFRUIT_EXTRACT;XIRECS;5289.0;3
62200;BOT_MAKER;BOT_TAKER;VELVETFRUIT_EXTRACT;XIRECS;5283.0;8
62200;BOT_TAKER;SUBMISSION;HYDROGEL_PACK;XIRECS;9854.0;5
62200;SUBMISSION;BOT_TAKER;VEV_4000;XIRECS;1286.0;1
62300;BOT_TAKER;BOT_MAKER;HYDROGEL_PACK;XIRECS;9854.0;3
62300;BOT_TAKER;BOT_MAKER;VELVETFRUIT_EXTRACT;XIRECS;5288.0;5
62300;BOT_TAKER;BOT_MAKER;VEV_5400;XIRECS;17.0;3
62300;BOT_TAKER;SUBMISSION;VELVETFRUIT_EXTRACT;XIRECS;5287.0;5
62300;BOT_TAKER;BOT_MAKER;VELVETFRUIT_EXTRACT;XIRECS;5288.0;3
62500;BOT_MAKER;BOT_TAKER;HYDROGEL_PACK;XIRECS;9834.0;5
62500;BOT_MAKER;BOT_TAKER;HYDROGEL_PACK;XIRECS;9834.0;3
62500;BOT_TAKER;BOT_MAKER;VELVETFRUIT_EXTRACT;XIRECS;5285.0;5
62500;BOT_TAKER;BOT_MAKER;VEV_6000;XIRECS;1.0;5
62600;SUBMISSION;BOT_TAKER;VELVETFRUIT_EXTRACT;XIRECS;5280.0;3
62700;BOT_MAKER;BOT_TAKER;VELVETFRUIT_EXTRACT;XIRECS;5278.0;3
63000;BOT_TAKER;BOT_MAKER;HYDROGEL_PACK;XIRECS;9858.0;4
63000;BOT_TAKER;BOT_MAKER;VEV_4000;XIRECS;1308.0;3
63100;BOT_MAKER;BOT_TAKER;HYDROGEL_PACK;XIRECS;9841.0;5
63100;BOT_MAKER;BOT_TAKER;VEV_6000;XIRECS;0.0;5
63200;SUBMISSION;BOT_TAKER;HYDROGEL_PACK;XIRECS;9843.0;5
63200;BOT_MAKER;BOT_TAKER;HYDROGEL_PACK;XIRECS;9842.0;1
63400;BOT_MAKER;BOT_TAKER;HYDROGEL_PACK;XIRECS;9847.0;2
63400;BOT_MAKER;BOT_TAKER;VELVETFRUIT_EXTRACT;XIRECS;5272.0;6
63500;BOT_MAKER;BOT_TAKER;VELVETFRUIT_EXTRACT;XIRECS;5273.0;3
63500;BOT_MAKER;BOT_TAKER;VEV_6000;XIRECS;0.0;4
63600;BOT_TAKER;BOT_MAKER;VELVETFRUIT_EXTRACT;XIRECS;5276.0;4
63700;BOT_TAKER;BOT_MAKER;HYDROGEL_PACK;XIRECS;9863.0;5
63700;BOT_MAKER;BOT_TAKER;VELVETFRUIT_EXTRACT;XIRECS;5272.0;8
63800;BOT_MAKER;BOT_TAKER;VELVETFRUIT_EXTRACT;XIRECS;5272.0;8
64000;SUBMISSION;BOT_TAKER;VEV_5300;XIRECS;61.0;2
64100;BOT_TAKER;BOT_MAKER;HYDROGEL_PACK;XIRECS;9860.0;5
64100;BOT_MAKER;BOT_TAKER;VEV_6500;XIRECS;0.0;5
64100;SUBMISSION;BOT_TAKER;VELVETFRUIT_EXTRACT;XIRECS;5274.0;3
64200;BOT_MAKER;BOT_TAKER;HYDROGEL_PACK;XIRECS;9844.0;4
64200;BOT_MAKER;BOT_TAKER;VEV_6000;XIRECS;0.0;3
64300;BOT_TAKER;BOT_MAKER;VEV_4000;XIRECS;1309.0;3
64300;SUBMISSION;BOT_TAKER;VELVETFRUIT_EXTRACT;XIRECS;5275.0;5
64300;BOT_MAKER;BOT_TAKER;VELVETFRUIT_EXTRACT;XIRECS;5274.0;1
64400;BOT_MAKER;BOT_TAKER;VEV_5500;XIRECS;2.0;3
64400;BOT_TAKER;SUBMISSION;VELVETFRUIT_EXTRACT;XIRECS;5278.0;4
64600;BOT_MAKER;BOT_TAKER;HYDROGEL_PACK;XIRECS;9840.0;4
64600;BOT_MAKER;BOT_TAKER;VEV_5500;XIRECS;2.0;3
64700;BOT_TAKER;BOT_MAKER;HYDROGEL_PACK;XIRECS;9857.0;6
64700;BOT_MAKER;BOT_TAKER;VEV_6500;XIRECS;0.0;5
64700;BOT_TAKER;BOT_MAKER;VEV_6500;XIRECS;1.0;4
64800;BOT_MAKER;BOT_TAKER;VELVETFRUIT_EXTRACT;XIRECS;5272.0;5
64800;BOT_TAKER;BOT_MAKER;VELVETFRUIT_EXTRACT;XIRECS;5276.0;5
64800;BOT_TAKER;BOT_MAKER;VEV_5300;XIRECS;60.0;3
64900;BOT_TAKER;BOT_MAKER;VEV_6500;XIRECS;1.0;5
65000;BOT_MAKER;BOT_TAKER;HYDROGEL_PACK;XIRECS;9838.0;2
65100;BOT_MAKER;BOT_TAKER;VELVETFRUIT_EXTRACT;XIRECS;5271.0;6
65100;BOT_MAKER;BOT_TAKER;VELVETFRUIT_EXTRACT;XIRECS;5271.0;6
65200;BOT_TAKER;BOT_MAKER;HYDROGEL_PACK;XIRECS;9851.0;2
65200;BOT_TAKER;BOT_MAKER;VELVETFRUIT_EXTRACT;XIRECS;5279.0;4
65200;BOT_MAKER;BOT_TAKER;VELVETFRUIT_EXTRACT;XIRECS;5273.0;4
65200;SUBMISSION;BOT_TAKER;HYDROGEL_PACK;XIRECS;9836.0;5
65300;BOT_MAKER;BOT_TAKER;VELVETFRUIT_EXTRACT;XIRECS;5273.0;8
65400;BOT_MAKER;BOT_TAKER;VEV_6000;XIRECS;0.0;2
65500;BOT_TAKER;BOT_MAKER;HYDROGEL_PACK;XIRECS;9847.0;5
65500;BOT_TAKER;BOT_MAKER;VELVETFRUIT_EXTRACT;XIRECS;5278.0;7
65600;BOT_TAKER;BOT_MAKER;HYDROGEL_PACK;XIRECS;9847.0;6
65700;BOT_MAKER;BOT_TAKER;HYDROGEL_PACK;XIRECS;9835.0;4
65800;BOT_MAKER;BOT_TAKER;VELVETFRUIT_EXTRACT;XIRECS;5273.0;5
65800;BOT_MAKER;BOT_TAKER;VEV_5300;XIRECS;58.0;2
65800;BOT_MAKER;BOT_TAKER;VEV_6000;XIRECS;0.0;4
66000;BOT_MAKER;BOT_TAKER;HYDROGEL_PACK;XIRECS;9836.0;5
66000;BOT_MAKER;BOT_TAKER;VELVETFRUIT_EXTRACT;XIRECS;5274.0;5
66100;BOT_TAKER;BOT_MAKER;HYDROGEL_PACK;XIRECS;9852.0;3
66300;BOT_TAKER;BOT_MAKER;HYDROGEL_PACK;XIRECS;9855.0;6
66300;BOT_TAKER;BOT_MAKER;VELVETFRUIT_EXTRACT;XIRECS;5278.0;4
66300;BOT_MAKER;BOT_TAKER;VEV_4000;XIRECS;1289.0;3
66300;BOT_MAKER;BOT_TAKER;VEV_6500;XIRECS;0.0;2
66400;BOT_MAKER;BOT_TAKER;VEV_6500;XIRECS;0.0;4
66600;BOT_MAKER;BOT_TAKER;VELVETFRUIT_EXTRACT;XIRECS;5270.0;3
66600;BOT_MAKER;BOT_TAKER;VEV_5500;XIRECS;2.0;4
66700;BOT_TAKER;BOT_MAKER;HYDROGEL_PACK;XIRECS;9859.0;4
66700;SUBMISSION;BOT_TAKER;VEV_4000;XIRECS;1290.0;2
66800;BOT_TAKER;BOT_MAKER;HYDROGEL_PACK;XIRECS;9860.0;3
66800;SUBMISSION;BOT_TAKER;VELVETFRUIT_EXTRACT;XIRECS;5269.0;5
66800;BOT_MAKER;BOT_TAKER;VELVETFRUIT_EXTRACT;XIRECS;5268.0;2
66900;BOT_TAKER;BOT_MAKER;VEV_4000;XIRECS;1312.0;1
66900;BOT_TAKER;SUBMISSION;HYDROGEL_PACK;XIRECS;9856.0;3
67000;BOT_MAKER;BOT_TAKER;VELVETFRUIT_EXTRACT;XIRECS;5270.0;6
67100;BOT_MAKER;BOT_TAKER;HYDROGEL_PACK;XIRECS;9843.0;4
67100;BOT_MAKER;BOT_TAKER;VELVETFRUIT_EXTRACT;XIRECS;5269.0;5
67100;BOT_TAKER;BOT_MAKER;VEV_5200;XIRECS;107.0;5
67200;BOT_MAKER;BOT_TAKER;VELVETFRUIT_EXTRACT;XIRECS;5269.0;5
67200;BOT_TAKER;BOT_MAKER;VELVETFRUIT_EXTRACT;XIRECS;5274.0;8
67300;BOT_MAKER;BOT_TAKER;HYDROGEL_PACK;XIRECS;9845.0;3
67400;BOT_MAKER;BOT_TAKER;HYDROGEL_PACK;XIRECS;9843.0;6
67500;BOT_MAKER;BOT_TAKER;VEV_6000;XIRECS;0.0;4
67700;BOT_MAKER;BOT_TAKER;HYDROGEL_PACK;XIRECS;9841.0;4
67700;BOT_TAKER;BOT_MAKER;VELVETFRUIT_EXTRACT;XIRECS;5272.0;3
67800;BOT_TAKER;BOT_MAKER;HYDROGEL_PACK;XIRECS;9861.0;2
67900;BOT_TAKER;BOT_MAKER;VELVETFRUIT_EXTRACT;XIRECS;5271.0;5
68200;BOT_TAKER;BOT_MAKER;VELVETFRUIT_EXTRACT;XIRECS;5273.0;5
68200;BOT_TAKER;BOT_MAKER;VEV_4000;XIRECS;1310.0;3
68200;BOT_MAKER;BOT_TAKER;VEV_5300;XIRECS;58.0;3
68300;BOT_MAKER;BOT_TAKER;VELVETFRUIT_EXTRACT;XIRECS;5266.0;7
68400;BOT_MAKER;BOT_TAKER;VELVETFRUIT_EXTRACT;XIRECS;5266.0;5
68400;BOT_MAKER;BOT_TAKER;VEV_6500;XIRECS;0.0;4
68500;BOT_MAKER;BOT_TAKER;VELVETFRUIT_EXTRACT;XIRECS;5266.0;7
68500;BOT_TAKER;BOT_MAKER;VELVETFRUIT_EXTRACT;XIRECS;5271.0;6
68600;BOT_MAKER;BOT_TAKER;HYDROGEL_PACK;XIRECS;9842.0;2
68600;BOT_MAKER;BOT_TAKER;VELVETFRUIT_EXTRACT;XIRECS;5266.0;3
68700;BOT_TAKER;BOT_MAKER;HYDROGEL_PACK;XIRECS;9857.0;2
68800;BOT_MAKER;BOT_TAKER;VEV_4000;XIRECS;1286.0;3
68900;BOT_TAKER;BOT_MAKER;VEV_5500;XIRECS;3.0;4
69000;BOT_MAKER;BOT_TAKER;HYDROGEL_PACK;XIRECS;9834.0;2
69000;BOT_TAKER;BOT_MAKER;VEV_4000;XIRECS;1310.0;1
69000;BOT_TAKER;SUBMISSION;VEV_4000;XIRECS;1309.0;1
69100;BOT_MAKER;BOT_TAKER;VEV_4000;XIRECS;1289.0;2
69200;BOT_TAKER;BOT_MAKER;HYDROGEL_PACK;XIRECS;9849.0;6
69200;BOT_TAKER;BOT_MAKER;VEV_5400;XIRECS;17.0;4
69200;BOT_MAKER;BOT_TAKER;VEV_5500;XIRECS;2.0;2
69300;BOT_MAKER;BOT_TAKER;HYDROGEL_PACK;XIRECS;9835.0;4
69300;SUBMISSION;BOT_TAKER;VELVETFRUIT_EXTRACT;XIRECS;5269.0;5
69300;BOT_MAKER;BOT_TAKER;VELVETFRUIT_EXTRACT;XIRECS;5268.0;2
69500;BOT_TAKER;BOT_MAKER;HYDROGEL_PACK;XIRECS;9853.0;4
69500;BOT_TAKER;BOT_MAKER;VELVETFRUIT_EXTRACT;XIRECS;5272.0;8
69600;BOT_TAKER;BOT_MAKER;HYDROGEL_PACK;XIRECS;9851.0;6
69600;BOT_MAKER;BOT_TAKER;VEV_6000;XIRECS;0.0;4
69700;BOT_MAKER;BOT_TAKER;VEV_6500;XIRECS;0.0;2
69900;BOT_TAKER;BOT_MAKER;HYDROGEL_PACK;XIRECS;9846.0;4
69900;BOT_TAKER;SUBMISSION;HYDROGEL_PACK;XIRECS;9845.0;5
70000;BOT_TAKER;BOT_MAKER;HYDROGEL_PACK;XIRECS;9843.0;2
70000;SUBMISSION;BOT_TAKER;VELVETFRUIT_EXTRACT;XIRECS;5271.0;4
70200;BOT_TAKER;BOT_MAKER;HYDROGEL_PACK;XIRECS;9847.0;2
70300;BOT_MAKER;BOT_TAKER;HYDROGEL_PACK;XIRECS;9835.0;5
70400;BOT_TAKER;BOT_MAKER;VEV_6500;XIRECS;1.0;2
70500;BOT_TAKER;BOT_MAKER;HYDROGEL_PACK;XIRECS;9848.0;3
70500;BOT_MAKER;BOT_TAKER;VELVETFRUIT_EXTRACT;XIRECS;5270.0;8
70500;BOT_TAKER;BOT_MAKER;VEV_4000;XIRECS;1312.0;3
70600;BOT_TAKER;SUBMISSION;HYDROGEL_PACK;XIRECS;9848.0;4
70700;BOT_MAKER;BOT_TAKER;HYDROGEL_PACK;XIRECS;9830.0;3
70800;BOT_MAKER;BOT_TAKER;VELVETFRUIT_EXTRACT;XIRECS;5269.0;4
70800;BOT_TAKER;BOT_MAKER;VEV_5500;XIRECS;3.0;2
70800;BOT_TAKER;BOT_MAKER;VEV_6000;XIRECS;1.0;3
70900;BOT_MAKER;BOT_TAKER;HYDROGEL_PACK;XIRECS;9827.0;3
71100;BOT_MAKER;BOT_TAKER;HYDROGEL_PACK;XIRECS;9827.0;4
71100;BOT_MAKER;BOT_TAKER;VEV_6000;XIRECS;0.0;3
71500;BOT_MAKER;BOT_TAKER;VELVETFRUIT_EXTRACT;XIRECS;5268.0;8
71500;BOT_TAKER;BOT_MAKER;VEV_6000;XIRECS;1.0;3
71500;SUBMISSION;BOT_TAKER;HYDROGEL_PACK;XIRECS;9828.0;5
71700;BOT_MAKER;BOT_TAKER;HYDROGEL_PACK;XIRECS;9824.0;2
71800;BOT_TAKER;BOT_MAKER;VEV_4000;XIRECS;1310.0;2
71800;SUBMISSION;BOT_TAKER;VELVETFRUIT_EXTRACT;XIRECS;5269.0;3
72000;BOT_TAKER;BOT_MAKER;VELVETFRUIT_EXTRACT;XIRECS;5272.0;3
72100;BOT_MAKER;BOT_TAKER;VELVETFRUIT_EXTRACT;XIRECS;5267.0;3
72100;BOT_TAKER;SUBMISSION;VEV_5400;XIRECS;16.0;2
72400;BOT_MAKER;BOT_TAKER;VEV_6500;XIRECS;0.0;2
72600;BOT_TAKER;BOT_MAKER;HYDROGEL_PACK;XIRECS;9847.0;2
72600;BOT_MAKER;BOT_TAKER;VELVETFRUIT_EXTRACT;XIRECS;5264.0;3
72600;BOT_TAKER;BOT_MAKER;VEV_6000;XIRECS;1.0;3
72600;BOT_MAKER;BOT_TAKER;VEV_6500;XIRECS;0.0;4
72600;SUBMISSION;BOT_TAKER;VELVETFRUIT_EXTRACT;XIRECS;5265.0;5
72600;BOT_MAKER;BOT_TAKER;VELVETFRUIT_EXTRACT;XIRECS;5264.0;1
72700;BOT_TAKER;BOT_MAKER;VELVETFRUIT_EXTRACT;XIRECS;5269.0;8
72700;BOT_MAKER;BOT_TAKER;VEV_5300;XIRECS;59.0;5
72700;BOT_TAKER;SUBMISSION;VEV_5400;XIRECS;16.0;4
72800;BOT_TAKER;BOT_MAKER;HYDROGEL_PACK;XIRECS;9847.0;2
72800;BOT_TAKER;BOT_MAKER;VEV_6000;XIRECS;1.0;5
72900;BOT_MAKER;BOT_TAKER;VELVETFRUIT_EXTRACT;XIRECS;5266.0;6
72900;BOT_MAKER;BOT_TAKER;VELVETFRUIT_EXTRACT;XIRECS;5266.0;3
72900;BOT_TAKER;BOT_MAKER;VEV_5400;XIRECS;16.0;3
72900;BOT_TAKER;BOT_MAKER;VEV_5400;XIRECS;16.0;3
72900;BOT_TAKER;SUBMISSION;HYDROGEL_PACK;XIRECS;9842.0;5
73000;BOT_MAKER;BOT_TAKER;HYDROGEL_PACK;XIRECS;9826.0;6
73000;BOT_TAKER;BOT_MAKER;VEV_5400;XIRECS;17.0;4
73200;BOT_TAKER;BOT_MAKER;HYDROGEL_PACK;XIRECS;9844.0;5
73200;BOT_MAKER;BOT_TAKER;VELVETFRUIT_EXTRACT;XIRECS;5267.0;3
73200;SUBMISSION;BOT_TAKER;VEV_4000;XIRECS;1297.0;3
73500;BOT_TAKER;BOT_MAKER;HYDROGEL_PACK;XIRECS;9844.0;3
73700;BOT_MAKER;BOT_TAKER;HYDROGEL_PACK;XIRECS;9833.0;6
73700;BOT_MAKER;BOT_TAKER;VELVETFRUIT_EXTRACT;XIRECS;5267.0;7
73700;BOT_TAKER;BOT_MAKER;VELVETFRUIT_EXTRACT;XIRECS;5272.0;6
73700;BOT_MAKER;BOT_TAKER;VEV_5500;XIRECS;3.0;2
73800;BOT_MAKER;BOT_TAKER;HYDROGEL_PACK;XIRECS;9835.0;3
73800;BOT_TAKER;BOT_MAKER;VELVETFRUIT_EXTRACT;XIRECS;5271.0;6
73800;BOT_TAKER;BOT_MAKER;VELVETFRUIT_EXTRACT;XIRECS;5271.0;5
73900;BOT_MAKER;BOT_TAKER;VEV_4000;XIRECS;1293.0;1
74000;BOT_TAKER;BOT_MAKER;VEV_4000;XIRECS;1314.0;3
74100;BOT_MAKER;BOT_TAKER;VELVETFRUIT_EXTRACT;XIRECS;5266.0;4
74100;BOT_TAKER;SUBMISSION;VELVETFRUIT_EXTRACT;XIRECS;5270.0;5
74100;BOT_TAKER;BOT_MAKER;VELVETFRUIT_EXTRACT;XIRECS;5271.0;2
74100;SUBMISSION;BOT_TAKER;VEV_4000;XIRECS;1293.0;1
74200;BOT_MAKER;BOT_TAKER;VELVETFRUIT_EXTRACT;XIRECS;5265.0;6
74200;BOT_TAKER;BOT_MAKER;VELVETFRUIT_EXTRACT;XIRECS;5269.0;5
74300;BOT_MAKER;BOT_TAKER;HYDROGEL_PACK;XIRECS;9844.0;3
74300;BOT_MAKER;BOT_TAKER;VEV_4000;XIRECS;1289.0;1
74400;BOT_MAKER;BOT_TAKER;HYDROGEL_PACK;XIRECS;9845.0;2
74400;BOT_TAKER;BOT_MAKER;VELVETFRUIT_EXTRACT;XIRECS;5272.0;6
74400;BOT_TAKER;BOT_MAKER;VEV_5400;XIRECS;17.0;4
74500;BOT_MAKER;BOT_TAKER;HYDROGEL_PACK;XIRECS;9848.0;2
74800;BOT_MAKER;BOT_TAKER;VEV_6500;XIRECS;0.0;4
74800;BOT_TAKER;SUBMISSION;VEV_4000;XIRECS;1311.0;2
74900;BOT_MAKER;BOT_TAKER;VEV_6500;XIRECS;0.0;2
74900;BOT_MAKER;BOT_TAKER;VEV_6500;XIRECS;0.0;5
75000;BOT_TAKER;BOT_MAKER;VELVETFRUIT_EXTRACT;XIRECS;5273.0;9
75000;BOT_MAKER;BOT_TAKER;VEV_4000;XIRECS;1292.0;2
75100;BOT_MAKER;BOT_TAKER;VELVETFRUIT_EXTRACT;XIRECS;5269.0;3
75200;BOT_MAKER;BOT_TAKER;VELVETFRUIT_EXTRACT;XIRECS;5267.0;5
75400;BOT_TAKER;BOT_MAKER;HYDROGEL_PACK;XIRECS;9860.0;5
75400;SUBMISSION;BOT_TAKER;VELVETFRUIT_EXTRACT;XIRECS;5270.0;5
75400;BOT_MAKER;BOT_TAKER;VELVETFRUIT_EXTRACT;XIRECS;5269.0;2
75500;BOT_MAKER;BOT_TAKER;HYDROGEL_PACK;XIRECS;9848.0;5
75500;BOT_MAKER;BOT_TAKER;VELVETFRUIT_EXTRACT;XIRECS;5270.0;3
75500;BOT_TAKER;BOT_MAKER;VEV_5500;XIRECS;4.0;3
75500;BOT_MAKER;BOT_TAKER;VEV_5500;XIRECS;3.0;4
75500;SUBMISSION;BOT_TAKER;VELVETFRUIT_EXTRACT;XIRECS;5271.0;4
75700;BOT_MAKER;BOT_TAKER;VELVETFRUIT_EXTRACT;XIRECS;5269.0;9
75700;BOT_TAKER;BOT_MAKER;VEV_5500;XIRECS;4.0;2
75700;BOT_MAKER;BOT_TAKER;VEV_6500;XIRECS;0.0;4
75800;BOT_TAKER;BOT_MAKER;VELVETFRUIT_EXTRACT;XIRECS;5274.0;3
75800;BOT_TAKER;BOT_MAKER;VEV_5300;XIRECS;59.0;5
75900;BOT_TAKER;BOT_MAKER;VEV_6000;XIRECS;1.0;5
76000;BOT_TAKER;BOT_MAKER;HYDROGEL_PACK;XIRECS;9859.0;2
76000;BOT_TAKER;BOT_MAKER;VELVETFRUIT_EXTRACT;XIRECS;5273.0;13
76000;BOT_MAKER;BOT_TAKER;VEV_5500;XIRECS;3.0;3
76100;BOT_TAKER;BOT_MAKER;VELVETFRUIT_EXTRACT;XIRECS;5273.0;7
76100;BOT_MAKER;BOT_TAKER;VEV_5500;XIRECS;3.0;4
76200;BOT_MAKER;BOT_TAKER;VELVETFRUIT_EXTRACT;XIRECS;5266.0;5
76200;BOT_TAKER;BOT_MAKER;VEV_6000;XIRECS;1.0;2
76300;BOT_TAKER;BOT_MAKER;HYDROGEL_PACK;XIRECS;9857.0;6
76400;BOT_MAKER;BOT_TAKER;VELVETFRUIT_EXTRACT;XIRECS;5267.0;6
76600;BOT_TAKER;BOT_MAKER;HYDROGEL_PACK;XIRECS;9861.0;6
76600;BOT_MAKER;BOT_TAKER;VELVETFRUIT_EXTRACT;XIRECS;5267.0;6
76600;BOT_MAKER;BOT_TAKER;VEV_4000;XIRECS;1291.0;1
76600;BOT_MAKER;BOT_TAKER;VEV_6000;XIRECS;0.0;3
76700;BOT_MAKER;BOT_TAKER;VELVETFRUIT_EXTRACT;XIRECS;5269.0;3
76800;BOT_TAKER;BOT_MAKER;HYDROGEL_PACK;XIRECS;9861.0;2
76800;BOT_TAKER;BOT_MAKER;VELVETFRUIT_EXTRACT;XIRECS;5274.0;3
76800;BOT_MAKER;BOT_TAKER;VEV_5500;XIRECS;2.0;2
76900;BOT_MAKER;BOT_TAKER;VEV_6000;XIRECS;0.0;3
77000;BOT_MAKER;BOT_TAKER;HYDROGEL_PACK;XIRECS;9847.0;6
77000;BOT_MAKER;BOT_TAKER;VELVETFRUIT_EXTRACT;XIRECS;5269.0;7
77100;BOT_TAKER;BOT_MAKER;HYDROGEL_PACK;XIRECS;9862.0;3
77100;BOT_TAKER;BOT_MAKER;VELVETFRUIT_EXTRACT;XIRECS;5274.0;5
77200;BOT_MAKER;BOT_TAKER;VELVETFRUIT_EXTRACT;XIRECS;5268.0;3
77200;BOT_TAKER;BOT_MAKER;VELVETFRUIT_EXTRACT;XIRECS;5273.0;14
77300;BOT_MAKER;BOT_TAKER;VELVETFRUIT_EXTRACT;XIRECS;5268.0;14
77500;BOT_TAKER;BOT_MAKER;HYDROGEL_PACK;XIRECS;9859.0;5
77500;BOT_MAKER;BOT_TAKER;VELVETFRUIT_EXTRACT;XIRECS;5267.0;7
77600;BOT_TAKER;BOT_MAKER;HYDROGEL_PACK;XIRECS;9860.0;2
77600;BOT_MAKER;BOT_TAKER;VEV_5500;XIRECS;2.0;3
77600;BOT_MAKER;BOT_TAKER;VEV_6000;XIRECS;0.0;4
77600;SUBMISSION;BOT_TAKER;VELVETFRUIT_EXTRACT;XIRECS;5269.0;5
78000;BOT_TAKER;BOT_MAKER;HYDROGEL_PACK;XIRECS;9862.0;5
78000;BOT_TAKER;SUBMISSION;VELVETFRUIT_EXTRACT;XIRECS;5275.0;3
78100;BOT_MAKER;BOT_TAKER;HYDROGEL_PACK;XIRECS;9847.0;6
78100;BOT_TAKER;BOT_MAKER;VEV_4000;XIRECS;1313.0;2
78100;BOT_MAKER;BOT_TAKER;VEV_6000;XIRECS;0.0;4
78200;BOT_TAKER;BOT_MAKER;VELVETFRUIT_EXTRACT;XIRECS;5275.0;8
78200;BOT_TAKER;BOT_MAKER;VELVETFRUIT_EXTRACT;XIRECS;5275.0;6
78300;BOT_MAKER;BOT_TAKER;VELVETFRUIT_EXTRACT;XIRECS;5269.0;7
78300;BOT_TAKER;BOT_MAKER;VELVETFRUIT_EXTRACT;XIRECS;5273.0;4
78300;BOT_MAKER;BOT_TAKER;VEV_6500;XIRECS;0.0;2
78400;BOT_MAKER;BOT_TAKER;VELVETFRUIT_EXTRACT;XIRECS;5270.0;8
78600;BOT_MAKER;BOT_TAKER;HYDROGEL_PACK;XIRECS;9848.0;5
78600;BOT_MAKER;BOT_TAKER;VEV_5500;XIRECS;3.0;4
78600;BOT_TAKER;BOT_MAKER;VEV_6000;XIRECS;1.0;5
78700;BOT_TAKER;BOT_MAKER;VELVETFRUIT_EXTRACT;XIRECS;5273.0;8
78800;BOT_TAKER;BOT_MAKER;VELVETFRUIT_EXTRACT;XIRECS;5272.0;8
78800;BOT_TAKER;BOT_MAKER;VEV_5500;XIRECS;4.0;5
78900;BOT_TAKER;BOT_MAKER;VEV_6500;XIRECS;1.0;4
79000;BOT_TAKER;BOT_MAKER;HYDROGEL_PACK;XIRECS;9871.0;2
79100;BOT_TAKER;BOT_MAKER;HYDROGEL_PACK;XIRECS;9871.0;6
79100;BOT_MAKER;BOT_TAKER;VELVETFRUIT_EXTRACT;XIRECS;5265.0;8
79100;BOT_MAKER;BOT_TAKER;VEV_6500;XIRECS;0.0;4
79200;SUBMISSION;BOT_TAKER;VEV_4000;XIRECS;1290.0;3
79300;BOT_TAKER;BOT_MAKER;VELVETFRUIT_EXTRACT;XIRECS;5269.0;9
79300;BOT_MAKER;BOT_TAKER;VEV_4000;XIRECS;1290.0;2
79300;BOT_MAKER;BOT_TAKER;VEV_6000;XIRECS;0.0;3
79400;BOT_MAKER;BOT_TAKER;VEV_6000;XIRECS;0.0;3
79500;BOT_MAKER;BOT_TAKER;HYDROGEL_PACK;XIRECS;9852.0;2
79700;BOT_TAKER;BOT_MAKER;HYDROGEL_PACK;XIRECS;9864.0;5
79700;BOT_TAKER;BOT_MAKER;VELVETFRUIT_EXTRACT;XIRECS;5269.0;3
79800;BOT_MAKER;BOT_TAKER;HYDROGEL_PACK;XIRECS;9851.0;5
80000;BOT_TAKER;BOT_MAKER;VELVETFRUIT_EXTRACT;XIRECS;5266.0;8
80000;BOT_MAKER;BOT_TAKER;VEV_6500;XIRECS;0.0;4
80000;SUBMISSION;BOT_TAKER;HYDROGEL_PACK;XIRECS;9852.0;3
80000;SUBMISSION;BOT_TAKER;VEV_4000;XIRECS;1295.0;1
80100;BOT_TAKER;BOT_MAKER;VELVETFRUIT_EXTRACT;XIRECS;5266.0;4
80100;BOT_TAKER;BOT_MAKER;VEV_6500;XIRECS;1.0;5
80300;BOT_MAKER;BOT_TAKER;VEV_4000;XIRECS;1291.0;1
80300;BOT_TAKER;BOT_MAKER;VEV_5400;XIRECS;17.0;3
80500;BOT_TAKER;SUBMISSION;HYDROGEL_PACK;XIRECS;9867.0;4
80600;BOT_TAKER;BOT_MAKER;VELVETFRUIT_EXTRACT;XIRECS;5266.0;3
80700;BOT_MAKER;BOT_TAKER;HYDROGEL_PACK;XIRECS;9849.0;6
80700;BOT_MAKER;BOT_TAKER;VELVETFRUIT_EXTRACT;XIRECS;5264.0;5
80700;BOT_MAKER;BOT_TAKER;VEV_5400;XIRECS;16.0;2
80800;BOT_TAKER;BOT_MAKER;VEV_4000;XIRECS;1313.0;3
80900;BOT_MAKER;BOT_TAKER;VELVETFRUIT_EXTRACT;XIRECS;5265.0;9
80900;BOT_MAKER;BOT_TAKER;VEV_4000;XIRECS;1290.0;1
80900;BOT_MAKER;BOT_TAKER;VEV_5500;XIRECS;3.0;2
80900;BOT_MAKER;BOT_TAKER;VEV_6500;XIRECS;0.0;3
81200;BOT_TAKER;BOT_MAKER;VEV_5400;XIRECS;16.0;2
81300;BOT_MAKER;BOT_TAKER;VELVETFRUIT_EXTRACT;XIRECS;5265.0;4
81300;BOT_MAKER;BOT_TAKER;VEV_6000;XIRECS;0.0;5
81400;BOT_TAKER;BOT_MAKER;VELVETFRUIT_EXTRACT;XIRECS;5270.0;8
81600;BOT_TAKER;BOT_MAKER;HYDROGEL_PACK;XIRECS;9860.0;3
81600;BOT_MAKER;BOT_TAKER;VEV_4000;XIRECS;1292.0;1
81700;BOT_MAKER;BOT_TAKER;VEV_4000;XIRECS;1293.0;1
81800;BOT_TAKER;BOT_MAKER;HYDROGEL_PACK;XIRECS;9860.0;4
82000;BOT_TAKER;BOT_MAKER;VELVETFRUIT_EXTRACT;XIRECS;5265.0;4
82200;BOT_MAKER;BOT_TAKER;VELVETFRUIT_EXTRACT;XIRECS;5260.0;13
82300;BOT_TAKER;BOT_MAKER;VELVETFRUIT_EXTRACT;XIRECS;5266.0;8
82300;BOT_MAKER;BOT_TAKER;VEV_5500;XIRECS;3.0;4
82400;BOT_TAKER;BOT_MAKER;HYDROGEL_PACK;XIRECS;9869.0;2
82400;BOT_MAKER;BOT_TAKER;VEV_5300;XIRECS;57.0;5
82400;BOT_TAKER;SUBMISSION;HYDROGEL_PACK;XIRECS;9868.0;5
82400;BOT_TAKER;BOT_MAKER;HYDROGEL_PACK;XIRECS;9869.0;1
82500;BOT_TAKER;BOT_MAKER;VEV_5500;XIRECS;4.0;5
82600;BOT_TAKER;BOT_MAKER;VELVETFRUIT_EXTRACT;XIRECS;5262.0;6
82600;BOT_MAKER;BOT_TAKER;VEV_5300;XIRECS;57.0;3
82600;BOT_TAKER;BOT_MAKER;VEV_6500;XIRECS;1.0;2
82700;BOT_MAKER;BOT_TAKER;HYDROGEL_PACK;XIRECS;9851.0;3
82700;BOT_TAKER;SUBMISSION;VELVETFRUIT_EXTRACT;XIRECS;5262.0;5
82800;SUBMISSION;BOT_TAKER;VEV_5400;XIRECS;16.0;2
82900;BOT_MAKER;BOT_TAKER;VEV_4000;XIRECS;1287.0;2
82900;BOT_TAKER;BOT_MAKER;VEV_5500;XIRECS;4.0;4
82900;SUBMISSION;BOT_TAKER;VELVETFRUIT_EXTRACT;XIRECS;5260.0;5
82900;BOT_MAKER;BOT_TAKER;VELVETFRUIT_EXTRACT;XIRECS;5259.0;1
83000;BOT_TAKER;BOT_MAKER;HYDROGEL_PACK;XIRECS;9864.0;3
83000;BOT_MAKER;BOT_TAKER;VEV_6000;XIRECS;0.0;5
83200;BOT_TAKER;BOT_MAKER;VEV_4000;XIRECS;1311.0;1
83200;BOT_TAKER;BOT_MAKER;VEV_6500;XIRECS;1.0;5
83300;BOT_MAKER;BOT_TAKER;HYDROGEL_PACK;XIRECS;9844.0;6
83300;BOT_MAKER;BOT_TAKER;VELVETFRUIT_EXTRACT;XIRECS;5259.0;10
83300;BOT_MAKER;BOT_TAKER;VEV_5300;XIRECS;59.0;4
83300;BOT_MAKER;BOT_TAKER;VEV_5500;XIRECS;3.0;4
83300;BOT_TAKER;BOT_MAKER;VEV_6000;XIRECS;1.0;4
83300;SUBMISSION;BOT_TAKER;VEV_4000;XIRECS;1290.0;1
83400;BOT_MAKER;BOT_TAKER;HYDROGEL_PACK;XIRECS;9845.0;2
83400;BOT_TAKER;SUBMISSION;VEV_4000;XIRECS;1308.0;3
83500;BOT_MAKER;BOT_TAKER;VEV_4000;XIRECS;1288.0;3
83500;BOT_TAKER;BOT_MAKER;VEV_6500;XIRECS;1.0;5
83600;BOT_MAKER;BOT_TAKER;HYDROGEL_PACK;XIRECS;9846.0;4
83600;BOT_MAKER;BOT_TAKER;VEV_4000;XIRECS;1287.0;3
83600;SUBMISSION;BOT_TAKER;HYDROGEL_PACK;XIRECS;9847.0;4
83700;BOT_TAKER;BOT_MAKER;HYDROGEL_PACK;XIRECS;9862.0;6
83700;BOT_MAKER;BOT_TAKER;VELVETFRUIT_EXTRACT;XIRECS;5258.0;4
83700;BOT_MAKER;BOT_TAKER;VEV_4000;XIRECS;1289.0;3
83800;BOT_MAKER;BOT_TAKER;HYDROGEL_PACK;XIRECS;9849.0;4
83900;BOT_TAKER;BOT_MAKER;HYDROGEL_PACK;XIRECS;9863.0;6
83900;BOT_MAKER;BOT_TAKER;VELVETFRUIT_EXTRACT;XIRECS;5256.0;6
83900;BOT_TAKER;BOT_MAKER;VEV_6500;XIRECS;1.0;3
84000;BOT_TAKER;BOT_MAKER;VEV_5500;XIRECS;4.0;3
84100;BOT_TAKER;BOT_MAKER;VELVETFRUIT_EXTRACT;XIRECS;5262.0;3
84300;BOT_TAKER;BOT_MAKER;VELVETFRUIT_EXTRACT;XIRECS;5261.0;7
84300;BOT_MAKER;BOT_TAKER;VEV_5500;XIRECS;3.0;4
84300;BOT_TAKER;SUBMISSION;HYDROGEL_PACK;XIRECS;9860.0;5
84300;BOT_TAKER;BOT_MAKER;HYDROGEL_PACK;XIRECS;9861.0;1
84300;SUBMISSION;BOT_TAKER;VEV_5300;XIRECS;59.0;4
84400;BOT_TAKER;BOT_MAKER;VELVETFRUIT_EXTRACT;XIRECS;5261.0;9
84400;SUBMISSION;BOT_TAKER;VELVETFRUIT_EXTRACT;XIRECS;5256.0;4
84500;BOT_TAKER;BOT_MAKER;HYDROGEL_PACK;XIRECS;9861.0;3
84600;BOT_TAKER;BOT_MAKER;VELVETFRUIT_EXTRACT;XIRECS;5260.0;6
84600;SUBMISSION;BOT_TAKER;VELVETFRUIT_EXTRACT;XIRECS;5255.0;5
84600;BOT_MAKER;BOT_TAKER;VELVETFRUIT_EXTRACT;XIRECS;5254.0;2
84700;BOT_TAKER;BOT_MAKER;HYDROGEL_PACK;XIRECS;9861.0;2
84700;BOT_TAKER;BOT_MAKER;VELVETFRUIT_EXTRACT;XIRECS;5259.0;8
84800;BOT_TAKER;BOT_MAKER;HYDROGEL_PACK;XIRECS;9859.0;5
85200;BOT_MAKER;BOT_TAKER;HYDROGEL_PACK;XIRECS;9842.0;4
85200;BOT_MAKER;BOT_TAKER;VELVETFRUIT_EXTRACT;XIRECS;5252.0;7
85300;BOT_MAKER;BOT_TAKER;VELVETFRUIT_EXTRACT;XIRECS;5252.0;3
85300;BOT_TAKER;BOT_MAKER;VEV_4000;XIRECS;1310.0;2
85300;BOT_TAKER;BOT_MAKER;VEV_5500;XIRECS;4.0;3
85500;BOT_TAKER;BOT_MAKER;HYDROGEL_PACK;XIRECS;9853.0;6
85600;BOT_TAKER;BOT_MAKER;HYDROGEL_PACK;XIRECS;9856.0;5
85600;BOT_MAKER;BOT_TAKER;VELVETFRUIT_EXTRACT;XIRECS;5251.0;4
85600;BOT_TAKER;SUBMISSION;VELVETFRUIT_EXTRACT;XIRECS;5255.0;5
85600;BOT_TAKER;BOT_MAKER;VELVETFRUIT_EXTRACT;XIRECS;5256.0;3
85700;BOT_TAKER;BOT_MAKER;HYDROGEL_PACK;XIRECS;9859.0;4
85700;BOT_MAKER;BOT_TAKER;VELVETFRUIT_EXTRACT;XIRECS;5251.0;6
85700;BOT_MAKER;BOT_TAKER;VEV_4000;XIRECS;1289.0;1
85800;BOT_TAKER;BOT_MAKER;VELVETFRUIT_EXTRACT;XIRECS;5258.0;6
85900;BOT_TAKER;BOT_MAKER;VEV_4000;XIRECS;1307.0;2
86000;BOT_TAKER;BOT_MAKER;VELVETFRUIT_EXTRACT;XIRECS;5257.0;7
86100;BOT_MAKER;BOT_TAKER;VELVETFRUIT_EXTRACT;XIRECS;5250.0;3
86100;BOT_MAKER;BOT_TAKER;VEV_4000;XIRECS;1285.0;3
86100;BOT_MAKER;BOT_TAKER;VEV_5500;XIRECS;3.0;5
86200;BOT_MAKER;BOT_TAKER;VELVETFRUIT_EXTRACT;XIRECS;5251.0;7
86200;BOT_MAKER;BOT_TAKER;VEV_5500;XIRECS;3.0;5
86200;BOT_TAKER;BOT_MAKER;VEV_6500;XIRECS;1.0;3
86300;BOT_TAKER;BOT_MAKER;HYDROGEL_PACK;XIRECS;9863.0;5
86300;BOT_TAKER;BOT_MAKER;VEV_4000;XIRECS;1307.0;1
86300;BOT_TAKER;BOT_MAKER;VEV_5300;XIRECS;62.0;5
86300;SUBMISSION;BOT_TAKER;VEV_4000;XIRECS;1287.0;2
86400;BOT_MAKER;BOT_TAKER;HYDROGEL_PACK;XIRECS;9848.0;2
86500;BOT_MAKER;BOT_TAKER;VEV_5500;XIRECS;3.0;4
86600;BOT_MAKER;BOT_TAKER;HYDROGEL_PACK;XIRECS;9855.0;3
86900;BOT_MAKER;BOT_TAKER;HYDROGEL_PACK;XIRECS;9848.0;6
87000;BOT_MAKER;BOT_TAKER;HYDROGEL_PACK;XIRECS;9848.0;2
87000;BOT_TAKER;BOT_MAKER;VEV_5400;XIRECS;17.0;4
87100;BOT_MAKER;BOT_TAKER;VELVETFRUIT_EXTRACT;XIRECS;5247.0;8
87200;BOT_TAKER;BOT_MAKER;HYDROGEL_PACK;XIRECS;9863.0;5
87200;BOT_TAKER;BOT_MAKER;VELVETFRUIT_EXTRACT;XIRECS;5252.0;7
87200;BOT_TAKER;BOT_MAKER;VELVETFRUIT_EXTRACT;XIRECS;5252.0;3
87200;BOT_TAKER;BOT_MAKER;VEV_5300;XIRECS;63.0;5
87300;BOT_MAKER;BOT_TAKER;VELVETFRUIT_EXTRACT;XIRECS;5247.0;4
87400;BOT_MAKER;BOT_TAKER;VEV_4000;XIRECS;1288.0;1
87500;BOT_TAKER;BOT_MAKER;VELVETFRUIT_EXTRACT;XIRECS;5251.0;5
87500;BOT_TAKER;BOT_MAKER;VELVETFRUIT_EXTRACT;XIRECS;5251.0;3
87500;BOT_MAKER;BOT_TAKER;VEV_6500;XIRECS;0.0;2
87600;BOT_MAKER;BOT_TAKER;VEV_4000;XIRECS;1288.0;2
87700;BOT_TAKER;BOT_MAKER;VELVETFRUIT_EXTRACT;XIRECS;5252.0;4
87800;BOT_TAKER;BOT_MAKER;HYDROGEL_PACK;XIRECS;9865.0;5
87800;BOT_MAKER;BOT_TAKER;VELVETFRUIT_EXTRACT;XIRECS;5246.0;3
87900;BOT_TAKER;BOT_MAKER;HYDROGEL_PACK;XIRECS;9866.0;4
87900;BOT_MAKER;BOT_TAKER;VELVETFRUIT_EXTRACT;XIRECS;5247.0;7
88000;BOT_MAKER;BOT_TAKER;VEV_5400;XIRECS;15.0;2
88100;BOT_MAKER;BOT_TAKER;VEV_4000;XIRECS;1287.0;3
88300;BOT_MAKER;BOT_TAKER;VEV_5500;XIRECS;3.0;4
88400;BOT_TAKER;BOT_MAKER;VEV_4000;XIRECS;1308.0;3
88400;BOT_MAKER;BOT_TAKER;VEV_5400;XIRECS;15.0;5
88500;BOT_TAKER;SUBMISSION;VEV_4000;XIRECS;1307.0;3
88600;BOT_MAKER;BOT_TAKER;HYDROGEL_PACK;XIRECS;9855.0;2
88600;BOT_TAKER;BOT_MAKER;VELVETFRUIT_EXTRACT;XIRECS;5249.0;5
88700;BOT_TAKER;BOT_MAKER;VELVETFRUIT_EXTRACT;XIRECS;5247.0;8
88700;BOT_TAKER;BOT_MAKER;VEV_5500;XIRECS;4.0;2
88800;BOT_MAKER;BOT_TAKER;VEV_4000;XIRECS;1284.0;1
88800;BOT_MAKER;BOT_TAKER;VEV_6500;XIRECS;0.0;3
88800;BOT_TAKER;SUBMISSION;VEV_4000;XIRECS;1304.0;2
88900;BOT_MAKER;BOT_TAKER;VEV_4000;XIRECS;1284.0;2
89000;BOT_MAKER;BOT_TAKER;VELVETFRUIT_EXTRACT;XIRECS;5243.0;6
89000;BOT_TAKER;BOT_MAKER;VEV_4000;XIRECS;1306.0;2
89100;BOT_MAKER;BOT_TAKER;HYDROGEL_PACK;XIRECS;9859.0;5
89200;BOT_MAKER;BOT_TAKER;VELVETFRUIT_EXTRACT;XIRECS;5241.0;4
89300;BOT_MAKER;BOT_TAKER;VELVETFRUIT_EXTRACT;XIRECS;5241.0;3
89300;BOT_MAKER;BOT_TAKER;VEV_6000;XIRECS;0.0;2
89300;BOT_TAKER;BOT_MAKER;VEV_6500;XIRECS;1.0;3
89500;BOT_TAKER;BOT_MAKER;VELVETFRUIT_EXTRACT;XIRECS;5245.0;8
89500;BOT_MAKER;BOT_TAKER;VEV_4000;XIRECS;1283.0;1
89500;BOT_MAKER;BOT_TAKER;VEV_5400;XIRECS;16.0;3
89600;BOT_MAKER;BOT_TAKER;VELVETFRUIT_EXTRACT;XIRECS;5240.0;7
89600;BOT_MAKER;BOT_TAKER;VEV_5500;XIRECS;3.0;2
89700;BOT_TAKER;BOT_MAKER;HYDROGEL_PACK;XIRECS;9873.0;4
89800;BOT_MAKER;BOT_TAKER;HYDROGEL_PACK;XIRECS;9856.0;3
89800;BOT_MAKER;BOT_TAKER;VELVETFRUIT_EXTRACT;XIRECS;5242.0;6
89900;BOT_TAKER;BOT_MAKER;HYDROGEL_PACK;XIRECS;9873.0;6
90000;BOT_TAKER;BOT_MAKER;VELVETFRUIT_EXTRACT;XIRECS;5246.0;7
90000;BOT_TAKER;BOT_MAKER;VEV_4000;XIRECS;1304.0;2
90200;BOT_TAKER;BOT_MAKER;HYDROGEL_PACK;XIRECS;9875.0;3
90200;BOT_TAKER;BOT_MAKER;VELVETFRUIT_EXTRACT;XIRECS;5243.0;7
90300;BOT_MAKER;BOT_TAKER;VELVETFRUIT_EXTRACT;XIRECS;5238.0;3
90300;BOT_MAKER;BOT_TAKER;VEV_5400;XIRECS;16.0;2
90600;BOT_MAKER;BOT_TAKER;VEV_4000;XIRECS;1277.0;3
90600;SUBMISSION;BOT_TAKER;HYDROGEL_PACK;XIRECS;9866.0;4
90700;BOT_TAKER;BOT_MAKER;VELVETFRUIT_EXTRACT;XIRECS;5242.0;5
90700;BOT_MAKER;BOT_TAKER;VEV_5400;XIRECS;16.0;5
90800;BOT_TAKER;BOT_MAKER;VEV_6000;XIRECS;1.0;2
90900;BOT_MAKER;BOT_TAKER;VEV_5400;XIRECS;16.0;4
91100;BOT_TAKER;BOT_MAKER;VELVETFRUIT_EXTRACT;XIRECS;5242.0;5
91200;BOT_TAKER;BOT_MAKER;VEV_6500;XIRECS;1.0;3
91400;BOT_TAKER;BOT_MAKER;VELVETFRUIT_EXTRACT;XIRECS;5242.0;6
91500;BOT_TAKER;BOT_MAKER;VELVETFRUIT_EXTRACT;XIRECS;5242.0;8
91600;BOT_MAKER;BOT_TAKER;VELVETFRUIT_EXTRACT;XIRECS;5236.0;6
91600;BOT_TAKER;BOT_MAKER;VEV_5500;XIRECS;4.0;4
91700;BOT_MAKER;BOT_TAKER;HYDROGEL_PACK;XIRECS;9872.0;2
91700;BOT_MAKER;BOT_TAKER;VELVETFRUIT_EXTRACT;XIRECS;5236.0;7
91700;BOT_TAKER;BOT_MAKER;VEV_4000;XIRECS;1297.0;2
91700;BOT_MAKER;BOT_TAKER;VEV_5200;XIRECS;99.0;4
91900;BOT_MAKER;BOT_TAKER;VELVETFRUIT_EXTRACT;XIRECS;5236.0;4
91900;BOT_MAKER;BOT_TAKER;VEV_6000;XIRECS;0.0;5
92000;BOT_TAKER;BOT_MAKER;VELVETFRUIT_EXTRACT;XIRECS;5243.0;5
92000;BOT_MAKER;BOT_TAKER;VEV_6500;XIRECS;0.0;4
92100;BOT_MAKER;BOT_TAKER;HYDROGEL_PACK;XIRECS;9874.0;6
92200;SUBMISSION;BOT_TAKER;VEV_5300;XIRECS;60.0;4
92300;BOT_MAKER;BOT_TAKER;HYDROGEL_PACK;XIRECS;9873.0;5
92400;BOT_MAKER;BOT_TAKER;VEV_6000;XIRECS;0.0;2
92500;BOT_TAKER;BOT_MAKER;HYDROGEL_PACK;XIRECS;9893.0;4
92500;BOT_MAKER;BOT_TAKER;VELVETFRUIT_EXTRACT;XIRECS;5237.0;8
92500;BOT_TAKER;BOT_MAKER;VEV_4000;XIRECS;1294.0;2
92500;BOT_MAKER;BOT_TAKER;VEV_5400;XIRECS;16.0;2
92900;BOT_TAKER;BOT_MAKER;VELVETFRUIT_EXTRACT;XIRECS;5244.0;7
92900;BOT_TAKER;BOT_MAKER;VEV_5400;XIRECS;18.0;4
93000;BOT_TAKER;BOT_MAKER;VELVETFRUIT_EXTRACT;XIRECS;5244.0;7
93100;BOT_MAKER;BOT_TAKER;HYDROGEL_PACK;XIRECS;9874.0;4
93100;BOT_MAKER;BOT_TAKER;VEV_5500;XIRECS;2.0;4
93200;BOT_TAKER;BOT_MAKER;VELVETFRUIT_EXTRACT;XIRECS;5243.0;7
93300;BOT_MAKER;BOT_TAKER;VELVETFRUIT_EXTRACT;XIRECS;5237.0;5
93300;BOT_MAKER;BOT_TAKER;VELVETFRUIT_EXTRACT;XIRECS;5237.0;3
93300;BOT_TAKER;SUBMISSION;VEV_4000;XIRECS;1288.0;1
93400;BOT_MAKER;BOT_TAKER;VELVETFRUIT_EXTRACT;XIRECS;5238.0;5
93400;BOT_MAKER;BOT_TAKER;VEV_4000;XIRECS;1268.0;3
93400;BOT_TAKER;BOT_MAKER;VEV_5500;XIRECS;3.0;2
93500;BOT_MAKER;BOT_TAKER;HYDROGEL_PACK;XIRECS;9877.0;6
93600;BOT_TAKER;BOT_MAKER;HYDROGEL_PACK;XIRECS;9894.0;2
93600;BOT_TAKER;BOT_MAKER;VELVETFRUIT_EXTRACT;XIRECS;5244.0;5
93700;BOT_TAKER;BOT_MAKER;VELVETFRUIT_EXTRACT;XIRECS;5244.0;3
93700;BOT_TAKER;BOT_MAKER;VELVETFRUIT_EXTRACT;XIRECS;5244.0;6
93700;BOT_MAKER;BOT_TAKER;VEV_6500;XIRECS;0.0;4
93800;BOT_TAKER;BOT_MAKER;VELVETFRUIT_EXTRACT;XIRECS;5242.0;6
93900;BOT_MAKER;BOT_TAKER;VELVETFRUIT_EXTRACT;XIRECS;5239.0;4
94000;BOT_TAKER;BOT_MAKER;VELVETFRUIT_EXTRACT;XIRECS;5243.0;8
94000;BOT_TAKER;BOT_MAKER;VEV_4000;XIRECS;1289.0;1
94000;BOT_TAKER;SUBMISSION;VELVETFRUIT_EXTRACT;XIRECS;5242.0;4
94200;BOT_MAKER;BOT_TAKER;VEV_4000;XIRECS;1267.0;1
94300;BOT_TAKER;BOT_MAKER;VELVETFRUIT_EXTRACT;XIRECS;5241.0;7
94400;BOT_MAKER;BOT_TAKER;HYDROGEL_PACK;XIRECS;9875.0;5
94400;BOT_TAKER;BOT_MAKER;VEV_6000;XIRECS;1.0;4
94500;BOT_MAKER;BOT_TAKER;VELVETFRUIT_EXTRACT;XIRECS;5237.0;6
94500;BOT_TAKER;BOT_MAKER;VEV_5500;XIRECS;3.0;5
94600;BOT_MAKER;BOT_TAKER;VEV_4000;XIRECS;1270.0;1
94600;BOT_TAKER;SUBMISSION;HYDROGEL_PACK;XIRECS;9889.0;5
94600;SUBMISSION;BOT_TAKER;VEV_4000;XIRECS;1271.0;3
94700;BOT_TAKER;BOT_MAKER;VELVETFRUIT_EXTRACT;XIRECS;5240.0;3
94800;BOT_MAKER;BOT_TAKER;HYDROGEL_PACK;XIRECS;9875.0;4
94800;BOT_TAKER;SUBMISSION;VELVETFRUIT_EXTRACT;XIRECS;5238.0;4
94900;BOT_TAKER;BOT_MAKER;VELVETFRUIT_EXTRACT;XIRECS;5242.0;3
94900;BOT_TAKER;BOT_MAKER;VEV_6000;XIRECS;1.0;5
94900;BOT_TAKER;SUBMISSION;HYDROGEL_PACK;XIRECS;9887.0;5
94900;SUBMISSION;BOT_TAKER;VELVETFRUIT_EXTRACT;XIRECS;5238.0;5
94900;BOT_MAKER;BOT_TAKER;VELVETFRUIT_EXTRACT;XIRECS;5237.0;3
95000;BOT_MAKER;BOT_TAKER;VELVETFRUIT_EXTRACT;XIRECS;5237.0;5
95000;BOT_TAKER;BOT_MAKER;VEV_6500;XIRECS;1.0;4
95100;BOT_TAKER;BOT_MAKER;HYDROGEL_PACK;XIRECS;9887.0;4
95200;BOT_MAKER;BOT_TAKER;VELVETFRUIT_EXTRACT;XIRECS;5237.0;3
95200;BOT_TAKER;BOT_MAKER;VEV_5400;XIRECS;19.0;5
95200;BOT_MAKER;BOT_TAKER;VEV_5400;XIRECS;17.0;5
95400;BOT_MAKER;BOT_TAKER;VEV_5400;XIRECS;17.0;5
95400;BOT_TAKER;SUBMISSION;VEV_4000;XIRECS;1295.0;3
95700;BOT_TAKER;BOT_MAKER;HYDROGEL_PACK;XIRECS;9893.0;6
95700;BOT_MAKER;BOT_TAKER;VELVETFRUIT_EXTRACT;XIRECS;5239.0;5
95700;BOT_MAKER;BOT_TAKER;VEV_4000;XIRECS;1273.0;2
95700;BOT_MAKER;BOT_TAKER;VEV_5400;XIRECS;17.0;2
95900;BOT_TAKER;BOT_MAKER;VELVETFRUIT_EXTRACT;XIRECS;5244.0;6
96000;BOT_TAKER;BOT_MAKER;VEV_4000;XIRECS;1295.0;2
96000;BOT_TAKER;SUBMISSION;HYDROGEL_PACK;XIRECS;9888.0;5
96000;BOT_TAKER;BOT_MAKER;HYDROGEL_PACK;XIRECS;9889.0;1
96100;BOT_MAKER;BOT_TAKER;HYDROGEL_PACK;XIRECS;9871.0;3
96100;BOT_TAKER;BOT_MAKER;VEV_5400;XIRECS;17.0;5
96200;BOT_MAKER;BOT_TAKER;VELVETFRUIT_EXTRACT;XIRECS;5241.0;5
96200;BOT_MAKER;BOT_TAKER;VEV_6000;XIRECS;0.0;4
96400;BOT_TAKER;BOT_MAKER;VEV_5500;XIRECS;2.0;4
96400;BOT_TAKER;BOT_MAKER;VEV_6500;XIRECS;1.0;2
96400;BOT_TAKER;SUBMISSION;HYDROGEL_PACK;XIRECS;9881.0;4
96400;BOT_TAKER;SUBMISSION;VELVETFRUIT_EXTRACT;XIRECS;5246.0;5
96400;BOT_TAKER;BOT_MAKER;VELVETFRUIT_EXTRACT;XIRECS;5247.0;1
96500;BOT_MAKER;BOT_TAKER;VELVETFRUIT_EXTRACT;XIRECS;5241.0;3
96500;BOT_TAKER;BOT_MAKER;VEV_6000;XIRECS;1.0;2
96500;BOT_TAKER;BOT_MAKER;VEV_6000;XIRECS;1.0;2
96500;BOT_TAKER;BOT_MAKER;VEV_6500;XIRECS;1.0;2
96600;BOT_TAKER;BOT_MAKER;HYDROGEL_PACK;XIRECS;9886.0;2
96600;BOT_TAKER;BOT_MAKER;VELVETFRUIT_EXTRACT;XIRECS;5247.0;9
96700;BOT_TAKER;BOT_MAKER;VELVETFRUIT_EXTRACT;XIRECS;5245.0;3
96700;BOT_MAKER;BOT_TAKER;VEV_4000;XIRECS;1274.0;3
96800;BOT_TAKER;BOT_MAKER;VELVETFRUIT_EXTRACT;XIRECS;5243.0;5
96800;BOT_MAKER;BOT_TAKER;VEV_4000;XIRECS;1274.0;1
96800;BOT_MAKER;BOT_TAKER;VEV_5400;XIRECS;16.0;3
96900;BOT_MAKER;BOT_TAKER;VELVETFRUIT_EXTRACT;XIRECS;5239.0;11
96900;BOT_TAKER;BOT_MAKER;VEV_5400;XIRECS;18.0;2
97000;BOT_MAKER;BOT_TAKER;HYDROGEL_PACK;XIRECS;9869.0;5
97000;BOT_TAKER;BOT_MAKER;VEV_5300;XIRECS;64.0;4
97200;BOT_MAKER;BOT_TAKER;VELVETFRUIT_EXTRACT;XIRECS;5241.0;5
97400;BOT_TAKER;BOT_MAKER;VEV_5300;XIRECS;64.0;5
97500;BOT_MAKER;BOT_TAKER;VEV_4000;XIRECS;1273.0;3
97600;BOT_MAKER;BOT_TAKER;HYDROGEL_PACK;XIRECS;9875.0;2
97600;BOT_MAKER;BOT_TAKER;VEV_4000;XIRECS;1274.0;3
97600;BOT_MAKER;BOT_TAKER;VEV_6500;XIRECS;0.0;2
97700;BOT_TAKER;BOT_MAKER;HYDROGEL_PACK;XIRECS;9895.0;2
97700;BOT_TAKER;BOT_MAKER;VELVETFRUIT_EXTRACT;XIRECS;5243.0;3
97800;BOT_MAKER;BOT_TAKER;VELVETFRUIT_EXTRACT;XIRECS;5237.0;6
97800;BOT_TAKER;BOT_MAKER;VEV_4000;XIRECS;1295.0;1
97900;BOT_TAKER;BOT_MAKER;VELVETFRUIT_EXTRACT;XIRECS;5242.0;5
97900;BOT_TAKER;BOT_MAKER;VEV_5300;XIRECS;63.0;3
97900;BOT_TAKER;BOT_MAKER;VEV_6000;XIRECS;1.0;3
98000;BOT_MAKER;BOT_TAKER;VELVETFRUIT_EXTRACT;XIRECS;5236.0;3
98100;BOT_TAKER;BOT_MAKER;HYDROGEL_PACK;XIRECS;9892.0;5
98100;BOT_MAKER;BOT_TAKER;VELVETFRUIT_EXTRACT;XIRECS;5236.0;7
98200;BOT_MAKER;BOT_TAKER;HYDROGEL_PACK;XIRECS;9877.0;5
98300;BOT_MAKER;BOT_TAKER;VELVETFRUIT_EXTRACT;XIRECS;5236.0;3
98300;BOT_TAKER;BOT_MAKER;VEV_6500;XIRECS;1.0;3
98400;BOT_MAKER;BOT_TAKER;HYDROGEL_PACK;XIRECS;9871.0;6
98400;BOT_TAKER;BOT_MAKER;VEV_5500;XIRECS;3.0;2
98400;BOT_MAKER;BOT_TAKER;VEV_6000;XIRECS;0.0;3
98500;BOT_TAKER;BOT_MAKER;VEV_6500;XIRECS;1.0;4
98600;BOT_MAKER;BOT_TAKER;HYDROGEL_PACK;XIRECS;9874.0;3
98600;BOT_MAKER;BOT_TAKER;VEV_4000;XIRECS;1273.0;3
98700;BOT_TAKER;BOT_MAKER;HYDROGEL_PACK;XIRECS;9890.0;4
98800;BOT_TAKER;BOT_MAKER;VELVETFRUIT_EXTRACT;XIRECS;5240.0;5
98800;BOT_TAKER;BOT_MAKER;VEV_6000;XIRECS;1.0;5
98900;BOT_TAKER;BOT_MAKER;VEV_5500;XIRECS;3.0;5
99000;BOT_TAKER;BOT_MAKER;VEV_5400;XIRECS;19.0;5
99100;BOT_MAKER;BOT_TAKER;VELVETFRUIT_EXTRACT;XIRECS;5234.0;3
99100;BOT_MAKER;BOT_TAKER;VEV_4000;XIRECS;1273.0;2
99300;BOT_TAKER;BOT_MAKER;VEV_6000;XIRECS;1.0;2
99300;BOT_TAKER;SUBMISSION;HYDROGEL_PACK;XIRECS;9886.0;4
99400;BOT_TAKER;BOT_MAKER;VELVETFRUIT_EXTRACT;XIRECS;5242.0;13
99500;BOT_TAKER;BOT_MAKER;VELVETFRUIT_EXTRACT;XIRECS;5242.0;7
99500;BOT_TAKER;BOT_MAKER;VEV_4000;XIRECS;1294.0;1
99500;BOT_MAKER;BOT_TAKER;VEV_6000;XIRECS;0.0;5
99700;BOT_MAKER;BOT_TAKER;HYDROGEL_PACK;XIRECS;9872.0;3
99700;BOT_TAKER;BOT_MAKER;VELVETFRUIT_EXTRACT;XIRECS;5243.0;3
99700;BOT_TAKER;BOT_MAKER;VEV_4000;XIRECS;1294.0;2
99800;BOT_TAKER;BOT_MAKER;VELVETFRUIT_EXTRACT;XIRECS;5243.0;6
99800;BOT_MAKER;BOT_TAKER;VEV_4000;XIRECS;1271.0;2
99900;BOT_MAKER;BOT_TAKER;VELVETFRUIT_EXTRACT;XIRECS;5237.0;5
100000;BOT_TAKER;BOT_MAKER;VELVETFRUIT_EXTRACT;XIRECS;5243.0;7
100000;BOT_TAKER;BOT_MAKER;VEV_6500;XIRECS;1.0;5
100000;BOT_TAKER;SUBMISSION;HYDROGEL_PACK;XIRECS;9885.0;5
100000;BOT_TAKER;BOT_MAKER;HYDROGEL_PACK;XIRECS;9886.0;1
100100;BOT_TAKER;BOT_MAKER;HYDROGEL_PACK;XIRECS;9886.0;4
100100;BOT_MAKER;BOT_TAKER;VEV_5500;XIRECS;2.0;4
100200;BOT_TAKER;BOT_MAKER;HYDROGEL_PACK;XIRECS;9889.0;3
100300;BOT_MAKER;BOT_TAKER;VELVETFRUIT_EXTRACT;XIRECS;5237.0;6
100400;SUBMISSION;BOT_TAKER;VELVETFRUIT_EXTRACT;XIRECS;5238.0;3
100500;BOT_MAKER;BOT_TAKER;VELVETFRUIT_EXTRACT;XIRECS;5235.0;5
100600;BOT_TAKER;BOT_MAKER;VELVETFRUIT_EXTRACT;XIRECS;5241.0;3
100700;BOT_TAKER;BOT_MAKER;HYDROGEL_PACK;XIRECS;9895.0;6
100700;BOT_TAKER;BOT_MAKER;VELVETFRUIT_EXTRACT;XIRECS;5242.0;7
100700;BOT_MAKER;BOT_TAKER;VEV_5400;XIRECS;17.0;2
100800;BOT_MAKER;BOT_TAKER;HYDROGEL_PACK;XIRECS;9876.0;2
100800;BOT_TAKER;BOT_MAKER;VELVETFRUIT_EXTRACT;XIRECS;5241.0;9
100900;BOT_TAKER;BOT_MAKER;VEV_4000;XIRECS;1295.0;3
101000;BOT_TAKER;BOT_MAKER;VELVETFRUIT_EXTRACT;XIRECS;5242.0;4
101000;BOT_TAKER;BOT_MAKER;VEV_5300;XIRECS;60.0;4
101000;BOT_TAKER;BOT_MAKER;VEV_6000;XIRECS;1.0;2
101000;SUBMISSION;BOT_TAKER;HYDROGEL_PACK;XIRECS;9877.0;5
101100;BOT_TAKER;BOT_MAKER;HYDROGEL_PACK;XIRECS;9893.0;2
101100;BOT_MAKER;BOT_TAKER;VELVETFRUIT_EXTRACT;XIRECS;5236.0;13
101100;SUBMISSION;BOT_TAKER;HYDROGEL_PACK;XIRECS;9878.0;2
101200;BOT_TAKER;BOT_MAKER;VELVETFRUIT_EXTRACT;XIRECS;5240.0;8
101300;BOT_TAKER;BOT_MAKER;VELVETFRUIT_EXTRACT;XIRECS;5239.0;8
101400;BOT_TAKER;BOT_MAKER;VELVETFRUIT_EXTRACT;XIRECS;5239.0;4
101400;BOT_MAKER;BOT_TAKER;VEV_5400;XIRECS;17.0;3
101400;BOT_MAKER;BOT_TAKER;VEV_6000;XIRECS;0.0;3
101400;SUBMISSION;BOT_TAKER;HYDROGEL_PACK;XIRECS;9877.0;2
101500;BOT_MAKER;BOT_TAKER;HYDROGEL_PACK;XIRECS;9876.0;2
101500;BOT_TAKER;BOT_MAKER;VELVETFRUIT_EXTRACT;XIRECS;5239.0;7
101600;BOT_TAKER;BOT_MAKER;VEV_4000;XIRECS;1296.0;2
101600;BOT_MAKER;BOT_TAKER;VEV_5300;XIRECS;59.0;4
101700;BOT_TAKER;BOT_MAKER;VELVETFRUIT_EXTRACT;XIRECS;5237.0;5
101800;BOT_TAKER;BOT_MAKER;HYDROGEL_PACK;XIRECS;9890.0;5
101800;BOT_MAKER;BOT_TAKER;VELVETFRUIT_EXTRACT;XIRECS;5232.0;7
101800;BOT_TAKER;BOT_MAKER;VEV_5300;XIRECS;62.0;5
102000;BOT_TAKER;BOT_MAKER;VEV_6000;XIRECS;1.0;4
102100;BOT_MAKER;BOT_TAKER;VELVETFRUIT_EXTRACT;XIRECS;5234.0;5
102200;BOT_MAKER;BOT_TAKER;HYDROGEL_PACK;XIRECS;9871.0;5
102300;BOT_TAKER;BOT_MAKER;VELVETFRUIT_EXTRACT;XIRECS;5238.0;5
102300;BOT_TAKER;BOT_MAKER;VEV_6500;XIRECS;1.0;4
102400;BOT_TAKER;BOT_MAKER;HYDROGEL_PACK;XIRECS;9883.0;6
102500;BOT_MAKER;BOT_TAKER;HYDROGEL_PACK;XIRECS;9870.0;2
102600;BOT_MAKER;BOT_TAKER;HYDROGEL_PACK;XIRECS;9870.0;3
102600;BOT_TAKER;BOT_MAKER;VELVETFRUIT_EXTRACT;XIRECS;5236.0;6
102600;BOT_MAKER;BOT_TAKER;VEV_6000;XIRECS;0.0;2
102700;BOT_MAKER;BOT_TAKER;VELVETFRUIT_EXTRACT;XIRECS;5230.0;4
102700;BOT_MAKER;BOT_TAKER;VEV_4000;XIRECS;1273.0;1
102700;BOT_TAKER;BOT_MAKER;VEV_6500;XIRECS;1.0;5
102800;SUBMISSION;BOT_TAKER;VELVETFRUIT_EXTRACT;XIRECS;5231.0;4
102900;BOT_MAKER;BOT_TAKER;HYDROGEL_PACK;XIRECS;9873.0;6
102900;BOT_MAKER;BOT_TAKER;VELVETFRUIT_EXTRACT;XIRECS;5231.0;3
102900;BOT_TAKER;BOT_MAKER;VEV_5300;XIRECS;62.0;4
102900;BOT_TAKER;SUBMISSION;VELVETFRUIT_EXTRACT;XIRECS;5235.0;5
102900;BOT_TAKER;BOT_MAKER;VELVETFRUIT_EXTRACT;XIRECS;5236.0;1
103000;BOT_TAKER;BOT_MAKER;VELVETFRUIT_EXTRACT;XIRECS;5236.0;7
103100;BOT_TAKER;BOT_MAKER;VEV_5300;XIRECS;62.0;3
103200;BOT_TAKER;BOT_MAKER;VELVETFRUIT_EXTRACT;XIRECS;5233.0;5
103200;BOT_TAKER;SUBMISSION;HYDROGEL_PACK;XIRECS;9894.0;3
103300;BOT_MAKER;BOT_TAKER;VEV_5300;XIRECS;60.0;2
103300;SUBMISSION;BOT_TAKER;VEV_4000;XIRECS;1272.0;2
103400;BOT_MAKER;BOT_TAKER;HYDROGEL_PACK;XIRECS;9884.0;5
103400;BOT_TAKER;BOT_MAKER;VEV_6000;XIRECS;1.0;5
103700;BOT_MAKER;BOT_TAKER;HYDROGEL_PACK;XIRECS;9886.0;5
103700;BOT_MAKER;BOT_TAKER;VELVETFRUIT_EXTRACT;XIRECS;5228.0;8
103800;BOT_TAKER;BOT_MAKER;VELVETFRUIT_EXTRACT;XIRECS;5234.0;10
103900;BOT_TAKER;BOT_MAKER;HYDROGEL_PACK;XIRECS;9896.0;2
103900;BOT_TAKER;BOT_MAKER;VELVETFRUIT_EXTRACT;XIRECS;5233.0;7
103900;BOT_MAKER;BOT_TAKER;VEV_4000;XIRECS;1270.0;1
104000;BOT_TAKER;BOT_MAKER;VEV_5400;XIRECS;18.0;2
104000;BOT_MAKER;BOT_TAKER;VEV_6500;XIRECS;0.0;4
104100;BOT_TAKER;BOT_MAKER;VEV_5300;XIRECS;61.0;2
104200;BOT_TAKER;BOT_MAKER;VELVETFRUIT_EXTRACT;XIRECS;5235.0;9
104300;BOT_TAKER;BOT_MAKER;VEV_4000;XIRECS;1295.0;1
104400;BOT_MAKER;BOT_TAKER;VELVETFRUIT_EXTRACT;XIRECS;5229.0;5
104400;BOT_TAKER;BOT_MAKER;VEV_5400;XIRECS;18.0;5
104500;BOT_MAKER;BOT_TAKER;HYDROGEL_PACK;XIRECS;9884.0;6
104500;BOT_TAKER;BOT_MAKER;VEV_6500;XIRECS;1.0;4
104600;BOT_TAKER;BOT_MAKER;VEV_4000;XIRECS;1294.0;1
104700;BOT_MAKER;BOT_TAKER;HYDROGEL_PACK;XIRECS;9889.0;2
104700;BOT_TAKER;BOT_MAKER;VEV_6500;XIRECS;1.0;2
104700;SUBMISSION;BOT_TAKER;VELVETFRUIT_EXTRACT;XIRECS;5229.0;4
104800;BOT_MAKER;BOT_TAKER;VEV_4000;XIRECS;1273.0;2
104800;BOT_TAKER;BOT_MAKER;VEV_5400;XIRECS;18.0;4
104900;BOT_TAKER;BOT_MAKER;HYDROGEL_PACK;XIRECS;9908.0;5
104900;BOT_TAKER;BOT_MAKER;VELVETFRUIT_EXTRACT;XIRECS;5232.0;6
104900;BOT_MAKER;BOT_TAKER;VEV_6500;XIRECS;0.0;3
105000;BOT_TAKER;BOT_MAKER;VELVETFRUIT_EXTRACT;XIRECS;5231.0;6
105000;BOT_TAKER;SUBMISSION;VELVETFRUIT_EXTRACT;XIRECS;5230.0;5
105000;BOT_TAKER;BOT_MAKER;VELVETFRUIT_EXTRACT;XIRECS;5231.0;1
105200;BOT_TAKER;BOT_MAKER;VELVETFRUIT_EXTRACT;XIRECS;5230.0;8
105200;BOT_MAKER;BOT_TAKER;VEV_4000;XIRECS;1274.0;3
105300;BOT_MAKER;BOT_TAKER;VELVETFRUIT_EXTRACT;XIRECS;5223.0;8
105500;BOT_MAKER;BOT_TAKER;VELVETFRUIT_EXTRACT;XIRECS;5224.0;3
105700;BOT_MAKER;BOT_TAKER;HYDROGEL_PACK;XIRECS;9891.0;3
105700;BOT_TAKER;BOT_MAKER;VELVETFRUIT_EXTRACT;XIRECS;5229.0;8
105700;BOT_TAKER;BOT_MAKER;VEV_5500;XIRECS;3.0;5
105700;BOT_TAKER;SUBMISSION;HYDROGEL_PACK;XIRECS;9906.0;4
105800;BOT_TAKER;SUBMISSION;VELVETFRUIT_EXTRACT;XIRECS;5228.0;4
105900;BOT_MAKER;BOT_TAKER;HYDROGEL_PACK;XIRECS;9891.0;6
106000;BOT_TAKER;BOT_MAKER;VELVETFRUIT_EXTRACT;XIRECS;5229.0;5
106100;BOT_MAKER;BOT_TAKER;VEV_5500;XIRECS;2.0;5
106200;BOT_MAKER;BOT_TAKER;VELVETFRUIT_EXTRACT;XIRECS;5223.0;6
106200;BOT_MAKER;BOT_TAKER;VEV_6000;XIRECS;0.0;4
106300;BOT_MAKER;BOT_TAKER;HYDROGEL_PACK;XIRECS;9886.0;2
106400;BOT_TAKER;BOT_MAKER;VELVETFRUIT_EXTRACT;XIRECS;5227.0;8
106500;BOT_MAKER;BOT_TAKER;VEV_5500;XIRECS;2.0;4
106500;BOT_TAKER;BOT_MAKER;VEV_6000;XIRECS;1.0;5
106600;BOT_MAKER;BOT_TAKER;HYDROGEL_PACK;XIRECS;9884.0;5
106700;BOT_MAKER;BOT_TAKER;VEV_4000;XIRECS;1271.0;3
106800;BOT_TAKER;BOT_MAKER;VELVETFRUIT_EXTRACT;XIRECS;5229.0;5
106900;BOT_TAKER;BOT_MAKER;HYDROGEL_PACK;XIRECS;9897.0;3
107000;BOT_MAKER;BOT_TAKER;VELVETFRUIT_EXTRACT;XIRECS;5223.0;8
107100;BOT_MAKER;BOT_TAKER;HYDROGEL_PACK;XIRECS;9877.0;4
107100;BOT_TAKER;BOT_MAKER;VELVETFRUIT_EXTRACT;XIRECS;5227.0;8
107100;BOT_TAKER;BOT_MAKER;VEV_6500;XIRECS;1.0;4
107100;SUBMISSION;BOT_TAKER;VELVETFRUIT_EXTRACT;XIRECS;5224.0;5
107100;BOT_MAKER;BOT_TAKER;VELVETFRUIT_EXTRACT;XIRECS;5223.0;3
107200;BOT_MAKER;BOT_TAKER;VELVETFRUIT_EXTRACT;XIRECS;5225.0;4
107300;BOT_TAKER;BOT_MAKER;HYDROGEL_PACK;XIRECS;9888.0;3
107400;BOT_TAKER;BOT_MAKER;VEV_4000;XIRECS;1300.0;2
107500;BOT_TAKER;BOT_MAKER;HYDROGEL_PACK;XIRECS;9887.0;3
107700;BOT_TAKER;BOT_MAKER;HYDROGEL_PACK;XIRECS;9888.0;2
107700;BOT_MAKER;BOT_TAKER;VELVETFRUIT_EXTRACT;XIRECS;5226.0;3
107800;BOT_TAKER;BOT_MAKER;HYDROGEL_PACK;XIRECS;9885.0;6
107800;BOT_MAKER;BOT_TAKER;VEV_4000;XIRECS;1280.0;3
107900;BOT_TAKER;BOT_MAKER;HYDROGEL_PACK;XIRECS;9885.0;3
108000;BOT_TAKER;BOT_MAKER;VELVETFRUIT_EXTRACT;XIRECS;5232.0;7
108000;BOT_MAKER;BOT_TAKER;VEV_5500;XIRECS;2.0;2
108000;BOT_MAKER;BOT_TAKER;VEV_6500;XIRECS;0.0;5
108100;BOT_MAKER;BOT_TAKER;VELVETFRUIT_EXTRACT;XIRECS;5226.0;5
108200;BOT_MAKER;BOT_TAKER;VELVETFRUIT_EXTRACT;XIRECS;5225.0;8
108300;BOT_TAKER;BOT_MAKER;HYDROGEL_PACK;XIRECS;9888.0;2
108300;SUBMISSION;BOT_TAKER;VEV_4000;XIRECS;1281.0;1
108400;BOT_TAKER;BOT_MAKER;VELVETFRUIT_EXTRACT;XIRECS;5231.0;7
108400;BOT_MAKER;BOT_TAKER;VEV_4000;XIRECS;1280.0;2
108500;BOT_MAKER;BOT_TAKER;HYDROGEL_PACK;XIRECS;9872.0;4
108500;BOT_MAKER;BOT_TAKER;VELVETFRUIT_EXTRACT;XIRECS;5226.0;7
108500;BOT_MAKER;BOT_TAKER;VEV_5300;XIRECS;58.0;3
108600;BOT_TAKER;BOT_MAKER;VELVETFRUIT_EXTRACT;XIRECS;5231.0;7
108600;BOT_TAKER;BOT_MAKER;VEV_5500;XIRECS;3.0;4
108600;BOT_MAKER;BOT_TAKER;VEV_5500;XIRECS;2.0;5
108700;BOT_TAKER;BOT_MAKER;HYDROGEL_PACK;XIRECS;9886.0;6
108700;BOT_TAKER;BOT_MAKER;HYDROGEL_PACK;XIRECS;9886.0;3
108700;BOT_MAKER;BOT_TAKER;VELVETFRUIT_EXTRACT;XIRECS;5228.0;4
108700;BOT_TAKER;BOT_MAKER;VELVETFRUIT_EXTRACT;XIRECS;5233.0;7
108700;BOT_MAKER;BOT_TAKER;VEV_6500;XIRECS;0.0;2
108900;SUBMISSION;BOT_TAKER;HYDROGEL_PACK;XIRECS;9868.0;4
109000;BOT_MAKER;BOT_TAKER;VELVETFRUIT_EXTRACT;XIRECS;5228.0;3
109100;BOT_TAKER;BOT_MAKER;HYDROGEL_PACK;XIRECS;9884.0;2
109100;BOT_TAKER;BOT_MAKER;VEV_5400;XIRECS;19.0;5
109400;BOT_TAKER;BOT_MAKER;VELVETFRUIT_EXTRACT;XIRECS;5236.0;12
109500;BOT_MAKER;BOT_TAKER;VELVETFRUIT_EXTRACT;XIRECS;5230.0;5
109600;BOT_TAKER;BOT_MAKER;HYDROGEL_PACK;XIRECS;9894.0;4
109600;BOT_TAKER;BOT_MAKER;VELVETFRUIT_EXTRACT;XIRECS;5235.0;7
109600;BOT_MAKER;BOT_TAKER;VEV_4000;XIRECS;1281.0;1
109600;BOT_TAKER;SUBMISSION;HYDROGEL_PACK;XIRECS;9893.0;2
109700;BOT_TAKER;BOT_MAKER;HYDROGEL_PACK;XIRECS;9892.0;4
109700;BOT_MAKER;BOT_TAKER;VELVETFRUIT_EXTRACT;XIRECS;5231.0;7
109800;BOT_MAKER;BOT_TAKER;VEV_4000;XIRECS;1280.0;1
109900;BOT_MAKER;BOT_TAKER;VELVETFRUIT_EXTRACT;XIRECS;5229.0;5
109900;BOT_TAKER;BOT_MAKER;VEV_5500;XIRECS;4.0;2
110000;BOT_TAKER;BOT_MAKER;HYDROGEL_PACK;XIRECS;9888.0;3
110000;BOT_MAKER;BOT_TAKER;VELVETFRUIT_EXTRACT;XIRECS;5229.0;4
110000;BOT_MAKER;BOT_TAKER;VEV_6500;XIRECS;0.0;5
110100;BOT_TAKER;BOT_MAKER;VELVETFRUIT_EXTRACT;XIRECS;5235.0;8
110200;SUBMISSION;BOT_TAKER;VEV_4000;XIRECS;1280.0;1
110300;BOT_MAKER;BOT_TAKER;VEV_5300;XIRECS;59.0;3
110300;BOT_MAKER;BOT_TAKER;VEV_6000;XIRECS;0.0;2
110400;BOT_MAKER;BOT_TAKER;HYDROGEL_PACK;XIRECS;9873.0;6
110400;BOT_MAKER;BOT_TAKER;VELVETFRUIT_EXTRACT;XIRECS;5227.0;3
110400;BOT_MAKER;BOT_TAKER;VEV_6000;XIRECS;0.0;4
110600;BOT_TAKER;BOT_MAKER;VELVETFRUIT_EXTRACT;XIRECS;5234.0;3
110600;BOT_MAKER;BOT_TAKER;VEV_6000;XIRECS;0.0;2
110700;BOT_TAKER;BOT_MAKER;HYDROGEL_PACK;XIRECS;9893.0;5
110700;BOT_MAKER;BOT_TAKER;VELVETFRUIT_EXTRACT;XIRECS;5230.0;3
110800;BOT_MAKER;BOT_TAKER;VEV_6000;XIRECS;0.0;3
110900;BOT_TAKER;BOT_MAKER;VELVETFRUIT_EXTRACT;XIRECS;5236.0;8
111000;BOT_TAKER;BOT_MAKER;VEV_5500;XIRECS;3.0;4
111000;BOT_TAKER;SUBMISSION;VELVETFRUIT_EXTRACT;XIRECS;5236.0;5
111100;BOT_TAKER;BOT_MAKER;VEV_4000;XIRECS;1303.0;2
111200;BOT_MAKER;BOT_TAKER;HYDROGEL_PACK;XIRECS;9873.0;6
111300;BOT_MAKER;BOT_TAKER;VELVETFRUIT_EXTRACT;XIRECS;5231.0;4
111400;BOT_TAKER;BOT_MAKER;HYDROGEL_PACK;XIRECS;9890.0;4
111400;BOT_TAKER;BOT_MAKER;VELVETFRUIT_EXTRACT;XIRECS;5235.0;7
111500;BOT_TAKER;BOT_MAKER;VELVETFRUIT_EXTRACT;XIRECS;5233.0;4
111600;BOT_MAKER;BOT_TAKER;HYDROGEL_PACK;XIRECS;9875.0;4
111600;BOT_TAKER;BOT_MAKER;VEV_6500;XIRECS;1.0;5
111600;BOT_TAKER;SUBMISSION;HYDROGEL_PACK;XIRECS;9890.0;4
111600;SUBMISSION;BOT_TAKER;VELVETFRUIT_EXTRACT;XIRECS;5230.0;5
111600;BOT_MAKER;BOT_TAKER;VELVETFRUIT_EXTRACT;XIRECS;5229.0;2
111700;BOT_MAKER;BOT_TAKER;VELVETFRUIT_EXTRACT;XIRECS;5229.0;5
111700;BOT_MAKER;BOT_TAKER;VELVETFRUIT_EXTRACT;XIRECS;5229.0;10
111800;BOT_MAKER;BOT_TAKER;HYDROGEL_PACK;XIRECS;9874.0;4
111900;BOT_MAKER;BOT_TAKER;VELVETFRUIT_EXTRACT;XIRECS;5229.0;5
111900;BOT_MAKER;BOT_TAKER;VEV_5400;XIRECS;17.0;2
112000;BOT_MAKER;BOT_TAKER;HYDROGEL_PACK;XIRECS;9871.0;3
112000;BOT_MAKER;BOT_TAKER;VEV_5400;XIRECS;17.0;2
112200;BOT_MAKER;BOT_TAKER;HYDROGEL_PACK;XIRECS;9871.0;5
112200;BOT_MAKER;BOT_TAKER;VELVETFRUIT_EXTRACT;XIRECS;5227.0;4
112200;BOT_MAKER;BOT_TAKER;VEV_4000;XIRECS;1274.0;1
112300;BOT_MAKER;BOT_TAKER;HYDROGEL_PACK;XIRECS;9869.0;4
112400;BOT_TAKER;BOT_MAKER;HYDROGEL_PACK;XIRECS;9884.0;3
112400;BOT_TAKER;BOT_MAKER;VELVETFRUIT_EXTRACT;XIRECS;5233.0;6
112400;SUBMISSION;BOT_TAKER;HYDROGEL_PACK;XIRECS;9869.0;2
