day;timestamp;product;bid_price_1;bid_volume_1;bid_price_2;bid_volume_2;bid_price_3;bid_volume_3;ask_price_1;ask_volume_1;ask_price_2;ask_volume_2;ask_price_3;ask_volume_3;mid_price;profit_and_loss
-1;0;HYDROGEL_PACK;9971;12;9969;30;;;9987;12;9990;30;;;9979.0;0.0
-1;0;VELVETFRUIT_EXTRACT;5260;22;5259;56;;;5265;45;;;;;5262.5;0.0
-1;0;VEV_4000;1252;13;1249;17;;;1273;13;1276;17;;;1262.5;0.0
-1;0;VEV_4500;754;8;753;23;752;21;770;8;771;8;772;21;762.0;0.0
-1;0;VEV_5000;263;30;262;34;;;269;12;270;12;;;266.0;0.0
-1;0;VEV_5100;173;9;;;;;177;12;;;;;175.0;0.0
-1;0;VEV_5200;100;12;99;17;;;;;;;;;100.0;0.0
-1;0;VEV_5300;49;23;;;;;52;15;;;;;50.5;0.0
-1;0;VEV_5400;;;;;;;17;25;;;;;17.0;0.0
-1;0;VEV_5500;6;19;;;;;7;21;;;;;6.5;0.0
-1;0;VEV_6000;0;19;;;;;1;19;;;;;0.5;0.0
-1;0;VEV_6500;0;18;;;;;1;18;;;;;0.5;0.0
-1;100;HYDROGEL_PACK;9973;13;9970;29;;;9989;13;9991;29;;;9981.0;0.0
-1;100;VELVETFRUIT_EXTRACT;5259;44;;;;;5264;22;5265;68;;;5261.5;0.0
-1;100;VEV_4000;1252;7;1249;28;;;1273;7;1276;28;;;1262.5;0.0
-1;100;VEV_4500;755;12;753;17;;;771;12;773;17;;;763.0;0.0
-1;100;VEV_5000;262;12;261;18;;;268;24;;;;;265.0;0.0
-1;100;VEV_5100;173;8;;;;;177;8;;;;;175.0;0.0
-1;100;VEV_5200;99;32;;;;;101;7;;;;;100.0;0.0
-1;100;VEV_5300;48;28;;;;;;;;;;;48.0;0.0
-1;100;VEV_5400;;;;;;;16;22;17;20;;;16.0;0.0
-1;100;VEV_5500;6;19;;;;;7;22;;;;;6.5;0.0
-1;100;VEV_6000;0;18;;;;;1;18;;;;;0.5;0.0
-1;100;VEV_6500;0;14;;;;;1;14;;;;;0.5;0.0
-1;200;HYDROGEL_PACK;9975;13;9972;30;;;9991;13;9993;30;;;9983.0;0.0
-1;200;VELVETFRUIT_EXTRACT;5258;56;;;;;5264;45;;;;;5261.0;0.0
-1;200;VEV_4000;1252;15;1250;24;;;1274;15;1276;24;;;1263.0;0.0
-1;200;VEV_4500;757;6;755;19;;;773;6;775;19;;;765.0;0.0
-1;200;VEV_5000;262;12;261;13;;;268;7;269;23;;;265.0;0.0
-1;200;VEV_5100;172;24;;;;;176;35;177;24;;;174.0;0.0
-1;200;VEV_5200;99;9;98;26;;;101;21;102;20;;;100.0;0.0
-1;200;VEV_5300;49;18;;;;;;;;;;;49.0;0.0
-1;200;VEV_5400;15;27;;;;;17;22;;;;;16.0;0.0
-1;200;VEV_5500;6;19;;;;;7;21;;;;;6.5;0.0
-1;200;VEV_6000;0;25;;;;;1;25;;;;;0.5;0.0
-1;200;VEV_6500;0;15;;;;;1;15;;;;;0.5;0.0
-1;300;HYDROGEL_PACK;9973;10;9971;22;;;9989;10;9992;22;;;9981.0;0.0
-1;300;VELVETFRUIT_EXTRACT;5258;63;;;;;5263;17;5264;64;;;5260.5;0.0
-1;300;VEV_4000;1251;14;1249;29;;;1273;14;1275;29;;;1262.0;0.0
-1;300;VEV_4500;756;9;754;24;;;774;24;;;;;765.0;0.0
-1;300;VEV_5000;262;6;261;20;;;268;10;269;20;;;265.0;0.0
-1;300;VEV_5100;171;30;;;;;176;23;;;;;173.5;0.0
-1;300;VEV_5200;;;;;;;101;11;102;22;;;101.0;0.0
-1;300;VEV_5300;49;21;;;;;51;18;;;;;50.0;0.0
-1;300;VEV_5400;15;21;15;7;;;16;24;17;22;;;15.5;0.0
-1;300;VEV_5500;6;25;;;;;7;16;;;;;6.5;0.0
-1;300;VEV_6000;0;20;;;;;1;20;;;;;0.5;0.0
-1;300;VEV_6500;0;19;;;;;1;19;;;;;0.5;0.0
-1;400;HYDROGEL_PACK;9972;11;9969;30;;;9988;11;9990;30;;;9980.0;0.0
-1;400;VELVETFRUIT_EXTRACT;5259;60;;;;;5265;32;;;;;5262.0;0.0
-1;400;VEV_4000;1251;11;1248;25;;;1272;11;1274;25;;;1261.5;0.0
-1;400;VEV_4500;756;12;755;6;754;17;772;12;774;17;;;764.0;0.0
-1;400;VEV_5000;261;11;;;;;268;15;;;;;264.5;0.0
-1;400;VEV_5100;171;27;;;;;175;9;176;19;;;173.0;0.0
-1;400;VEV_5200;100;28;;;;;103;29;;;;;101.5;0.0
-1;400;VEV_5300;49;23;;;;;51;9;;;;;50.0;0.0
-1;400;VEV_5400;15;13;;;;;;;;;;;15.0;0.0
-1;400;VEV_5500;6;17;;;;;7;16;;;;;6.5;0.0
-1;400;VEV_6000;0;24;;;;;1;24;;;;;0.5;0.0
-1;400;VEV_6500;0;15;;;;;1;15;;;;;0.5;0.0
-1;500;HYDROGEL_PACK;9969;14;9967;22;;;9985;14;9988;22;;;9977.0;0.0
-1;500;VELVETFRUIT_EXTRACT;5258;25;5257;32;;;5262;25;5263;65;;;5260.0;0.0
-1;500;VEV_4000;1251;10;1249;22;;;1273;10;1275;22;;;1262.0;0.0
-1;500;VEV_4500;753;22;;;;;771;9;773;22;;;762.0;0.0
-1;500;VEV_5000;262;8;261;16;;;268;22;269;16;;;265.0;0.0
-1;500;VEV_5100;170;12;169;22;;;174;10;175;23;;;172.0;0.0
-1;500;VEV_5200;100;30;99;26;;;102;23;103;16;;;101.0;0.0
-1;500;VEV_5300;49;20;;;;;51;18;;;;;50.0;0.0
-1;500;VEV_5400;15;8;14;20;;;;;;;;;15.0;0.0
-1;500;VEV_5500;6;18;;;;;7;23;;;;;6.5;0.0
-1;500;VEV_6000;0;23;;;;;1;23;;;;;0.5;0.0
-1;500;VEV_6500;0;15;;;;;1;15;;;;;0.5;0.0
-1;600;HYDROGEL_PACK;9970;13;9968;20;;;9986;13;9989;20;;;9978.0;0.0
-1;600;VELVETFRUIT_EXTRACT;5259;25;5258;62;;;5263;25;5264;49;;;5261.0;0.0
-1;600;VEV_4000;1251;7;1248;16;;;1272;7;1274;16;;;1261.5;0.0
-1;600;VEV_4500;756;9;754;14;;;772;9;774;14;;;764.0;0.0
-1;600;VEV_5000;261;9;260;22;;;267;28;268;13;;;264.0;0.0
-1;600;VEV_5100;170;22;169;17;;;174;10;175;26;;;172.0;0.0
-1;600;VEV_5200;101;7;100;20;;;;;;;;;101.0;0.0
-1;600;VEV_5300;49;25;;;;;51;6;;;;;50.0;0.0
-1;600;VEV_5400;;;;;;;15;20;16;30;;;15.0;0.0
-1;600;VEV_5500;6;24;;;;;7;16;;;;;6.5;0.0
-1;600;VEV_6000;0;29;;;;;1;29;;;;;0.5;0.0
-1;600;VEV_6500;0;14;;;;;1;14;;;;;0.5;0.0
-1;700;HYDROGEL_PACK;9970;14;9968;24;;;9986;14;9989;24;;;9978.0;0.0
-1;700;VELVETFRUIT_EXTRACT;5258;61;;;;;5263;19;5264;52;;;5260.5;0.0
-1;700;VEV_4000;1253;9;1250;23;;;1274;9;1277;23;;;1263.5;0.0
-1;700;VEV_4500;756;9;754;19;;;772;9;774;19;;;764.0;0.0
-1;700;VEV_5000;260;12;;;;;268;19;;;;;264.0;0.0
-1;700;VEV_5100;168;13;;;;;;;;;;;168.0;0.0
-1;700;VEV_5200;101;33;;;;;104;27;;;;;102.5;0.0
-1;700;VEV_5300;49;19;;;;;51;18;;;;;50.0;0.0
-1;700;VEV_5400;;;;;;;;;;;;;0.0;0.0
-1;700;VEV_5500;6;27;;;;;7;22;;;;;6.5;0.0
-1;700;VEV_6000;0;22;;;;;1;22;;;;;0.5;0.0
-1;700;VEV_6500;0;14;;;;;1;14;;;;;0.5;0.0
-1;800;HYDROGEL_PACK;9972;13;9969;22;;;9988;13;9990;22;;;9980.0;0.0
-1;800;VELVETFRUIT_EXTRACT;5260;16;5259;41;;;5265;16;5266;75;;;5262.5;0.0
-1;800;VEV_4000;1253;11;1251;21;;;1275;11;1277;21;;;1264.0;0.0
-1;800;VEV_4500;753;6;752;8;751;14;769;6;771;14;;;761.0;0.0
-1;800;VEV_5000;262;6;261;14;;;268;30;269;19;;;265.0;0.0
-1;800;VEV_5100;168;6;;;;;172;12;173;14;;;170.0;0.0
-1;800;VEV_5200;100;22;;;;;103;11;104;31;;;101.5;0.0
-1;800;VEV_5300;49;25;;;;;51;26;52;25;;;50.0;0.0
-1;800;VEV_5400;;;;;;;17;19;;;;;17.0;0.0
-1;800;VEV_5500;6;16;;;;;7;20;;;;;6.5;0.0
-1;800;VEV_6000;0;25;;;;;1;25;;;;;0.5;0.0
-1;800;VEV_6500;0;21;;;;;1;21;;;;;0.5;0.0
-1;900;HYDROGEL_PACK;9971;10;9969;27;;;9987;10;9990;27;;;9979.0;0.0
-1;900;VELVETFRUIT_EXTRACT;5258;40;5258;20;;;5263;15;5264;58;;;5260.5;0.0
-1;900;VEV_4000;1253;11;1251;28;;;1274;11;1277;28;;;1263.5;0.0
-1;900;VEV_4500;751;8;749;19;;;767;8;769;19;;;759.0;0.0
-1;900;VEV_5000;262;21;261;15;;;268;8;269;23;;;265.0;0.0
-1;900;VEV_5100;169;22;;;;;173;9;;;;;171.0;0.0
-1;900;VEV_5200;;;;;;;104;21;;;;;104.0;0.0
-1;900;VEV_5300;49;27;;;;;51;17;51;8;;;50.0;0.0
-1;900;VEV_5400;15;16;;;;;17;16;;;;;16.0;0.0
-1;900;VEV_5500;6;19;;;;;7;21;;;;;6.5;0.0
-1;900;VEV_6000;0;27;;;;;1;27;;;;;0.5;0.0
-1;900;VEV_6500;0;18;;;;;1;18;;;;;0.5;0.0
-1;1000;HYDROGEL_PACK;9972;12;9970;24;;;9988;12;9991;24;;;9980.0;0.0
-1;1000;VELVETFRUIT_EXTRACT;5261;23;5260;32;5260;70;5266;56;5267;32;;;5263.5;0.0
-1;1000;VEV_4000;1252;11;1249;23;;;1273;11;1276;23;;;1262.5;0.0
-1;1000;VEV_4500;753;6;751;23;;;771;23;;;;;762.0;0.0
-1;1000;VEV_5000;261;10;260;14;;;267;7;268;23;;;264.0;0.0
-1;1000;VEV_5100;168;10;;;;;172;25;173;22;;;170.0;0.0
-1;1000;VEV_5200;101;23;100;31;;;103;8;104;29;;;102.0;0.0
-1;1000;VEV_5300;48;18;;;;;50;6;;;;;49.0;0.0
-1;1000;VEV_5400;15;21;;;;;16;21;17;10;;;15.5;0.0
-1;1000;VEV_5500;6;23;;;;;7;21;;;;;6.5;0.0
-1;1000;VEV_6000;0;20;;;;;1;20;;;;;0.5;0.0
-1;1000;VEV_6500;0;16;;;;;1;16;;;;;0.5;0.0
-1;1100;HYDROGEL_PACK;9973;10;9970;27;;;9989;10;9991;27;;;9981.0;0.0
-1;1100;VELVETFRUIT_EXTRACT;5261;49;5261;23;;;5267;67;;;;;5264.0;0.0
-1;1100;VEV_4000;1252;11;1250;25;;;1274;11;1276;25;;;1263.0;0.0
-1;1100;VEV_4500;751;21;;;;;769;7;771;21;;;760.0;0.0
-1;1100;VEV_5000;260;34;;;;;266;8;267;16;;;263.0;0.0
-1;1100;VEV_5100;167;30;166;14;;;171;8;;;;;169.0;0.0
-1;1100;VEV_5200;99;30;;;;;103;19;;;;;101.0;0.0
-1;1100;VEV_5300;48;20;47;18;;;50;23;;;;;49.0;0.0
-1;1100;VEV_5400;15;28;;;;;16;23;17;19;;;15.5;0.0
-1;1100;VEV_5500;6;21;;;;;7;21;;;;;6.5;0.0
-1;1100;VEV_6000;0;19;;;;;1;19;;;;;0.5;0.0
-1;1100;VEV_6500;0;15;;;;;1;15;;;;;0.5;0.0
-1;1200;HYDROGEL_PACK;9978;13;9976;27;;;9997;27;;;;;9987.5;0.0
-1;1200;VELVETFRUIT_EXTRACT;5261;73;5261;17;;;5266;17;5267;58;;;5263.5;0.0
-1;1200;VEV_4000;1252;14;1249;16;;;1273;14;1275;16;;;1262.5;0.0
-1;1200;VEV_4500;754;8;752;21;;;770;8;771;9;772;21;762.0;0.0
-1;1200;VEV_5000;260;10;259;27;;;266;7;267;15;;;263.0;0.0
-1;1200;VEV_5100;167;21;;;;;172;24;;;;;169.5;0.0
-1;1200;VEV_5200;100;23;99;17;;;102;33;103;32;;;101.0;0.0
-1;1200;VEV_5300;49;26;48;14;;;51;19;;;;;50.0;0.0
-1;1200;VEV_5400;;;;;;;16;19;17;24;;;16.0;0.0
-1;1200;VEV_5500;6;16;;;;;7;16;;;;;6.5;0.0
-1;1200;VEV_6000;0;21;;;;;1;21;;;;;0.5;0.0
-1;1200;VEV_6500;0;19;;;;;1;19;;;;;0.5;0.0
-1;1300;HYDROGEL_PACK;9978;10;9975;24;;;9994;10;9996;24;;;9986.0;0.0
-1;1300;VELVETFRUIT_EXTRACT;5259;50;;;;;5264;25;5265;46;;;5261.5;0.0
-1;1300;VEV_4000;1251;8;1248;24;;;1272;8;1274;24;;;1261.5;0.0
-1;1300;VEV_4500;754;8;752;14;;;770;8;772;14;;;762.0;0.0
-1;1300;VEV_5000;258;13;;;;;;;;;;;258.0;0.0
-1;1300;VEV_5100;168;7;167;17;;;173;30;;;;;170.5;0.0
-1;1300;VEV_5200;100;9;;;;;103;27;;;;;101.5;0.0
-1;1300;VEV_5300;48;16;;;;;50;20;;;;;49.0;0.0
-1;1300;VEV_5400;15;23;;;;;17;21;;;;;16.0;0.0
-1;1300;VEV_5500;6;21;;;;;7;22;;;;;6.5;0.0
-1;1300;VEV_6000;0;20;;;;;1;20;;;;;0.5;0.0
-1;1300;VEV_6500;0;14;;;;;1;14;;;;;0.5;0.0
-1;1400;HYDROGEL_PACK;9977;10;9974;29;;;9993;10;9995;29;;;9985.0;0.0
-1;1400;VELVETFRUIT_EXTRACT;5260;44;;;;;5266;23;;;;;5263.0;0.0
-1;1400;VEV_4000;1251;12;1248;16;;;1272;12;1274;16;;;1261.5;0.0
-1;1400;VEV_4500;754;8;752;19;;;772;19;;;;;763.0;0.0
-1;1400;VEV_5000;259;16;;;;;266;8;;;;;262.5;0.0
-1;1400;VEV_5100;166;23;;;;;171;12;;;;;168.5;0.0
-1;1400;VEV_5200;99;17;;;;;103;28;;;;;101.0;0.0
-1;1400;VEV_5300;48;20;;;;;50;28;;;;;49.0;0.0
-1;1400;VEV_5400;15;23;;;;;17;20;;;;;16.0;0.0
-1;1400;VEV_5500;6;23;;;;;7;21;;;;;6.5;0.0
-1;1400;VEV_6000;0;22;;;;;1;22;;;;;0.5;0.0
-1;1400;VEV_6500;0;19;;;;;1;19;;;;;0.5;0.0
-1;1500;HYDROGEL_PACK;9976;15;9973;26;;;9992;15;9994;26;;;9984.0;0.0
-1;1500;VELVETFRUIT_EXTRACT;5261;62;;;;;5267;37;;;;;5264.0;0.0
-1;1500;VEV_4000;1251;8;1248;29;;;1272;8;1274;29;;;1261.5;0.0
-1;1500;VEV_4500;754;12;752;15;;;770;12;772;15;;;762.0;0.0
-1;1500;VEV_5000;261;10;;;;;268;24;;;;;264.5;0.0
-1;1500;VEV_5100;167;9;166;19;;;171;10;;;;;169.0;0.0
-1;1500;VEV_5200;;;;;;;102;23;;;;;102.0;0.0
-1;1500;VEV_5300;49;28;48;18;;;51;21;;;;;50.0;0.0
-1;1500;VEV_5400;15;17;;;;;17;28;;;;;16.0;0.0
-1;1500;VEV_5500;6;28;;;;;7;17;;;;;6.5;0.0
-1;1500;VEV_6000;0;24;;;;;1;24;;;;;0.5;0.0
-1;1500;VEV_6500;0;18;;;;;1;18;;;;;0.5;0.0
-1;1600;HYDROGEL_PACK;9980;12;9977;23;;;9996;12;9998;23;;;9988.0;0.0
-1;1600;VELVETFRUIT_EXTRACT;5262;36;;;;;5267;24;5268;30;;;5264.5;0.0
-1;1600;VEV_4000;1251;12;1248;24;;;1272;12;1275;24;;;1261.5;0.0
-1;1600;VEV_4500;754;6;752;17;;;770;6;772;17;;;762.0;0.0
-1;1600;VEV_5000;261;10;260;18;;;267;8;268;17;;;264.0;0.0
-1;1600;VEV_5100;166;8;;;;;171;17;;;;;168.5;0.0
-1;1600;VEV_5200;98;33;;;;;101;6;102;14;;;99.5;0.0
-1;1600;VEV_5300;48;26;47;10;;;;;;;;;48.0;0.0
-1;1600;VEV_5400;15;23;14;25;;;16;25;;;;;15.5;0.0
-1;1600;VEV_5500;6;18;;;;;7;29;;;;;6.5;0.0
-1;1600;VEV_6000;0;19;;;;;1;19;;;;;0.5;0.0
-1;1600;VEV_6500;0;19;;;;;1;19;;;;;0.5;0.0
-1;1700;HYDROGEL_PACK;9982;14;9979;23;;;9998;14;10000;23;;;9990.0;0.0
-1;1700;VELVETFRUIT_EXTRACT;5261;31;;;;;5266;19;5267;65;;;5263.5;0.0
-1;1700;VEV_4000;1250;15;1248;20;;;1271;15;1274;20;;;1260.5;0.0
-1;1700;VEV_4500;753;24;;;;;771;6;773;24;;;762.0;0.0
-1;1700;VEV_5000;261;20;260;25;;;267;24;268;14;;;264.0;0.0
-1;1700;VEV_5100;166;6;165;12;;;171;20;;;;;168.5;0.0
-1;1700;VEV_5200;100;25;99;26;;;103;24;;;;;101.5;0.0
-1;1700;VEV_5300;;;;;;;50;9;;;;;50.0;0.0
-1;1700;VEV_5400;;;;;;;16;21;;;;;16.0;0.0
-1;1700;VEV_5500;6;20;;;;;7;19;;;;;6.5;0.0
-1;1700;VEV_6000;0;19;;;;;1;19;;;;;0.5;0.0
-1;1700;VEV_6500;0;15;;;;;1;15;;;;;0.5;0.0
-1;1800;HYDROGEL_PACK;9980;14;9977;24;;;9996;14;9998;24;;;9988.0;0.0
-1;1800;VELVETFRUIT_EXTRACT;5261;57;;;;;5266;20;5267;64;;;5263.5;0.0
-1;1800;VEV_4000;1251;9;1248;20;;;1272;9;1274;20;;;1261.5;0.0
-1;1800;VEV_4500;754;11;752;20;;;770;11;772;20;;;762.0;0.0
-1;1800;VEV_5000;261;12;260;24;;;267;7;268;24;;;264.0;0.0
-1;1800;VEV_5100;166;8;165;12;;;170;28;171;22;;;168.0;0.0
-1;1800;VEV_5200;;;;;;;102;33;103;20;;;102.0;0.0
-1;1800;VEV_5300;47;26;46;18;;;49;24;;;;;48.0;0.0
-1;1800;VEV_5400;;;;;;;15;26;;;;;15.0;0.0
-1;1800;VEV_5500;6;17;;;;;7;20;;;;;6.5;0.0
-1;1800;VEV_6000;0;21;;;;;1;21;;;;;0.5;0.0
-1;1800;VEV_6500;0;18;;;;;1;18;;;;;0.5;0.0
-1;1900;HYDROGEL_PACK;9979;10;9977;29;;;9995;10;9998;29;;;9987.0;0.0
-1;1900;VELVETFRUIT_EXTRACT;5260;17;;;;;5265;19;5266;74;;;5262.5;0.0
-1;1900;VEV_4000;1252;11;1249;24;;;1273;11;1275;24;;;1262.5;0.0
-1;1900;VEV_4500;752;8;750;12;;;768;8;770;12;;;760.0;0.0
-1;1900;VEV_5000;261;6;260;19;;;267;26;268;25;;;264.0;0.0
-1;1900;VEV_5100;167;28;166;25;;;171;31;172;23;;;169.0;0.0
-1;1900;VEV_5200;100;9;99;24;;;102;31;;;;;101.0;0.0
-1;1900;VEV_5300;48;28;47;11;;;50;19;;;;;49.0;0.0
-1;1900;VEV_5400;;;;;;;16;26;;;;;16.0;0.0
-1;1900;VEV_5500;6;24;;;;;7;22;;;;;6.5;0.0
-1;1900;VEV_6000;0;24;;;;;1;24;;;;;0.5;0.0
-1;1900;VEV_6500;0;17;;;;;1;17;;;;;0.5;0.0
-1;2000;HYDROGEL_PACK;9978;10;9976;30;;;9994;10;9997;30;;;9986.0;0.0
-1;2000;VELVETFRUIT_EXTRACT;5260;65;;;;;5265;21;5266;34;;;5262.5;0.0
-1;2000;VEV_4000;1252;11;1250;27;;;1273;11;1276;27;;;1262.5;0.0
-1;2000;VEV_4500;752;10;750;16;;;768;10;770;16;;;760.0;0.0
-1;2000;VEV_5000;260;8;259;21;;;266;9;267;27;;;263.0;0.0
-1;2000;VEV_5100;167;9;;;;;171;8;172;13;;;169.0;0.0
-1;2000;VEV_5200;100;28;;;;;102;26;103;34;;;101.0;0.0
-1;2000;VEV_5300;49;20;48;26;;;51;24;;;;;50.0;0.0
-1;2000;VEV_5400;15;21;;;;;16;8;17;21;;;15.5;0.0
-1;2000;VEV_5500;6;15;;;;;7;20;;;;;6.5;0.0
-1;2000;VEV_6000;0;19;;;;;1;19;;;;;0.5;0.0
-1;2000;VEV_6500;0;14;;;;;1;14;;;;;0.5;0.0
-1;2100;HYDROGEL_PACK;9979;13;9976;22;;;9995;13;9997;22;;;9987.0;0.0
-1;2100;VELVETFRUIT_EXTRACT;5260;18;5259;32;5259;43;5265;63;;;;;5262.5;0.0
-1;2100;VEV_4000;1251;12;1248;29;;;1272;12;1274;29;;;1261.5;0.0
-1;2100;VEV_4500;753;7;751;13;;;769;7;770;12;771;13;761.0;0.0
-1;2100;VEV_5000;259;13;;;;;;;;;;;259.0;0.0
-1;2100;VEV_5100;166;12;165;23;;;170;27;171;12;;;168.0;0.0
-1;2100;VEV_5200;;;;;;;103;33;;;;;103.0;0.0
-1;2100;VEV_5300;49;16;;;;;51;15;;;;;50.0;0.0
-1;2100;VEV_5400;15;26;15;21;;;16;18;17;20;;;15.5;0.0
-1;2100;VEV_5500;6;25;;;;;7;21;;;;;6.5;0.0
-1;2100;VEV_6000;0;22;;;;;1;22;;;;;0.5;0.0
-1;2100;VEV_6500;0;16;;;;;1;16;;;;;0.5;0.0
-1;2200;HYDROGEL_PACK;9981;15;9979;30;;;9997;15;10000;30;;;9989.0;0.0
-1;2200;VELVETFRUIT_EXTRACT;5260;56;5260;18;;;5265;18;5266;31;;;5262.5;0.0
-1;2200;VEV_4000;1251;9;1248;26;;;1272;9;1274;26;;;1261.5;0.0
-1;2200;VEV_4500;754;12;752;20;;;770;12;772;20;;;762.0;0.0
-1;2200;VEV_5000;261;6;260;21;;;267;11;268;22;;;264.0;0.0
-1;2200;VEV_5100;165;10;164;26;;;;;;;;;165.0;0.0
-1;2200;VEV_5200;100;11;;;;;102;7;103;12;;;101.0;0.0
-1;2200;VEV_5300;50;21;;;;;52;20;52;19;;;51.0;0.0
-1;2200;VEV_5400;15;13;15;6;;;17;25;;;;;16.0;0.0
-1;2200;VEV_5500;6;17;;;;;7;21;;;;;6.5;0.0
-1;2200;VEV_6000;0;25;;;;;1;25;;;;;0.5;0.0
-1;2200;VEV_6500;0;17;;;;;1;17;;;;;0.5;0.0
-1;2300;HYDROGEL_PACK;9982;15;9980;30;;;9998;15;10001;30;;;9990.0;0.0
-1;2300;VELVETFRUIT_EXTRACT;5260;57;5260;20;;;5265;20;5266;60;;;5262.5;0.0
-1;2300;VEV_4000;1251;15;1249;30;;;1273;15;1275;30;;;1262.0;0.0
-1;2300;VEV_4500;753;6;751;14;;;769;6;771;14;;;761.0;0.0
-1;2300;VEV_5000;262;31;261;20;;;268;9;269;20;;;265.0;0.0
-1;2300;VEV_5100;165;12;164;14;;;;;;;;;165.0;0.0
-1;2300;VEV_5200;100;33;99;17;;;103;25;;;;;101.5;0.0
-1;2300;VEV_5300;50;25;;;;;52;22;;;;;51.0;0.0
-1;2300;VEV_5400;;;;;;;17;22;;;;;17.0;0.0
-1;2300;VEV_5500;6;22;;;;;7;20;;;;;6.5;0.0
-1;2300;VEV_6000;0;16;;;;;1;16;;;;;0.5;0.0
-1;2300;VEV_6500;0;16;;;;;1;16;;;;;0.5;0.0
-1;2400;HYDROGEL_PACK;9982;11;9980;22;;;9998;11;10001;22;;;9990.0;0.0
-1;2400;VELVETFRUIT_EXTRACT;5259;40;;;;;5264;19;5265;59;;;5261.5;0.0
-1;2400;VEV_4000;1252;13;1249;30;;;1273;13;1275;30;;;1262.5;0.0
-1;2400;VEV_4500;753;9;;;;;769;9;771;19;;;761.0;0.0
-1;2400;VEV_5000;259;26;;;;;;;;;;;259.0;0.0
-1;2400;VEV_5100;162;25;;;;;167;21;168;16;;;164.5;0.0
-1;2400;VEV_5200;100;33;99;12;;;102;7;103;26;;;101.0;0.0
-1;2400;VEV_5300;50;24;;;;;52;12;52;21;;;51.0;0.0
-1;2400;VEV_5400;;;;;;;;;;;;;0.0;0.0
-1;2400;VEV_5500;6;25;;;;;7;18;;;;;6.5;0.0
-1;2400;VEV_6000;0;20;;;;;1;20;;;;;0.5;0.0
-1;2400;VEV_6500;0;14;;;;;1;14;;;;;0.5;0.0
-1;2500;HYDROGEL_PACK;9983;15;9980;20;;;9999;15;10001;20;;;9991.0;0.0
-1;2500;VELVETFRUIT_EXTRACT;5259;17;;;;;5264;19;5265;19;;;5261.5;0.0
-1;2500;VEV_4000;1252;11;1250;26;;;1273;11;1276;26;;;1262.5;0.0
-1;2500;VEV_4500;749;24;;;;;767;6;769;24;;;758.0;0.0
-1;2500;VEV_5000;261;9;260;15;;;267;7;268;15;;;264.0;0.0
-1;2500;VEV_5100;;;;;;;167;11;168;14;;;167.0;0.0
-1;2500;VEV_5200;98;13;;;;;102;17;;;;;100.0;0.0
-1;2500;VEV_5300;50;17;49;16;;;;;;;;;50.0;0.0
-1;2500;VEV_5400;15;27;;;;;16;23;17;18;;;15.5;0.0
-1;2500;VEV_5500;6;7;;;;;7;19;;;;;6.5;0.0
-1;2500;VEV_6000;0;23;;;;;1;23;;;;;0.5;0.0
-1;2500;VEV_6500;0;16;;;;;1;16;;;;;0.5;0.0
-1;2600;HYDROGEL_PACK;9982;15;9979;30;;;9998;15;10000;30;;;9990.0;0.0
-1;2600;VELVETFRUIT_EXTRACT;5259;18;5258;24;;;5264;34;;;;;5261.5;0.0
-1;2600;VEV_4000;1252;8;1250;28;;;1273;8;1276;28;;;1262.5;0.0
-1;2600;VEV_4500;751;10;749;14;;;767;10;769;14;;;759.0;0.0
-1;2600;VEV_5000;262;8;;;;;268;11;269;24;;;265.0;0.0
-1;2600;VEV_5100;163;23;;;;;167;10;168;13;;;165.0;0.0
-1;2600;VEV_5200;99;9;98;16;;;101;8;102;29;;;100.0;0.0
-1;2600;VEV_5300;50;22;49;14;;;52;23;;;;;51.0;0.0
-1;2600;VEV_5400;;;;;;;16;18;17;25;;;16.0;0.0
-1;2600;VEV_5500;6;24;;;;;7;17;;;;;6.5;0.0
-1;2600;VEV_6000;0;26;;;;;1;26;;;;;0.5;0.0
-1;2600;VEV_6500;0;19;;;;;1;19;;;;;0.5;0.0
-1;2700;HYDROGEL_PACK;9981;11;9978;29;;;9997;11;9999;29;;;9989.0;0.0
-1;2700;VELVETFRUIT_EXTRACT;5258;64;5258;25;;;5264;30;;;;;5261.0;0.0
-1;2700;VEV_4000;1254;10;1252;17;;;1275;10;1278;17;;;1264.5;0.0
-1;2700;VEV_4500;751;7;749;14;;;767;7;769;14;;;759.0;0.0
-1;2700;VEV_5000;263;25;;;;;269;10;;;;;266.0;0.0
-1;2700;VEV_5100;162;34;;;;;166;10;;;;;164.0;0.0
-1;2700;VEV_5200;98;15;;;;;101;18;102;12;;;99.5;0.0
-1;2700;VEV_5300;50;22;;;;;52;21;53;22;;;51.0;0.0
-1;2700;VEV_5400;15;18;;;;;;;;;;;15.0;0.0
-1;2700;VEV_5500;6;20;;;;;7;26;;;;;6.5;0.0
-1;2700;VEV_6000;0;24;;;;;1;24;;;;;0.5;0.0
-1;2700;VEV_6500;0;11;;;;;1;11;;;;;0.5;0.0
-1;2800;HYDROGEL_PACK;9981;13;9979;26;;;9997;13;10000;26;;;9989.0;0.0
-1;2800;VELVETFRUIT_EXTRACT;5259;24;5258;32;;;5264;37;;;;;5261.5;0.0
-1;2800;VEV_4000;1254;14;1252;27;;;1276;14;1278;27;;;1265.0;0.0
-1;2800;VEV_4500;752;9;750;18;;;770;18;;;;;761.0;0.0
-1;2800;VEV_5000;264;30;263;20;;;270;6;;;;;267.0;0.0
-1;2800;VEV_5100;162;10;;;;;166;21;167;19;;;164.0;0.0
-1;2800;VEV_5200;97;31;;;;;101;16;;;;;99.0;0.0
-1;2800;VEV_5300;49;20;48;21;;;51;16;;;;;50.0;0.0
-1;2800;VEV_5400;;;;;;;17;24;;;;;17.0;0.0
-1;2800;VEV_5500;6;18;;;;;7;23;;;;;6.5;0.0
-1;2800;VEV_6000;0;16;;;;;1;16;;;;;0.5;0.0
-1;2800;VEV_6500;0;14;;;;;1;14;;;;;0.5;0.0
-1;2900;HYDROGEL_PACK;9983;14;9980;28;;;9999;14;10001;28;;;9991.0;0.0
-1;2900;VELVETFRUIT_EXTRACT;5261;15;5260;51;;;5266;51;;;;;5263.5;0.0
-1;2900;VEV_4000;1255;10;1252;29;;;1276;10;1278;29;;;1265.5;0.0
-1;2900;VEV_4500;752;12;750;24;;;768;12;770;24;;;760.0;0.0
-1;2900;VEV_5000;265;9;;;;;272;14;;;;;268.5;0.0
-1;2900;VEV_5100;162;11;161;23;;;166;26;;;;;164.0;0.0
-1;2900;VEV_5200;;;;;;;101;24;;;;;101.0;0.0
-1;2900;VEV_5300;50;21;;;;;52;28;;;;;51.0;0.0
-1;2900;VEV_5400;15;21;15;29;;;16;23;17;22;;;15.5;0.0
-1;2900;VEV_5500;6;20;;;;;7;19;;;;;6.5;0.0
-1;2900;VEV_6000;0;22;;;;;1;22;;;;;0.5;0.0
-1;2900;VEV_6500;0;14;;;;;1;14;;;;;0.5;0.0
-1;3000;HYDROGEL_PACK;9984;11;9981;23;;;10000;11;10002;23;;;9992.0;0.0
-1;3000;VELVETFRUIT_EXTRACT;5260;56;;;;;5266;66;;;;;5263.0;0.0
-1;3000;VEV_4000;1254;13;1252;26;;;1276;13;1278;26;;;1265.0;0.0
-1;3000;VEV_4500;752;19;;;;;770;7;772;19;;;761.0;0.0
-1;3000;VEV_5000;267;7;266;12;;;273;8;274;15;;;270.0;0.0
-1;3000;VEV_5100;163;20;162;28;;;167;9;;;;;165.0;0.0
-1;3000;VEV_5200;98;23;;;;;101;31;102;27;;;99.5;0.0
-1;3000;VEV_5300;50;24;49;23;;;52;21;;;;;51.0;0.0
-1;3000;VEV_5400;15;23;;;;;17;16;;;;;16.0;0.0
-1;3000;VEV_5500;6;16;;;;;7;25;;;;;6.5;0.0
-1;3000;VEV_6000;0;26;;;;;1;26;;;;;0.5;0.0
-1;3000;VEV_6500;0;17;;;;;1;17;;;;;0.5;0.0
-1;3100;HYDROGEL_PACK;9986;11;9983;22;;;10002;11;10004;22;;;9994.0;0.0
-1;3100;VELVETFRUIT_EXTRACT;5259;64;;;;;5265;53;;;;;5262.0;0.0
-1;3100;VEV_4000;1255;8;1252;27;;;1276;8;1278;27;;;1265.5;0.0
-1;3100;VEV_4500;754;12;752;13;;;770;12;772;13;;;762.0;0.0
-1;3100;VEV_5000;266;10;265;21;;;272;9;273;17;;;269.0;0.0
-1;3100;VEV_5100;162;22;;;;;167;21;168;30;;;164.5;0.0
-1;3100;VEV_5200;97;20;;;;;100;6;101;33;;;98.5;0.0
-1;3100;VEV_5300;50;26;;;;;52;16;;;;;51.0;0.0
-1;3100;VEV_5400;15;21;;;;;;;;;;;15.0;0.0
-1;3100;VEV_5500;6;25;;;;;7;27;;;;;6.5;0.0
-1;3100;VEV_6000;0;23;;;;;1;23;;;;;0.5;0.0
-1;3100;VEV_6500;0;21;;;;;1;21;;;;;0.5;0.0
-1;3200;HYDROGEL_PACK;9984;15;9981;23;;;10000;15;10002;23;;;9992.0;0.0
-1;3200;VELVETFRUIT_EXTRACT;5260;17;5259;30;;;5265;54;;;;;5262.5;0.0
-1;3200;VEV_4000;1253;13;1251;19;;;1275;13;1277;19;;;1264.0;0.0
-1;3200;VEV_4500;753;10;751;19;;;769;10;771;19;;;761.0;0.0
-1;3200;VEV_5000;266;12;265;19;;;273;32;;;;;269.5;0.0
-1;3200;VEV_5100;165;29;164;14;;;170;23;;;;;167.5;0.0
-1;3200;VEV_5200;98;16;;;;;;;;;;;98.0;0.0
-1;3200;VEV_5300;50;5;;;;;52;8;;;;;51.0;0.0
-1;3200;VEV_5400;16;20;;;;;17;10;18;26;;;16.5;0.0
-1;3200;VEV_5500;6;20;;;;;7;23;;;;;6.5;0.0
-1;3200;VEV_6000;0;29;;;;;1;29;;;;;0.5;0.0
-1;3200;VEV_6500;0;14;;;;;1;14;;;;;0.5;0.0
-1;3300;HYDROGEL_PACK;9982;27;;;;;10000;11;10003;27;;;9991.0;0.0
-1;3300;VELVETFRUIT_EXTRACT;5260;25;5259;46;;;5265;41;5266;46;;;5262.5;0.0
-1;3300;VEV_4000;1255;7;1253;23;;;1276;7;1279;23;;;1265.5;0.0
-1;3300;VEV_4500;751;7;749;21;;;767;7;769;21;;;759.0;0.0
-1;3300;VEV_5000;266;7;265;24;;;272;9;273;22;;;269.0;0.0
-1;3300;VEV_5100;164;10;163;22;;;168;8;;;;;166.0;0.0
-1;3300;VEV_5200;98;12;;;;;;;;;;;98.0;0.0
-1;3300;VEV_5300;51;20;50;29;;;53;8;;;;;52.0;0.0
-1;3300;VEV_5400;;;;;;;17;21;;;;;17.0;0.0
-1;3300;VEV_5500;6;26;;;;;7;16;;;;;6.5;0.0
-1;3300;VEV_6000;0;19;;;;;1;19;;;;;0.5;0.0
-1;3300;VEV_6500;0;13;;;;;1;13;;;;;0.5;0.0
-1;3400;HYDROGEL_PACK;9985;15;9983;29;;;10001;15;10004;29;;;9993.0;0.0
-1;3400;VELVETFRUIT_EXTRACT;5259;19;5258;39;;;5264;68;5265;38;;;5261.5;0.0
-1;3400;VEV_4000;1256;14;1254;15;;;1278;14;1280;15;;;1267.0;0.0
-1;3400;VEV_4500;751;10;749;19;;;767;10;769;19;;;759.0;0.0
-1;3400;VEV_5000;265;8;264;12;;;271;32;272;22;;;268.0;0.0
-1;3400;VEV_5100;166;11;;;;;171;29;;;;;168.5;0.0
-1;3400;VEV_5200;98;25;;;;;101;24;102;12;;;99.5;0.0
-1;3400;VEV_5300;51;27;;;;;53;25;;;;;52.0;0.0
-1;3400;VEV_5400;15;18;;;;;;;;;;;15.0;0.0
-1;3400;VEV_5500;6;21;;;;;7;21;;;;;6.5;0.0
-1;3400;VEV_6000;0;19;;;;;1;19;;;;;0.5;0.0
-1;3400;VEV_6500;0;17;;;;;1;17;;;;;0.5;0.0
-1;3500;HYDROGEL_PACK;9986;11;9983;30;;;10002;11;10004;30;;;9994.0;0.0
-1;3500;VELVETFRUIT_EXTRACT;5259;15;;;;;5264;21;5265;71;;;5261.5;0.0
-1;3500;VEV_4000;1257;11;1254;30;;;1278;11;1280;30;;;1267.5;0.0
-1;3500;VEV_4500;749;21;;;;;767;8;769;21;;;758.0;0.0
-1;3500;VEV_5000;266;18;;;;;273;12;274;21;;;269.5;0.0
-1;3500;VEV_5100;165;20;;;;;171;28;;;;;168.0;0.0
-1;3500;VEV_5200;98;33;;;;;;;;;;;98.0;0.0
-1;3500;VEV_5300;51;18;;;;;53;18;53;26;;;52.0;0.0
-1;3500;VEV_5400;15;25;;;;;17;19;;;;;16.0;0.0
-1;3500;VEV_5500;6;19;;;;;7;25;;;;;6.5;0.0
-1;3500;VEV_6000;0;27;;;;;1;27;;;;;0.5;0.0
-1;3500;VEV_6500;0;12;;;;;1;12;;;;;0.5;0.0
-1;3600;HYDROGEL_PACK;9982;13;9979;28;;;9998;13;10000;28;;;9990.0;0.0
-1;3600;VELVETFRUIT_EXTRACT;5260;19;5259;60;;;5265;34;;;;;5262.5;0.0
-1;3600;VEV_4000;1257;11;1254;16;;;1278;11;1281;16;;;1267.5;0.0
-1;3600;VEV_4500;751;12;750;12;749;20;767;12;769;20;;;759.0;0.0
-1;3600;VEV_5000;266;7;;;;;;;;;;;266.0;0.0
-1;3600;VEV_5100;165;24;;;;;171;28;;;;;168.0;0.0
-1;3600;VEV_5200;99;12;;;;;102;12;;;;;100.5;0.0
-1;3600;VEV_5300;;;;;;;53;20;54;14;;;53.0;0.0
-1;3600;VEV_5400;15;26;15;20;;;17;25;;;;;16.0;0.0
-1;3600;VEV_5500;6;23;;;;;7;24;;;;;6.5;0.0
-1;3600;VEV_6000;0;20;;;;;1;20;;;;;0.5;0.0
-1;3600;VEV_6500;0;11;;;;;1;11;;;;;0.5;0.0
-1;3700;HYDROGEL_PACK;9981;10;9979;27;;;9997;10;10000;27;;;9989.0;0.0
-1;3700;VELVETFRUIT_EXTRACT;5260;69;;;;;5265;22;5266;23;;;5262.5;0.0
-1;3700;VEV_4000;1258;10;1255;28;;;1279;10;1281;28;;;1268.5;0.0
-1;3700;VEV_4500;750;7;;;;;766;7;768;15;;;758.0;0.0
-1;3700;VEV_5000;265;16;;;;;272;8;273;14;;;268.5;0.0
-1;3700;VEV_5100;167;6;166;17;;;171;9;172;16;;;169.0;0.0
-1;3700;VEV_5200;99;11;98;29;;;;;;;;;99.0;0.0
-1;3700;VEV_5300;52;28;;;;;54;28;;;;;53.0;0.0
-1;3700;VEV_5400;16;26;15;24;;;;;;;;;16.0;0.0
-1;3700;VEV_5500;6;21;;;;;7;27;;;;;6.5;0.0
-1;3700;VEV_6000;0;25;;;;;1;25;;;;;0.5;0.0
-1;3700;VEV_6500;0;17;;;;;1;17;;;;;0.5;0.0
-1;3800;HYDROGEL_PACK;9980;10;9977;29;;;9996;10;9998;29;;;9988.0;0.0
-1;3800;VELVETFRUIT_EXTRACT;5262;22;5261;53;;;5266;22;5267;33;;;5264.0;0.0
-1;3800;VEV_4000;1260;11;1257;29;;;1281;11;1283;29;;;1270.5;0.0
-1;3800;VEV_4500;750;9;748;21;;;766;9;768;21;;;758.0;0.0
-1;3800;VEV_5000;265;34;264;16;;;271;9;;;;;268.0;0.0
-1;3800;VEV_5100;168;11;;;;;172;26;173;27;;;170.0;0.0
-1;3800;VEV_5200;100;8;99;26;;;103;28;;;;;101.5;0.0
-1;3800;VEV_5300;52;21;;;;;54;23;;;;;53.0;0.0
-1;3800;VEV_5400;15;12;;;;;;;;;;;15.0;0.0
-1;3800;VEV_5500;6;26;;;;;7;16;;;;;6.5;0.0
-1;3800;VEV_6000;0;23;;;;;1;23;;;;;0.5;0.0
-1;3800;VEV_6500;0;14;;;;;1;14;;;;;0.5;0.0
-1;3900;HYDROGEL_PACK;9980;15;9978;25;;;9996;15;9999;25;;;9988.0;0.0
-1;3900;VELVETFRUIT_EXTRACT;5261;52;;;;;5267;22;;;;;5264.0;0.0
-1;3900;VEV_4000;1257;9;1255;21;;;1278;9;1281;21;;;1267.5;0.0
-1;3900;VEV_4500;751;6;;;;;769;20;;;;;760.0;0.0
-1;3900;VEV_5000;265;11;264;12;;;271;12;272;24;;;268.0;0.0
-1;3900;VEV_5100;169;27;168;14;;;173;6;174;13;;;171.0;0.0
-1;3900;VEV_5200;99;10;;;;;101;27;;;;;100.0;0.0
-1;3900;VEV_5300;52;26;;;;;;;;;;;52.0;0.0
-1;3900;VEV_5400;16;28;;;;;18;17;;;;;17.0;0.0
-1;3900;VEV_5500;6;17;;;;;7;27;;;;;6.5;0.0
-1;3900;VEV_6000;0;22;;;;;1;22;;;;;0.5;0.0
-1;3900;VEV_6500;0;18;;;;;1;18;;;;;0.5;0.0
-1;4000;HYDROGEL_PACK;9980;15;9977;22;;;9996;15;9998;22;;;9988.0;0.0
-1;4000;VELVETFRUIT_EXTRACT;5261;72;;;;;5266;24;5267;55;;;5263.5;0.0
-1;4000;VEV_4000;1256;9;1254;26;;;1278;9;1280;26;;;1267.0;0.0
-1;4000;VEV_4500;751;10;750;10;749;23;767;10;769;23;;;759.0;0.0
-1;4000;VEV_5000;263;26;;;;;269;6;270;13;;;266.0;0.0
-1;4000;VEV_5100;;;;;;;173;12;174;21;;;173.0;0.0
-1;4000;VEV_5200;98;30;;;;;102;31;;;;;100.0;0.0
-1;4000;VEV_5300;;;;;;;53;21;;;;;53.0;0.0
-1;4000;VEV_5400;16;24;;;;;;;;;;;16.0;0.0
-1;4000;VEV_5500;6;17;;;;;7;20;;;;;6.5;0.0
-1;4000;VEV_6000;0;26;;;;;1;26;;;;;0.5;0.0
-1;4000;VEV_6500;0;14;;;;;1;14;;;;;0.5;0.0
-1;4100;HYDROGEL_PACK;9981;12;9979;30;;;9997;12;10000;30;;;9989.0;0.0
-1;4100;VELVETFRUIT_EXTRACT;5260;37;;;;;5266;33;;;;;5263.0;0.0
-1;4100;VEV_4000;1257;7;1255;26;;;1279;7;1281;26;;;1268.0;0.0
-1;4100;VEV_4500;751;7;749;15;;;767;7;769;15;;;759.0;0.0
-1;4100;VEV_5000;263;9;262;35;;;269;12;;;;;266.0;0.0
-1;4100;VEV_5100;168;10;167;23;;;173;17;;;;;170.5;0.0
-1;4100;VEV_5200;99;12;98;12;;;102;19;;;;;100.5;0.0
-1;4100;VEV_5300;52;10;;;;;54;22;55;16;;;53.0;0.0
-1;4100;VEV_5400;;;;;;;18;23;;;;;18.0;0.0
-1;4100;VEV_5500;6;23;;;;;7;26;;;;;6.5;0.0
-1;4100;VEV_6000;0;27;;;;;1;27;;;;;0.5;0.0
-1;4100;VEV_6500;0;19;;;;;1;19;;;;;0.5;0.0
-1;4200;HYDROGEL_PACK;9980;12;9977;20;;;9996;12;9998;20;;;9988.0;0.0
-1;4200;VELVETFRUIT_EXTRACT;5262;18;5261;60;;;5267;59;;;;;5264.5;0.0
-1;4200;VEV_4000;1258;9;1256;16;;;1279;9;1282;16;;;1268.5;0.0
-1;4200;VEV_4500;751;8;749;13;;;767;8;769;13;;;759.0;0.0
-1;4200;VEV_5000;262;14;;;;;269;7;270;20;;;265.5;0.0
-1;4200;VEV_5100;169;6;168;27;;;173;11;174;23;;;171.0;0.0
-1;4200;VEV_5200;;;;;;;102;21;;;;;102.0;0.0
-1;4200;VEV_5300;52;28;51;13;;;54;20;;;;;53.0;0.0
-1;4200;VEV_5400;16;20;;;;;18;20;;;;;17.0;0.0
-1;4200;VEV_5500;6;28;;;;;7;29;;;;;6.5;0.0
-1;4200;VEV_6000;0;27;;;;;1;27;;;;;0.5;0.0
-1;4200;VEV_6500;0;12;;;;;1;12;;;;;0.5;0.0
-1;4300;HYDROGEL_PACK;9980;14;9977;23;;;9996;14;9998;23;;;9988.0;0.0
-1;4300;VELVETFRUIT_EXTRACT;5261;52;;;;;5266;20;5267;44;;;5263.5;0.0
-1;4300;VEV_4000;1258;9;1256;16;;;1279;9;1282;16;;;1268.5;0.0
-1;4300;VEV_4500;751;8;749;24;;;767;8;769;24;;;759.0;0.0
-1;4300;VEV_5000;263;8;;;;;269;10;;;;;266.0;0.0
-1;4300;VEV_5100;169;18;;;;;174;11;;;;;171.5;0.0
-1;4300;VEV_5200;100;24;99;19;;;102;29;103;25;;;101.0;0.0
-1;4300;VEV_5300;53;23;;;;;55;22;;;;;54.0;0.0
-1;4300;VEV_5400;16;18;;;;;17;20;18;17;;;16.5;0.0
-1;4300;VEV_5500;6;19;;;;;7;19;;;;;6.5;0.0
-1;4300;VEV_6000;0;19;;;;;1;19;;;;;0.5;0.0
-1;4300;VEV_6500;0;18;;;;;1;18;;;;;0.5;0.0
-1;4400;HYDROGEL_PACK;9980;15;9978;22;;;9996;15;9999;22;;;9988.0;0.0
-1;4400;VELVETFRUIT_EXTRACT;5262;68;5262;22;5261;37;5267;22;5268;37;5268;57;5264.5;0.0
-1;4400;VEV_4000;1259;8;1257;19;;;1280;8;1283;19;;;1269.5;0.0
-1;4400;VEV_4500;751;8;749;16;;;767;8;769;16;;;759.0;0.0
-1;4400;VEV_5000;263;12;;;;;269;10;;;;;266.0;0.0
-1;4400;VEV_5100;;;;;;;173;12;174;20;;;173.0;0.0
-1;4400;VEV_5200;98;28;;;;;101;25;102;24;;;99.5;0.0
-1;4400;VEV_5300;53;22;;;;;55;7;;;;;54.0;0.0
-1;4400;VEV_5400;17;6;16;23;;;18;22;;;;;17.5;0.0
-1;4400;VEV_5500;6;26;;;;;7;27;;;;;6.5;0.0
-1;4400;VEV_6000;0;27;;;;;1;27;;;;;0.5;0.0
-1;4400;VEV_6500;0;16;;;;;1;16;;;;;0.5;0.0
-1;4500;HYDROGEL_PACK;9981;11;9979;25;;;9997;11;10000;25;;;9989.0;0.0
-1;4500;VELVETFRUIT_EXTRACT;5262;50;;;;;5268;51;;;;;5265.0;0.0
-1;4500;VEV_4000;1260;12;1257;22;;;1281;12;1284;22;;;1270.5;0.0
-1;4500;VEV_4500;750;12;748;17;;;766;12;768;17;;;758.0;0.0
-1;4500;VEV_5000;263;9;;;;;;;;;;;263.0;0.0
-1;4500;VEV_5100;168;12;167;31;;;173;17;;;;;170.5;0.0
-1;4500;VEV_5200;98;12;97;32;;;101;23;;;;;99.5;0.0
-1;4500;VEV_5300;53;29;;;;;55;22;;;;;54.0;0.0
-1;4500;VEV_5400;16;23;;;;;17;20;;;;;16.5;0.0
-1;4500;VEV_5500;6;22;;;;;7;29;;;;;6.5;0.0
-1;4500;VEV_6000;0;22;;;;;1;22;;;;;0.5;0.0
-1;4500;VEV_6500;0;17;;;;;1;17;;;;;0.5;0.0
-1;4600;HYDROGEL_PACK;9983;15;9980;28;;;9999;15;10001;28;;;9991.0;0.0
-1;4600;VELVETFRUIT_EXTRACT;5263;67;;;;;5269;65;;;;;5266.0;0.0
-1;4600;VEV_4000;1260;10;1257;29;;;1281;10;1284;29;;;1270.5;0.0
-1;4600;VEV_4500;751;8;749;23;;;769;23;;;;;760.0;0.0
-1;4600;VEV_5000;265;8;264;22;;;271;8;272;14;;;268.0;0.0
-1;4600;VEV_5100;168;19;167;17;;;172;10;173;14;;;170.0;0.0
-1;4600;VEV_5200;96;25;;;;;99;12;100;22;;;97.5;0.0
-1;4600;VEV_5300;54;17;;;;;56;13;;;;;55.0;0.0
-1;4600;VEV_5400;;;;;;;18;25;;;;;18.0;0.0
-1;4600;VEV_5500;6;16;;;;;7;22;;;;;6.5;0.0
-1;4600;VEV_6000;0;27;;;;;1;27;;;;;0.5;0.0
-1;4600;VEV_6500;0;15;;;;;1;15;;;;;0.5;0.0
-1;4700;HYDROGEL_PACK;9984;14;9982;24;;;10000;14;10003;24;;;9992.0;0.0
-1;4700;VELVETFRUIT_EXTRACT;5262;65;;;;;5268;17;;;;;5265.0;0.0
-1;4700;VEV_4000;1259;9;1256;26;;;1280;9;1283;26;;;1269.5;0.0
-1;4700;VEV_4500;751;7;749;12;;;767;7;769;12;;;759.0;0.0
-1;4700;VEV_5000;263;10;262;19;;;269;7;270;20;;;266.0;0.0
-1;4700;VEV_5100;168;11;;;;;172;8;173;23;;;170.0;0.0
-1;4700;VEV_5200;;;;;;;;;;;;;0.0;0.0
-1;4700;VEV_5300;54;25;;;;;56;26;;;;;55.0;0.0
-1;4700;VEV_5400;16;16;;;;;17;5;18;20;;;16.5;0.0
-1;4700;VEV_5500;6;17;;;;;7;16;;;;;6.5;0.0
-1;4700;VEV_6000;0;22;;;;;1;22;;;;;0.5;0.0
-1;4700;VEV_6500;0;13;;;;;1;13;;;;;0.5;0.0
-1;4800;HYDROGEL_PACK;9986;10;9983;23;;;10002;10;10004;23;;;9994.0;0.0
-1;4800;VELVETFRUIT_EXTRACT;5262;45;5262;19;;;5268;21;;;;;5265.0;0.0
-1;4800;VEV_4000;1258;15;1256;26;;;1279;15;1282;26;;;1268.5;0.0
-1;4800;VEV_4500;752;7;750;21;;;768;7;770;21;;;760.0;0.0
-1;4800;VEV_5000;264;9;263;20;;;270;12;271;22;;;267.0;0.0
-1;4800;VEV_5100;;;;;;;173;11;174;32;;;173.0;0.0
-1;4800;VEV_5200;96;23;;;;;99;11;100;23;;;97.5;0.0
-1;4800;VEV_5300;54;25;;;;;;;;;;;54.0;0.0
-1;4800;VEV_5400;16;24;;;;;;;;;;;16.0;0.0
-1;4800;VEV_5500;6;27;;;;;7;23;;;;;6.5;0.0
-1;4800;VEV_6000;0;20;;;;;1;20;;;;;0.5;0.0
-1;4800;VEV_6500;0;17;;;;;1;17;;;;;0.5;0.0
-1;4900;HYDROGEL_PACK;9983;12;9981;22;;;9999;12;10002;22;;;9991.0;0.0
-1;4900;VELVETFRUIT_EXTRACT;5262;18;5261;58;;;5267;31;;;;;5264.5;0.0
-1;4900;VEV_4000;1257;7;1255;20;;;1279;7;1281;20;;;1268.0;0.0
-1;4900;VEV_4500;752;12;750;17;;;768;12;770;17;;;760.0;0.0
-1;4900;VEV_5000;;;;;;;270;11;271;18;;;270.0;0.0
-1;4900;VEV_5100;169;11;;;;;173;12;174;13;;;171.0;0.0
-1;4900;VEV_5200;97;9;96;22;;;100;29;;;;;98.5;0.0
-1;4900;VEV_5300;54;16;;;;;56;30;57;20;;;55.0;0.0
-1;4900;VEV_5400;17;21;;;;;18;21;19;27;;;17.5;0.0
-1;4900;VEV_5500;6;24;;;;;7;29;;;;;6.5;0.0
-1;4900;VEV_6000;0;19;;;;;1;19;;;;;0.5;0.0
-1;4900;VEV_6500;0;18;;;;;1;18;;;;;0.5;0.0
-1;5000;HYDROGEL_PACK;9987;11;9985;22;;;10003;11;10006;22;;;9995.0;0.0
-1;5000;VELVETFRUIT_EXTRACT;5262;58;;;;;5268;54;5269;37;;;5265.0;0.0
-1;5000;VEV_4000;1257;9;1254;20;;;1278;9;1281;20;;;1267.5;0.0
-1;5000;VEV_4500;751;11;749;16;;;767;11;769;16;;;759.0;0.0
-1;5000;VEV_5000;263;24;;;;;270;11;;;;;266.5;0.0
-1;5000;VEV_5100;168;8;167;13;;;172;32;173;13;;;170.0;0.0
-1;5000;VEV_5200;95;26;;;;;99;22;;;;;97.0;0.0
-1;5000;VEV_5300;;;;;;;56;22;;;;;56.0;0.0
-1;5000;VEV_5400;17;18;;;;;;;;;;;17.0;0.0
-1;5000;VEV_5500;6;19;;;;;7;28;;;;;6.5;0.0
-1;5000;VEV_6000;0;21;;;;;1;21;;;;;0.5;0.0
-1;5000;VEV_6500;0;14;;;;;1;14;;;;;0.5;0.0
-1;5100;HYDROGEL_PACK;9986;14;9983;29;;;10002;14;10004;29;;;9994.0;0.0
-1;5100;VELVETFRUIT_EXTRACT;5263;21;5262;21;;;5267;21;5268;41;5269;37;5265.0;0.0
-1;5100;VEV_4000;1256;8;1254;21;;;1277;8;1280;21;;;1266.5;0.0
-1;5100;VEV_4500;749;24;;;;;767;8;769;24;;;758.0;0.0
-1;5100;VEV_5000;266;8;265;22;;;273;13;;;;;269.5;0.0
-1;5100;VEV_5100;168;27;167;16;;;172;11;173;24;;;170.0;0.0
-1;5100;VEV_5200;96;6;95;18;;;98;22;99;27;;;97.0;0.0
-1;5100;VEV_5300;54;29;;;;;56;19;;;;;55.0;0.0
-1;5100;VEV_5400;17;22;17;9;;;19;29;;;;;18.0;0.0
-1;5100;VEV_5500;6;23;;;;;7;25;;;;;6.5;0.0
-1;5100;VEV_6000;0;19;;;;;1;19;;;;;0.5;0.0
-1;5100;VEV_6500;0;11;;;;;1;11;;;;;0.5;0.0
-1;5200;HYDROGEL_PACK;9987;12;9985;30;;;10003;12;10006;30;;;9995.0;0.0
-1;5200;VELVETFRUIT_EXTRACT;5263;19;5262;53;;;5267;19;5268;37;;;5265.0;0.0
-1;5200;VEV_4000;1257;13;1254;25;;;1278;13;1281;25;;;1267.5;0.0
-1;5200;VEV_4500;750;6;749;12;748;12;766;6;768;12;;;758.0;0.0
-1;5200;VEV_5000;268;9;;;;;274;11;275;23;;;271.0;0.0
-1;5200;VEV_5100;170;9;;;;;174;8;;;;;172.0;0.0
-1;5200;VEV_5200;95;32;;;;;98;22;99;22;;;96.5;0.0
-1;5200;VEV_5300;54;25;;;;;56;24;;;;;55.0;0.0
-1;5200;VEV_5400;17;24;;;;;19;20;;;;;18.0;0.0
-1;5200;VEV_5500;6;21;;;;;7;24;;;;;6.5;0.0
-1;5200;VEV_6000;0;21;;;;;1;21;;;;;0.5;0.0
-1;5200;VEV_6500;0;16;;;;;1;16;;;;;0.5;0.0
-1;5300;HYDROGEL_PACK;9988;15;9985;28;;;10004;15;10006;28;;;9996.0;0.0
-1;5300;VELVETFRUIT_EXTRACT;5263;15;;;;;5269;21;;;;;5266.0;0.0
-1;5300;VEV_4000;1257;8;1254;15;;;1278;8;1281;15;;;1267.5;0.0
-1;5300;VEV_4500;749;6;747;14;;;765;6;767;14;;;757.0;0.0
-1;5300;VEV_5000;;;;;;;276;10;277;14;;;276.0;0.0
-1;5300;VEV_5100;171;9;170;23;;;175;10;176;24;;;173.0;0.0
-1;5300;VEV_5200;97;20;96;29;;;100;31;;;;;98.5;0.0
-1;5300;VEV_5300;53;22;;;;;56;20;;;;;54.5;0.0
-1;5300;VEV_5400;17;26;;;;;19;28;;;;;18.0;0.0
-1;5300;VEV_5500;6;25;;;;;7;24;;;;;6.5;0.0
-1;5300;VEV_6000;0;19;;;;;1;19;;;;;0.5;0.0
-1;5300;VEV_6500;0;14;;;;;1;14;;;;;0.5;0.0
-1;5400;HYDROGEL_PACK;9990;12;9987;28;;;10006;12;10008;28;;;9998.0;0.0
-1;5400;VELVETFRUIT_EXTRACT;5266;20;5265;33;5265;33;5271;42;;;;;5268.5;0.0
-1;5400;VEV_4000;1258;12;1255;30;;;1279;12;1282;30;;;1268.5;0.0
-1;5400;VEV_4500;748;6;746;19;;;764;6;766;19;;;756.0;0.0
-1;5400;VEV_5000;270;7;269;20;;;276;12;277;16;;;273.0;0.0
-1;5400;VEV_5100;171;12;170;22;;;176;24;;;;;173.5;0.0
-1;5400;VEV_5200;96;16;;;;;99;10;100;16;;;97.5;0.0
-1;5400;VEV_5300;53;30;;;;;56;25;57;21;;;54.5;0.0
-1;5400;VEV_5400;16;28;;;;;;;;;;;16.0;0.0
-1;5400;VEV_5500;6;24;;;;;7;24;;;;;6.5;0.0
-1;5400;VEV_6000;0;23;;;;;1;23;;;;;0.5;0.0
-1;5400;VEV_6500;0;14;;;;;1;14;;;;;0.5;0.0
-1;5500;HYDROGEL_PACK;9992;13;9990;20;;;10008;13;10011;20;;;10000.0;0.0
-1;5500;VELVETFRUIT_EXTRACT;5265;32;5265;17;;;5270;17;5271;37;;;5267.5;0.0
-1;5500;VEV_4000;1256;11;1253;28;;;1277;11;1279;28;;;1266.5;0.0
-1;5500;VEV_4500;745;24;;;;;763;12;765;24;;;754.0;0.0
-1;5500;VEV_5000;272;12;271;17;;;278;11;279;16;;;275.0;0.0
-1;5500;VEV_5100;172;8;;;;;177;12;;;;;174.5;0.0
-1;5500;VEV_5200;97;32;;;;;100;30;;;;;98.5;0.0
-1;5500;VEV_5300;54;28;;;;;56;16;;;;;55.0;0.0
-1;5500;VEV_5400;;;;;;;17;21;18;21;;;17.0;0.0
-1;5500;VEV_5500;6;19;;;;;7;19;;;;;6.5;0.0
-1;5500;VEV_6000;0;25;;;;;1;25;;;;;0.5;0.0
-1;5500;VEV_6500;0;15;;;;;1;15;;;;;0.5;0.0
-1;5600;HYDROGEL_PACK;9992;15;9989;23;;;10008;15;10010;23;;;10000.0;0.0
-1;5600;VELVETFRUIT_EXTRACT;5265;57;;;;;5270;19;5271;48;5272;32;5267.5;0.0
-1;5600;VEV_4000;1256;9;1253;15;;;1277;9;1279;15;;;1266.5;0.0
-1;5600;VEV_4500;748;7;747;9;746;18;766;18;;;;;757.0;0.0
-1;5600;VEV_5000;270;11;269;13;;;276;6;;;;;273.0;0.0
-1;5600;VEV_5100;172;34;171;20;;;176;10;;;;;174.0;0.0
-1;5600;VEV_5200;97;20;96;35;;;;;;;;;97.0;0.0
-1;5600;VEV_5300;53;24;;;;;55;21;;;;;54.0;0.0
-1;5600;VEV_5400;16;21;;;;;18;24;;;;;17.0;0.0
-1;5600;VEV_5500;6;25;;;;;7;21;;;;;6.5;0.0
-1;5600;VEV_6000;0;21;;;;;1;21;;;;;0.5;0.0
-1;5600;VEV_6500;0;17;;;;;1;17;;;;;0.5;0.0
-1;5700;HYDROGEL_PACK;9991;12;9988;26;;;10007;12;10009;26;;;9999.0;0.0
-1;5700;VELVETFRUIT_EXTRACT;5265;25;5264;37;;;5270;47;;;;;5267.5;0.0
-1;5700;VEV_4000;1256;12;1254;17;;;1278;12;1280;17;;;1267.0;0.0
-1;5700;VEV_4500;748;8;746;20;;;764;8;766;20;;;756.0;0.0
-1;5700;VEV_5000;270;7;269;14;;;277;17;;;;;273.5;0.0
-1;5700;VEV_5100;171;9;170;13;;;176;24;;;;;173.5;0.0
-1;5700;VEV_5200;97;7;96;19;;;99;27;100;27;;;98.0;0.0
-1;5700;VEV_5300;54;22;53;15;;;56;9;;;;;55.0;0.0
-1;5700;VEV_5400;16;27;16;28;;;18;17;;;;;17.0;0.0
-1;5700;VEV_5500;6;22;;;;;7;26;;;;;6.5;0.0
-1;5700;VEV_6000;0;22;;;;;1;22;;;;;0.5;0.0
-1;5700;VEV_6500;0;14;;;;;1;14;;;;;0.5;0.0
-1;5800;HYDROGEL_PACK;9991;11;9988;26;;;10007;11;10009;26;;;9999.0;0.0
-1;5800;VELVETFRUIT_EXTRACT;5264;30;;;;;5270;52;;;;;5267.0;0.0
-1;5800;VEV_4000;1257;10;1254;30;;;1278;10;1280;30;;;1267.5;0.0
-1;5800;VEV_4500;748;7;747;13;;;766;13;766;6;;;757.0;0.0
-1;5800;VEV_5000;270;12;;;;;276;12;277;16;;;273.0;0.0
-1;5800;VEV_5100;170;19;;;;;175;8;176;22;;;172.5;0.0
-1;5800;VEV_5200;96;9;;;;;99;23;;;;;97.5;0.0
-1;5800;VEV_5300;53;28;;;;;55;21;;;;;54.0;0.0
-1;5800;VEV_5400;15;29;;;;;17;24;;;;;16.0;0.0
-1;5800;VEV_5500;6;19;;;;;7;23;;;;;6.5;0.0
-1;5800;VEV_6000;0;25;;;;;1;25;;;;;0.5;0.0
-1;5800;VEV_6500;0;15;;;;;1;15;;;;;0.5;0.0
-1;5900;HYDROGEL_PACK;9993;10;9990;22;;;10009;10;10011;22;;;10001.0;0.0
-1;5900;VELVETFRUIT_EXTRACT;5265;50;5265;17;;;5271;45;;;;;5268.0;0.0
-1;5900;VEV_4000;1256;12;1254;22;;;1278;12;1280;22;;;1267.0;0.0
-1;5900;VEV_4500;749;11;747;23;;;767;23;;;;;758.0;0.0
-1;5900;VEV_5000;270;6;269;17;;;276;21;;;;;273.0;0.0
-1;5900;VEV_5100;171;23;170;31;;;175;7;176;21;;;173.0;0.0
-1;5900;VEV_5200;94;22;;;;;98;32;;;;;96.0;0.0
-1;5900;VEV_5300;53;19;;;;;55;23;;;;;54.0;0.0
-1;5900;VEV_5400;15;26;;;;;16;19;;;;;15.5;0.0
-1;5900;VEV_5500;6;26;;;;;7;23;;;;;6.5;0.0
-1;5900;VEV_6000;0;22;;;;;1;22;;;;;0.5;0.0
-1;5900;VEV_6500;0;13;;;;;1;13;;;;;0.5;0.0
-1;6000;HYDROGEL_PACK;9992;13;9990;25;;;10008;13;10011;25;;;10000.0;0.0
-1;6000;VELVETFRUIT_EXTRACT;5264;63;;;;;5270;45;;;;;5267.0;0.0
-1;6000;VEV_4000;1256;10;1253;27;;;1277;10;1280;27;;;1266.5;0.0
-1;6000;VEV_4500;749;10;748;10;747;21;765;10;766;22;767;21;757.0;0.0
-1;6000;VEV_5000;271;9;270;13;;;277;7;;;;;274.0;0.0
-1;6000;VEV_5100;171;11;;;;;;;;;;;171.0;0.0
-1;6000;VEV_5200;94;27;;;;;97;30;98;15;;;95.5;0.0
-1;6000;VEV_5300;53;27;;;;;55;21;;;;;54.0;0.0
-1;6000;VEV_5400;16;19;;;;;17;26;18;22;;;16.5;0.0
-1;6000;VEV_5500;6;27;;;;;7;20;;;;;6.5;0.0
-1;6000;VEV_6000;0;19;;;;;1;19;;;;;0.5;0.0
-1;6000;VEV_6500;0;13;;;;;1;13;;;;;0.5;0.0
-1;6100;HYDROGEL_PACK;9994;10;9992;30;;;10010;10;10013;30;;;10002.0;0.0
-1;6100;VELVETFRUIT_EXTRACT;5266;64;;;;;5271;22;5272;61;5273;48;5268.5;0.0
-1;6100;VEV_4000;1257;10;1254;30;;;1278;10;1281;30;;;1267.5;0.0
-1;6100;VEV_4500;;;;;;;766;8;767;17;;;766.0;0.0
-1;6100;VEV_5000;272;10;;;;;278;11;279;19;;;275.0;0.0
-1;6100;VEV_5100;171;17;;;;;;;;;;;171.0;0.0
-1;6100;VEV_5200;94;23;;;;;96;27;97;23;;;95.0;0.0
-1;6100;VEV_5300;53;22;;;;;;;;;;;53.0;0.0
-1;6100;VEV_5400;16;21;16;19;;;17;5;18;19;;;16.5;0.0
-1;6100;VEV_5500;6;21;;;;;7;22;;;;;6.5;0.0
-1;6100;VEV_6000;0;22;;;;;1;22;;;;;0.5;0.0
-1;6100;VEV_6500;0;14;;;;;1;14;;;;;0.5;0.0
-1;6200;HYDROGEL_PACK;9996;12;9993;25;;;10012;12;10014;25;;;10004.0;0.0
-1;6200;VELVETFRUIT_EXTRACT;5265;25;5264;38;;;5269;25;5270;47;;;5267.0;0.0
-1;6200;VEV_4000;1258;15;1256;28;;;1279;15;1282;28;;;1268.5;0.0
-1;6200;VEV_4500;751;8;749;19;;;767;8;769;19;;;759.0;0.0
-1;6200;VEV_5000;272;9;;;;;278;6;279;12;;;275.0;0.0
-1;6200;VEV_5100;172;27;;;;;176;10;;;;;174.0;0.0
-1;6200;VEV_5200;93;12;;;;;96;23;97;22;;;94.5;0.0
-1;6200;VEV_5300;53;21;;;;;55;24;56;25;;;54.0;0.0
-1;6200;VEV_5400;;;;;;;;;;;;;0.0;0.0
-1;6200;VEV_5500;6;25;;;;;7;16;;;;;6.5;0.0
-1;6200;VEV_6000;0;25;;;;;1;25;;;;;0.5;0.0
-1;6200;VEV_6500;0;15;;;;;1;15;;;;;0.5;0.0
-1;6300;HYDROGEL_PACK;9994;11;9992;30;;;10010;11;10013;30;;;10002.0;0.0
-1;6300;VELVETFRUIT_EXTRACT;5264;32;;;;;5270;30;;;;;5267.0;0.0
-1;6300;VEV_4000;1259;10;1256;21;;;1280;10;1282;21;;;1269.5;0.0
-1;6300;VEV_4500;750;12;748;21;;;766;12;768;21;;;758.0;0.0
-1;6300;VEV_5000;272;8;271;15;;;278;11;279;19;;;275.0;0.0
-1;6300;VEV_5100;171;20;;;;;175;12;176;26;;;173.0;0.0
-1;6300;VEV_5200;95;8;94;15;;;98;16;;;;;96.5;0.0
-1;6300;VEV_5300;53;27;;;;;56;13;;;;;54.5;0.0
-1;6300;VEV_5400;;;;;;;17;20;;;;;17.0;0.0
-1;6300;VEV_5500;6;24;;;;;7;18;;;;;6.5;0.0
-1;6300;VEV_6000;0;23;;;;;1;23;;;;;0.5;0.0
-1;6300;VEV_6500;0;11;;;;;1;11;;;;;0.5;0.0
-1;6400;HYDROGEL_PACK;9994;11;9992;23;;;10010;11;10013;23;;;10002.0;0.0
-1;6400;VELVETFRUIT_EXTRACT;5264;59;;;;;5270;33;;;;;5267.0;0.0
-1;6400;VEV_4000;1259;9;1256;18;;;1280;9;1283;18;;;1269.5;0.0
-1;6400;VEV_4500;750;10;748;16;;;768;16;;;;;759.0;0.0
-1;6400;VEV_5000;271;20;;;;;278;27;279;15;;;274.5;0.0
-1;6400;VEV_5100;170;29;169;19;;;174;30;175;26;;;172.0;0.0
-1;6400;VEV_5200;94;22;;;;;97;12;;;;;95.5;0.0
-1;6400;VEV_5300;53;25;;;;;55;20;;;;;54.0;0.0
-1;6400;VEV_5400;16;21;;;;;18;23;;;;;17.0;0.0
-1;6400;VEV_5500;6;20;;;;;7;24;;;;;6.5;0.0
-1;6400;VEV_6000;0;18;;;;;1;18;;;;;0.5;0.0
-1;6400;VEV_6500;0;15;;;;;1;15;;;;;0.5;0.0
-1;6500;HYDROGEL_PACK;9995;14;9993;29;;;10011;14;10014;29;;;10003.0;0.0
-1;6500;VELVETFRUIT_EXTRACT;5264;71;;;;;5269;15;5270;38;;;5266.5;0.0
-1;6500;VEV_4000;1258;14;1256;23;;;1280;14;1282;23;;;1269.0;0.0
-1;6500;VEV_4500;748;10;746;15;;;764;10;766;15;;;756.0;0.0
-1;6500;VEV_5000;273;12;272;19;;;279;24;280;23;;;276.0;0.0
-1;6500;VEV_5100;169;15;;;;;;;;;;;169.0;0.0
-1;6500;VEV_5200;93;28;;;;;96;12;97;21;;;94.5;0.0
-1;6500;VEV_5300;52;23;;;;;54;25;55;12;;;53.0;0.0
-1;6500;VEV_5400;;;;;;;18;25;;;;;18.0;0.0
-1;6500;VEV_5500;6;22;;;;;7;22;;;;;6.5;0.0
-1;6500;VEV_6000;0;27;;;;;1;27;;;;;0.5;0.0
-1;6500;VEV_6500;0;13;;;;;1;13;;;;;0.5;0.0
-1;6600;HYDROGEL_PACK;9992;12;9990;21;;;10008;12;10011;21;;;10000.0;0.0
-1;6600;VELVETFRUIT_EXTRACT;5265;20;5264;42;;;5270;37;;;;;5267.5;0.0
-1;6600;VEV_4000;1258;9;1255;26;;;1279;9;1282;26;;;1268.5;0.0
-1;6600;VEV_4500;749;8;747;12;;;767;12;;;;;758.0;0.0
-1;6600;VEV_5000;273;19;;;;;280;31;281;23;;;276.5;0.0
-1;6600;VEV_5100;170;6;169;19;;;175;17;;;;;172.5;0.0
-1;6600;VEV_5200;94;24;93;14;;;96;8;97;34;;;95.0;0.0
-1;6600;VEV_5300;52;5;;;;;54;19;;;;;53.0;0.0
-1;6600;VEV_5400;16;25;;;;;18;23;;;;;17.0;0.0
-1;6600;VEV_5500;6;15;;;;;7;18;;;;;6.5;0.0
-1;6600;VEV_6000;0;21;;;;;1;21;;;;;0.5;0.0
-1;6600;VEV_6500;0;15;;;;;1;15;;;;;0.5;0.0
-1;6700;HYDROGEL_PACK;9993;13;9990;28;;;10009;13;10011;28;;;10001.0;0.0
-1;6700;VELVETFRUIT_EXTRACT;5264;66;;;;;5270;58;;;;;5267.0;0.0
-1;6700;VEV_4000;1257;9;1255;21;;;1279;9;1281;21;;;1268.0;0.0
-1;6700;VEV_4500;748;9;746;18;;;764;9;766;18;;;756.0;0.0
-1;6700;VEV_5000;275;10;274;29;;;281;11;282;13;;;278.0;0.0
-1;6700;VEV_5100;170;25;169;27;;;174;6;175;23;;;172.0;0.0
-1;6700;VEV_5200;94;9;93;36;;;97;21;;;;;95.5;0.0
-1;6700;VEV_5300;51;8;;;;;54;25;;;;;52.5;0.0
-1;6700;VEV_5400;16;19;16;21;;;18;30;;;;;17.0;0.0
-1;6700;VEV_5500;6;24;;;;;7;23;;;;;6.5;0.0
-1;6700;VEV_6000;0;21;;;;;1;21;;;;;0.5;0.0
-1;6700;VEV_6500;0;19;;;;;1;19;;;;;0.5;0.0
-1;6800;HYDROGEL_PACK;9992;13;9990;30;;;10008;13;10011;30;;;10000.0;0.0
-1;6800;VELVETFRUIT_EXTRACT;5263;40;;;;;5269;58;5270;45;;;5266.0;0.0
-1;6800;VEV_4000;1258;15;1255;16;;;1279;15;1281;16;;;1268.5;0.0
-1;6800;VEV_4500;750;7;;;;;766;7;767;6;768;15;758.0;0.0
-1;6800;VEV_5000;273;10;272;13;;;279;22;280;16;;;276.0;0.0
-1;6800;VEV_5100;170;8;169;13;;;175;29;;;;;172.5;0.0
-1;6800;VEV_5200;94;29;93;21;;;97;21;;;;;95.5;0.0
-1;6800;VEV_5300;52;22;51;11;;;54;22;;;;;53.0;0.0
-1;6800;VEV_5400;16;26;;;;;17;3;18;16;;;16.5;0.0
-1;6800;VEV_5500;6;17;;;;;7;18;;;;;6.5;0.0
-1;6800;VEV_6000;0;22;;;;;1;22;;;;;0.5;0.0
-1;6800;VEV_6500;0;11;;;;;1;11;;;;;0.5;0.0
-1;6900;HYDROGEL_PACK;9990;15;9988;21;;;10006;15;10009;21;;;9998.0;0.0
-1;6900;VELVETFRUIT_EXTRACT;5263;50;5263;34;;;5269;63;;;;;5266.0;0.0
-1;6900;VEV_4000;1258;11;1255;21;;;1279;11;1282;21;;;1268.5;0.0
-1;6900;VEV_4500;749;10;747;16;;;767;16;;;;;758.0;0.0
-1;6900;VEV_5000;273;7;272;23;;;279;11;280;12;;;276.0;0.0
-1;6900;VEV_5100;170;29;;;;;174;7;175;19;;;172.0;0.0
-1;6900;VEV_5200;95;22;;;;;;;;;;;95.0;0.0
-1;6900;VEV_5300;51;6;;;;;53;20;;;;;52.0;0.0
-1;6900;VEV_5400;16;27;;;;;17;21;;;;;16.5;0.0
-1;6900;VEV_5500;6;21;;;;;7;19;;;;;6.5;0.0
-1;6900;VEV_6000;0;26;;;;;1;26;;;;;0.5;0.0
-1;6900;VEV_6500;0;20;;;;;1;20;;;;;0.5;0.0
-1;7000;HYDROGEL_PACK;9989;11;9986;20;;;10005;11;10007;20;;;9997.0;0.0
-1;7000;VELVETFRUIT_EXTRACT;5264;15;;;;;5270;67;;;;;5267.0;0.0
-1;7000;VEV_4000;1258;15;1256;19;;;1280;15;1282;19;;;1269.0;0.0
-1;7000;VEV_4500;751;6;749;15;;;767;6;769;15;;;759.0;0.0
-1;7000;VEV_5000;272;28;;;;;278;12;279;17;;;275.0;0.0
-1;7000;VEV_5100;169;6;;;;;173;6;;;;;171.0;0.0
-1;7000;VEV_5200;94;23;;;;;97;10;98;28;;;95.5;0.0
-1;7000;VEV_5300;51;19;;;;;53;19;;;;;52.0;0.0
-1;7000;VEV_5400;;;;;;;;;;;;;0.0;0.0
-1;7000;VEV_5500;6;25;;;;;7;24;;;;;6.5;0.0
-1;7000;VEV_6000;0;23;;;;;1;23;;;;;0.5;0.0
-1;7000;VEV_6500;0;17;;;;;1;17;;;;;0.5;0.0
-1;7100;HYDROGEL_PACK;9987;12;9985;27;;;10003;12;10006;27;;;9995.0;0.0
-1;7100;VELVETFRUIT_EXTRACT;5266;17;5265;35;5265;35;5271;38;;;;;5268.5;0.0
-1;7100;VEV_4000;1257;8;1255;19;;;1279;8;1281;19;;;1268.0;0.0
-1;7100;VEV_4500;751;12;749;23;;;767;12;768;7;769;23;759.0;0.0
-1;7100;VEV_5000;272;27;;;;;278;11;279;24;;;275.0;0.0
-1;7100;VEV_5100;170;6;;;;;174;12;;;;;172.0;0.0
-1;7100;VEV_5200;96;11;95;30;;;99;25;;;;;97.5;0.0
-1;7100;VEV_5300;51;25;;;;;53;25;54;12;;;52.0;0.0
-1;7100;VEV_5400;;;;;;;18;23;;;;;18.0;0.0
-1;7100;VEV_5500;6;20;;;;;7;21;;;;;6.5;0.0
-1;7100;VEV_6000;0;20;;;;;1;20;;;;;0.5;0.0
-1;7100;VEV_6500;0;16;;;;;1;16;;;;;0.5;0.0
-1;7200;HYDROGEL_PACK;9988;14;9986;22;;;10004;14;10007;22;;;9996.0;0.0
-1;7200;VELVETFRUIT_EXTRACT;5265;74;;;;;5270;19;5271;30;;;5267.5;0.0
-1;7200;VEV_4000;1256;13;1254;29;;;1278;13;1280;29;;;1267.0;0.0
-1;7200;VEV_4500;750;16;;;;;770;16;;;;;760.0;0.0
-1;7200;VEV_5000;272;12;271;13;;;278;31;279;19;;;275.0;0.0
-1;7200;VEV_5100;169;11;;;;;173;9;;;;;171.0;0.0
-1;7200;VEV_5200;94;26;;;;;98;24;;;;;96.0;0.0
-1;7200;VEV_5300;51;18;;;;;53;26;;;;;52.0;0.0
-1;7200;VEV_5400;16;17;;;;;;;;;;;16.0;0.0
-1;7200;VEV_5500;6;22;;;;;7;24;;;;;6.5;0.0
-1;7200;VEV_6000;0;24;;;;;1;24;;;;;0.5;0.0
-1;7200;VEV_6500;0;16;;;;;1;16;;;;;0.5;0.0
-1;7300;HYDROGEL_PACK;9986;13;9984;25;;;10002;13;10005;25;;;9994.0;0.0
-1;7300;VELVETFRUIT_EXTRACT;5263;48;;;;;5268;19;5269;68;5270;37;5265.5;0.0
-1;7300;VEV_4000;1256;13;1253;30;;;1277;13;1280;30;;;1266.5;0.0
-1;7300;VEV_4500;752;7;750;24;;;768;7;770;24;;;760.0;0.0
-1;7300;VEV_5000;272;19;;;;;279;7;280;16;;;275.5;0.0
-1;7300;VEV_5100;169;8;168;25;;;;;;;;;169.0;0.0
-1;7300;VEV_5200;96;11;95;18;;;99;24;;;;;97.5;0.0
-1;7300;VEV_5300;51;26;50;25;;;53;29;;;;;52.0;0.0
-1;7300;VEV_5400;16;24;;;;;17;24;18;20;;;16.5;0.0
-1;7300;VEV_5500;6;21;;;;;7;23;;;;;6.5;0.0
-1;7300;VEV_6000;0;24;;;;;1;24;;;;;0.5;0.0
-1;7300;VEV_6500;0;17;;;;;1;17;;;;;0.5;0.0
-1;7400;HYDROGEL_PACK;9986;12;9983;25;;;10004;25;;;;;9995.0;0.0
-1;7400;VELVETFRUIT_EXTRACT;5264;24;5263;65;;;5269;57;;;;;5266.5;0.0
-1;7400;VEV_4000;1254;11;1252;26;;;1275;11;1278;26;;;1264.5;0.0
-1;7400;VEV_4500;751;12;749;23;;;767;12;769;23;;;759.0;0.0
-1;7400;VEV_5000;273;6;272;16;;;279;25;280;24;;;276.0;0.0
-1;7400;VEV_5100;168;20;;;;;173;11;174;22;;;170.5;0.0
-1;7400;VEV_5200;95;22;94;25;;;98;21;;;;;96.5;0.0
-1;7400;VEV_5300;51;28;;;;;53;18;;;;;52.0;0.0
-1;7400;VEV_5400;;;;;;;18;17;;;;;18.0;0.0
-1;7400;VEV_5500;6;16;;;;;8;23;;;;;7.0;0.0
-1;7400;VEV_6000;0;28;;;;;1;28;;;;;0.5;0.0
-1;7400;VEV_6500;0;17;;;;;1;17;;;;;0.5;0.0
-1;7500;HYDROGEL_PACK;9984;15;9982;24;;;10000;15;10003;24;;;9992.0;0.0
-1;7500;VELVETFRUIT_EXTRACT;5264;32;;;;;5270;60;;;;;5267.0;0.0
-1;7500;VEV_4000;1253;7;1251;17;;;1274;7;1277;17;;;1263.5;0.0
-1;7500;VEV_4500;751;7;749;20;;;767;7;769;20;;;759.0;0.0
-1;7500;VEV_5000;272;6;271;20;;;278;8;;;;;275.0;0.0
-1;7500;VEV_5100;169;10;168;20;;;174;15;;;;;171.5;0.0
-1;7500;VEV_5200;93;16;;;;;97;12;;;;;95.0;0.0
-1;7500;VEV_5300;51;16;;;;;;;;;;;51.0;0.0
-1;7500;VEV_5400;16;25;;;;;;;;;;;16.0;0.0
-1;7500;VEV_5500;6;19;;;;;7;18;;;;;6.5;0.0
-1;7500;VEV_6000;0;26;;;;;1;26;;;;;0.5;0.0
-1;7500;VEV_6500;0;14;;;;;1;14;;;;;0.5;0.0
-1;7600;HYDROGEL_PACK;9987;10;9985;23;;;10003;10;10006;23;;;9995.0;0.0
-1;7600;VELVETFRUIT_EXTRACT;5264;65;;;;;5269;23;5270;47;5270;31;5266.5;0.0
-1;7600;VEV_4000;1253;12;1250;28;;;1274;12;1277;28;;;1263.5;0.0
-1;7600;VEV_4500;749;22;;;;;767;6;769;22;;;758.0;0.0
-1;7600;VEV_5000;271;10;270;21;;;277;10;278;15;;;274.0;0.0
-1;7600;VEV_5100;170;27;;;;;175;30;;;;;172.5;0.0
-1;7600;VEV_5200;94;34;93;32;;;96;28;97;22;;;95.0;0.0
-1;7600;VEV_5300;51;23;;;;;53;25;54;25;;;52.0;0.0
-1;7600;VEV_5400;;;;;;;17;25;;;;;17.0;0.0
-1;7600;VEV_5500;6;7;;;;;8;18;;;;;7.0;0.0
-1;7600;VEV_6000;0;21;;;;;1;21;;;;;0.5;0.0
-1;7600;VEV_6500;0;17;;;;;1;17;;;;;0.5;0.0
-1;7700;HYDROGEL_PACK;9986;11;9984;25;;;10002;11;10005;25;;;9994.0;0.0
-1;7700;VELVETFRUIT_EXTRACT;5264;50;;;;;5269;25;5270;60;;;5266.5;0.0
-1;7700;VEV_4000;1254;7;1251;27;;;1275;7;1277;27;;;1264.5;0.0
-1;7700;VEV_4500;751;8;749;16;;;767;8;769;16;;;759.0;0.0
-1;7700;VEV_5000;271;8;270;23;;;278;23;;;;;274.5;0.0
-1;7700;VEV_5100;170;28;169;21;;;174;9;175;14;;;172.0;0.0
-1;7700;VEV_5200;93;32;;;;;96;19;;;;;94.5;0.0
-1;7700;VEV_5300;;;;;;;53;22;54;11;;;53.0;0.0
-1;7700;VEV_5400;;;;;;;16;21;;;;;16.0;0.0
-1;7700;VEV_5500;6;27;;;;;7;24;;;;;6.5;0.0
-1;7700;VEV_6000;0;23;;;;;1;23;;;;;0.5;0.0
-1;7700;VEV_6500;0;20;;;;;1;20;;;;;0.5;0.0
-1;7800;HYDROGEL_PACK;9984;11;9981;30;;;10000;11;10002;30;;;9992.0;0.0
-1;7800;VELVETFRUIT_EXTRACT;5265;64;;;;;5271;43;;;;;5268.0;0.0
-1;7800;VEV_4000;1254;11;1251;30;;;1275;11;1277;30;;;1264.5;0.0
-1;7800;VEV_4500;753;11;751;17;;;769;11;771;17;;;761.0;0.0
-1;7800;VEV_5000;271;7;270;13;;;277;27;278;14;;;274.0;0.0
-1;7800;VEV_5100;171;23;170;27;;;175;8;176;17;;;173.0;0.0
-1;7800;VEV_5200;92;32;;;;;95;31;;;;;93.5;0.0
-1;7800;VEV_5300;51;25;;;;;53;19;;;;;52.0;0.0
-1;7800;VEV_5400;;;;;;;16;18;17;19;;;16.0;0.0
-1;7800;VEV_5500;6;24;;;;;7;21;;;;;6.5;0.0
-1;7800;VEV_6000;0;20;;;;;1;20;;;;;0.5;0.0
-1;7800;VEV_6500;0;18;;;;;1;18;;;;;0.5;0.0
-1;7900;HYDROGEL_PACK;9986;11;9983;23;;;10002;11;10004;23;;;9994.0;0.0
-1;7900;VELVETFRUIT_EXTRACT;5265;65;;;;;5271;36;;;;;5268.0;0.0
-1;7900;VEV_4000;1253;9;1250;17;;;1274;9;1276;17;;;1263.5;0.0
-1;7900;VEV_4500;753;7;751;16;;;769;7;771;16;;;761.0;0.0
-1;7900;VEV_5000;270;9;269;18;;;277;12;;;;;273.5;0.0
-1;7900;VEV_5100;171;27;;;;;;;;;;;171.0;0.0
-1;7900;VEV_5200;93;28;92;30;;;96;16;;;;;94.5;0.0
-1;7900;VEV_5300;51;26;;;;;53;24;;;;;52.0;0.0
-1;7900;VEV_5400;15;21;;;;;17;24;;;;;16.0;0.0
-1;7900;VEV_5500;6;25;;;;;8;21;;;;;7.0;0.0
-1;7900;VEV_6000;0;23;;;;;1;23;;;;;0.5;0.0
-1;7900;VEV_6500;0;13;;;;;1;13;;;;;0.5;0.0
-1;8000;HYDROGEL_PACK;9986;15;9983;21;;;10002;15;10004;21;;;9994.0;0.0
-1;8000;VELVETFRUIT_EXTRACT;5264;24;5263;20;;;5268;24;5269;66;;;5266.0;0.0
-1;8000;VEV_4000;1253;12;1251;30;;;1275;12;1277;30;;;1264.0;0.0
-1;8000;VEV_4500;753;12;752;7;751;19;769;12;771;19;;;761.0;0.0
-1;8000;VEV_5000;270;10;269;21;;;276;12;277;31;;;273.0;0.0
-1;8000;VEV_5100;172;9;;;;;176;32;177;23;;;174.0;0.0
-1;8000;VEV_5200;92;27;91;27;;;94;12;95;12;;;93.0;0.0
-1;8000;VEV_5300;51;25;;;;;53;23;;;;;52.0;0.0
-1;8000;VEV_5400;15;23;;;;;16;21;17;12;;;15.5;0.0
-1;8000;VEV_5500;6;30;;;;;7;24;;;;;6.5;0.0
-1;8000;VEV_6000;0;21;;;;;1;21;;;;;0.5;0.0
-1;8000;VEV_6500;0;18;;;;;1;18;;;;;0.5;0.0
-1;8100;HYDROGEL_PACK;9987;13;9985;24;;;10003;13;10006;24;;;9995.0;0.0
-1;8100;VELVETFRUIT_EXTRACT;5262;47;;;;;5267;25;5268;57;5269;45;5264.5;0.0
-1;8100;VEV_4000;1253;11;1250;20;;;1274;11;1277;20;;;1263.5;0.0
-1;8100;VEV_4500;752;9;750;19;;;768;9;770;19;;;760.0;0.0
-1;8100;VEV_5000;270;29;269;14;;;276;9;277;18;;;273.0;0.0
-1;8100;VEV_5100;172;9;;;;;176;11;;;;;174.0;0.0
-1;8100;VEV_5200;;;;;;;95;31;;;;;95.0;0.0
-1;8100;VEV_5300;51;25;50;10;;;;;;;;;51.0;0.0
-1;8100;VEV_5400;15;25;;;;;;;;;;;15.0;0.0
-1;8100;VEV_5500;6;20;;;;;7;20;;;;;6.5;0.0
-1;8100;VEV_6000;0;18;;;;;1;18;;;;;0.5;0.0
-1;8100;VEV_6500;0;18;;;;;1;18;;;;;0.5;0.0
-1;8200;HYDROGEL_PACK;9987;13;9985;24;;;10003;13;10006;24;;;9995.0;0.0
-1;8200;VELVETFRUIT_EXTRACT;5264;20;5263;45;;;5268;20;5269;42;;;5266.0;0.0
-1;8200;VEV_4000;1253;14;1251;18;;;1274;14;1277;18;;;1263.5;0.0
-1;8200;VEV_4500;753;7;751;13;;;769;7;771;13;;;761.0;0.0
-1;8200;VEV_5000;269;8;268;30;;;275;12;;;;;272.0;0.0
-1;8200;VEV_5100;172;30;;;;;176;6;177;18;;;174.0;0.0
-1;8200;VEV_5200;94;24;93;20;;;96;26;;;;;95.0;0.0
-1;8200;VEV_5300;51;25;;;;;53;20;;;;;52.0;0.0
-1;8200;VEV_5400;15;23;15;21;;;17;27;;;;;16.0;0.0
-1;8200;VEV_5500;6;28;;;;;8;29;;;;;7.0;0.0
-1;8200;VEV_6000;0;16;;;;;1;16;;;;;0.5;0.0
-1;8200;VEV_6500;0;15;;;;;1;15;;;;;0.5;0.0
-1;8300;HYDROGEL_PACK;9987;12;9984;25;;;10003;12;10005;25;;;9995.0;0.0
-1;8300;VELVETFRUIT_EXTRACT;5262;49;;;;;5268;44;;;;;5265.0;0.0
-1;8300;VEV_4000;1253;9;1250;20;;;1274;9;1276;20;;;1263.5;0.0
-1;8300;VEV_4500;754;6;752;19;;;770;6;771;9;772;19;762.0;0.0
-1;8300;VEV_5000;270;10;;;;;276;9;277;21;;;273.0;0.0
-1;8300;VEV_5100;173;31;172;16;;;178;36;;;;;175.5;0.0
-1;8300;VEV_5200;;;;;;;;;;;;;0.0;0.0
-1;8300;VEV_5300;51;5;;;;;53;24;;;;;52.0;0.0
-1;8300;VEV_5400;15;22;15;21;;;17;21;;;;;16.0;0.0
-1;8300;VEV_5500;6;21;;;;;8;19;;;;;7.0;0.0
-1;8300;VEV_6000;0;25;;;;;1;25;;;;;0.5;0.0
-1;8300;VEV_6500;0;17;;;;;1;17;;;;;0.5;0.0
-1;8400;HYDROGEL_PACK;9987;10;9984;26;;;10003;10;10005;26;;;9995.0;0.0
-1;8400;VELVETFRUIT_EXTRACT;5262;42;;;;;5268;59;5269;47;;;5265.0;0.0
-1;8400;VEV_4000;1253;7;1251;24;;;1274;7;1277;24;;;1263.5;0.0
-1;8400;VEV_4500;754;9;752;21;;;770;9;772;21;;;762.0;0.0
-1;8400;VEV_5000;269;8;268;24;;;275;12;276;12;;;272.0;0.0
-1;8400;VEV_5100;173;11;172;19;;;177;31;;;;;175.0;0.0
-1;8400;VEV_5200;92;30;;;;;96;25;;;;;94.0;0.0
-1;8400;VEV_5300;51;29;;;;;53;8;;;;;52.0;0.0
-1;8400;VEV_5400;15;23;;;;;17;22;;;;;16.0;0.0
-1;8400;VEV_5500;6;26;;;;;8;21;;;;;7.0;0.0
-1;8400;VEV_6000;0;25;;;;;1;25;;;;;0.5;0.0
-1;8400;VEV_6500;0;16;;;;;1;16;;;;;0.5;0.0
-1;8500;HYDROGEL_PACK;9989;11;9986;22;;;10005;11;10007;22;;;9997.0;0.0
-1;8500;VELVETFRUIT_EXTRACT;5264;60;5264;23;5263;38;5269;23;5270;47;;;5266.5;0.0
-1;8500;VEV_4000;1252;9;1250;23;;;1274;9;1276;23;;;1263.0;0.0
-1;8500;VEV_4500;755;11;;;;;771;11;773;20;;;763.0;0.0
-1;8500;VEV_5000;269;23;268;19;;;276;22;;;;;272.5;0.0
-1;8500;VEV_5100;172;19;;;;;177;20;178;12;;;174.5;0.0
-1;8500;VEV_5200;;;;;;;96;35;97;19;;;96.0;0.0
-1;8500;VEV_5300;51;21;50;15;;;53;20;;;;;52.0;0.0
-1;8500;VEV_5400;15;21;15;29;;;17;19;;;;;16.0;0.0
-1;8500;VEV_5500;7;26;;;;;8;28;;;;;7.5;0.0
-1;8500;VEV_6000;0;22;;;;;1;22;;;;;0.5;0.0
-1;8500;VEV_6500;0;16;;;;;1;16;;;;;0.5;0.0
-1;8600;HYDROGEL_PACK;9986;13;9984;23;;;10002;13;10005;23;;;9994.0;0.0
-1;8600;VELVETFRUIT_EXTRACT;5263;20;5262;56;;;5267;20;5268;61;;;5265.0;0.0
-1;8600;VEV_4000;1252;9;1250;27;;;1274;9;1276;27;;;1263.0;0.0
-1;8600;VEV_4500;754;6;752;15;;;770;6;771;7;772;15;762.0;0.0
-1;8600;VEV_5000;270;36;269;23;;;276;24;;;;;273.0;0.0
-1;8600;VEV_5100;172;14;;;;;177;10;178;16;;;174.5;0.0
-1;8600;VEV_5200;94;14;;;;;97;11;98;21;;;95.5;0.0
-1;8600;VEV_5300;51;16;;;;;53;16;;;;;52.0;0.0
-1;8600;VEV_5400;15;21;;;;;17;25;;;;;16.0;0.0
-1;8600;VEV_5500;7;27;;;;;8;29;;;;;7.5;0.0
-1;8600;VEV_6000;0;21;;;;;1;21;;;;;0.5;0.0
-1;8600;VEV_6500;0;15;;;;;1;15;;;;;0.5;0.0
-1;8700;HYDROGEL_PACK;9988;10;9985;28;;;10004;10;10006;28;;;9996.0;0.0
-1;8700;VELVETFRUIT_EXTRACT;5262;49;;;;;5267;22;5268;65;5269;37;5264.5;0.0
-1;8700;VEV_4000;1253;8;1250;19;;;1274;8;1277;19;;;1263.5;0.0
-1;8700;VEV_4500;755;6;753;12;;;771;6;773;12;;;763.0;0.0
-1;8700;VEV_5000;269;9;268;20;;;275;19;276;22;;;272.0;0.0
-1;8700;VEV_5100;;;;;;;176;12;;;;;176.0;0.0
-1;8700;VEV_5200;93;30;;;;;97;17;;;;;95.0;0.0
-1;8700;VEV_5300;51;25;;;;;53;28;54;15;;;52.0;0.0
-1;8700;VEV_5400;15;21;;;;;17;21;;;;;16.0;0.0
-1;8700;VEV_5500;7;5;;;;;8;21;;;;;7.5;0.0
-1;8700;VEV_6000;0;26;;;;;1;26;;;;;0.5;0.0
-1;8700;VEV_6500;0;18;;;;;1;18;;;;;0.5;0.0
-1;8800;HYDROGEL_PACK;9984;14;9981;27;;;10000;14;10002;27;;;9992.0;0.0
-1;8800;VELVETFRUIT_EXTRACT;5262;21;5261;49;5261;62;5267;30;;;;;5264.5;0.0
-1;8800;VEV_4000;1253;11;1251;18;;;1274;11;1277;18;;;1263.5;0.0
-1;8800;VEV_4500;755;8;754;9;753;13;771;8;773;13;;;763.0;0.0
-1;8800;VEV_5000;268;6;267;14;;;274;6;275;19;;;271.0;0.0
-1;8800;VEV_5100;171;21;170;12;;;175;30;176;19;;;173.0;0.0
-1;8800;VEV_5200;95;10;;;;;97;28;98;22;;;96.0;0.0
-1;8800;VEV_5300;51;16;;;;;53;30;;;;;52.0;0.0
-1;8800;VEV_5400;15;24;15;6;;;16;22;;;;;15.5;0.0
-1;8800;VEV_5500;6;21;;;;;8;23;;;;;7.0;0.0
-1;8800;VEV_6000;0;23;;;;;1;23;;;;;0.5;0.0
-1;8800;VEV_6500;0;14;;;;;1;14;;;;;0.5;0.0
-1;8900;HYDROGEL_PACK;9985;15;9982;27;;;10001;15;10003;27;;;9993.0;0.0
-1;8900;VELVETFRUIT_EXTRACT;5263;17;5262;59;;;5268;33;;;;;5265.5;0.0
-1;8900;VEV_4000;1251;8;1249;15;;;1273;8;1275;15;;;1262.0;0.0
-1;8900;VEV_4500;756;10;754;17;;;772;10;;;;;764.0;0.0
-1;8900;VEV_5000;268;7;267;16;;;275;13;;;;;271.5;0.0
-1;8900;VEV_5100;171;21;;;;;176;11;;;;;173.5;0.0
-1;8900;VEV_5200;;;;;;;97;23;98;19;;;97.0;0.0
-1;8900;VEV_5300;51;29;50;18;;;53;15;53;20;;;52.0;0.0
-1;8900;VEV_5400;;;;;;;17;22;;;;;17.0;0.0
-1;8900;VEV_5500;6;21;;;;;8;23;;;;;7.0;0.0
-1;8900;VEV_6000;0;24;;;;;1;24;;;;;0.5;0.0
-1;8900;VEV_6500;0;20;;;;;1;20;;;;;0.5;0.0
-1;9000;HYDROGEL_PACK;9987;10;9984;25;;;10003;10;10005;25;;;9995.0;0.0
-1;9000;VELVETFRUIT_EXTRACT;5264;65;5264;22;;;5269;22;5270;45;5270;30;5266.5;0.0
-1;9000;VEV_4000;1250;11;1248;24;;;1271;11;1274;24;;;1260.5;0.0
-1;9000;VEV_4500;754;12;752;16;;;770;12;772;16;;;762.0;0.0
-1;9000;VEV_5000;268;10;;;;;274;8;;;;;271.0;0.0
-1;9000;VEV_5100;172;12;;;;;176;23;;;;;174.0;0.0
-1;9000;VEV_5200;;;;;;;97;28;;;;;97.0;0.0
-1;9000;VEV_5300;51;20;;;;;;;;;;;51.0;0.0
-1;9000;VEV_5400;;;;;;;17;27;;;;;17.0;0.0
-1;9000;VEV_5500;6;22;;;;;8;25;;;;;7.0;0.0
-1;9000;VEV_6000;0;20;;;;;1;20;;;;;0.5;0.0
-1;9000;VEV_6500;0;14;;;;;1;14;;;;;0.5;0.0
-1;9100;HYDROGEL_PACK;9986;10;9984;26;;;10002;10;10005;26;;;9994.0;0.0
-1;9100;VELVETFRUIT_EXTRACT;5265;45;5265;18;;;5270;18;5271;55;;;5267.5;0.0
-1;9100;VEV_4000;1249;11;1247;22;;;1270;11;1273;22;;;1259.5;0.0
-1;9100;VEV_4500;753;10;;;;;770;12;772;20;;;761.5;0.0
-1;9100;VEV_5000;269;27;268;35;;;275;12;276;13;;;272.0;0.0
-1;9100;VEV_5100;173;24;;;;;178;24;;;;;175.5;0.0
-1;9100;VEV_5200;94;25;93;23;;;97;17;;;;;95.5;0.0
-1;9100;VEV_5300;51;25;50;19;;;53;19;;;;;52.0;0.0
-1;9100;VEV_5400;;;;;;;;;;;;;0.0;0.0
-1;9100;VEV_5500;6;15;;;;;8;30;;;;;7.0;0.0
-1;9100;VEV_6000;0;18;;;;;1;18;;;;;0.5;0.0
-1;9100;VEV_6500;0;14;;;;;1;14;;;;;0.5;0.0
-1;9200;HYDROGEL_PACK;9986;11;9984;20;;;10002;11;10005;20;;;9994.0;0.0
-1;9200;VELVETFRUIT_EXTRACT;5266;38;;;;;5271;17;5272;55;;;5268.5;0.0
-1;9200;VEV_4000;1248;13;1246;24;;;1269;13;1272;24;;;1258.5;0.0
-1;9200;VEV_4500;754;8;752;12;;;770;8;772;12;;;762.0;0.0
-1;9200;VEV_5000;268;24;;;;;275;10;276;13;;;271.5;0.0
-1;9200;VEV_5100;174;35;;;;;178;28;179;15;;;176.0;0.0
-1;9200;VEV_5200;92;26;;;;;95;10;;;;;93.5;0.0
-1;9200;VEV_5300;51;16;;;;;53;18;;;;;52.0;0.0
-1;9200;VEV_5400;16;15;;;;;17;22;18;20;;;16.5;0.0
-1;9200;VEV_5500;6;19;;;;;8;23;;;;;7.0;0.0
-1;9200;VEV_6000;0;16;;;;;1;16;;;;;0.5;0.0
-1;9200;VEV_6500;0;15;;;;;1;15;;;;;0.5;0.0
-1;9300;HYDROGEL_PACK;9981;26;;;;;9999;14;10002;26;;;9990.0;0.0
-1;9300;VELVETFRUIT_EXTRACT;5266;63;;;;;5271;25;5272;57;5273;47;5268.5;0.0
-1;9300;VEV_4000;1249;8;1246;19;;;1270;8;1273;19;;;1259.5;0.0
-1;9300;VEV_4500;754;8;752;19;;;770;8;772;19;;;762.0;0.0
-1;9300;VEV_5000;270;6;269;26;;;276;11;277;16;;;273.0;0.0
-1;9300;VEV_5100;174;10;173;34;;;178;27;179;28;;;176.0;0.0
-1;9300;VEV_5200;94;27;93;22;;;97;19;;;;;95.5;0.0
-1;9300;VEV_5300;49;11;;;;;52;19;53;27;;;50.5;0.0
-1;9300;VEV_5400;15;23;;;;;17;26;;;;;16.0;0.0
-1;9300;VEV_5500;7;20;;;;;8;23;;;;;7.5;0.0
-1;9300;VEV_6000;0;19;;;;;1;19;;;;;0.5;0.0
-1;9300;VEV_6500;0;19;;;;;1;19;;;;;0.5;0.0
-1;9400;HYDROGEL_PACK;9984;13;9981;25;;;10000;13;10002;25;;;9992.0;0.0
-1;9400;VELVETFRUIT_EXTRACT;5268;23;5267;67;;;5273;34;5274;34;;;5270.5;0.0
-1;9400;VEV_4000;1248;13;1246;19;;;1269;13;1272;19;;;1258.5;0.0
-1;9400;VEV_4500;753;9;751;20;;;769;9;771;20;;;761.0;0.0
-1;9400;VEV_5000;270;10;;;;;276;12;277;13;;;273.0;0.0
-1;9400;VEV_5100;173;17;;;;;178;20;179;24;;;175.5;0.0
-1;9400;VEV_5200;94;12;93;18;;;96;6;97;31;;;95.0;0.0
-1;9400;VEV_5300;50;22;;;;;52;21;;;;;51.0;0.0
-1;9400;VEV_5400;16;21;16;20;;;17;21;18;21;;;16.5;0.0
-1;9400;VEV_5500;7;24;;;;;8;23;;;;;7.5;0.0
-1;9400;VEV_6000;0;17;;;;;1;17;;;;;0.5;0.0
-1;9400;VEV_6500;0;13;;;;;1;13;;;;;0.5;0.0
-1;9500;HYDROGEL_PACK;9984;29;;;;;10003;13;10005;29;;;9993.5;0.0
-1;9500;VELVETFRUIT_EXTRACT;5265;58;;;;;5271;58;;;;;5268.0;0.0
-1;9500;VEV_4000;1247;7;1244;15;;;1268;7;1271;15;;;1257.5;0.0
-1;9500;VEV_4500;754;8;752;22;;;770;8;772;22;;;762.0;0.0
-1;9500;VEV_5000;270;31;269;13;;;276;6;;;;;273.0;0.0
-1;9500;VEV_5100;174;16;;;;;179;9;180;22;;;176.5;0.0
-1;9500;VEV_5200;95;9;94;23;;;98;13;;;;;96.5;0.0
-1;9500;VEV_5300;50;22;;;;;52;24;53;19;;;51.0;0.0
-1;9500;VEV_5400;;;;;;;17;22;;;;;17.0;0.0
-1;9500;VEV_5500;6;26;;;;;8;27;;;;;7.0;0.0
-1;9500;VEV_6000;0;22;;;;;1;22;;;;;0.5;0.0
-1;9500;VEV_6500;0;14;;;;;1;14;;;;;0.5;0.0
-1;9600;HYDROGEL_PACK;9988;13;9985;25;;;10004;13;10006;25;;;9996.0;0.0
-1;9600;VELVETFRUIT_EXTRACT;5267;47;;;;;5273;67;5274;37;;;5270.0;0.0
-1;9600;VEV_4000;1247;15;1245;15;;;1268;15;1271;15;;;1257.5;0.0
-1;9600;VEV_4500;753;9;751;20;;;769;9;771;20;;;761.0;0.0
-1;9600;VEV_5000;271;12;270;22;;;277;8;;;;;274.0;0.0
-1;9600;VEV_5100;;;;;;;177;28;178;15;;;177.0;0.0
-1;9600;VEV_5200;95;30;;;;;99;31;;;;;97.0;0.0
-1;9600;VEV_5300;50;20;;;;;52;22;;;;;51.0;0.0
-1;9600;VEV_5400;16;22;15;18;;;16;8;17;27;;;16.0;0.0
-1;9600;VEV_5500;6;29;;;;;7;23;;;;;6.5;0.0
-1;9600;VEV_6000;0;20;;;;;1;20;;;;;0.5;0.0
-1;9600;VEV_6500;0;14;;;;;1;14;;;;;0.5;0.0
-1;9700;HYDROGEL_PACK;9986;13;9983;25;;;10002;13;10004;25;;;9994.0;0.0
-1;9700;VELVETFRUIT_EXTRACT;5267;67;5266;37;;;5272;19;5273;42;;;5269.5;0.0
-1;9700;VEV_4000;1248;7;1246;29;;;1269;7;1272;29;;;1258.5;0.0
-1;9700;VEV_4500;754;10;752;17;;;770;10;772;17;;;762.0;0.0
-1;9700;VEV_5000;271;8;;;;;278;23;;;;;274.5;0.0
-1;9700;VEV_5100;172;17;;;;;177;8;;;;;174.5;0.0
-1;9700;VEV_5200;;;;;;;97;27;;;;;97.0;0.0
-1;9700;VEV_5300;50;20;;;;;52;8;;;;;51.0;0.0
-1;9700;VEV_5400;15;24;;;;;;;;;;;15.0;0.0
-1;9700;VEV_5500;6;23;;;;;8;19;;;;;7.0;0.0
-1;9700;VEV_6000;0;24;;;;;1;24;;;;;0.5;0.0
-1;9700;VEV_6500;0;7;;;;;1;7;;;;;0.5;0.0
-1;9800;HYDROGEL_PACK;9987;12;9985;23;;;10003;12;10006;23;;;9995.0;0.0
-1;9800;VELVETFRUIT_EXTRACT;5270;19;5269;43;;;5275;63;;;;;5272.5;0.0
-1;9800;VEV_4000;1248;13;1246;19;;;1269;13;1272;19;;;1258.5;0.0
-1;9800;VEV_4500;754;7;752;22;;;772;22;;;;;763.0;0.0
-1;9800;VEV_5000;270;7;269;23;;;276;9;277;17;;;273.0;0.0
-1;9800;VEV_5100;173;20;172;13;;;177;11;178;31;;;175.0;0.0
-1;9800;VEV_5200;94;22;;;;;98;19;;;;;96.0;0.0
-1;9800;VEV_5300;50;26;49;15;;;52;28;;;;;51.0;0.0
-1;9800;VEV_5400;15;25;;;;;17;21;;;;;16.0;0.0
-1;9800;VEV_5500;6;20;;;;;8;22;;;;;7.0;0.0
-1;9800;VEV_6000;0;19;;;;;1;19;;;;;0.5;0.0
-1;9800;VEV_6500;0;15;;;;;1;15;;;;;0.5;0.0
-1;9900;HYDROGEL_PACK;9984;12;9982;23;;;10000;12;10003;23;;;9992.0;0.0
-1;9900;VELVETFRUIT_EXTRACT;5269;57;;;;;5274;24;5275;34;5275;61;5271.5;0.0
-1;9900;VEV_4000;1248;7;1246;25;;;1269;7;1272;25;;;1258.5;0.0
-1;9900;VEV_4500;755;11;753;14;;;771;11;773;14;;;763.0;0.0
-1;9900;VEV_5000;;;;;;;276;7;277;14;;;276.0;0.0
-1;9900;VEV_5100;173;16;;;;;178;9;179;18;;;175.5;0.0
-1;9900;VEV_5200;95;22;94;29;;;97;6;98;17;;;96.0;0.0
-1;9900;VEV_5300;51;28;50;20;;;53;10;;;;;52.0;0.0
-1;9900;VEV_5400;15;22;;;;;;;;;;;15.0;0.0
-1;9900;VEV_5500;6;29;;;;;7;29;;;;;6.5;0.0
-1;9900;VEV_6000;0;17;;;;;1;17;;;;;0.5;0.0
-1;9900;VEV_6500;0;14;;;;;1;14;;;;;0.5;0.0
-1;10000;HYDROGEL_PACK;9987;11;9984;27;;;10003;11;10005;27;;;9995.0;0.0
-1;10000;VELVETFRUIT_EXTRACT;5269;33;;;;;5274;18;5275;17;;;5271.5;0.0
-1;10000;VEV_4000;1249;14;1246;29;;;1270;14;1273;29;;;1259.5;0.0
-1;10000;VEV_4500;753;23;;;;;774;23;;;;;763.5;0.0
-1;10000;VEV_5000;271;8;;;;;277;6;278;22;;;274.0;0.0
-1;10000;VEV_5100;175;6;174;24;;;179;23;;;;;177.0;0.0
-1;10000;VEV_5200;96;25;95;22;;;98;11;99;18;;;97.0;0.0
-1;10000;VEV_5300;51;18;;;;;;;;;;;51.0;0.0
-1;10000;VEV_5400;15;24;;;;;16;23;17;28;;;15.5;0.0
-1;10000;VEV_5500;6;25;;;;;7;25;;;;;6.5;0.0
-1;10000;VEV_6000;0;21;;;;;1;21;;;;;0.5;0.0
-1;10000;VEV_6500;0;14;;;;;1;14;;;;;0.5;0.0
-1;10100;HYDROGEL_PACK;9987;13;9984;23;;;10003;13;10005;23;;;9995.0;0.0
-1;10100;VELVETFRUIT_EXTRACT;5270;61;;;;;5276;56;;;;;5273.0;0.0
-1;10100;VEV_4000;1250;13;1247;17;;;1271;13;1273;17;;;1260.5;0.0
-1;10100;VEV_4500;754;7;752;18;;;770;7;772;18;;;762.0;0.0
-1;10100;VEV_5000;272;10;;;;;279;13;;;;;275.5;0.0
-1;10100;VEV_5100;;;;;;;178;33;;;;;178.0;0.0
-1;10100;VEV_5200;96;11;95;28;;;98;11;99;29;;;97.0;0.0
-1;10100;VEV_5300;51;27;;;;;53;24;;;;;52.0;0.0
-1;10100;VEV_5400;16;18;15;28;;;;;;;;;16.0;0.0
-1;10100;VEV_5500;6;20;;;;;7;22;;;;;6.5;0.0
-1;10100;VEV_6000;0;16;;;;;1;16;;;;;0.5;0.0
-1;10100;VEV_6500;0;17;;;;;1;17;;;;;0.5;0.0
-1;10200;HYDROGEL_PACK;9988;10;9985;21;;;10004;10;10006;21;;;9996.0;0.0
-1;10200;VELVETFRUIT_EXTRACT;5270;75;;;;;5275;22;5276;35;;;5272.5;0.0
-1;10200;VEV_4000;1252;11;1249;22;;;1273;11;1276;22;;;1262.5;0.0
-1;10200;VEV_4500;755;11;753;15;;;771;11;772;22;773;15;763.0;0.0
-1;10200;VEV_5000;272;8;271;15;;;279;15;;;;;275.5;0.0
-1;10200;VEV_5100;173;11;;;;;177;21;;;;;175.0;0.0
-1;10200;VEV_5200;95;20;;;;;99;18;;;;;97.0;0.0
-1;10200;VEV_5300;52;25;;;;;54;21;;;;;53.0;0.0
-1;10200;VEV_5400;;;;;;;17;17;18;28;;;17.0;0.0
-1;10200;VEV_5500;6;23;;;;;7;25;;;;;6.5;0.0
-1;10200;VEV_6000;0;23;;;;;1;23;;;;;0.5;0.0
-1;10200;VEV_6500;0;20;;;;;1;20;;;;;0.5;0.0
-1;10300;HYDROGEL_PACK;9989;12;9986;30;;;10005;12;10007;30;;;9997.0;0.0
-1;10300;VELVETFRUIT_EXTRACT;5272;19;5271;49;;;5277;59;;;;;5274.5;0.0
-1;10300;VEV_4000;1253;10;1250;19;;;1274;10;1277;19;;;1263.5;0.0
-1;10300;VEV_4500;755;6;754;6;753;13;771;6;773;13;;;763.0;0.0
-1;10300;VEV_5000;273;11;272;14;;;;;;;;;273.0;0.0
-1;10300;VEV_5100;171;22;;;;;176;6;;;;;173.5;0.0
-1;10300;VEV_5200;96;8;95;19;;;98;30;99;33;;;97.0;0.0
-1;10300;VEV_5300;52;9;;;;;54;6;;;;;53.0;0.0
-1;10300;VEV_5400;15;22;;;;;16;10;17;25;;;15.5;0.0
-1;10300;VEV_5500;6;19;;;;;7;24;;;;;6.5;0.0
-1;10300;VEV_6000;0;27;;;;;1;27;;;;;0.5;0.0
-1;10300;VEV_6500;0;12;;;;;1;12;;;;;0.5;0.0
-1;10400;HYDROGEL_PACK;9988;15;9986;26;;;10004;15;10007;26;;;9996.0;0.0
-1;10400;VELVETFRUIT_EXTRACT;5272;61;;;;;5277;25;5278;24;;;5274.5;0.0
-1;10400;VEV_4000;1254;14;1252;23;;;1275;14;1278;23;;;1264.5;0.0
-1;10400;VEV_4500;753;11;751;12;;;769;11;771;12;;;761.0;0.0
-1;10400;VEV_5000;273;6;272;32;;;279;29;;;;;276.0;0.0
-1;10400;VEV_5100;171;13;;;;;176;12;;;;;173.5;0.0
-1;10400;VEV_5200;96;12;;;;;98;12;99;12;;;97.0;0.0
-1;10400;VEV_5300;53;19;;;;;55;14;55;6;;;54.0;0.0
-1;10400;VEV_5400;16;7;15;27;;;17;30;;;;;16.5;0.0
-1;10400;VEV_5500;6;15;;;;;7;28;;;;;6.5;0.0
-1;10400;VEV_6000;0;18;;;;;1;18;;;;;0.5;0.0
-1;10400;VEV_6500;0;15;;;;;1;15;;;;;0.5;0.0
-1;10500;HYDROGEL_PACK;9991;15;9989;24;;;10007;15;10010;24;;;9999.0;0.0
-1;10500;VELVETFRUIT_EXTRACT;5271;35;;;;;5276;16;5277;46;;;5273.5;0.0
-1;10500;VEV_4000;1255;14;1253;19;;;1276;14;1279;19;;;1265.5;0.0
-1;10500;VEV_4500;753;14;;;;;771;9;773;14;;;762.0;0.0
-1;10500;VEV_5000;;;;;;;279;14;;;;;279.0;0.0
-1;10500;VEV_5100;172;27;171;12;;;177;15;;;;;174.5;0.0
-1;10500;VEV_5200;;;;;;;99;8;;;;;99.0;0.0
-1;10500;VEV_5300;52;28;51;16;;;54;25;;;;;53.0;0.0
-1;10500;VEV_5400;15;26;;;;;17;20;;;;;16.0;0.0
-1;10500;VEV_5500;6;19;;;;;7;18;;;;;6.5;0.0
-1;10500;VEV_6000;0;20;;;;;1;20;;;;;0.5;0.0
-1;10500;VEV_6500;0;21;;;;;1;21;;;;;0.5;0.0
-1;10600;HYDROGEL_PACK;9994;12;9992;29;;;10010;12;10013;29;;;10002.0;0.0
-1;10600;VELVETFRUIT_EXTRACT;5271;65;;;;;5277;55;;;;;5274.0;0.0
-1;10600;VEV_4000;1255;11;1252;24;;;1276;11;1279;24;;;1265.5;0.0
-1;10600;VEV_4500;754;11;752;17;;;772;17;;;;;763.0;0.0
-1;10600;VEV_5000;272;6;271;24;;;278;8;279;17;;;275.0;0.0
-1;10600;VEV_5100;172;10;171;22;;;176;12;177;24;;;174.0;0.0
-1;10600;VEV_5200;;;;;;;98;34;99;25;;;98.0;0.0
-1;10600;VEV_5300;52;20;;;;;54;21;;;;;53.0;0.0
-1;10600;VEV_5400;;;;;;;16;24;17;21;;;16.0;0.0
-1;10600;VEV_5500;6;19;;;;;7;21;;;;;6.5;0.0
-1;10600;VEV_6000;0;20;;;;;1;20;;;;;0.5;0.0
-1;10600;VEV_6500;0;17;;;;;1;17;;;;;0.5;0.0
-1;10700;HYDROGEL_PACK;9993;10;9990;23;;;10009;10;10011;23;;;10001.0;0.0
-1;10700;VELVETFRUIT_EXTRACT;5272;15;5271;33;;;5277;53;;;;;5274.5;0.0
-1;10700;VEV_4000;1256;8;1253;16;;;1277;8;1280;16;;;1266.5;0.0
-1;10700;VEV_4500;753;12;751;23;;;769;12;771;23;;;761.0;0.0
-1;10700;VEV_5000;273;8;;;;;279;7;280;13;;;276.0;0.0
-1;10700;VEV_5100;173;32;172;24;;;177;8;178;18;;;175.0;0.0
-1;10700;VEV_5200;97;21;;;;;99;22;100;25;;;98.0;0.0
-1;10700;VEV_5300;52;8;51;18;;;54;22;;;;;53.0;0.0
-1;10700;VEV_5400;15;28;;;;;16;18;17;17;;;15.5;0.0
-1;10700;VEV_5500;6;28;;;;;8;21;;;;;7.0;0.0
-1;10700;VEV_6000;0;26;;;;;1;26;;;;;0.5;0.0
-1;10700;VEV_6500;0;15;;;;;1;15;;;;;0.5;0.0
-1;10800;HYDROGEL_PACK;9993;11;9991;29;;;10009;11;10012;29;;;10001.0;0.0
-1;10800;VELVETFRUIT_EXTRACT;5272;23;5271;40;5271;45;5276;23;5277;71;;;5274.0;0.0
-1;10800;VEV_4000;1255;12;1253;17;;;1277;12;1279;17;;;1266.0;0.0
-1;10800;VEV_4500;751;10;749;17;;;767;10;;;;;759.0;0.0
-1;10800;VEV_5000;272;8;271;27;;;278;7;279;18;;;275.0;0.0
-1;10800;VEV_5100;172;14;;;;;177;11;178;21;;;174.5;0.0
-1;10800;VEV_5200;96;33;;;;;98;33;99;21;;;97.0;0.0
-1;10800;VEV_5300;52;18;;;;;54;24;55;11;;;53.0;0.0
-1;10800;VEV_5400;15;18;;;;;17;28;;;;;16.0;0.0
-1;10800;VEV_5500;6;16;;;;;8;24;;;;;7.0;0.0
-1;10800;VEV_6000;0;20;;;;;1;20;;;;;0.5;0.0
-1;10800;VEV_6500;0;12;;;;;1;12;;;;;0.5;0.0
-1;10900;HYDROGEL_PACK;9994;10;9991;26;;;10010;10;10012;26;;;10002.0;0.0
-1;10900;VELVETFRUIT_EXTRACT;5272;48;5272;25;;;5278;43;;;;;5275.0;0.0
-1;10900;VEV_4000;1256;9;1254;18;;;1277;9;1280;18;;;1266.5;0.0
-1;10900;VEV_4500;752;11;751;23;750;17;768;11;769;10;770;17;760.0;0.0
-1;10900;VEV_5000;273;28;272;14;;;280;19;;;;;276.5;0.0
-1;10900;VEV_5100;174;31;173;21;;;178;8;;;;;176.0;0.0
-1;10900;VEV_5200;95;20;;;;;99;16;;;;;97.0;0.0
-1;10900;VEV_5300;52;24;;;;;54;23;;;;;53.0;0.0
-1;10900;VEV_5400;15;23;;;;;16;18;17;17;;;15.5;0.0
-1;10900;VEV_5500;6;17;;;;;8;22;;;;;7.0;0.0
-1;10900;VEV_6000;0;27;;;;;1;27;;;;;0.5;0.0
-1;10900;VEV_6500;0;13;;;;;1;13;;;;;0.5;0.0
-1;11000;HYDROGEL_PACK;9997;14;9994;21;;;10013;14;10015;21;;;10005.0;0.0
-1;11000;VELVETFRUIT_EXTRACT;5272;17;5271;56;;;5276;17;5277;18;;;5274.0;0.0
-1;11000;VEV_4000;1256;11;1254;19;;;1278;11;1280;19;;;1267.0;0.0
-1;11000;VEV_4500;754;6;753;11;752;15;770;6;772;15;;;762.0;0.0
-1;11000;VEV_5000;274;12;;;;;280;11;281;13;;;277.0;0.0
-1;11000;VEV_5100;174;6;173;30;;;178;8;179;12;;;176.0;0.0
-1;11000;VEV_5200;96;10;;;;;99;14;;;;;97.5;0.0
-1;11000;VEV_5300;52;8;;;;;54;9;;;;;53.0;0.0
-1;11000;VEV_5400;;;;;;;17;17;;;;;17.0;0.0
-1;11000;VEV_5500;6;19;;;;;8;20;;;;;7.0;0.0
-1;11000;VEV_6000;0;23;;;;;1;23;;;;;0.5;0.0
-1;11000;VEV_6500;0;16;;;;;1;16;;;;;0.5;0.0
-1;11100;HYDROGEL_PACK;9996;13;9993;25;;;10012;13;10014;25;;;10004.0;0.0
-1;11100;VELVETFRUIT_EXTRACT;5271;75;;;;;5277;25;;;;;5274.0;0.0
-1;11100;VEV_4000;1257;10;1254;28;;;1278;10;1280;28;;;1267.5;0.0
-1;11100;VEV_4500;754;7;752;17;;;770;7;771;19;772;17;762.0;0.0
-1;11100;VEV_5000;272;12;271;18;;;278;12;279;26;;;275.0;0.0
-1;11100;VEV_5100;175;8;174;21;;;179;11;;;;;177.0;0.0
-1;11100;VEV_5200;97;27;;;;;100;16;;;;;98.5;0.0
-1;11100;VEV_5300;52;19;;;;;54;23;55;15;;;53.0;0.0
-1;11100;VEV_5400;;;;;;;17;23;;;;;17.0;0.0
-1;11100;VEV_5500;6;22;;;;;8;24;;;;;7.0;0.0
-1;11100;VEV_6000;;;;;;;1;24;;;;;1.0;0.0
-1;11100;VEV_6500;0;18;;;;;1;18;;;;;0.5;0.0
-1;11200;HYDROGEL_PACK;9995;14;9992;29;;;10011;14;10013;29;;;10003.0;0.0
-1;11200;VELVETFRUIT_EXTRACT;5273;18;5272;30;5272;59;5278;34;;;;;5275.5;0.0
-1;11200;VEV_4000;1256;15;1253;16;;;1277;15;1280;16;;;1266.5;0.0
-1;11200;VEV_4500;754;11;752;16;;;770;11;772;16;;;762.0;0.0
-1;11200;VEV_5000;273;33;272;17;;;279;25;;;;;276.0;0.0
-1;11200;VEV_5100;174;9;173;33;;;178;8;179;27;;;176.0;0.0
-1;11200;VEV_5200;96;12;95;36;;;98;27;;;;;97.0;0.0
-1;11200;VEV_5300;52;24;;;;;54;5;;;;;53.0;0.0
-1;11200;VEV_5400;16;24;15;27;;;17;25;;;;;16.5;0.0
-1;11200;VEV_5500;6;22;;;;;7;21;;;;;6.5;0.0
-1;11200;VEV_6000;0;25;;;;;1;25;;;;;0.5;0.0
-1;11200;VEV_6500;0;16;;;;;1;16;;;;;0.5;0.0
-1;11300;HYDROGEL_PACK;9994;13;9992;23;;;10010;13;10013;23;;;10002.0;0.0
-1;11300;VELVETFRUIT_EXTRACT;5271;67;;;;;5276;15;5277;33;;;5273.5;0.0
-1;11300;VEV_4000;1256;15;1253;29;;;1277;15;1279;29;;;1266.5;0.0
-1;11300;VEV_4500;754;7;;;;;770;7;771;10;772;14;762.0;0.0
-1;11300;VEV_5000;272;6;271;13;;;279;15;;;;;275.5;0.0
-1;11300;VEV_5100;172;26;;;;;177;6;178;22;;;174.5;0.0
-1;11300;VEV_5200;96;6;;;;;99;22;;;;;97.5;0.0
-1;11300;VEV_5300;52;16;;;;;54;28;;;;;53.0;0.0
-1;11300;VEV_5400;16;17;;;;;18;12;;;;;17.0;0.0
-1;11300;VEV_5500;6;20;;;;;8;25;;;;;7.0;0.0
-1;11300;VEV_6000;0;20;;;;;1;20;;;;;0.5;0.0
-1;11300;VEV_6500;0;18;;;;;1;18;;;;;0.5;0.0
-1;11400;HYDROGEL_PACK;9994;13;9992;28;;;10010;13;10013;28;;;10002.0;0.0
-1;11400;VELVETFRUIT_EXTRACT;5270;41;;;;;5276;45;;;;;5273.0;0.0
-1;11400;VEV_4000;1256;7;1254;15;;;1277;7;1280;15;;;1266.5;0.0
-1;11400;VEV_4500;754;7;752;20;;;770;7;772;20;;;762.0;0.0
-1;11400;VEV_5000;271;33;270;13;;;277;21;278;12;;;274.0;0.0
-1;11400;VEV_5100;172;6;171;23;;;176;23;177;15;;;174.0;0.0
-1;11400;VEV_5200;96;9;95;36;;;99;20;;;;;97.5;0.0
-1;11400;VEV_5300;52;21;;;;;54;24;;;;;53.0;0.0
-1;11400;VEV_5400;16;20;;;;;;;;;;;16.0;0.0
-1;11400;VEV_5500;6;22;;;;;8;23;;;;;7.0;0.0
-1;11400;VEV_6000;0;26;;;;;1;26;;;;;0.5;0.0
-1;11400;VEV_6500;0;18;;;;;1;18;;;;;0.5;0.0
-1;11500;HYDROGEL_PACK;9996;10;9993;24;;;10012;10;10014;24;;;10004.0;0.0
-1;11500;VELVETFRUIT_EXTRACT;5271;67;;;;;5277;56;;;;;5274.0;0.0
-1;11500;VEV_4000;1258;9;1255;15;;;1279;9;1282;15;;;1268.5;0.0
-1;11500;VEV_4500;755;9;753;12;;;771;9;773;12;;;763.0;0.0
-1;11500;VEV_5000;271;8;270;24;;;277;8;278;20;;;274.0;0.0
-1;11500;VEV_5100;172;12;171;21;;;176;21;;;;;174.0;0.0
-1;11500;VEV_5200;96;10;95;28;;;;;;;;;96.0;0.0
-1;11500;VEV_5300;52;22;;;;;;;;;;;52.0;0.0
-1;11500;VEV_5400;16;28;;;;;17;20;18;20;;;16.5;0.0
-1;11500;VEV_5500;6;28;;;;;8;19;;;;;7.0;0.0
-1;11500;VEV_6000;0;25;;;;;1;25;;;;;0.5;0.0
-1;11500;VEV_6500;0;15;;;;;1;15;;;;;0.5;0.0
-1;11600;HYDROGEL_PACK;9999;10;9997;28;;;10015;10;10018;28;;;10007.0;0.0
-1;11600;VELVETFRUIT_EXTRACT;5270;15;5269;47;;;5274;15;5275;62;5276;41;5272.0;0.0
-1;11600;VEV_4000;1257;9;1254;29;;;1278;9;1280;29;;;1267.5;0.0
-1;11600;VEV_4500;755;11;753;14;;;773;14;;;;;764.0;0.0
-1;11600;VEV_5000;272;7;271;13;;;278;10;279;14;;;275.0;0.0
-1;11600;VEV_5100;173;12;172;28;;;;;;;;;173.0;0.0
-1;11600;VEV_5200;95;9;94;20;;;97;12;;;;;96.0;0.0
-1;11600;VEV_5300;52;21;51;17;;;54;8;;;;;53.0;0.0
-1;11600;VEV_5400;16;17;;;;;;;;;;;16.0;0.0
-1;11600;VEV_5500;6;26;;;;;8;24;;;;;7.0;0.0
-1;11600;VEV_6000;0;22;;;;;1;22;;;;;0.5;0.0
-1;11600;VEV_6500;0;10;;;;;1;10;;;;;0.5;0.0
-1;11700;HYDROGEL_PACK;10001;11;9998;26;;;10017;11;10019;26;;;10009.0;0.0
-1;11700;VELVETFRUIT_EXTRACT;5268;59;;;;;5273;19;5274;30;;;5270.5;0.0
-1;11700;VEV_4000;1257;14;1255;15;;;1278;14;1281;15;;;1267.5;0.0
-1;11700;VEV_4500;755;6;753;21;;;771;6;773;21;;;763.0;0.0
-1;11700;VEV_5000;272;6;271;13;;;278;7;279;12;;;275.0;0.0
-1;11700;VEV_5100;172;27;;;;;176;10;;;;;174.0;0.0
-1;11700;VEV_5200;95;24;;;;;;;;;;;95.0;0.0
-1;11700;VEV_5300;51;26;;;;;53;18;;;;;52.0;0.0
-1;11700;VEV_5400;;;;;;;16;19;;;;;16.0;0.0
-1;11700;VEV_5500;6;27;;;;;7;24;;;;;6.5;0.0
-1;11700;VEV_6000;0;20;;;;;1;20;;;;;0.5;0.0
-1;11700;VEV_6500;0;14;;;;;1;14;;;;;0.5;0.0
-1;11800;HYDROGEL_PACK;9998;11;9996;24;;;10014;11;10017;24;;;10006.0;0.0
-1;11800;VELVETFRUIT_EXTRACT;5269;40;5269;25;5268;34;5275;25;;;;;5272.0;0.0
-1;11800;VEV_4000;1259;13;1256;25;;;1280;13;1283;25;;;1269.5;0.0
-1;11800;VEV_4500;756;12;754;21;;;772;12;773;6;774;21;764.0;0.0
-1;11800;VEV_5000;273;24;272;17;;;279;11;280;24;;;276.0;0.0
-1;11800;VEV_5100;172;6;;;;;176;10;;;;;174.0;0.0
-1;11800;VEV_5200;96;9;95;19;;;98;12;99;22;;;97.0;0.0
-1;11800;VEV_5300;51;21;;;;;53;5;54;22;;;52.0;0.0
-1;11800;VEV_5400;16;22;15;22;;;17;25;;;;;16.5;0.0
-1;11800;VEV_5500;6;20;;;;;7;26;;;;;6.5;0.0
-1;11800;VEV_6000;0;19;;;;;1;19;;;;;0.5;0.0
-1;11800;VEV_6500;0;18;;;;;1;18;;;;;0.5;0.0
-1;11900;HYDROGEL_PACK;10000;11;9997;27;;;10016;11;10018;27;;;10008.0;0.0
-1;11900;VELVETFRUIT_EXTRACT;5269;22;;;;;5274;20;5275;57;;;5271.5;0.0
-1;11900;VEV_4000;1259;15;1256;17;;;1280;15;1283;17;;;1269.5;0.0
-1;11900;VEV_4500;754;10;752;13;;;772;13;;;;;763.0;0.0
-1;11900;VEV_5000;271;10;;;;;278;13;;;;;274.5;0.0
-1;11900;VEV_5100;172;35;;;;;176;20;;;;;174.0;0.0
-1;11900;VEV_5200;96;12;95;25;;;99;26;;;;;97.5;0.0
-1;11900;VEV_5300;51;23;;;;;53;22;;;;;52.0;0.0
-1;11900;VEV_5400;15;22;;;;;16;22;17;27;;;15.5;0.0
-1;11900;VEV_5500;6;27;;;;;7;20;;;;;6.5;0.0
-1;11900;VEV_6000;0;28;;;;;1;28;;;;;0.5;0.0
-1;11900;VEV_6500;0;20;;;;;1;20;;;;;0.5;0.0
-1;12000;HYDROGEL_PACK;10004;11;10001;20;;;10020;11;10022;20;;;10012.0;0.0
-1;12000;VELVETFRUIT_EXTRACT;5269;42;5269;38;;;5275;48;5276;42;;;5272.0;0.0
-1;12000;VEV_4000;1258;7;1256;27;;;1280;7;1282;27;;;1269.0;0.0
-1;12000;VEV_4500;752;6;751;16;;;769;12;771;16;;;760.5;0.0
-1;12000;VEV_5000;271;6;;;;;277;33;278;20;;;274.0;0.0
-1;12000;VEV_5100;172;8;171;26;;;176;8;177;17;;;174.0;0.0
-1;12000;VEV_5200;95;14;;;;;98;22;99;32;;;96.5;0.0
-1;12000;VEV_5300;50;19;;;;;52;18;;;;;51.0;0.0
-1;12000;VEV_5400;15;23;15;26;;;16;24;17;26;;;15.5;0.0
-1;12000;VEV_5500;6;25;;;;;7;19;;;;;6.5;0.0
-1;12000;VEV_6000;0;21;;;;;1;21;;;;;0.5;0.0
-1;12000;VEV_6500;0;11;;;;;1;11;;;;;0.5;0.0
-1;12100;HYDROGEL_PACK;10002;14;9999;24;;;10018;14;10020;24;;;10010.0;0.0
-1;12100;VELVETFRUIT_EXTRACT;5270;40;5270;34;;;5275;22;5276;63;;;5272.5;0.0
-1;12100;VEV_4000;1259;9;1256;15;;;1280;9;1283;15;;;1269.5;0.0
-1;12100;VEV_4500;754;10;752;23;;;770;10;772;23;;;762.0;0.0
-1;12100;VEV_5000;272;12;271;24;;;278;11;279;21;;;275.0;0.0
-1;12100;VEV_5100;170;22;;;;;175;29;;;;;172.5;0.0
-1;12100;VEV_5200;94;32;;;;;97;33;98;27;;;95.5;0.0
-1;12100;VEV_5300;51;24;;;;;;;;;;;51.0;0.0
-1;12100;VEV_5400;15;19;;;;;17;24;;;;;16.0;0.0
-1;12100;VEV_5500;6;30;;;;;8;27;;;;;7.0;0.0
-1;12100;VEV_6000;0;23;;;;;1;23;;;;;0.5;0.0
-1;12100;VEV_6500;0;17;;;;;1;17;;;;;0.5;0.0
-1;12200;HYDROGEL_PACK;10001;12;9999;25;;;10017;12;10020;25;;;10009.0;0.0
-1;12200;VELVETFRUIT_EXTRACT;5270;44;;;;;5276;72;;;;;5273.0;0.0
-1;12200;VEV_4000;1259;8;1256;28;;;1280;8;1283;28;;;1269.5;0.0
-1;12200;VEV_4500;754;6;752;17;;;770;6;771;6;772;17;762.0;0.0
-1;12200;VEV_5000;271;30;270;16;;;277;10;278;32;;;274.0;0.0
-1;12200;VEV_5100;170;25;169;27;;;175;18;;;;;172.5;0.0
-1;12200;VEV_5200;94;22;;;;;97;27;98;21;;;95.5;0.0
-1;12200;VEV_5300;51;24;;;;;53;21;;;;;52.0;0.0
-1;12200;VEV_5400;15;18;;;;;17;20;;;;;16.0;0.0
-1;12200;VEV_5500;6;20;;;;;7;19;;;;;6.5;0.0
-1;12200;VEV_6000;0;28;;;;;1;28;;;;;0.5;0.0
-1;12200;VEV_6500;0;15;;;;;1;15;;;;;0.5;0.0
-1;12300;HYDROGEL_PACK;10002;10;10000;24;;;10018;10;10021;24;;;10010.0;0.0
-1;12300;VELVETFRUIT_EXTRACT;5272;54;;;;;5277;21;5278;63;;;5274.5;0.0
-1;12300;VEV_4000;1259;9;1256;23;;;1280;9;1282;23;;;1269.5;0.0
-1;12300;VEV_4500;756;8;754;24;;;774;24;;;;;765.0;0.0
-1;12300;VEV_5000;268;10;267;18;;;274;12;275;25;;;271.0;0.0
-1;12300;VEV_5100;171;24;170;24;;;176;28;;;;;173.5;0.0
-1;12300;VEV_5200;95;12;94;15;;;98;14;;;;;96.5;0.0
-1;12300;VEV_5300;51;23;;;;;53;19;;;;;52.0;0.0
-1;12300;VEV_5400;15;24;;;;;17;12;;;;;16.0;0.0
-1;12300;VEV_5500;6;19;;;;;7;25;;;;;6.5;0.0
-1;12300;VEV_6000;0;28;;;;;1;28;;;;;0.5;0.0
-1;12300;VEV_6500;0;17;;;;;1;17;;;;;0.5;0.0
-1;12400;HYDROGEL_PACK;9999;28;;;;;10017;15;10020;28;;;10008.0;0.0
-1;12400;VELVETFRUIT_EXTRACT;5272;55;;;;;5278;41;;;;;5275.0;0.0
-1;12400;VEV_4000;1258;12;1255;20;;;1279;12;1282;20;;;1268.5;0.0
-1;12400;VEV_4500;;;;;;;773;11;776;13;;;773.0;0.0
-1;12400;VEV_5000;269;9;268;21;;;275;23;276;13;;;272.0;0.0
-1;12400;VEV_5100;172;9;;;;;176;6;177;21;;;174.0;0.0
-1;12400;VEV_5200;;;;;;;97;33;98;31;;;97.0;0.0
-1;12400;VEV_5300;51;27;50;25;;;53;16;;;;;52.0;0.0
-1;12400;VEV_5400;15;15;;;;;17;21;;;;;16.0;0.0
-1;12400;VEV_5500;6;21;;;;;7;23;;;;;6.5;0.0
-1;12400;VEV_6000;0;26;;;;;1;26;;;;;0.5;0.0
-1;12400;VEV_6500;0;16;;;;;1;16;;;;;0.5;0.0
-1;12500;HYDROGEL_PACK;10000;13;9998;30;;;10016;13;10019;30;;;10008.0;0.0
-1;12500;VELVETFRUIT_EXTRACT;5274;20;5273;63;;;5278;20;5279;40;;;5276.0;0.0
-1;12500;VEV_4000;1257;14;1255;19;;;1279;14;1281;19;;;1268.0;0.0
-1;12500;VEV_4500;756;10;755;10;754;16;772;10;773;6;774;16;764.0;0.0
-1;12500;VEV_5000;268;17;;;;;275;8;276;18;;;271.5;0.0
-1;12500;VEV_5100;172;12;171;29;;;176;10;177;29;;;174.0;0.0
-1;12500;VEV_5200;95;32;94;27;;;98;12;;;;;96.5;0.0
-1;12500;VEV_5300;52;19;;;;;54;30;;;;;53.0;0.0
-1;12500;VEV_5400;15;23;;;;;;;;;;;15.0;0.0
-1;12500;VEV_5500;6;19;;;;;7;23;;;;;6.5;0.0
-1;12500;VEV_6000;0;23;;;;;1;23;;;;;0.5;0.0
-1;12500;VEV_6500;0;19;;;;;1;19;;;;;0.5;0.0
-1;12600;HYDROGEL_PACK;10000;12;9997;27;;;10016;12;10018;27;;;10008.0;0.0
-1;12600;VELVETFRUIT_EXTRACT;5272;38;;;;;5278;30;5279;35;;;5275.0;0.0
-1;12600;VEV_4000;1255;7;1253;18;;;1277;7;1279;18;;;1266.0;0.0
-1;12600;VEV_4500;755;8;753;22;;;771;8;773;22;;;763.0;0.0
-1;12600;VEV_5000;268;29;267;21;;;274;9;275;15;;;271.0;0.0
-1;12600;VEV_5100;173;26;172;25;;;177;12;178;25;;;175.0;0.0
-1;12600;VEV_5200;95;8;;;;;98;23;;;;;96.5;0.0
-1;12600;VEV_5300;52;18;;;;;54;24;54;24;;;53.0;0.0
-1;12600;VEV_5400;15;16;;;;;17;24;;;;;16.0;0.0
-1;12600;VEV_5500;6;16;;;;;7;18;;;;;6.5;0.0
-1;12600;VEV_6000;0;17;;;;;1;17;;;;;0.5;0.0
-1;12600;VEV_6500;0;12;;;;;1;12;;;;;0.5;0.0
-1;12700;HYDROGEL_PACK;10000;14;9998;28;;;10016;14;10019;28;;;10008.0;0.0
-1;12700;VELVETFRUIT_EXTRACT;5272;65;5271;45;;;5277;18;5278;34;;;5274.5;0.0
-1;12700;VEV_4000;1254;11;1251;17;;;1275;11;1278;17;;;1264.5;0.0
-1;12700;VEV_4500;753;8;751;22;;;769;8;771;22;;;761.0;0.0
-1;12700;VEV_5000;268;9;;;;;274;30;275;21;;;271.0;0.0
-1;12700;VEV_5100;173;8;172;20;;;177;32;178;25;;;175.0;0.0
-1;12700;VEV_5200;93;26;;;;;96;25;;;;;94.5;0.0
-1;12700;VEV_5300;51;26;50;12;;;53;26;54;23;;;52.0;0.0
-1;12700;VEV_5400;15;29;;;;;17;22;;;;;16.0;0.0
-1;12700;VEV_5500;6;20;;;;;7;22;;;;;6.5;0.0
-1;12700;VEV_6000;0;21;;;;;1;21;;;;;0.5;0.0
-1;12700;VEV_6500;0;19;;;;;1;19;;;;;0.5;0.0
-1;12800;HYDROGEL_PACK;10003;10;10000;23;;;10019;10;10021;23;;;10011.0;0.0
-1;12800;VELVETFRUIT_EXTRACT;5271;30;;;;;5277;17;;;;;5274.0;0.0
-1;12800;VEV_4000;1254;8;1251;22;;;1275;8;1277;22;;;1264.5;0.0
-1;12800;VEV_4500;752;7;750;16;;;770;16;;;;;761.0;0.0
-1;12800;VEV_5000;267;11;266;21;;;273;8;274;19;;;270.0;0.0
-1;12800;VEV_5100;173;12;;;;;177;8;178;27;;;175.0;0.0
-1;12800;VEV_5200;94;24;;;;;98;24;;;;;96.0;0.0
-1;12800;VEV_5300;51;23;;;;;53;6;;;;;52.0;0.0
-1;12800;VEV_5400;;;;;;;16;18;17;25;;;16.0;0.0
-1;12800;VEV_5500;6;21;;;;;7;21;;;;;6.5;0.0
-1;12800;VEV_6000;0;18;;;;;1;18;;;;;0.5;0.0
-1;12800;VEV_6500;0;14;;;;;1;14;;;;;0.5;0.0
-1;12900;HYDROGEL_PACK;10004;15;10002;22;;;10020;15;10023;22;;;10012.0;0.0
-1;12900;VELVETFRUIT_EXTRACT;5272;21;5271;47;;;5277;46;;;;;5274.5;0.0
-1;12900;VEV_4000;1252;14;1250;22;;;1273;14;1276;22;;;1262.5;0.0
-1;12900;VEV_4500;751;10;749;20;;;769;20;;;;;760.0;0.0
-1;12900;VEV_5000;267;16;;;;;274;9;275;15;;;270.5;0.0
-1;12900;VEV_5100;174;10;173;27;;;178;7;179;25;;;176.0;0.0
-1;12900;VEV_5200;94;27;;;;;97;8;98;24;;;95.5;0.0
-1;12900;VEV_5300;51;22;;;;;53;5;;;;;52.0;0.0
-1;12900;VEV_5400;;;;;;;17;23;;;;;17.0;0.0
-1;12900;VEV_5500;6;22;;;;;7;20;;;;;6.5;0.0
-1;12900;VEV_6000;0;27;;;;;1;27;;;;;0.5;0.0
-1;12900;VEV_6500;0;14;;;;;1;14;;;;;0.5;0.0
-1;13000;HYDROGEL_PACK;10005;13;10002;28;;;10021;13;10023;28;;;10013.0;0.0
-1;13000;VELVETFRUIT_EXTRACT;5270;43;;;;;5276;52;;;;;5273.0;0.0
-1;13000;VEV_4000;1252;11;1249;22;;;1273;11;1275;22;;;1262.5;0.0
-1;13000;VEV_4500;749;12;;;;;767;7;769;12;;;758.0;0.0
-1;13000;VEV_5000;269;23;268;16;;;275;6;276;13;;;272.0;0.0
-1;13000;VEV_5100;173;14;;;;;;;;;;;173.0;0.0
-1;13000;VEV_5200;96;22;;;;;98;6;99;27;;;97.0;0.0
-1;13000;VEV_5300;51;21;50;10;;;53;25;54;15;;;52.0;0.0
-1;13000;VEV_5400;15;30;;;;;17;19;;;;;16.0;0.0
-1;13000;VEV_5500;6;20;;;;;7;29;;;;;6.5;0.0
-1;13000;VEV_6000;0;24;;;;;1;24;;;;;0.5;0.0
-1;13000;VEV_6500;0;20;;;;;1;20;;;;;0.5;0.0
-1;13100;HYDROGEL_PACK;10007;11;10004;23;;;10023;11;10026;23;;;10015.0;0.0
-1;13100;VELVETFRUIT_EXTRACT;5272;24;5271;36;;;5276;24;5277;57;;;5274.0;0.0
-1;13100;VEV_4000;1252;10;1249;15;;;1273;10;1276;15;;;1262.5;0.0
-1;13100;VEV_4500;750;11;748;13;;;766;11;768;13;;;758.0;0.0
-1;13100;VEV_5000;269;22;;;;;276;24;277;12;;;272.5;0.0
-1;13100;VEV_5100;173;29;;;;;178;24;179;16;;;175.5;0.0
-1;13100;VEV_5200;95;32;;;;;98;23;99;12;;;96.5;0.0
-1;13100;VEV_5300;51;25;;;;;53;27;54;20;;;52.0;0.0
-1;13100;VEV_5400;16;28;;;;;17;22;18;12;;;16.5;0.0
-1;13100;VEV_5500;6;17;;;;;7;22;;;;;6.5;0.0
-1;13100;VEV_6000;0;27;;;;;1;27;;;;;0.5;0.0
-1;13100;VEV_6500;0;15;;;;;1;15;;;;;0.5;0.0
-1;13200;HYDROGEL_PACK;10011;15;10009;30;;;10027;15;10030;30;;;10019.0;0.0
-1;13200;VELVETFRUIT_EXTRACT;5270;18;5269;48;5269;32;5275;47;5276;48;;;5272.5;0.0
-1;13200;VEV_4000;1253;14;1250;15;;;1274;14;1276;15;;;1263.5;0.0
-1;13200;VEV_4500;749;9;747;15;;;765;9;767;15;;;757.0;0.0
-1;13200;VEV_5000;268;26;;;;;275;12;276;29;;;271.5;0.0
-1;13200;VEV_5100;173;24;172;20;;;;;;;;;173.0;0.0
-1;13200;VEV_5200;95;11;;;;;97;7;98;34;;;96.0;0.0
-1;13200;VEV_5300;51;19;;;;;53;19;;;;;52.0;0.0
-1;13200;VEV_5400;16;13;16;23;;;;;;;;;16.0;0.0
-1;13200;VEV_5500;6;24;;;;;7;10;;;;;6.5;0.0
-1;13200;VEV_6000;0;22;;;;;1;22;;;;;0.5;0.0
-1;13200;VEV_6500;0;14;;;;;1;14;;;;;0.5;0.0
-1;13300;HYDROGEL_PACK;10009;14;10007;30;;;10025;14;10028;30;;;10017.0;0.0
-1;13300;VELVETFRUIT_EXTRACT;5270;44;;;;;5276;42;5277;38;;;5273.0;0.0
-1;13300;VEV_4000;1252;7;1249;30;;;1273;7;1276;30;;;1262.5;0.0
-1;13300;VEV_4500;749;8;747;17;;;765;8;766;9;767;17;757.0;0.0
-1;13300;VEV_5000;268;28;267;21;;;274;31;275;23;;;271.0;0.0
-1;13300;VEV_5100;173;12;;;;;177;31;178;23;;;175.0;0.0
-1;13300;VEV_5200;95;22;;;;;99;24;;;;;97.0;0.0
-1;13300;VEV_5300;51;5;;;;;53;9;;;;;52.0;0.0
-1;13300;VEV_5400;16;24;15;24;;;17;19;;;;;16.5;0.0
-1;13300;VEV_5500;6;21;;;;;7;28;;;;;6.5;0.0
-1;13300;VEV_6000;0;28;;;;;1;28;;;;;0.5;0.0
-1;13300;VEV_6500;0;13;;;;;1;13;;;;;0.5;0.0
-1;13400;HYDROGEL_PACK;10010;15;10007;30;;;10026;15;10028;30;;;10018.0;0.0
-1;13400;VELVETFRUIT_EXTRACT;5270;39;5270;15;;;5275;23;5276;63;5277;39;5272.5;0.0
-1;13400;VEV_4000;1252;14;1249;20;;;1273;14;1276;20;;;1262.5;0.0
-1;13400;VEV_4500;748;9;;;;;764;9;766;16;;;756.0;0.0
-1;13400;VEV_5000;271;25;270;18;;;277;10;278;20;;;274.0;0.0
-1;13400;VEV_5100;173;8;172;21;;;177;32;178;12;;;175.0;0.0
-1;13400;VEV_5200;;;;;;;98;24;;;;;98.0;0.0
-1;13400;VEV_5300;51;18;50;20;;;53;5;;;;;52.0;0.0
-1;13400;VEV_5400;16;28;;;;;18;25;;;;;17.0;0.0
-1;13400;VEV_5500;6;19;;;;;7;18;;;;;6.5;0.0
-1;13400;VEV_6000;0;15;;;;;1;15;;;;;0.5;0.0
-1;13400;VEV_6500;0;14;;;;;1;14;;;;;0.5;0.0
-1;13500;HYDROGEL_PACK;10006;14;10003;29;;;10022;14;10024;29;;;10014.0;0.0
-1;13500;VELVETFRUIT_EXTRACT;5269;25;5268;55;;;5274;58;;;;;5271.5;0.0
-1;13500;VEV_4000;1250;14;1248;21;;;1272;14;1274;21;;;1261.0;0.0
-1;13500;VEV_4500;749;6;747;23;;;765;6;767;23;;;757.0;0.0
-1;13500;VEV_5000;270;7;269;19;;;276;23;277;24;;;273.0;0.0
-1;13500;VEV_5100;;;;;;;178;29;179;14;;;178.0;0.0
-1;13500;VEV_5200;93;20;;;;;97;29;;;;;95.0;0.0
-1;13500;VEV_5300;51;23;;;;;53;24;54;26;;;52.0;0.0
-1;13500;VEV_5400;15;27;;;;;17;17;;;;;16.0;0.0
-1;13500;VEV_5500;6;22;;;;;7;22;;;;;6.5;0.0
-1;13500;VEV_6000;0;19;;;;;1;19;;;;;0.5;0.0
-1;13500;VEV_6500;0;18;;;;;1;18;;;;;0.5;0.0
-1;13600;HYDROGEL_PACK;10001;20;;;;;10020;13;10022;20;;;10010.5;0.0
-1;13600;VELVETFRUIT_EXTRACT;5271;58;5271;17;;;5276;17;5277;51;;;5273.5;0.0
-1;13600;VEV_4000;1250;10;1248;26;;;1271;10;1274;26;;;1260.5;0.0
-1;13600;VEV_4500;750;16;;;;;768;8;770;16;;;759.0;0.0
-1;13600;VEV_5000;269;6;268;18;;;275;7;276;21;;;272.0;0.0
-1;13600;VEV_5100;173;8;;;;;177;27;;;;;175.0;0.0
-1;13600;VEV_5200;;;;;;;97;15;;;;;97.0;0.0
-1;13600;VEV_5300;51;7;;;;;53;20;;;;;52.0;0.0
-1;13600;VEV_5400;15;23;;;;;;;;;;;15.0;0.0
-1;13600;VEV_5500;6;20;;;;;7;25;;;;;6.5;0.0
-1;13600;VEV_6000;0;18;;;;;1;18;;;;;0.5;0.0
-1;13600;VEV_6500;0;12;;;;;1;12;;;;;0.5;0.0
-1;13700;HYDROGEL_PACK;10000;11;9998;28;;;10016;11;10019;28;;;10008.0;0.0
-1;13700;VELVETFRUIT_EXTRACT;5272;68;;;;;5277;20;5278;61;;;5274.5;0.0
-1;13700;VEV_4000;1250;13;1248;28;;;1272;13;1274;28;;;1261.0;0.0
-1;13700;VEV_4500;753;6;751;17;;;769;6;771;17;;;761.0;0.0
-1;13700;VEV_5000;270;8;269;31;;;276;6;277;14;;;273.0;0.0
-1;13700;VEV_5100;174;10;173;14;;;178;29;179;13;;;176.0;0.0
-1;13700;VEV_5200;93;23;;;;;97;23;;;;;95.0;0.0
-1;13700;VEV_5300;51;27;;;;;53;19;;;;;52.0;0.0
-1;13700;VEV_5400;15;12;;;;;16;23;;;;;15.5;0.0
-1;13700;VEV_5500;6;19;;;;;7;28;;;;;6.5;0.0
-1;13700;VEV_6000;0;20;;;;;1;20;;;;;0.5;0.0
-1;13700;VEV_6500;0;12;;;;;1;12;;;;;0.5;0.0
-1;13800;HYDROGEL_PACK;10000;15;9998;26;;;10016;15;10019;26;;;10008.0;0.0
-1;13800;VELVETFRUIT_EXTRACT;5271;30;;;;;5276;24;5277;50;;;5273.5;0.0
-1;13800;VEV_4000;1250;12;1248;25;;;1272;12;1274;25;;;1261.0;0.0
-1;13800;VEV_4500;751;10;749;15;;;767;10;769;15;;;759.0;0.0
-1;13800;VEV_5000;269;30;268;17;;;275;31;276;14;;;272.0;0.0
-1;13800;VEV_5100;175;23;174;18;;;179;12;180;19;;;177.0;0.0
-1;13800;VEV_5200;93;18;;;;;96;10;;;;;94.5;0.0
-1;13800;VEV_5300;51;26;50;30;;;53;23;;;;;52.0;0.0
-1;13800;VEV_5400;15;20;;;;;17;20;;;;;16.0;0.0
-1;13800;VEV_5500;6;21;;;;;7;28;;;;;6.5;0.0
-1;13800;VEV_6000;0;19;;;;;1;19;;;;;0.5;0.0
-1;13800;VEV_6500;0;11;;;;;1;11;;;;;0.5;0.0
-1;13900;HYDROGEL_PACK;9999;10;9996;27;;;10015;10;10017;27;;;10007.0;0.0
-1;13900;VELVETFRUIT_EXTRACT;5271;56;;;;;5276;15;5277;63;;;5273.5;0.0
-1;13900;VEV_4000;1250;13;1247;16;;;1271;13;1273;16;;;1260.5;0.0
-1;13900;VEV_4500;751;8;749;23;;;767;8;769;23;;;759.0;0.0
-1;13900;VEV_5000;268;15;;;;;275;7;;;;;271.5;0.0
-1;13900;VEV_5100;176;8;175;12;;;;;;;;;176.0;0.0
-1;13900;VEV_5200;93;15;;;;;97;27;;;;;95.0;0.0
-1;13900;VEV_5300;51;22;;;;;53;29;;;;;52.0;0.0
-1;13900;VEV_5400;15;26;;;;;;;;;;;15.0;0.0
-1;13900;VEV_5500;6;26;;;;;7;26;;;;;6.5;0.0
-1;13900;VEV_6000;0;19;;;;;1;19;;;;;0.5;0.0
-1;13900;VEV_6500;0;13;;;;;1;13;;;;;0.5;0.0
-1;14000;HYDROGEL_PACK;9999;15;9996;27;;;10015;15;10017;27;;;10007.0;0.0
-1;14000;VELVETFRUIT_EXTRACT;5270;20;5269;40;5269;32;5274;20;5275;67;;;5272.0;0.0
-1;14000;VEV_4000;1250;10;1248;17;;;1272;10;1274;17;;;1261.0;0.0
-1;14000;VEV_4500;752;11;750;12;;;768;11;769;8;770;12;760.0;0.0
-1;14000;VEV_5000;270;6;;;;;276;7;;;;;273.0;0.0
-1;14000;VEV_5100;174;7;;;;;178;7;179;27;;;176.0;0.0
-1;14000;VEV_5200;95;12;94;32;;;97;9;98;27;;;96.0;0.0
-1;14000;VEV_5300;51;27;50;20;;;;;;;;;51.0;0.0
-1;14000;VEV_5400;16;29;;;;;;;;;;;16.0;0.0
-1;14000;VEV_5500;6;21;;;;;7;26;;;;;6.5;0.0
-1;14000;VEV_6000;0;29;;;;;1;29;;;;;0.5;0.0
-1;14000;VEV_6500;0;16;;;;;1;16;;;;;0.5;0.0
-1;14100;HYDROGEL_PACK;9996;15;9993;24;;;10012;15;10014;24;;;10004.0;0.0
-1;14100;VELVETFRUIT_EXTRACT;5270;64;;;;;5276;25;;;;;5273.0;0.0
-1;14100;VEV_4000;1253;14;1250;29;;;1274;14;1277;29;;;1263.5;0.0
-1;14100;VEV_4500;751;11;;;;;767;11;769;22;;;759.0;0.0
-1;14100;VEV_5000;270;12;269;22;;;276;11;;;;;273.0;0.0
-1;14100;VEV_5100;176;34;;;;;180;11;;;;;178.0;0.0
-1;14100;VEV_5200;95;7;94;16;;;;;;;;;95.0;0.0
-1;14100;VEV_5300;51;20;50;18;;;53;23;;;;;52.0;0.0
-1;14100;VEV_5400;;;;;;;17;20;;;;;17.0;0.0
-1;14100;VEV_5500;6;22;;;;;7;25;;;;;6.5;0.0
-1;14100;VEV_6000;0;23;;;;;1;23;;;;;0.5;0.0
-1;14100;VEV_6500;0;15;;;;;1;15;;;;;0.5;0.0
-1;14200;HYDROGEL_PACK;9995;12;9992;21;;;10011;12;10013;21;;;10003.0;0.0
-1;14200;VELVETFRUIT_EXTRACT;5271;39;;;;;5277;42;;;;;5274.0;0.0
-1;14200;VEV_4000;1252;14;1250;15;;;1274;14;1276;15;;;1263.0;0.0
-1;14200;VEV_4500;749;23;;;;;767;11;768;6;769;23;758.0;0.0
-1;14200;VEV_5000;;;;;;;275;9;276;22;;;275.0;0.0
-1;14200;VEV_5100;173;19;;;;;178;10;;;;;175.5;0.0
-1;14200;VEV_5200;95;22;;;;;97;9;98;24;;;96.0;0.0
-1;14200;VEV_5300;51;26;;;;;53;18;;;;;52.0;0.0
-1;14200;VEV_5400;15;24;;;;;17;23;;;;;16.0;0.0
-1;14200;VEV_5500;6;25;;;;;7;23;;;;;6.5;0.0
-1;14200;VEV_6000;0;24;;;;;1;24;;;;;0.5;0.0
-1;14200;VEV_6500;0;17;;;;;1;17;;;;;0.5;0.0
-1;14300;HYDROGEL_PACK;9991;11;9989;30;;;10007;11;10010;30;;;9999.0;0.0
-1;14300;VELVETFRUIT_EXTRACT;5270;40;;;;;5276;23;;;;;5273.0;0.0
-1;14300;VEV_4000;1252;8;1250;23;;;1273;8;1276;23;;;1262.5;0.0
-1;14300;VEV_4500;751;9;750;24;749;13;767;9;769;13;;;759.0;0.0
-1;14300;VEV_5000;268;6;267;16;;;275;19;;;;;271.5;0.0
-1;14300;VEV_5100;174;36;173;31;;;178;20;179;18;;;176.0;0.0
-1;14300;VEV_5200;94;32;;;;;97;22;98;35;;;95.5;0.0
-1;14300;VEV_5300;52;23;;;;;54;22;;;;;53.0;0.0
-1;14300;VEV_5400;15;23;;;;;17;15;;;;;16.0;0.0
-1;14300;VEV_5500;6;9;;;;;7;19;;;;;6.5;0.0
-1;14300;VEV_6000;0;22;;;;;1;22;;;;;0.5;0.0
-1;14300;VEV_6500;0;20;;;;;1;20;;;;;0.5;0.0
-1;14400;HYDROGEL_PACK;9992;12;9990;29;;;10008;12;10011;29;;;10000.0;0.0
-1;14400;VELVETFRUIT_EXTRACT;5271;15;;;;;5276;69;;;;;5273.5;0.0
-1;14400;VEV_4000;1252;13;1249;26;;;1273;13;1276;26;;;1262.5;0.0
-1;14400;VEV_4500;752;10;750;15;;;770;15;;;;;761.0;0.0
-1;14400;VEV_5000;268;34;267;23;;;274;7;275;19;;;271.0;0.0
-1;14400;VEV_5100;174;23;;;;;179;16;;;;;176.5;0.0
-1;14400;VEV_5200;;;;;;;97;16;;;;;97.0;0.0
-1;14400;VEV_5300;52;8;;;;;;;;;;;52.0;0.0
-1;14400;VEV_5400;16;23;15;12;;;17;28;;;;;16.5;0.0
-1;14400;VEV_5500;6;10;;;;;7;21;;;;;6.5;0.0
-1;14400;VEV_6000;0;17;;;;;1;17;;;;;0.5;0.0
-1;14400;VEV_6500;0;14;;;;;1;14;;;;;0.5;0.0
-1;14500;HYDROGEL_PACK;9992;12;9989;22;;;10008;12;10010;22;;;10000.0;0.0
-1;14500;VELVETFRUIT_EXTRACT;5271;20;5270;49;;;5275;20;5276;22;;;5273.0;0.0
-1;14500;VEV_4000;1252;15;1249;27;;;1273;15;1275;27;;;1262.5;0.0
-1;14500;VEV_4500;750;8;;;;;766;8;768;19;;;758.0;0.0
-1;14500;VEV_5000;269;11;268;24;;;276;14;;;;;272.5;0.0
-1;14500;VEV_5100;173;27;172;22;;;177;11;178;13;;;175.0;0.0
-1;14500;VEV_5200;;;;;;;97;12;;;;;97.0;0.0
-1;14500;VEV_5300;52;28;;;;;54;21;;;;;53.0;0.0
-1;14500;VEV_5400;15;22;;;;;17;23;;;;;16.0;0.0
-1;14500;VEV_5500;6;26;;;;;7;21;;;;;6.5;0.0
-1;14500;VEV_6000;0;19;;;;;1;19;;;;;0.5;0.0
-1;14500;VEV_6500;0;18;;;;;1;18;;;;;0.5;0.0
-1;14600;HYDROGEL_PACK;9989;15;9987;21;;;10005;15;10008;21;;;9997.0;0.0
-1;14600;VELVETFRUIT_EXTRACT;5272;16;5271;57;;;5277;49;;;;;5274.5;0.0
-1;14600;VEV_4000;1250;14;1248;21;;;1272;14;1274;21;;;1261.0;0.0
-1;14600;VEV_4500;752;9;750;23;;;768;9;769;23;;;760.0;0.0
-1;14600;VEV_5000;267;11;;;;;274;21;;;;;270.5;0.0
-1;14600;VEV_5100;173;11;172;17;;;177;6;178;33;;;175.0;0.0
-1;14600;VEV_5200;93;11;;;;;95;27;96;24;;;94.0;0.0
-1;14600;VEV_5300;52;17;;;;;54;20;;;;;53.0;0.0
-1;14600;VEV_5400;15;19;15;20;;;16;23;17;15;;;15.5;0.0
-1;14600;VEV_5500;6;24;;;;;7;26;;;;;6.5;0.0
-1;14600;VEV_6000;0;25;;;;;1;25;;;;;0.5;0.0
-1;14600;VEV_6500;0;15;;;;;1;15;;;;;0.5;0.0
-1;14700;HYDROGEL_PACK;9986;12;9983;28;;;10002;12;10004;28;;;9994.0;0.0
-1;14700;VELVETFRUIT_EXTRACT;5272;23;5271;23;;;5276;23;5277;56;;;5274.0;0.0
-1;14700;VEV_4000;1251;15;1249;16;;;1273;15;1275;16;;;1262.0;0.0
-1;14700;VEV_4500;752;12;750;14;;;770;14;;;;;761.0;0.0
-1;14700;VEV_5000;266;26;265;22;;;272;7;;;;;269.0;0.0
-1;14700;VEV_5100;174;24;173;27;;;179;18;;;;;176.5;0.0
-1;14700;VEV_5200;;;;;;;95;8;96;30;;;95.0;0.0
-1;14700;VEV_5300;51;23;;;;;53;23;;;;;52.0;0.0
-1;14700;VEV_5400;15;18;15;21;;;17;18;;;;;16.0;0.0
-1;14700;VEV_5500;6;28;;;;;7;21;;;;;6.5;0.0
-1;14700;VEV_6000;0;17;;;;;1;17;;;;;0.5;0.0
-1;14700;VEV_6500;0;20;;;;;1;20;;;;;0.5;0.0
-1;14800;HYDROGEL_PACK;9987;15;9985;24;;;10003;15;10006;24;;;9995.0;0.0
-1;14800;VELVETFRUIT_EXTRACT;5272;38;;;;;5277;20;5278;23;5279;41;5274.5;0.0
-1;14800;VEV_4000;1250;12;1248;27;;;1272;12;1274;27;;;1261.0;0.0
-1;14800;VEV_4500;750;11;748;12;;;766;11;768;12;;;758.0;0.0
-1;14800;VEV_5000;266;12;;;;;273;9;274;21;;;269.5;0.0
-1;14800;VEV_5100;174;27;;;;;179;30;;;;;176.5;0.0
-1;14800;VEV_5200;;;;;;;95;22;;;;;95.0;0.0
-1;14800;VEV_5300;51;18;50;12;;;53;21;;;;;52.0;0.0
-1;14800;VEV_5400;;;;;;;17;30;;;;;17.0;0.0
-1;14800;VEV_5500;6;30;;;;;7;21;;;;;6.5;0.0
-1;14800;VEV_6000;0;22;;;;;1;22;;;;;0.5;0.0
-1;14800;VEV_6500;0;16;;;;;1;16;;;;;0.5;0.0
-1;14900;HYDROGEL_PACK;9986;14;9983;21;;;10002;14;10004;21;;;9994.0;0.0
-1;14900;VELVETFRUIT_EXTRACT;5271;46;5271;16;;;5276;16;5277;41;;;5273.5;0.0
-1;14900;VEV_4000;1250;11;1248;19;;;1272;11;1274;19;;;1261.0;0.0
-1;14900;VEV_4500;750;10;748;22;;;766;10;768;22;;;758.0;0.0
-1;14900;VEV_5000;266;11;265;17;;;272;12;273;13;;;269.0;0.0
-1;14900;VEV_5100;173;8;172;15;;;177;27;;;;;175.0;0.0
-1;14900;VEV_5200;92;11;91;26;;;94;8;;;;;93.0;0.0
-1;14900;VEV_5300;51;19;50;25;;;53;7;;;;;52.0;0.0
-1;14900;VEV_5400;15;19;14;20;;;16;19;;;;;15.5;0.0
-1;14900;VEV_5500;6;22;;;;;7;26;;;;;6.5;0.0
-1;14900;VEV_6000;0;29;;;;;1;29;;;;;0.5;0.0
-1;14900;VEV_6500;0;14;;;;;1;14;;;;;0.5;0.0
-1;15000;HYDROGEL_PACK;9984;13;9982;24;;;10000;13;10003;24;;;9992.0;0.0
-1;15000;VELVETFRUIT_EXTRACT;5272;71;5272;20;;;5277;20;5278;43;;;5274.5;0.0
-1;15000;VEV_4000;1251;10;1248;17;;;1272;10;1274;17;;;1261.5;0.0
-1;15000;VEV_4500;750;7;748;16;;;767;9;768;16;;;758.5;0.0
-1;15000;VEV_5000;265;19;;;;;272;27;;;;;268.5;0.0
-1;15000;VEV_5100;173;22;;;;;178;27;179;35;;;175.5;0.0
-1;15000;VEV_5200;92;32;;;;;95;26;;;;;93.5;0.0
-1;15000;VEV_5300;51;21;;;;;53;18;53;21;;;52.0;0.0
-1;15000;VEV_5400;15;10;;;;;17;16;;;;;16.0;0.0
-1;15000;VEV_5500;6;24;;;;;7;25;;;;;6.5;0.0
-1;15000;VEV_6000;0;23;;;;;1;23;;;;;0.5;0.0
-1;15000;VEV_6500;0;14;;;;;1;14;;;;;0.5;0.0
-1;15100;HYDROGEL_PACK;9984;12;9982;23;;;10000;12;10003;23;;;9992.0;0.0
-1;15100;VELVETFRUIT_EXTRACT;5272;63;;;;;5278;24;;;;;5275.0;0.0
-1;15100;VEV_4000;1252;13;1250;17;;;1274;13;1276;17;;;1263.0;0.0
-1;15100;VEV_4500;752;8;750;16;;;768;8;770;16;;;760.0;0.0
-1;15100;VEV_5000;268;27;;;;;275;16;;;;;271.5;0.0
-1;15100;VEV_5100;175;28;;;;;180;24;;;;;177.5;0.0
-1;15100;VEV_5200;92;26;;;;;96;27;;;;;94.0;0.0
-1;15100;VEV_5300;51;18;50;12;;;53;21;;;;;52.0;0.0
-1;15100;VEV_5400;15;18;15;20;;;17;18;;;;;16.0;0.0
-1;15100;VEV_5500;6;30;;;;;7;24;;;;;6.5;0.0
-1;15100;VEV_6000;0;20;;;;;1;20;;;;;0.5;0.0
-1;15100;VEV_6500;0;19;;;;;1;19;;;;;0.5;0.0
-1;15200;HYDROGEL_PACK;9983;10;9980;26;;;9999;10;10001;26;;;9991.0;0.0
-1;15200;VELVETFRUIT_EXTRACT;5274;55;;;;;5279;22;5280;24;;;5276.5;0.0
-1;15200;VEV_4000;1253;9;1250;26;;;1274;9;1276;26;;;1263.5;0.0
-1;15200;VEV_4500;753;12;751;23;;;769;12;770;22;771;23;761.0;0.0
-1;15200;VEV_5000;267;11;266;13;;;273;23;274;22;;;270.0;0.0
-1;15200;VEV_5100;175;25;174;20;;;179;22;180;14;;;177.0;0.0
-1;15200;VEV_5200;;;;;;;97;24;;;;;97.0;0.0
-1;15200;VEV_5300;51;26;;;;;53;19;;;;;52.0;0.0
-1;15200;VEV_5400;15;23;15;28;;;17;24;;;;;16.0;0.0
-1;15200;VEV_5500;6;26;;;;;7;23;;;;;6.5;0.0
-1;15200;VEV_6000;0;23;;;;;1;23;;;;;0.5;0.0
-1;15200;VEV_6500;0;17;;;;;1;17;;;;;0.5;0.0
-1;15300;HYDROGEL_PACK;9981;15;9978;27;;;9997;15;9999;27;;;9989.0;0.0
-1;15300;VELVETFRUIT_EXTRACT;5272;34;;;;;5278;51;;;;;5275.0;0.0
-1;15300;VEV_4000;1252;11;1249;16;;;1273;11;1276;16;;;1262.5;0.0
-1;15300;VEV_4500;754;9;752;19;;;771;23;772;19;;;762.5;0.0
-1;15300;VEV_5000;266;16;;;;;273;22;;;;;269.5;0.0
-1;15300;VEV_5100;173;24;;;;;179;28;;;;;176.0;0.0
-1;15300;VEV_5200;94;21;93;16;;;96;10;97;22;;;95.0;0.0
-1;15300;VEV_5300;50;24;49;20;;;52;25;;;;;51.0;0.0
-1;15300;VEV_5400;15;18;;;;;;;;;;;15.0;0.0
-1;15300;VEV_5500;6;21;;;;;7;24;;;;;6.5;0.0
-1;15300;VEV_6000;0;22;;;;;1;22;;;;;0.5;0.0
-1;15300;VEV_6500;0;17;;;;;1;17;;;;;0.5;0.0
-1;15400;HYDROGEL_PACK;9981;11;9978;28;;;9997;11;9999;28;;;9989.0;0.0
-1;15400;VELVETFRUIT_EXTRACT;5271;32;;;;;5277;60;;;;;5274.0;0.0
-1;15400;VEV_4000;1252;7;1249;29;;;1273;7;1275;29;;;1262.5;0.0
-1;15400;VEV_4500;755;12;753;23;;;773;23;;;;;764.0;0.0
-1;15400;VEV_5000;268;10;267;23;;;274;9;275;23;;;271.0;0.0
-1;15400;VEV_5100;173;28;;;;;178;28;179;20;;;175.5;0.0
-1;15400;VEV_5200;93;35;;;;;97;28;;;;;95.0;0.0
-1;15400;VEV_5300;50;8;;;;;52;25;;;;;51.0;0.0
-1;15400;VEV_5400;15;23;;;;;16;27;;;;;15.5;0.0
-1;15400;VEV_5500;6;18;;;;;7;21;;;;;6.5;0.0
-1;15400;VEV_6000;0;21;;;;;1;21;;;;;0.5;0.0
-1;15400;VEV_6500;0;13;;;;;1;13;;;;;0.5;0.0
-1;15500;HYDROGEL_PACK;9988;14;9985;23;;;10004;14;10006;23;;;9996.0;0.0
-1;15500;VELVETFRUIT_EXTRACT;5270;46;;;;;5275;22;5276;16;;;5272.5;0.0
-1;15500;VEV_4000;1253;11;1250;21;;;1274;11;1277;21;;;1263.5;0.0
-1;15500;VEV_4500;755;12;753;13;;;771;12;773;13;;;763.0;0.0
-1;15500;VEV_5000;269;31;268;18;;;275;11;276;14;;;272.0;0.0
