timestamp;buyer;seller;symbol;currency;price;quantity
0;BOT_MAKER;BOT_TAKER;VELVETFRUIT_EXTRACT;XIRECS;5260.0;8
100;BOT_TAKER;BOT_MAKER;HYDROGEL_PACK;XIRECS;9989.0;2
100;BOT_MAKER;BOT_TAKER;VELVETFRUIT_EXTRACT;XIRECS;5259.0;6
200;BOT_TAKER;BOT_MAKER;VELVETFRUIT_EXTRACT;XIRECS;5264.0;8
300;BOT_TAKER;BOT_MAKER;VEV_4000;XIRECS;1273.0;3
400;BOT_MAKER;BOT_TAKER;HYDROGEL_PACK;XIRECS;9972.0;4
500;BOT_MAKER;BOT_TAKER;VEV_5500;XIRECS;6.0;5
600;BOT_TAKER;BOT_MAKER;HYDROGEL_PACK;XIRECS;9986.0;3
600;BOT_TAKER;BOT_MAKER;VELVETFRUIT_EXTRACT;XIRECS;5263.0;5
600;BOT_TAKER;BOT_MAKER;VEV_4000;XIRECS;1272.0;2
600;BOT_MAKER;BOT_TAKER;VEV_6000;XIRECS;0.0;5
700;BOT_TAKER;BOT_MAKER;HYDROGEL_PACK;XIRECS;9986.0;3
700;BOT_TAKER;BOT_MAKER;VEV_6500;XIRECS;1.0;5
800;BOT_TAKER;BOT_MAKER;VEV_4000;XIRECS;1275.0;2
800;SUBMISSION;BOT_TAKER;VELVETFRUIT_EXTRACT;XIRECS;5261.0;5
800;BOT_MAKER;BOT_TAKER;VELVETFRUIT_EXTRACT;XIRECS;5260.0;1
900;BOT_MAKER;BOT_TAKER;HYDROGEL_PACK;XIRECS;9971.0;6
900;BOT_TAKER;BOT_MAKER;VELVETFRUIT_EXTRACT;XIRECS;5263.0;7
1000;BOT_TAKER;BOT_MAKER;VELVETFRUIT_EXTRACT;XIRECS;5266.0;9
1100;BOT_MAKER;BOT_TAKER;VELVETFRUIT_EXTRACT;XIRECS;5261.0;4
1100;BOT_MAKER;BOT_TAKER;VEV_5500;XIRECS;6.0;4
1200;BOT_TAKER;BOT_MAKER;HYDROGEL_PACK;XIRECS;9997.0;3
1200;BOT_TAKER;BOT_MAKER;VELVETFRUIT_EXTRACT;XIRECS;5266.0;5
1300;BOT_MAKER;BOT_TAKER;VELVETFRUIT_EXTRACT;XIRECS;5259.0;8
1300;BOT_TAKER;BOT_MAKER;VEV_6000;XIRECS;1.0;2
1500;BOT_MAKER;BOT_TAKER;VELVETFRUIT_EXTRACT;XIRECS;5261.0;7
1500;BOT_TAKER;SUBMISSION;HYDROGEL_PACK;XIRECS;9991.0;2
1500;BOT_TAKER;SUBMISSION;VELVETFRUIT_EXTRACT;XIRECS;5266.0;5
1500;BOT_TAKER;BOT_MAKER;VELVETFRUIT_EXTRACT;XIRECS;5267.0;3
1600;BOT_TAKER;BOT_MAKER;VELVETFRUIT_EXTRACT;XIRECS;5267.0;4
1600;BOT_MAKER;BOT_TAKER;VEV_4000;XIRECS;1251.0;1
1700;BOT_TAKER;BOT_MAKER;VEV_4000;XIRECS;1271.0;2
1800;BOT_TAKER;BOT_MAKER;VEV_6000;XIRECS;1.0;5
1900;BOT_MAKER;BOT_TAKER;VELVETFRUIT_EXTRACT;XIRECS;5260.0;8
1900;BOT_TAKER;SUBMISSION;VEV_4000;XIRECS;1272.0;3
2000;BOT_MAKER;BOT_TAKER;HYDROGEL_PACK;XIRECS;9978.0;2
2100;BOT_TAKER;BOT_MAKER;VEV_6000;XIRECS;1.0;4
2200;BOT_TAKER;BOT_MAKER;VELVETFRUIT_EXTRACT;XIRECS;5265.0;7
2200;BOT_TAKER;SUBMISSION;HYDROGEL_PACK;XIRECS;9996.0;5
2200;BOT_TAKER;BOT_MAKER;HYDROGEL_PACK;XIRECS;9997.0;1
2300;BOT_MAKER;BOT_TAKER;HYDROGEL_PACK;XIRECS;9982.0;5
2300;BOT_MAKER;BOT_TAKER;VELVETFRUIT_EXTRACT;XIRECS;5260.0;4
2300;BOT_MAKER;BOT_TAKER;VEV_6500;XIRECS;0.0;5
2400;BOT_TAKER;BOT_MAKER;HYDROGEL_PACK;XIRECS;9998.0;2
2400;BOT_TAKER;BOT_MAKER;VEV_5300;XIRECS;52.0;3
2400;BOT_MAKER;BOT_TAKER;VEV_6000;XIRECS;0.0;2
2400;SUBMISSION;BOT_TAKER;VELVETFRUIT_EXTRACT;XIRECS;5260.0;5
2500;BOT_MAKER;BOT_TAKER;HYDROGEL_PACK;XIRECS;9983.0;6
2700;BOT_TAKER;SUBMISSION;HYDROGEL_PACK;XIRECS;9996.0;5
2700;BOT_TAKER;BOT_MAKER;HYDROGEL_PACK;XIRECS;9997.0;1
2800;BOT_MAKER;BOT_TAKER;VEV_4000;XIRECS;1254.0;2
2900;BOT_TAKER;BOT_MAKER;VEV_6000;XIRECS;1.0;4
3000;BOT_TAKER;BOT_MAKER;HYDROGEL_PACK;XIRECS;10000.0;4
3000;BOT_TAKER;BOT_MAKER;HYDROGEL_PACK;XIRECS;10000.0;6
3000;BOT_TAKER;SUBMISSION;HYDROGEL_PACK;XIRECS;9999.0;3
3100;BOT_MAKER;BOT_TAKER;HYDROGEL_PACK;XIRECS;9986.0;5
3100;BOT_MAKER;BOT_TAKER;VELVETFRUIT_EXTRACT;XIRECS;5259.0;12
3100;BOT_MAKER;BOT_TAKER;VEV_6500;XIRECS;0.0;4
3200;BOT_TAKER;BOT_MAKER;VEV_4000;XIRECS;1275.0;3
3200;BOT_TAKER;SUBMISSION;VELVETFRUIT_EXTRACT;XIRECS;5264.0;4
3300;BOT_MAKER;BOT_TAKER;HYDROGEL_PACK;XIRECS;9982.0;6
3300;BOT_MAKER;BOT_TAKER;VELVETFRUIT_EXTRACT;XIRECS;5260.0;9
3500;BOT_TAKER;BOT_MAKER;VEV_5500;XIRECS;7.0;2
3600;BOT_MAKER;BOT_TAKER;VELVETFRUIT_EXTRACT;XIRECS;5260.0;5
3700;BOT_MAKER;BOT_TAKER;VEV_4000;XIRECS;1258.0;2
3800;BOT_TAKER;BOT_MAKER;VELVETFRUIT_EXTRACT;XIRECS;5266.0;9
3800;BOT_MAKER;BOT_TAKER;VEV_6000;XIRECS;0.0;3
3800;BOT_MAKER;BOT_TAKER;VEV_6500;XIRECS;0.0;4
3900;BOT_TAKER;BOT_MAKER;HYDROGEL_PACK;XIRECS;9996.0;5
3900;BOT_TAKER;BOT_MAKER;VELVETFRUIT_EXTRACT;XIRECS;5267.0;5
3900;SUBMISSION;BOT_TAKER;HYDROGEL_PACK;XIRECS;9981.0;4
3900;SUBMISSION;BOT_TAKER;VELVETFRUIT_EXTRACT;XIRECS;5262.0;5
3900;BOT_MAKER;BOT_TAKER;VELVETFRUIT_EXTRACT;XIRECS;5261.0;3
4000;BOT_TAKER;BOT_MAKER;HYDROGEL_PACK;XIRECS;9996.0;2
4000;BOT_TAKER;SUBMISSION;HYDROGEL_PACK;XIRECS;9995.0;2
4000;SUBMISSION;BOT_TAKER;VELVETFRUIT_EXTRACT;XIRECS;5262.0;5
4000;BOT_MAKER;BOT_TAKER;VELVETFRUIT_EXTRACT;XIRECS;5261.0;5
4100;BOT_MAKER;BOT_TAKER;VEV_4000;XIRECS;1257.0;3
4200;BOT_TAKER;BOT_MAKER;VELVETFRUIT_EXTRACT;XIRECS;5267.0;4
4200;BOT_TAKER;BOT_MAKER;VEV_5500;XIRECS;7.0;2
4200;BOT_MAKER;BOT_TAKER;VEV_5500;XIRECS;6.0;2
4300;BOT_MAKER;BOT_TAKER;VELVETFRUIT_EXTRACT;XIRECS;5261.0;10
4500;BOT_MAKER;BOT_TAKER;VELVETFRUIT_EXTRACT;XIRECS;5262.0;8
4600;BOT_TAKER;BOT_MAKER;VELVETFRUIT_EXTRACT;XIRECS;5269.0;5
4700;BOT_TAKER;BOT_MAKER;HYDROGEL_PACK;XIRECS;10000.0;5
4700;BOT_MAKER;BOT_TAKER;VELVETFRUIT_EXTRACT;XIRECS;5262.0;8
4700;BOT_MAKER;BOT_TAKER;VEV_5300;XIRECS;54.0;2
4700;BOT_TAKER;BOT_MAKER;VEV_6000;XIRECS;1.0;3
4800;BOT_TAKER;BOT_MAKER;HYDROGEL_PACK;XIRECS;10002.0;2
4800;BOT_TAKER;BOT_MAKER;VEV_6500;XIRECS;1.0;5
4900;BOT_MAKER;BOT_TAKER;VELVETFRUIT_EXTRACT;XIRECS;5262.0;4
5000;BOT_MAKER;BOT_TAKER;HYDROGEL_PACK;XIRECS;9987.0;5
5000;BOT_MAKER;BOT_TAKER;VELVETFRUIT_EXTRACT;XIRECS;5262.0;13
5000;BOT_TAKER;BOT_MAKER;VEV_4000;XIRECS;1278.0;3
5000;BOT_MAKER;BOT_TAKER;VEV_5500;XIRECS;6.0;3
5100;BOT_MAKER;BOT_TAKER;VEV_6500;XIRECS;0.0;5
5200;BOT_MAKER;BOT_TAKER;VELVETFRUIT_EXTRACT;XIRECS;5263.0;3
5400;BOT_MAKER;BOT_TAKER;VEV_6500;XIRECS;0.0;2
5500;BOT_TAKER;BOT_MAKER;VELVETFRUIT_EXTRACT;XIRECS;5270.0;4
5500;SUBMISSION;BOT_TAKER;VELVETFRUIT_EXTRACT;XIRECS;5266.0;5
5500;BOT_MAKER;BOT_TAKER;VELVETFRUIT_EXTRACT;XIRECS;5265.0;3
5600;BOT_MAKER;BOT_TAKER;HYDROGEL_PACK;XIRECS;9992.0;3
5600;BOT_MAKER;BOT_TAKER;VELVETFRUIT_EXTRACT;XIRECS;5265.0;8
5700;BOT_MAKER;BOT_TAKER;VELVETFRUIT_EXTRACT;XIRECS;5265.0;6
5700;BOT_MAKER;BOT_TAKER;VELVETFRUIT_EXTRACT;XIRECS;5265.0;8
5800;BOT_TAKER;BOT_MAKER;VELVETFRUIT_EXTRACT;XIRECS;5270.0;6
5900;BOT_MAKER;BOT_TAKER;VEV_4000;XIRECS;1256.0;1
6200;BOT_MAKER;BOT_TAKER;VEV_4000;XIRECS;1258.0;1
6300;BOT_MAKER;BOT_TAKER;VELVETFRUIT_EXTRACT;XIRECS;5264.0;8
6300;BOT_TAKER;BOT_MAKER;VEV_6000;XIRECS;1.0;2
6300;SUBMISSION;BOT_TAKER;VELVETFRUIT_EXTRACT;XIRECS;5265.0;5
6300;BOT_MAKER;BOT_TAKER;VELVETFRUIT_EXTRACT;XIRECS;5264.0;1
6400;BOT_TAKER;BOT_MAKER;HYDROGEL_PACK;XIRECS;10010.0;3
6400;BOT_TAKER;BOT_MAKER;HYDROGEL_PACK;XIRECS;10010.0;3
6400;BOT_TAKER;BOT_MAKER;VELVETFRUIT_EXTRACT;XIRECS;5270.0;5
6400;SUBMISSION;BOT_TAKER;VELVETFRUIT_EXTRACT;XIRECS;5265.0;5
6400;BOT_MAKER;BOT_TAKER;VELVETFRUIT_EXTRACT;XIRECS;5264.0;2
6500;BOT_TAKER;BOT_MAKER;VELVETFRUIT_EXTRACT;XIRECS;5269.0;3
6600;BOT_MAKER;BOT_TAKER;HYDROGEL_PACK;XIRECS;9992.0;3
6600;BOT_TAKER;BOT_MAKER;VELVETFRUIT_EXTRACT;XIRECS;5270.0;7
6600;BOT_MAKER;BOT_TAKER;VEV_5500;XIRECS;6.0;2
6600;BOT_MAKER;BOT_TAKER;VEV_6000;XIRECS;0.0;4
6600;SUBMISSION;BOT_TAKER;HYDROGEL_PACK;XIRECS;9993.0;5
6600;BOT_TAKER;SUBMISSION;VELVETFRUIT_EXTRACT;XIRECS;5269.0;5
6600;BOT_TAKER;BOT_MAKER;VELVETFRUIT_EXTRACT;XIRECS;5270.0;2
6700;BOT_TAKER;BOT_MAKER;HYDROGEL_PACK;XIRECS;10009.0;6
6700;BOT_TAKER;BOT_MAKER;VEV_5500;XIRECS;7.0;4
6800;BOT_MAKER;BOT_TAKER;VELVETFRUIT_EXTRACT;XIRECS;5263.0;3
7000;BOT_MAKER;BOT_TAKER;HYDROGEL_PACK;XIRECS;9989.0;6
7000;BOT_MAKER;BOT_TAKER;VEV_4000;XIRECS;1258.0;2
7000;BOT_TAKER;BOT_MAKER;VEV_5500;XIRECS;7.0;4
7000;SUBMISSION;BOT_TAKER;VELVETFRUIT_EXTRACT;XIRECS;5265.0;4
7000;SUBMISSION;BOT_TAKER;VEV_4000;XIRECS;1259.0;2
7100;BOT_MAKER;BOT_TAKER;VEV_5500;XIRECS;6.0;5
7100;BOT_MAKER;BOT_TAKER;VEV_6500;XIRECS;0.0;3
7100;SUBMISSION;BOT_TAKER;HYDROGEL_PACK;XIRECS;9988.0;4
7300;BOT_TAKER;BOT_MAKER;VELVETFRUIT_EXTRACT;XIRECS;5268.0;4
7400;BOT_TAKER;BOT_MAKER;VEV_5400;XIRECS;18.0;4
7400;BOT_MAKER;BOT_TAKER;VEV_5500;XIRECS;6.0;4
7500;BOT_TAKER;BOT_MAKER;VELVETFRUIT_EXTRACT;XIRECS;5270.0;10
7600;BOT_MAKER;BOT_TAKER;VELVETFRUIT_EXTRACT;XIRECS;5264.0;6
7600;BOT_MAKER;BOT_TAKER;VEV_6000;XIRECS;0.0;3
7600;BOT_TAKER;SUBMISSION;VELVETFRUIT_EXTRACT;XIRECS;5268.0;5
7600;BOT_TAKER;BOT_MAKER;VELVETFRUIT_EXTRACT;XIRECS;5269.0;1
7900;BOT_TAKER;BOT_MAKER;HYDROGEL_PACK;XIRECS;10002.0;2
7900;BOT_TAKER;BOT_MAKER;VELVETFRUIT_EXTRACT;XIRECS;5271.0;6
7900;BOT_TAKER;SUBMISSION;HYDROGEL_PACK;XIRECS;10001.0;5
8000;BOT_TAKER;BOT_MAKER;VELVETFRUIT_EXTRACT;XIRECS;5268.0;6
8000;BOT_TAKER;BOT_MAKER;VEV_5500;XIRECS;7.0;3
8100;BOT_MAKER;BOT_TAKER;HYDROGEL_PACK;XIRECS;9987.0;2
8100;BOT_MAKER;BOT_TAKER;VELVETFRUIT_EXTRACT;XIRECS;5262.0;8
8200;BOT_TAKER;BOT_MAKER;HYDROGEL_PACK;XIRECS;10003.0;5
8200;BOT_TAKER;BOT_MAKER;VELVETFRUIT_EXTRACT;XIRECS;5268.0;3
8200;BOT_TAKER;BOT_MAKER;VEV_6500;XIRECS;1.0;2
8400;BOT_TAKER;BOT_MAKER;HYDROGEL_PACK;XIRECS;10003.0;6
8400;BOT_TAKER;BOT_MAKER;VEV_5500;XIRECS;8.0;4
8500;BOT_MAKER;BOT_TAKER;HYDROGEL_PACK;XIRECS;9989.0;5
8500;BOT_MAKER;BOT_TAKER;VELVETFRUIT_EXTRACT;XIRECS;5264.0;7
8800;BOT_MAKER;BOT_TAKER;HYDROGEL_PACK;XIRECS;9984.0;4
8800;BOT_MAKER;BOT_TAKER;VEV_6000;XIRECS;0.0;5
9100;BOT_TAKER;BOT_MAKER;VEV_6000;XIRECS;1.0;2
9300;BOT_MAKER;BOT_TAKER;VEV_5500;XIRECS;7.0;5
9400;BOT_MAKER;BOT_TAKER;HYDROGEL_PACK;XIRECS;9984.0;4
9500;BOT_MAKER;BOT_TAKER;HYDROGEL_PACK;XIRECS;9984.0;6
9500;BOT_TAKER;BOT_MAKER;VELVETFRUIT_EXTRACT;XIRECS;5271.0;8
9600;BOT_MAKER;BOT_TAKER;VEV_5300;XIRECS;50.0;2
9600;BOT_TAKER;BOT_MAKER;VEV_6500;XIRECS;1.0;4
9700;BOT_MAKER;BOT_TAKER;VELVETFRUIT_EXTRACT;XIRECS;5267.0;5
9800;BOT_TAKER;BOT_MAKER;VELVETFRUIT_EXTRACT;XIRECS;5275.0;5
9800;BOT_TAKER;BOT_MAKER;VEV_4000;XIRECS;1269.0;1
9800;BOT_TAKER;SUBMISSION;VELVETFRUIT_EXTRACT;XIRECS;5274.0;5
9800;BOT_TAKER;BOT_MAKER;VELVETFRUIT_EXTRACT;XIRECS;5275.0;3
9900;BOT_MAKER;BOT_TAKER;VEV_5400;XIRECS;15.0;3
10000;BOT_TAKER;BOT_MAKER;HYDROGEL_PACK;XIRECS;10003.0;2
10100;BOT_TAKER;BOT_MAKER;VEV_6500;XIRECS;1.0;4
10200;BOT_MAKER;BOT_TAKER;VEV_4000;XIRECS;1252.0;2
10200;BOT_TAKER;BOT_MAKER;VEV_6500;XIRECS;1.0;3
10200;BOT_TAKER;SUBMISSION;VEV_4000;XIRECS;1272.0;3
10300;BOT_TAKER;BOT_MAKER;VEV_5500;XIRECS;7.0;4
10500;BOT_TAKER;BOT_MAKER;HYDROGEL_PACK;XIRECS;10007.0;5
10500;BOT_TAKER;BOT_MAKER;VEV_6500;XIRECS;1.0;2
10600;BOT_TAKER;BOT_MAKER;HYDROGEL_PACK;XIRECS;10010.0;3
10600;BOT_MAKER;BOT_TAKER;VELVETFRUIT_EXTRACT;XIRECS;5271.0;12
10700;BOT_TAKER;BOT_MAKER;VELVETFRUIT_EXTRACT;XIRECS;5277.0;7
10800;BOT_TAKER;BOT_MAKER;VEV_4000;XIRECS;1277.0;1
10800;BOT_TAKER;SUBMISSION;HYDROGEL_PACK;XIRECS;10008.0;5
11000;BOT_TAKER;BOT_MAKER;VELVETFRUIT_EXTRACT;XIRECS;5276.0;3
11000;BOT_MAKER;BOT_TAKER;VEV_4000;XIRECS;1256.0;1
11100;BOT_MAKER;BOT_TAKER;VELVETFRUIT_EXTRACT;XIRECS;5271.0;6
11200;BOT_TAKER;BOT_MAKER;VELVETFRUIT_EXTRACT;XIRECS;5278.0;6
11300;BOT_TAKER;BOT_MAKER;VELVETFRUIT_EXTRACT;XIRECS;5276.0;7
11400;BOT_MAKER;BOT_TAKER;HYDROGEL_PACK;XIRECS;9994.0;3
11400;BOT_TAKER;BOT_MAKER;VELVETFRUIT_EXTRACT;XIRECS;5276.0;7
11500;BOT_TAKER;BOT_MAKER;VELVETFRUIT_EXTRACT;XIRECS;5277.0;5
11600;BOT_TAKER;BOT_MAKER;VEV_6500;XIRECS;1.0;5
11700;BOT_MAKER;BOT_TAKER;VELVETFRUIT_EXTRACT;XIRECS;5268.0;5
11800;BOT_TAKER;BOT_MAKER;VELVETFRUIT_EXTRACT;XIRECS;5275.0;5
11900;BOT_MAKER;BOT_TAKER;HYDROGEL_PACK;XIRECS;10000.0;5
11900;BOT_MAKER;BOT_TAKER;VELVETFRUIT_EXTRACT;XIRECS;5269.0;8
12000;BOT_TAKER;BOT_MAKER;HYDROGEL_PACK;XIRECS;10020.0;2
12000;BOT_MAKER;BOT_TAKER;VELVETFRUIT_EXTRACT;XIRECS;5269.0;8
12000;BOT_TAKER;BOT_MAKER;VEV_4000;XIRECS;1280.0;3
12000;BOT_MAKER;BOT_TAKER;VEV_6000;XIRECS;0.0;2
12000;BOT_TAKER;SUBMISSION;VELVETFRUIT_EXTRACT;XIRECS;5274.0;5
12000;BOT_TAKER;BOT_MAKER;VELVETFRUIT_EXTRACT;XIRECS;5275.0;2
12100;BOT_TAKER;BOT_MAKER;VELVETFRUIT_EXTRACT;XIRECS;5275.0;8
12100;BOT_MAKER;BOT_TAKER;VEV_6500;XIRECS;0.0;2
12200;BOT_TAKER;BOT_MAKER;HYDROGEL_PACK;XIRECS;10017.0;4
12200;BOT_TAKER;BOT_MAKER;VEV_5500;XIRECS;7.0;4
12300;BOT_MAKER;BOT_TAKER;VELVETFRUIT_EXTRACT;XIRECS;5272.0;3
12400;BOT_TAKER;BOT_MAKER;HYDROGEL_PACK;XIRECS;10017.0;3
12400;BOT_MAKER;BOT_TAKER;VEV_4000;XIRECS;1258.0;3
12500;BOT_TAKER;BOT_MAKER;HYDROGEL_PACK;XIRECS;10016.0;6
12500;BOT_MAKER;BOT_TAKER;VELVETFRUIT_EXTRACT;XIRECS;5274.0;7
12500;BOT_TAKER;BOT_MAKER;VEV_4000;XIRECS;1279.0;3
12600;BOT_TAKER;BOT_MAKER;VEV_4000;XIRECS;1277.0;2
12700;BOT_TAKER;BOT_MAKER;VELVETFRUIT_EXTRACT;XIRECS;5277.0;3
12700;BOT_MAKER;BOT_TAKER;VEV_5300;XIRECS;51.0;4
12700;BOT_TAKER;SUBMISSION;VEV_4000;XIRECS;1274.0;1
12900;SUBMISSION;BOT_TAKER;VELVETFRUIT_EXTRACT;XIRECS;5273.0;3
13000;BOT_MAKER;BOT_TAKER;VELVETFRUIT_EXTRACT;XIRECS;5270.0;10
13200;BOT_TAKER;BOT_MAKER;HYDROGEL_PACK;XIRECS;10027.0;5
13200;BOT_TAKER;BOT_MAKER;VEV_4000;XIRECS;1274.0;2
13300;BOT_TAKER;BOT_MAKER;VELVETFRUIT_EXTRACT;XIRECS;5276.0;6
13400;BOT_TAKER;SUBMISSION;HYDROGEL_PACK;XIRECS;10025.0;4
13500;BOT_TAKER;BOT_MAKER;VELVETFRUIT_EXTRACT;XIRECS;5274.0;5
13500;BOT_MAKER;BOT_TAKER;VEV_5300;XIRECS;51.0;4
13500;SUBMISSION;BOT_TAKER;VELVETFRUIT_EXTRACT;XIRECS;5270.0;5
13600;BOT_MAKER;BOT_TAKER;HYDROGEL_PACK;XIRECS;10001.0;2
13600;BOT_TAKER;BOT_MAKER;VELVETFRUIT_EXTRACT;XIRECS;5276.0;7
13700;BOT_MAKER;BOT_TAKER;HYDROGEL_PACK;XIRECS;10000.0;2
13700;BOT_MAKER;BOT_TAKER;VELVETFRUIT_EXTRACT;XIRECS;5272.0;8
13700;BOT_MAKER;BOT_TAKER;VEV_5400;XIRECS;15.0;2
13700;SUBMISSION;BOT_TAKER;VELVETFRUIT_EXTRACT;XIRECS;5273.0;3
13800;BOT_MAKER;BOT_TAKER;VEV_5300;XIRECS;51.0;3
13800;BOT_TAKER;BOT_MAKER;VEV_5500;XIRECS;7.0;5
13900;BOT_MAKER;BOT_TAKER;VELVETFRUIT_EXTRACT;XIRECS;5271.0;14
14000;BOT_TAKER;BOT_MAKER;VEV_6000;XIRECS;1.0;4
14100;BOT_MAKER;BOT_TAKER;VELVETFRUIT_EXTRACT;XIRECS;5270.0;5
14100;BOT_MAKER;BOT_TAKER;VEV_6000;XIRECS;0.0;2
14100;BOT_TAKER;SUBMISSION;VELVETFRUIT_EXTRACT;XIRECS;5275.0;5
14200;BOT_TAKER;BOT_MAKER;HYDROGEL_PACK;XIRECS;10011.0;2
14200;BOT_MAKER;BOT_TAKER;VELVETFRUIT_EXTRACT;XIRECS;5271.0;5
14300;BOT_MAKER;BOT_TAKER;HYDROGEL_PACK;XIRECS;9991.0;4
14300;BOT_MAKER;BOT_TAKER;VELVETFRUIT_EXTRACT;XIRECS;5270.0;3
14300;BOT_TAKER;BOT_MAKER;VEV_4000;XIRECS;1273.0;3
14300;BOT_TAKER;BOT_MAKER;VEV_5300;XIRECS;54.0;2
14300;BOT_MAKER;BOT_TAKER;VEV_6500;XIRECS;0.0;2
14400;BOT_MAKER;BOT_TAKER;HYDROGEL_PACK;XIRECS;9992.0;2
14400;BOT_MAKER;BOT_TAKER;VELVETFRUIT_EXTRACT;XIRECS;5271.0;3
14400;SUBMISSION;BOT_TAKER;VELVETFRUIT_EXTRACT;XIRECS;5272.0;5
14400;BOT_MAKER;BOT_TAKER;VELVETFRUIT_EXTRACT;XIRECS;5271.0;3
14500;BOT_TAKER;BOT_MAKER;VELVETFRUIT_EXTRACT;XIRECS;5275.0;8
14600;BOT_MAKER;BOT_TAKER;VELVETFRUIT_EXTRACT;XIRECS;5272.0;7
14600;BOT_MAKER;BOT_TAKER;VEV_6500;XIRECS;0.0;4
14800;BOT_TAKER;BOT_MAKER;HYDROGEL_PACK;XIRECS;10003.0;2
14800;BOT_MAKER;BOT_TAKER;VEV_4000;XIRECS;1250.0;3
14900;BOT_TAKER;BOT_MAKER;VEV_4000;XIRECS;1272.0;1
15000;BOT_MAKER;BOT_TAKER;VELVETFRUIT_EXTRACT;XIRECS;5272.0;7
15100;BOT_MAKER;BOT_TAKER;HYDROGEL_PACK;XIRECS;9984.0;4
15100;BOT_TAKER;SUBMISSION;HYDROGEL_PACK;XIRECS;9999.0;3
15200;BOT_TAKER;BOT_MAKER;VEV_6000;XIRECS;1.0;3
15300;BOT_MAKER;BOT_TAKER;VELVETFRUIT_EXTRACT;XIRECS;5272.0;13
15500;BOT_TAKER;BOT_MAKER;VELVETFRUIT_EXTRACT;XIRECS;5275.0;4
15600;BOT_MAKER;BOT_TAKER;VELVETFRUIT_EXTRACT;XIRECS;5270.0;7
15700;BOT_TAKER;BOT_MAKER;VEV_4000;XIRECS;1275.0;3
15800;BOT_MAKER;BOT_TAKER;VELVETFRUIT_EXTRACT;XIRECS;5269.0;5
16000;BOT_MAKER;BOT_TAKER;HYDROGEL_PACK;XIRECS;9995.0;2
16000;BOT_TAKER;BOT_MAKER;VELVETFRUIT_EXTRACT;XIRECS;5274.0;3
16100;BOT_TAKER;BOT_MAKER;HYDROGEL_PACK;XIRECS;10011.0;3
16100;BOT_TAKER;BOT_MAKER;VELVETFRUIT_EXTRACT;XIRECS;5272.0;6
16200;BOT_TAKER;BOT_MAKER;VELVETFRUIT_EXTRACT;XIRECS;5273.0;7
16200;BOT_TAKER;SUBMISSION;VELVETFRUIT_EXTRACT;XIRECS;5272.0;5
16500;BOT_TAKER;BOT_MAKER;HYDROGEL_PACK;XIRECS;10009.0;5
16500;BOT_MAKER;BOT_TAKER;VELVETFRUIT_EXTRACT;XIRECS;5267.0;8
16600;BOT_MAKER;BOT_TAKER;HYDROGEL_PACK;XIRECS;9991.0;6
16600;BOT_MAKER;BOT_TAKER;VELVETFRUIT_EXTRACT;XIRECS;5269.0;8
16600;SUBMISSION;BOT_TAKER;HYDROGEL_PACK;XIRECS;9992.0;5
16600;BOT_TAKER;SUBMISSION;VEV_4000;XIRECS;1273.0;2
16700;BOT_MAKER;BOT_TAKER;VELVETFRUIT_EXTRACT;XIRECS;5271.0;3
16800;BOT_TAKER;BOT_MAKER;VEV_5500;XIRECS;7.0;2
16900;BOT_TAKER;BOT_MAKER;VELVETFRUIT_EXTRACT;XIRECS;5275.0;7
16900;BOT_TAKER;BOT_MAKER;VEV_6000;XIRECS;1.0;2
16900;SUBMISSION;BOT_TAKER;HYDROGEL_PACK;XIRECS;9989.0;5
17000;BOT_TAKER;BOT_MAKER;HYDROGEL_PACK;XIRECS;10002.0;4
17000;BOT_TAKER;BOT_MAKER;VEV_6500;XIRECS;1.0;4
17100;BOT_TAKER;BOT_MAKER;VEV_4000;XIRECS;1274.0;2
17200;BOT_TAKER;BOT_MAKER;VELVETFRUIT_EXTRACT;XIRECS;5276.0;5
17200;SUBMISSION;BOT_TAKER;HYDROGEL_PACK;XIRECS;9986.0;4
17300;BOT_TAKER;BOT_MAKER;HYDROGEL_PACK;XIRECS;10003.0;3
17400;BOT_MAKER;BOT_TAKER;HYDROGEL_PACK;XIRECS;9986.0;6
17500;BOT_TAKER;BOT_MAKER;HYDROGEL_PACK;XIRECS;10004.0;3
17500;BOT_MAKER;BOT_TAKER;VEV_6000;XIRECS;0.0;3
17500;SUBMISSION;BOT_TAKER;VEV_4000;XIRECS;1252.0;2
17800;BOT_TAKER;BOT_MAKER;VELVETFRUIT_EXTRACT;XIRECS;5273.0;8
17800;BOT_TAKER;SUBMISSION;VELVETFRUIT_EXTRACT;XIRECS;5272.0;5
17800;BOT_TAKER;BOT_MAKER;VELVETFRUIT_EXTRACT;XIRECS;5273.0;3
17900;BOT_MAKER;BOT_TAKER;VEV_5500;XIRECS;5.0;2
17900;SUBMISSION;BOT_TAKER;HYDROGEL_PACK;XIRECS;9985.0;4
18000;BOT_TAKER;BOT_MAKER;VELVETFRUIT_EXTRACT;XIRECS;5274.0;8
18000;SUBMISSION;BOT_TAKER;VEV_4000;XIRECS;1250.0;1
18100;BOT_TAKER;BOT_MAKER;VELVETFRUIT_EXTRACT;XIRECS;5274.0;4
18200;BOT_MAKER;BOT_TAKER;VEV_6500;XIRECS;0.0;4
18300;BOT_MAKER;BOT_TAKER;VELVETFRUIT_EXTRACT;XIRECS;5270.0;6
18400;BOT_TAKER;BOT_MAKER;HYDROGEL_PACK;XIRECS;10008.0;2
18600;SUBMISSION;BOT_TAKER;VELVETFRUIT_EXTRACT;XIRECS;5269.0;3
18700;BOT_TAKER;BOT_MAKER;HYDROGEL_PACK;XIRECS;10010.0;5
18800;BOT_TAKER;BOT_MAKER;VEV_4000;XIRECS;1272.0;3
18900;BOT_TAKER;BOT_MAKER;VELVETFRUIT_EXTRACT;XIRECS;5273.0;7
19000;BOT_TAKER;BOT_MAKER;HYDROGEL_PACK;XIRECS;10016.0;2
19000;BOT_MAKER;BOT_TAKER;VELVETFRUIT_EXTRACT;XIRECS;5268.0;9
19100;BOT_MAKER;BOT_TAKER;VEV_5300;XIRECS;53.0;4
19200;BOT_MAKER;BOT_TAKER;VEV_6000;XIRECS;0.0;2
19300;BOT_MAKER;BOT_TAKER;HYDROGEL_PACK;XIRECS;9995.0;3
19300;BOT_MAKER;BOT_TAKER;VEV_6000;XIRECS;0.0;5
19300;BOT_TAKER;BOT_MAKER;VEV_6500;XIRECS;1.0;4
19400;BOT_TAKER;BOT_MAKER;VEV_5400;XIRECS;17.0;5
19500;BOT_TAKER;BOT_MAKER;HYDROGEL_PACK;XIRECS;10009.0;3
19500;BOT_TAKER;BOT_MAKER;VEV_5000;XIRECS;271.0;1
19600;BOT_TAKER;BOT_MAKER;HYDROGEL_PACK;XIRECS;10011.0;6
19600;BOT_MAKER;BOT_TAKER;VEV_6500;XIRECS;0.0;5
19700;BOT_TAKER;BOT_MAKER;HYDROGEL_PACK;XIRECS;10012.0;2
19800;BOT_TAKER;BOT_MAKER;VELVETFRUIT_EXTRACT;XIRECS;5274.0;8
19800;SUBMISSION;BOT_TAKER;VELVETFRUIT_EXTRACT;XIRECS;5270.0;5
19800;BOT_MAKER;BOT_TAKER;VELVETFRUIT_EXTRACT;XIRECS;5269.0;1
19900;BOT_MAKER;BOT_TAKER;VELVETFRUIT_EXTRACT;XIRECS;5268.0;10
19900;BOT_TAKER;BOT_MAKER;VELVETFRUIT_EXTRACT;XIRECS;5274.0;3
20100;BOT_TAKER;BOT_MAKER;HYDROGEL_PACK;XIRECS;10024.0;3
20100;BOT_MAKER;BOT_TAKER;VEV_6500;XIRECS;0.0;4
20100;SUBMISSION;BOT_TAKER;VELVETFRUIT_EXTRACT;XIRECS;5271.0;5
20100;BOT_MAKER;BOT_TAKER;VELVETFRUIT_EXTRACT;XIRECS;5270.0;1
20200;BOT_MAKER;BOT_TAKER;VEV_5300;XIRECS;52.0;3
20300;BOT_TAKER;BOT_MAKER;HYDROGEL_PACK;XIRECS;10027.0;5
20300;BOT_MAKER;BOT_TAKER;VELVETFRUIT_EXTRACT;XIRECS;5270.0;5
20300;BOT_MAKER;BOT_TAKER;VEV_4000;XIRECS;1259.0;2
20300;BOT_TAKER;BOT_MAKER;VEV_5300;XIRECS;54.0;2
20300;BOT_MAKER;BOT_TAKER;VEV_6000;XIRECS;0.0;5
20300;BOT_TAKER;BOT_MAKER;VEV_6500;XIRECS;1.0;5
20400;BOT_TAKER;BOT_MAKER;VEV_4000;XIRECS;1281.0;3
20500;BOT_TAKER;BOT_MAKER;HYDROGEL_PACK;XIRECS;10026.0;6
20500;BOT_TAKER;BOT_MAKER;VELVETFRUIT_EXTRACT;XIRECS;5274.0;3
20600;BOT_TAKER;BOT_MAKER;HYDROGEL_PACK;XIRECS;10022.0;4
20600;BOT_TAKER;BOT_MAKER;VELVETFRUIT_EXTRACT;XIRECS;5272.0;5
20700;BOT_MAKER;BOT_TAKER;VEV_4000;XIRECS;1257.0;1
20800;BOT_TAKER;BOT_MAKER;HYDROGEL_PACK;XIRECS;10022.0;5
20900;SUBMISSION;BOT_TAKER;VELVETFRUIT_EXTRACT;XIRECS;5267.0;5
20900;BOT_MAKER;BOT_TAKER;VELVETFRUIT_EXTRACT;XIRECS;5266.0;1
21000;BOT_MAKER;BOT_TAKER;VELVETFRUIT_EXTRACT;XIRECS;5267.0;4
21100;BOT_TAKER;BOT_MAKER;VELVETFRUIT_EXTRACT;XIRECS;5272.0;8
21100;BOT_TAKER;BOT_MAKER;VEV_6000;XIRECS;1.0;2
21300;BOT_MAKER;BOT_TAKER;HYDROGEL_PACK;XIRECS;10006.0;3
21400;BOT_MAKER;BOT_TAKER;VEV_5200;XIRECS;97.0;2
21500;BOT_TAKER;BOT_MAKER;VELVETFRUIT_EXTRACT;XIRECS;5272.0;7
21600;SUBMISSION;BOT_TAKER;VELVETFRUIT_EXTRACT;XIRECS;5266.0;5
21700;BOT_TAKER;BOT_MAKER;VELVETFRUIT_EXTRACT;XIRECS;5269.0;7
21700;BOT_TAKER;BOT_MAKER;VEV_5500;XIRECS;7.0;4
21800;BOT_MAKER;BOT_TAKER;VELVETFRUIT_EXTRACT;XIRECS;5265.0;3
21800;BOT_MAKER;BOT_TAKER;VEV_5500;XIRECS;6.0;4
21800;SUBMISSION;BOT_TAKER;VELVETFRUIT_EXTRACT;XIRECS;5266.0;5
21800;BOT_MAKER;BOT_TAKER;VELVETFRUIT_EXTRACT;XIRECS;5265.0;3
21900;BOT_MAKER;BOT_TAKER;VELVETFRUIT_EXTRACT;XIRECS;5265.0;6
22000;BOT_MAKER;BOT_TAKER;VELVETFRUIT_EXTRACT;XIRECS;5264.0;8
22000;BOT_TAKER;BOT_MAKER;VEV_5500;XIRECS;7.0;2
22100;BOT_MAKER;BOT_TAKER;VELVETFRUIT_EXTRACT;XIRECS;5265.0;5
22100;BOT_MAKER;BOT_TAKER;VEV_4000;XIRECS;1256.0;2
22100;BOT_TAKER;SUBMISSION;VEV_4000;XIRECS;1277.0;3
22200;BOT_TAKER;BOT_MAKER;VELVETFRUIT_EXTRACT;XIRECS;5270.0;7
22200;BOT_TAKER;BOT_MAKER;VELVETFRUIT_EXTRACT;XIRECS;5270.0;7
22300;SUBMISSION;BOT_TAKER;VELVETFRUIT_EXTRACT;XIRECS;5267.0;4
22400;BOT_MAKER;BOT_TAKER;HYDROGEL_PACK;XIRECS;10010.0;5
22500;BOT_TAKER;BOT_MAKER;VELVETFRUIT_EXTRACT;XIRECS;5270.0;5
22600;BOT_TAKER;BOT_MAKER;HYDROGEL_PACK;XIRECS;10027.0;2
22900;BOT_MAKER;BOT_TAKER;HYDROGEL_PACK;XIRECS;10005.0;4
22900;BOT_MAKER;BOT_TAKER;VEV_6500;XIRECS;0.0;5
23000;BOT_TAKER;BOT_MAKER;VEV_4000;XIRECS;1282.0;2
23200;BOT_MAKER;BOT_TAKER;VEV_5300;XIRECS;48.0;4
23200;SUBMISSION;BOT_TAKER;HYDROGEL_PACK;XIRECS;10007.0;2
23300;SUBMISSION;BOT_TAKER;VELVETFRUIT_EXTRACT;XIRECS;5263.0;5
23400;BOT_TAKER;BOT_MAKER;HYDROGEL_PACK;XIRECS;10021.0;4
23500;BOT_TAKER;BOT_MAKER;VEV_4000;XIRECS;1285.0;2
23500;BOT_MAKER;BOT_TAKER;VEV_6000;XIRECS;0.0;5
23600;BOT_MAKER;BOT_TAKER;VELVETFRUIT_EXTRACT;XIRECS;5262.0;7
23600;SUBMISSION;BOT_TAKER;VELVETFRUIT_EXTRACT;XIRECS;5263.0;5
23600;BOT_MAKER;BOT_TAKER;VELVETFRUIT_EXTRACT;XIRECS;5262.0;5
23700;BOT_MAKER;BOT_TAKER;VEV_5400;XIRECS;15.0;4
23800;BOT_TAKER;BOT_MAKER;VELVETFRUIT_EXTRACT;XIRECS;5267.0;5
23800;BOT_TAKER;SUBMISSION;VELVETFRUIT_EXTRACT;XIRECS;5266.0;5
23800;BOT_TAKER;BOT_MAKER;VELVETFRUIT_EXTRACT;XIRECS;5267.0;1
23800;SUBMISSION;BOT_TAKER;VEV_4000;XIRECS;1266.0;1
23900;BOT_TAKER;BOT_MAKER;VEV_5500;XIRECS;6.0;2
23900;BOT_MAKER;BOT_TAKER;VEV_6000;XIRECS;0.0;4
24000;BOT_TAKER;BOT_MAKER;VELVETFRUIT_EXTRACT;XIRECS;5268.0;6
24000;BOT_TAKER;BOT_MAKER;VEV_5500;XIRECS;6.0;2
24000;BOT_MAKER;BOT_TAKER;VEV_6500;XIRECS;0.0;4
24100;BOT_TAKER;BOT_MAKER;HYDROGEL_PACK;XIRECS;10021.0;6
24100;BOT_TAKER;BOT_MAKER;VELVETFRUIT_EXTRACT;XIRECS;5266.0;5
24200;BOT_TAKER;BOT_MAKER;HYDROGEL_PACK;XIRECS;10020.0;6
24200;BOT_MAKER;BOT_TAKER;HYDROGEL_PACK;XIRECS;10004.0;3
24200;BOT_MAKER;BOT_TAKER;VEV_6500;XIRECS;0.0;3
24300;BOT_MAKER;BOT_TAKER;HYDROGEL_PACK;XIRECS;10003.0;6
24400;BOT_TAKER;BOT_MAKER;HYDROGEL_PACK;XIRECS;10016.0;4
24400;BOT_MAKER;BOT_TAKER;VELVETFRUIT_EXTRACT;XIRECS;5262.0;7
24600;BOT_TAKER;BOT_MAKER;VELVETFRUIT_EXTRACT;XIRECS;5268.0;4
24600;BOT_MAKER;BOT_TAKER;VELVETFRUIT_EXTRACT;XIRECS;5263.0;7
24600;BOT_TAKER;BOT_MAKER;VEV_4000;XIRECS;1286.0;3
24700;BOT_TAKER;BOT_MAKER;VEV_6000;XIRECS;1.0;4
24700;SUBMISSION;BOT_TAKER;VELVETFRUIT_EXTRACT;XIRECS;5263.0;4
24800;BOT_TAKER;BOT_MAKER;HYDROGEL_PACK;XIRECS;10012.0;3
24800;BOT_TAKER;BOT_MAKER;VEV_4000;XIRECS;1285.0;2
25100;BOT_MAKER;BOT_TAKER;VEV_5300;XIRECS;48.0;4
25200;BOT_TAKER;BOT_MAKER;VELVETFRUIT_EXTRACT;XIRECS;5269.0;3
25200;BOT_MAKER;BOT_TAKER;VEV_6500;XIRECS;0.0;3
25500;BOT_MAKER;BOT_TAKER;VELVETFRUIT_EXTRACT;XIRECS;5263.0;3
25600;BOT_MAKER;BOT_TAKER;HYDROGEL_PACK;XIRECS;10005.0;4
25800;BOT_MAKER;BOT_TAKER;VELVETFRUIT_EXTRACT;XIRECS;5262.0;5
25800;BOT_TAKER;SUBMISSION;VEV_4000;XIRECS;1282.0;3
26000;BOT_MAKER;BOT_TAKER;VELVETFRUIT_EXTRACT;XIRECS;5262.0;5
26000;BOT_TAKER;BOT_MAKER;VEV_4000;XIRECS;1286.0;1
26000;BOT_TAKER;BOT_MAKER;VEV_5300;XIRECS;50.0;2
26000;SUBMISSION;BOT_TAKER;VELVETFRUIT_EXTRACT;XIRECS;5263.0;3
26100;BOT_MAKER;BOT_TAKER;VELVETFRUIT_EXTRACT;XIRECS;5260.0;11
26200;BOT_MAKER;BOT_TAKER;VELVETFRUIT_EXTRACT;XIRECS;5260.0;5
26300;BOT_MAKER;BOT_TAKER;VELVETFRUIT_EXTRACT;XIRECS;5260.0;8
26400;BOT_TAKER;BOT_MAKER;HYDROGEL_PACK;XIRECS;10025.0;2
26500;BOT_MAKER;BOT_TAKER;HYDROGEL_PACK;XIRECS;10010.0;3
26500;BOT_MAKER;BOT_TAKER;VELVETFRUIT_EXTRACT;XIRECS;5261.0;5
26500;SUBMISSION;BOT_TAKER;VELVETFRUIT_EXTRACT;XIRECS;5262.0;5
26500;BOT_MAKER;BOT_TAKER;VELVETFRUIT_EXTRACT;XIRECS;5261.0;3
26600;BOT_MAKER;BOT_TAKER;HYDROGEL_PACK;XIRECS;10012.0;4
26700;BOT_MAKER;BOT_TAKER;HYDROGEL_PACK;XIRECS;10013.0;3
26700;BOT_MAKER;BOT_TAKER;VELVETFRUIT_EXTRACT;XIRECS;5260.0;5
26700;SUBMISSION;BOT_TAKER;VELVETFRUIT_EXTRACT;XIRECS;5261.0;5
26700;BOT_MAKER;BOT_TAKER;VELVETFRUIT_EXTRACT;XIRECS;5260.0;1
26800;BOT_TAKER;BOT_MAKER;VEV_5500;XIRECS;6.0;4
26900;BOT_TAKER;BOT_MAKER;HYDROGEL_PACK;XIRECS;10030.0;3
26900;BOT_MAKER;BOT_TAKER;VELVETFRUIT_EXTRACT;XIRECS;5259.0;3
27000;BOT_TAKER;BOT_MAKER;VELVETFRUIT_EXTRACT;XIRECS;5267.0;6
27000;BOT_MAKER;BOT_TAKER;VEV_6000;XIRECS;0.0;5
27100;BOT_TAKER;BOT_MAKER;VEV_4000;XIRECS;1284.0;2
27100;BOT_TAKER;SUBMISSION;HYDROGEL_PACK;XIRECS;10027.0;3
27300;BOT_TAKER;BOT_MAKER;VELVETFRUIT_EXTRACT;XIRECS;5269.0;4
27400;BOT_MAKER;BOT_TAKER;VEV_5300;XIRECS;48.0;2
27600;BOT_TAKER;BOT_MAKER;HYDROGEL_PACK;XIRECS;10030.0;5
27700;BOT_MAKER;BOT_TAKER;VELVETFRUIT_EXTRACT;XIRECS;5263.0;4
27700;SUBMISSION;BOT_TAKER;HYDROGEL_PACK;XIRECS;10017.0;5
27800;BOT_MAKER;BOT_TAKER;VELVETFRUIT_EXTRACT;XIRECS;5260.0;5
27800;BOT_TAKER;SUBMISSION;HYDROGEL_PACK;XIRECS;10030.0;3
27900;BOT_TAKER;BOT_MAKER;VELVETFRUIT_EXTRACT;XIRECS;5266.0;6
27900;BOT_MAKER;BOT_TAKER;VEV_4000;XIRECS;1259.0;1
28000;BOT_MAKER;BOT_TAKER;HYDROGEL_PACK;XIRECS;10013.0;2
28000;BOT_MAKER;BOT_TAKER;VELVETFRUIT_EXTRACT;XIRECS;5261.0;6
28100;BOT_TAKER;BOT_MAKER;HYDROGEL_PACK;XIRECS;10029.0;6
28200;BOT_TAKER;BOT_MAKER;VELVETFRUIT_EXTRACT;XIRECS;5267.0;3
28200;BOT_TAKER;SUBMISSION;HYDROGEL_PACK;XIRECS;10028.0;2
28300;BOT_MAKER;BOT_TAKER;VELVETFRUIT_EXTRACT;XIRECS;5262.0;3
28500;BOT_TAKER;BOT_MAKER;VELVETFRUIT_EXTRACT;XIRECS;5267.0;3
28600;BOT_MAKER;BOT_TAKER;HYDROGEL_PACK;XIRECS;10009.0;6
28600;SUBMISSION;BOT_TAKER;VEV_4000;XIRECS;1261.0;2
28700;BOT_TAKER;BOT_MAKER;VELVETFRUIT_EXTRACT;XIRECS;5267.0;3
28800;BOT_MAKER;BOT_TAKER;VELVETFRUIT_EXTRACT;XIRECS;5259.0;4
28800;BOT_MAKER;BOT_TAKER;VEV_6500;XIRECS;0.0;2
28900;BOT_MAKER;BOT_TAKER;VELVETFRUIT_EXTRACT;XIRECS;5259.0;5
29100;BOT_TAKER;BOT_MAKER;VELVETFRUIT_EXTRACT;XIRECS;5267.0;7
29100;BOT_MAKER;BOT_TAKER;VEV_4000;XIRECS;1264.0;2
29200;BOT_TAKER;BOT_MAKER;HYDROGEL_PACK;XIRECS;10026.0;4
29200;BOT_MAKER;BOT_TAKER;VELVETFRUIT_EXTRACT;XIRECS;5261.0;4
29200;BOT_TAKER;BOT_MAKER;VEV_5300;XIRECS;48.0;2
29300;BOT_TAKER;BOT_MAKER;HYDROGEL_PACK;XIRECS;10027.0;5
29300;BOT_TAKER;BOT_MAKER;VELVETFRUIT_EXTRACT;XIRECS;5266.0;8
29400;BOT_MAKER;BOT_TAKER;HYDROGEL_PACK;XIRECS;10011.0;5
29400;BOT_TAKER;SUBMISSION;HYDROGEL_PACK;XIRECS;10026.0;5
29400;BOT_TAKER;BOT_MAKER;HYDROGEL_PACK;XIRECS;10027.0;1
29500;BOT_MAKER;BOT_TAKER;VELVETFRUIT_EXTRACT;XIRECS;5262.0;7
29500;BOT_TAKER;BOT_MAKER;VEV_5400;XIRECS;17.0;4
29500;BOT_TAKER;BOT_MAKER;VEV_6000;XIRECS;1.0;2
29500;SUBMISSION;BOT_TAKER;VELVETFRUIT_EXTRACT;XIRECS;5263.0;4
29600;BOT_TAKER;BOT_MAKER;HYDROGEL_PACK;XIRECS;10030.0;3
29600;BOT_TAKER;BOT_MAKER;VELVETFRUIT_EXTRACT;XIRECS;5267.0;3
29700;BOT_TAKER;BOT_MAKER;HYDROGEL_PACK;XIRECS;10029.0;2
29800;BOT_MAKER;BOT_TAKER;HYDROGEL_PACK;XIRECS;10012.0;5
29900;BOT_MAKER;BOT_TAKER;VELVETFRUIT_EXTRACT;XIRECS;5264.0;7
30000;BOT_MAKER;BOT_TAKER;VELVETFRUIT_EXTRACT;XIRECS;5263.0;8
30000;SUBMISSION;BOT_TAKER;VELVETFRUIT_EXTRACT;XIRECS;5264.0;5
30000;BOT_MAKER;BOT_TAKER;VELVETFRUIT_EXTRACT;XIRECS;5263.0;1
30100;BOT_TAKER;BOT_MAKER;VEV_4000;XIRECS;1280.0;1
30200;BOT_MAKER;BOT_TAKER;VELVETFRUIT_EXTRACT;XIRECS;5262.0;8
30200;BOT_TAKER;BOT_MAKER;VEV_6500;XIRECS;1.0;3
30300;BOT_TAKER;BOT_MAKER;HYDROGEL_PACK;XIRECS;10023.0;3
30300;BOT_TAKER;BOT_MAKER;VEV_6000;XIRECS;1.0;2
30400;BOT_MAKER;BOT_TAKER;VEV_4000;XIRECS;1263.0;1
30400;BOT_TAKER;BOT_MAKER;VEV_6500;XIRECS;1.0;5
30500;BOT_MAKER;BOT_TAKER;VELVETFRUIT_EXTRACT;XIRECS;5262.0;3
30500;BOT_TAKER;BOT_MAKER;VEV_5500;XIRECS;5.0;5
30500;BOT_TAKER;SUBMISSION;VELVETFRUIT_EXTRACT;XIRECS;5266.0;5
30500;BOT_TAKER;BOT_MAKER;VELVETFRUIT_EXTRACT;XIRECS;5267.0;4
30700;BOT_TAKER;BOT_MAKER;VELVETFRUIT_EXTRACT;XIRECS;5268.0;7
30700;BOT_TAKER;BOT_MAKER;VELVETFRUIT_EXTRACT;XIRECS;5268.0;6
30700;BOT_MAKER;BOT_TAKER;VEV_6000;XIRECS;0.0;2
30700;SUBMISSION;BOT_TAKER;HYDROGEL_PACK;XIRECS;10008.0;4
30800;BOT_TAKER;BOT_MAKER;VELVETFRUIT_EXTRACT;XIRECS;5268.0;4
30900;BOT_TAKER;BOT_MAKER;VELVETFRUIT_EXTRACT;XIRECS;5268.0;3
30900;BOT_MAKER;BOT_TAKER;VEV_5300;XIRECS;46.0;5
31000;BOT_TAKER;BOT_MAKER;VELVETFRUIT_EXTRACT;XIRECS;5269.0;4
31000;BOT_MAKER;BOT_TAKER;VEV_5400;XIRECS;15.0;2
31000;BOT_MAKER;BOT_TAKER;VEV_5500;XIRECS;4.0;4
31000;BOT_TAKER;SUBMISSION;VELVETFRUIT_EXTRACT;XIRECS;5268.0;5
31000;BOT_TAKER;BOT_MAKER;VELVETFRUIT_EXTRACT;XIRECS;5269.0;1
31100;BOT_TAKER;BOT_MAKER;VELVETFRUIT_EXTRACT;XIRECS;5271.0;7
31100;BOT_TAKER;BOT_MAKER;VELVETFRUIT_EXTRACT;XIRECS;5271.0;3
31100;BOT_MAKER;BOT_TAKER;VEV_6500;XIRECS;0.0;3
31200;BOT_TAKER;SUBMISSION;HYDROGEL_PACK;XIRECS;10025.0;5
31300;BOT_TAKER;BOT_MAKER;HYDROGEL_PACK;XIRECS;10027.0;2
31300;BOT_TAKER;BOT_MAKER;VELVETFRUIT_EXTRACT;XIRECS;5270.0;8
31300;BOT_MAKER;BOT_TAKER;VELVETFRUIT_EXTRACT;XIRECS;5264.0;5
31300;BOT_MAKER;BOT_TAKER;VEV_5500;XIRECS;4.0;5
31400;BOT_TAKER;BOT_MAKER;VELVETFRUIT_EXTRACT;XIRECS;5270.0;6
31400;BOT_MAKER;BOT_TAKER;VEV_6000;XIRECS;0.0;5
31600;BOT_TAKER;BOT_MAKER;VEV_6000;XIRECS;1.0;4
31600;BOT_TAKER;SUBMISSION;VELVETFRUIT_EXTRACT;XIRECS;5266.0;5
31600;BOT_TAKER;BOT_MAKER;VELVETFRUIT_EXTRACT;XIRECS;5267.0;4
31700;BOT_MAKER;BOT_TAKER;HYDROGEL_PACK;XIRECS;10005.0;6
31700;BOT_MAKER;BOT_TAKER;VEV_4000;XIRECS;1260.0;2
31800;BOT_MAKER;BOT_TAKER;VELVETFRUIT_EXTRACT;XIRECS;5263.0;7
31800;BOT_TAKER;BOT_MAKER;VEV_4000;XIRECS;1282.0;1
31900;BOT_TAKER;BOT_MAKER;HYDROGEL_PACK;XIRECS;10017.0;4
31900;BOT_MAKER;BOT_TAKER;VEV_4000;XIRECS;1260.0;3
32000;BOT_TAKER;BOT_MAKER;HYDROGEL_PACK;XIRECS;10018.0;6
32100;BOT_TAKER;BOT_MAKER;VEV_5500;XIRECS;5.0;4
32200;BOT_TAKER;BOT_MAKER;HYDROGEL_PACK;XIRECS;10020.0;6
32200;BOT_TAKER;BOT_MAKER;VELVETFRUIT_EXTRACT;XIRECS;5268.0;5
32400;BOT_TAKER;BOT_MAKER;HYDROGEL_PACK;XIRECS;10023.0;5
32400;BOT_TAKER;BOT_MAKER;VEV_5300;XIRECS;46.0;2
32500;BOT_TAKER;BOT_MAKER;VEV_6500;XIRECS;1.0;5
32700;BOT_TAKER;BOT_MAKER;HYDROGEL_PACK;XIRECS;10017.0;2
32700;BOT_MAKER;BOT_TAKER;VEV_4000;XIRECS;1262.0;2
32700;BOT_TAKER;BOT_MAKER;VEV_5300;XIRECS;47.0;3
32800;BOT_TAKER;BOT_MAKER;VEV_4000;XIRECS;1282.0;1
32800;BOT_MAKER;BOT_TAKER;VEV_5400;XIRECS;15.0;2
32900;BOT_MAKER;BOT_TAKER;HYDROGEL_PACK;XIRECS;10001.0;5
33000;BOT_TAKER;BOT_MAKER;VELVETFRUIT_EXTRACT;XIRECS;5268.0;13
33000;BOT_TAKER;BOT_MAKER;VEV_6500;XIRECS;1.0;4
33200;BOT_TAKER;BOT_MAKER;HYDROGEL_PACK;XIRECS;10015.0;5
33200;BOT_TAKER;BOT_MAKER;VELVETFRUIT_EXTRACT;XIRECS;5268.0;8
33300;BOT_MAKER;BOT_TAKER;HYDROGEL_PACK;XIRECS;9995.0;5
33400;BOT_MAKER;BOT_TAKER;VELVETFRUIT_EXTRACT;XIRECS;5261.0;8
33500;BOT_MAKER;BOT_TAKER;VEV_5300;XIRECS;47.0;3
33500;BOT_TAKER;BOT_MAKER;VEV_5400;XIRECS;18.0;2
33600;BOT_MAKER;BOT_TAKER;VELVETFRUIT_EXTRACT;XIRECS;5261.0;15
33700;BOT_MAKER;BOT_TAKER;HYDROGEL_PACK;XIRECS;9996.0;6
33800;SUBMISSION;BOT_TAKER;VELVETFRUIT_EXTRACT;XIRECS;5260.0;5
33800;BOT_MAKER;BOT_TAKER;VELVETFRUIT_EXTRACT;XIRECS;5259.0;3
33900;BOT_TAKER;SUBMISSION;VELVETFRUIT_EXTRACT;XIRECS;5265.0;3
34000;BOT_MAKER;BOT_TAKER;VELVETFRUIT_EXTRACT;XIRECS;5260.0;8
34000;BOT_TAKER;SUBMISSION;HYDROGEL_PACK;XIRECS;10005.0;4
34100;BOT_MAKER;BOT_TAKER;HYDROGEL_PACK;XIRECS;9989.0;2
34100;BOT_MAKER;BOT_TAKER;VELVETFRUIT_EXTRACT;XIRECS;5260.0;8
34100;BOT_MAKER;BOT_TAKER;VEV_6000;XIRECS;0.0;4
34200;BOT_TAKER;BOT_MAKER;HYDROGEL_PACK;XIRECS;10009.0;2
34200;BOT_MAKER;BOT_TAKER;VELVETFRUIT_EXTRACT;XIRECS;5260.0;5
34200;SUBMISSION;BOT_TAKER;HYDROGEL_PACK;XIRECS;9994.0;5
34300;BOT_TAKER;BOT_MAKER;VELVETFRUIT_EXTRACT;XIRECS;5265.0;6
34300;BOT_TAKER;BOT_MAKER;VEV_6000;XIRECS;1.0;2
34300;BOT_TAKER;SUBMISSION;VEV_4000;XIRECS;1279.0;3
34600;BOT_TAKER;BOT_MAKER;HYDROGEL_PACK;XIRECS;10007.0;4
34600;BOT_MAKER;BOT_TAKER;VEV_5500;XIRECS;4.0;4
34800;BOT_TAKER;BOT_MAKER;HYDROGEL_PACK;XIRECS;10005.0;4
34800;BOT_TAKER;BOT_MAKER;VELVETFRUIT_EXTRACT;XIRECS;5268.0;4
34800;BOT_TAKER;BOT_MAKER;VEV_5400;XIRECS;16.0;3
34900;BOT_MAKER;BOT_TAKER;VEV_4000;XIRECS;1264.0;1
34900;BOT_MAKER;BOT_TAKER;VEV_4000;XIRECS;1264.0;2
35000;BOT_TAKER;BOT_MAKER;HYDROGEL_PACK;XIRECS;10003.0;5
35000;BOT_TAKER;BOT_MAKER;HYDROGEL_PACK;XIRECS;10003.0;2
35000;BOT_TAKER;SUBMISSION;VEV_4000;XIRECS;1283.0;3
35100;BOT_TAKER;BOT_MAKER;HYDROGEL_PACK;XIRECS;10001.0;2
35100;BOT_MAKER;BOT_TAKER;VELVETFRUIT_EXTRACT;XIRECS;5263.0;3
35200;BOT_MAKER;BOT_TAKER;VEV_4000;XIRECS;1261.0;2
35300;BOT_MAKER;BOT_TAKER;VELVETFRUIT_EXTRACT;XIRECS;5262.0;7
35300;BOT_MAKER;BOT_TAKER;VEV_4000;XIRECS;1261.0;3
35400;SUBMISSION;BOT_TAKER;HYDROGEL_PACK;XIRECS;9990.0;5
35400;BOT_MAKER;BOT_TAKER;HYDROGEL_PACK;XIRECS;9989.0;1
35500;BOT_MAKER;BOT_TAKER;VELVETFRUIT_EXTRACT;XIRECS;5261.0;15
35500;BOT_TAKER;SUBMISSION;VEV_4000;XIRECS;1285.0;3
35600;BOT_MAKER;BOT_TAKER;VEV_6000;XIRECS;0.0;5
35700;BOT_TAKER;BOT_MAKER;VELVETFRUIT_EXTRACT;XIRECS;5265.0;15
35700;BOT_MAKER;BOT_TAKER;VEV_5400;XIRECS;15.0;3
35900;BOT_MAKER;BOT_TAKER;HYDROGEL_PACK;XIRECS;9984.0;3
35900;BOT_TAKER;BOT_MAKER;VEV_6000;XIRECS;1.0;4
36000;BOT_TAKER;BOT_MAKER;VELVETFRUIT_EXTRACT;XIRECS;5264.0;7
36000;BOT_MAKER;BOT_TAKER;VEV_6000;XIRECS;0.0;4
36100;BOT_MAKER;BOT_TAKER;HYDROGEL_PACK;XIRECS;9981.0;3
36100;BOT_MAKER;BOT_TAKER;VELVETFRUIT_EXTRACT;XIRECS;5258.0;8
36100;SUBMISSION;BOT_TAKER;VELVETFRUIT_EXTRACT;XIRECS;5259.0;5
36100;BOT_MAKER;BOT_TAKER;VELVETFRUIT_EXTRACT;XIRECS;5258.0;3
36200;BOT_MAKER;BOT_TAKER;VELVETFRUIT_EXTRACT;XIRECS;5257.0;7
36300;BOT_MAKER;BOT_TAKER;HYDROGEL_PACK;XIRECS;9984.0;5
36300;BOT_MAKER;BOT_TAKER;VELVETFRUIT_EXTRACT;XIRECS;5257.0;5
36300;BOT_TAKER;BOT_MAKER;VEV_4000;XIRECS;1280.0;2
36300;BOT_TAKER;BOT_MAKER;VEV_6000;XIRECS;1.0;2
36400;BOT_MAKER;BOT_TAKER;VEV_4000;XIRECS;1257.0;2
36600;BOT_TAKER;BOT_MAKER;HYDROGEL_PACK;XIRECS;9997.0;3
36600;BOT_TAKER;BOT_MAKER;VELVETFRUIT_EXTRACT;XIRECS;5261.0;4
36700;BOT_MAKER;BOT_TAKER;HYDROGEL_PACK;XIRECS;9980.0;4
36700;BOT_MAKER;BOT_TAKER;VEV_4000;XIRECS;1256.0;2
36800;BOT_MAKER;BOT_TAKER;VEV_4000;XIRECS;1257.0;2
36800;BOT_TAKER;BOT_MAKER;VEV_6000;XIRECS;1.0;4
36900;BOT_TAKER;BOT_MAKER;VELVETFRUIT_EXTRACT;XIRECS;5263.0;7
37000;BOT_TAKER;BOT_MAKER;VELVETFRUIT_EXTRACT;XIRECS;5261.0;4
37000;BOT_MAKER;BOT_TAKER;VEV_5300;XIRECS;43.0;2
37100;BOT_TAKER;BOT_MAKER;VELVETFRUIT_EXTRACT;XIRECS;5261.0;7
37200;BOT_MAKER;BOT_TAKER;HYDROGEL_PACK;XIRECS;9981.0;6
37200;BOT_TAKER;BOT_MAKER;VELVETFRUIT_EXTRACT;XIRECS;5262.0;3
37400;BOT_MAKER;BOT_TAKER;VELVETFRUIT_EXTRACT;XIRECS;5257.0;3
37500;BOT_TAKER;BOT_MAKER;VELVETFRUIT_EXTRACT;XIRECS;5261.0;8
37500;BOT_TAKER;BOT_MAKER;VEV_6000;XIRECS;1.0;5
37600;BOT_TAKER;BOT_MAKER;VELVETFRUIT_EXTRACT;XIRECS;5263.0;7
37700;BOT_TAKER;BOT_MAKER;HYDROGEL_PACK;XIRECS;10001.0;4
38000;BOT_TAKER;BOT_MAKER;VEV_5200;XIRECS;99.0;5
38000;BOT_TAKER;BOT_MAKER;VEV_6000;XIRECS;1.0;3
38100;BOT_MAKER;BOT_TAKER;VEV_5400;XIRECS;14.0;4
38200;BOT_MAKER;BOT_TAKER;VELVETFRUIT_EXTRACT;XIRECS;5254.0;8
38200;BOT_TAKER;BOT_MAKER;VEV_6500;XIRECS;1.0;2
38300;BOT_MAKER;BOT_TAKER;HYDROGEL_PACK;XIRECS;9976.0;2
38300;BOT_TAKER;BOT_MAKER;VEV_5300;XIRECS;44.0;5
38400;BOT_MAKER;BOT_TAKER;VELVETFRUIT_EXTRACT;XIRECS;5252.0;5
38400;BOT_MAKER;BOT_TAKER;VEV_6000;XIRECS;0.0;2
38600;SUBMISSION;BOT_TAKER;VELVETFRUIT_EXTRACT;XIRECS;5252.0;5
38600;BOT_MAKER;BOT_TAKER;VELVETFRUIT_EXTRACT;XIRECS;5251.0;1
38700;BOT_TAKER;BOT_MAKER;VELVETFRUIT_EXTRACT;XIRECS;5257.0;8
38900;BOT_TAKER;BOT_MAKER;HYDROGEL_PACK;XIRECS;9990.0;3
38900;BOT_MAKER;BOT_TAKER;VELVETFRUIT_EXTRACT;XIRECS;5252.0;13
39000;BOT_TAKER;BOT_MAKER;VELVETFRUIT_EXTRACT;XIRECS;5259.0;11
39100;BOT_MAKER;BOT_TAKER;VEV_6000;XIRECS;0.0;4
39200;BOT_TAKER;BOT_MAKER;VELVETFRUIT_EXTRACT;XIRECS;5263.0;9
39200;BOT_TAKER;BOT_MAKER;VEV_4000;XIRECS;1278.0;2
39200;BOT_MAKER;BOT_TAKER;VEV_5400;XIRECS;14.0;4
39300;BOT_MAKER;BOT_TAKER;HYDROGEL_PACK;XIRECS;9977.0;5
39400;BOT_MAKER;BOT_TAKER;HYDROGEL_PACK;XIRECS;9977.0;3
39500;BOT_TAKER;BOT_MAKER;VELVETFRUIT_EXTRACT;XIRECS;5264.0;10
39500;BOT_TAKER;SUBMISSION;VELVETFRUIT_EXTRACT;XIRECS;5263.0;5
39600;BOT_MAKER;BOT_TAKER;VEV_6000;XIRECS;0.0;3
39700;BOT_MAKER;BOT_TAKER;HYDROGEL_PACK;XIRECS;9983.0;6
39700;BOT_MAKER;BOT_TAKER;VELVETFRUIT_EXTRACT;XIRECS;5257.0;4
39900;BOT_MAKER;BOT_TAKER;VELVETFRUIT_EXTRACT;XIRECS;5257.0;13
40000;BOT_TAKER;BOT_MAKER;VEV_5400;XIRECS;17.0;5
40100;BOT_MAKER;BOT_TAKER;HYDROGEL_PACK;XIRECS;9987.0;2
40100;BOT_TAKER;BOT_MAKER;VELVETFRUIT_EXTRACT;XIRECS;5261.0;8
40200;BOT_MAKER;BOT_TAKER;HYDROGEL_PACK;XIRECS;9986.0;5
40200;BOT_MAKER;BOT_TAKER;VELVETFRUIT_EXTRACT;XIRECS;5259.0;7
40200;BOT_MAKER;BOT_TAKER;VEV_4000;XIRECS;1257.0;3
40200;BOT_MAKER;BOT_TAKER;VEV_6500;XIRECS;0.0;2
40300;BOT_MAKER;BOT_TAKER;VELVETFRUIT_EXTRACT;XIRECS;5258.0;8
40300;BOT_TAKER;SUBMISSION;HYDROGEL_PACK;XIRECS;10003.0;5
40400;BOT_MAKER;BOT_TAKER;VELVETFRUIT_EXTRACT;XIRECS;5259.0;7
40400;BOT_TAKER;BOT_MAKER;VEV_5400;XIRECS;17.0;2
40400;BOT_MAKER;BOT_TAKER;VEV_5500;XIRECS;4.0;4
40500;BOT_TAKER;BOT_MAKER;VEV_4000;XIRECS;1277.0;1
40700;BOT_TAKER;BOT_MAKER;VELVETFRUIT_EXTRACT;XIRECS;5264.0;7
40700;BOT_TAKER;BOT_MAKER;VEV_6000;XIRECS;1.0;5
40900;BOT_TAKER;BOT_MAKER;HYDROGEL_PACK;XIRECS;10013.0;4
41000;BOT_MAKER;BOT_TAKER;VELVETFRUIT_EXTRACT;XIRECS;5258.0;5
41000;BOT_MAKER;BOT_TAKER;VEV_4000;XIRECS;1257.0;3
41100;BOT_MAKER;BOT_TAKER;VELVETFRUIT_EXTRACT;XIRECS;5258.0;5
41300;BOT_TAKER;BOT_MAKER;HYDROGEL_PACK;XIRECS;10006.0;6
41300;BOT_MAKER;BOT_TAKER;VELVETFRUIT_EXTRACT;XIRECS;5257.0;3
41300;BOT_TAKER;BOT_MAKER;VEV_5500;XIRECS;5.0;5
41400;SUBMISSION;BOT_TAKER;HYDROGEL_PACK;XIRECS;9990.0;3
41400;BOT_TAKER;SUBMISSION;VELVETFRUIT_EXTRACT;XIRECS;5262.0;5
41400;BOT_TAKER;BOT_MAKER;VELVETFRUIT_EXTRACT;XIRECS;5263.0;9
41500;BOT_MAKER;BOT_TAKER;VEV_4000;XIRECS;1255.0;3
41600;BOT_TAKER;BOT_MAKER;HYDROGEL_PACK;XIRECS;10003.0;3
41600;BOT_MAKER;BOT_TAKER;HYDROGEL_PACK;XIRECS;9987.0;2
41700;BOT_TAKER;BOT_MAKER;VELVETFRUIT_EXTRACT;XIRECS;5260.0;9
41800;BOT_TAKER;BOT_MAKER;VELVETFRUIT_EXTRACT;XIRECS;5260.0;3
41900;BOT_MAKER;BOT_TAKER;HYDROGEL_PACK;XIRECS;9989.0;5
42000;BOT_TAKER;BOT_MAKER;VELVETFRUIT_EXTRACT;XIRECS;5261.0;4
42100;SUBMISSION;BOT_TAKER;HYDROGEL_PACK;XIRECS;9987.0;2
42200;BOT_MAKER;BOT_TAKER;VELVETFRUIT_EXTRACT;XIRECS;5257.0;4
42200;BOT_MAKER;BOT_TAKER;VEV_5300;XIRECS;42.0;4
42300;BOT_TAKER;BOT_MAKER;VELVETFRUIT_EXTRACT;XIRECS;5261.0;7
42400;BOT_MAKER;BOT_TAKER;VELVETFRUIT_EXTRACT;XIRECS;5256.0;7
42500;BOT_MAKER;BOT_TAKER;VELVETFRUIT_EXTRACT;XIRECS;5256.0;5
42600;BOT_TAKER;BOT_MAKER;VELVETFRUIT_EXTRACT;XIRECS;5263.0;7
42700;BOT_MAKER;BOT_TAKER;HYDROGEL_PACK;XIRECS;9986.0;4
42700;BOT_TAKER;BOT_MAKER;VELVETFRUIT_EXTRACT;XIRECS;5263.0;6
42800;BOT_TAKER;BOT_MAKER;VELVETFRUIT_EXTRACT;XIRECS;5261.0;4
42900;BOT_MAKER;BOT_TAKER;VELVETFRUIT_EXTRACT;XIRECS;5254.0;4
43000;BOT_MAKER;BOT_TAKER;VELVETFRUIT_EXTRACT;XIRECS;5254.0;9
43200;BOT_TAKER;BOT_MAKER;VELVETFRUIT_EXTRACT;XIRECS;5259.0;7
43300;BOT_MAKER;BOT_TAKER;VEV_5300;XIRECS;43.0;4
43400;BOT_TAKER;BOT_MAKER;VEV_4000;XIRECS;1277.0;3
43600;BOT_MAKER;BOT_TAKER;HYDROGEL_PACK;XIRECS;9982.0;2
43600;BOT_TAKER;BOT_MAKER;VEV_5400;XIRECS;17.0;4
43700;BOT_TAKER;BOT_MAKER;VELVETFRUIT_EXTRACT;XIRECS;5258.0;7
43700;BOT_TAKER;SUBMISSION;HYDROGEL_PACK;XIRECS;9998.0;5
43800;BOT_TAKER;BOT_MAKER;VELVETFRUIT_EXTRACT;XIRECS;5257.0;7
43900;BOT_TAKER;BOT_MAKER;VELVETFRUIT_EXTRACT;XIRECS;5257.0;8
43900;BOT_MAKER;BOT_TAKER;VEV_5400;XIRECS;15.0;4
44000;BOT_TAKER;BOT_MAKER;VELVETFRUIT_EXTRACT;XIRECS;5258.0;6
44100;BOT_MAKER;BOT_TAKER;VELVETFRUIT_EXTRACT;XIRECS;5255.0;8
44100;BOT_MAKER;BOT_TAKER;VEV_6000;XIRECS;0.0;2
44200;BOT_TAKER;SUBMISSION;VELVETFRUIT_EXTRACT;XIRECS;5259.0;4
44300;BOT_TAKER;BOT_MAKER;HYDROGEL_PACK;XIRECS;9997.0;6
44400;BOT_TAKER;BOT_MAKER;HYDROGEL_PACK;XIRECS;10001.0;5
44400;BOT_MAKER;BOT_TAKER;VELVETFRUIT_EXTRACT;XIRECS;5255.0;6
44500;BOT_MAKER;BOT_TAKER;VELVETFRUIT_EXTRACT;XIRECS;5253.0;8
44600;BOT_TAKER;BOT_MAKER;VEV_4000;XIRECS;1276.0;1
44600;BOT_TAKER;BOT_MAKER;VEV_6000;XIRECS;1.0;5
44800;BOT_TAKER;BOT_MAKER;VELVETFRUIT_EXTRACT;XIRECS;5260.0;7
44800;BOT_TAKER;BOT_MAKER;VEV_6500;XIRECS;1.0;5
44900;BOT_TAKER;BOT_MAKER;HYDROGEL_PACK;XIRECS;9997.0;3
44900;BOT_MAKER;BOT_TAKER;VELVETFRUIT_EXTRACT;XIRECS;5256.0;6
44900;BOT_MAKER;BOT_TAKER;VEV_5500;XIRECS;3.0;4
45000;BOT_TAKER;BOT_MAKER;VEV_5400;XIRECS;16.0;5
45000;BOT_MAKER;BOT_TAKER;VEV_6500;XIRECS;0.0;4
45200;BOT_TAKER;BOT_MAKER;VEV_6500;XIRECS;1.0;5
45300;BOT_TAKER;BOT_MAKER;HYDROGEL_PACK;XIRECS;9997.0;3
45300;BOT_MAKER;BOT_TAKER;VELVETFRUIT_EXTRACT;XIRECS;5257.0;6
45300;BOT_MAKER;BOT_TAKER;VEV_5500;XIRECS;3.0;5
45300;BOT_TAKER;BOT_MAKER;VEV_6000;XIRECS;1.0;5
45400;BOT_MAKER;BOT_TAKER;VELVETFRUIT_EXTRACT;XIRECS;5257.0;6
45500;BOT_MAKER;BOT_TAKER;HYDROGEL_PACK;XIRECS;9985.0;2
45500;BOT_MAKER;BOT_TAKER;VELVETFRUIT_EXTRACT;XIRECS;5258.0;4
45600;BOT_MAKER;BOT_TAKER;VELVETFRUIT_EXTRACT;XIRECS;5257.0;3
45600;BOT_MAKER;BOT_TAKER;VEV_6000;XIRECS;0.0;3
45700;BOT_TAKER;BOT_MAKER;HYDROGEL_PACK;XIRECS;9997.0;2
45700;BOT_TAKER;BOT_MAKER;VEV_5400;XIRECS;18.0;4
45800;BOT_MAKER;BOT_TAKER;HYDROGEL_PACK;XIRECS;9981.0;4
45800;BOT_TAKER;BOT_MAKER;VELVETFRUIT_EXTRACT;XIRECS;5260.0;8
45800;BOT_MAKER;BOT_TAKER;VEV_5500;XIRECS;3.0;4
45900;BOT_MAKER;BOT_TAKER;HYDROGEL_PACK;XIRECS;9978.0;3
45900;BOT_TAKER;BOT_MAKER;VEV_6000;XIRECS;1.0;5
46000;BOT_TAKER;BOT_MAKER;VELVETFRUIT_EXTRACT;XIRECS;5264.0;8
46000;BOT_TAKER;BOT_MAKER;VEV_6500;XIRECS;1.0;5
46000;BOT_TAKER;SUBMISSION;HYDROGEL_PACK;XIRECS;9990.0;5
46200;BOT_TAKER;SUBMISSION;HYDROGEL_PACK;XIRECS;9988.0;4
46300;BOT_MAKER;BOT_TAKER;HYDROGEL_PACK;XIRECS;9973.0;5
46300;BOT_TAKER;BOT_MAKER;VELVETFRUIT_EXTRACT;XIRECS;5265.0;6
46400;BOT_MAKER;BOT_TAKER;VEV_5400;XIRECS;16.0;2
46400;BOT_TAKER;SUBMISSION;VEV_4000;XIRECS;1274.0;3
46600;BOT_TAKER;BOT_MAKER;VELVETFRUIT_EXTRACT;XIRECS;5261.0;5
46700;BOT_MAKER;BOT_TAKER;VELVETFRUIT_EXTRACT;XIRECS;5256.0;7
46700;BOT_MAKER;BOT_TAKER;VEV_5500;XIRECS;4.0;3
46700;BOT_TAKER;SUBMISSION;HYDROGEL_PACK;XIRECS;9992.0;4
46700;BOT_TAKER;SUBMISSION;VEV_4000;XIRECS;1274.0;3
46900;BOT_TAKER;BOT_MAKER;VELVETFRUIT_EXTRACT;XIRECS;5263.0;7
47000;BOT_MAKER;BOT_TAKER;HYDROGEL_PACK;XIRECS;9980.0;6
47000;BOT_TAKER;BOT_MAKER;VELVETFRUIT_EXTRACT;XIRECS;5260.0;8
47100;BOT_TAKER;BOT_MAKER;VELVETFRUIT_EXTRACT;XIRECS;5260.0;3
47100;BOT_MAKER;BOT_TAKER;VEV_6500;XIRECS;0.0;3
47200;BOT_TAKER;BOT_MAKER;VEV_5300;XIRECS;46.0;5
47200;BOT_TAKER;BOT_MAKER;VEV_6500;XIRECS;1.0;5
47300;BOT_TAKER;BOT_MAKER;VEV_6500;XIRECS;1.0;3
47400;BOT_MAKER;BOT_TAKER;HYDROGEL_PACK;XIRECS;9978.0;4
47400;BOT_MAKER;BOT_TAKER;VELVETFRUIT_EXTRACT;XIRECS;5253.0;6
47400;BOT_TAKER;BOT_MAKER;VEV_6500;XIRECS;1.0;4
47400;BOT_TAKER;BOT_MAKER;VEV_6500;XIRECS;1.0;3
47400;SUBMISSION;BOT_TAKER;HYDROGEL_PACK;XIRECS;9979.0;3
47600;BOT_MAKER;BOT_TAKER;HYDROGEL_PACK;XIRECS;9981.0;2
47600;SUBMISSION;BOT_TAKER;VELVETFRUIT_EXTRACT;XIRECS;5255.0;3
47700;BOT_MAKER;BOT_TAKER;VELVETFRUIT_EXTRACT;XIRECS;5254.0;3
47800;BOT_MAKER;BOT_TAKER;VEV_4000;XIRECS;1257.0;2
47800;BOT_TAKER;BOT_MAKER;VEV_6000;XIRECS;1.0;2
47800;SUBMISSION;BOT_TAKER;VELVETFRUIT_EXTRACT;XIRECS;5254.0;5
48000;BOT_MAKER;BOT_TAKER;VELVETFRUIT_EXTRACT;XIRECS;5252.0;7
48000;BOT_TAKER;BOT_MAKER;VELVETFRUIT_EXTRACT;XIRECS;5256.0;13
48000;SUBMISSION;BOT_TAKER;VEV_4000;XIRECS;1257.0;1
48100;BOT_TAKER;BOT_MAKER;HYDROGEL_PACK;XIRECS;9995.0;6
48100;BOT_TAKER;BOT_MAKER;VELVETFRUIT_EXTRACT;XIRECS;5258.0;4
48100;BOT_MAKER;BOT_TAKER;VEV_4000;XIRECS;1256.0;1
48200;BOT_TAKER;BOT_MAKER;HYDROGEL_PACK;XIRECS;9995.0;6
48200;BOT_TAKER;BOT_MAKER;VELVETFRUIT_EXTRACT;XIRECS;5260.0;3
48300;BOT_TAKER;BOT_MAKER;VEV_4000;XIRECS;1274.0;3
48300;BOT_TAKER;BOT_MAKER;VEV_6000;XIRECS;1.0;3
48300;BOT_TAKER;SUBMISSION;VELVETFRUIT_EXTRACT;XIRECS;5259.0;5
48500;BOT_TAKER;BOT_MAKER;VEV_4000;XIRECS;1272.0;3
48600;BOT_MAKER;BOT_TAKER;VEV_4000;XIRECS;1251.0;1
48600;BOT_TAKER;BOT_MAKER;VEV_4000;XIRECS;1272.0;1
48700;BOT_TAKER;BOT_MAKER;HYDROGEL_PACK;XIRECS;9993.0;6
48800;BOT_TAKER;BOT_MAKER;HYDROGEL_PACK;XIRECS;9994.0;3
48900;BOT_TAKER;BOT_MAKER;HYDROGEL_PACK;XIRECS;9994.0;2
49000;BOT_MAKER;BOT_TAKER;HYDROGEL_PACK;XIRECS;9977.0;6
49000;BOT_MAKER;BOT_TAKER;VELVETFRUIT_EXTRACT;XIRECS;5250.0;9
49000;BOT_TAKER;SUBMISSION;VELVETFRUIT_EXTRACT;XIRECS;5255.0;5
49000;BOT_TAKER;BOT_MAKER;VELVETFRUIT_EXTRACT;XIRECS;5256.0;2
49100;BOT_TAKER;BOT_MAKER;HYDROGEL_PACK;XIRECS;9994.0;2
49100;BOT_MAKER;BOT_TAKER;VEV_5500;XIRECS;2.0;4
49100;BOT_TAKER;SUBMISSION;VELVETFRUIT_EXTRACT;XIRECS;5254.0;5
49100;BOT_TAKER;BOT_MAKER;VELVETFRUIT_EXTRACT;XIRECS;5255.0;3
49300;BOT_MAKER;BOT_TAKER;VEV_5300;XIRECS;42.0;3
49400;BOT_TAKER;BOT_MAKER;VELVETFRUIT_EXTRACT;XIRECS;5253.0;4
49500;BOT_TAKER;BOT_MAKER;VELVETFRUIT_EXTRACT;XIRECS;5255.0;7
49600;BOT_MAKER;BOT_TAKER;VELVETFRUIT_EXTRACT;XIRECS;5248.0;6
49600;BOT_MAKER;BOT_TAKER;VEV_4000;XIRECS;1250.0;3
49900;BOT_MAKER;BOT_TAKER;HYDROGEL_PACK;XIRECS;9976.0;4
49900;BOT_MAKER;BOT_TAKER;VEV_5400;XIRECS;16.0;5
50000;BOT_TAKER;BOT_MAKER;VELVETFRUIT_EXTRACT;XIRECS;5253.0;7
50100;BOT_MAKER;BOT_TAKER;HYDROGEL_PACK;XIRECS;9979.0;6
50100;BOT_TAKER;BOT_MAKER;VELVETFRUIT_EXTRACT;XIRECS;5252.0;6
50200;BOT_MAKER;BOT_TAKER;VELVETFRUIT_EXTRACT;XIRECS;5248.0;8
50300;BOT_MAKER;BOT_TAKER;VEV_4000;XIRECS;1254.0;2
50300;BOT_MAKER;BOT_TAKER;VEV_6000;XIRECS;0.0;3
50700;BOT_TAKER;BOT_MAKER;VEV_5500;XIRECS;4.0;2
50800;BOT_MAKER;BOT_TAKER;VELVETFRUIT_EXTRACT;XIRECS;5253.0;8
50800;BOT_MAKER;BOT_TAKER;VEV_5400;XIRECS;16.0;5
50800;SUBMISSION;BOT_TAKER;VELVETFRUIT_EXTRACT;XIRECS;5254.0;5
50800;BOT_MAKER;BOT_TAKER;VELVETFRUIT_EXTRACT;XIRECS;5253.0;1
50900;BOT_TAKER;BOT_MAKER;HYDROGEL_PACK;XIRECS;9986.0;3
50900;BOT_TAKER;SUBMISSION;HYDROGEL_PACK;XIRECS;9985.0;3
51000;SUBMISSION;BOT_TAKER;HYDROGEL_PACK;XIRECS;9968.0;4
51100;BOT_TAKER;BOT_MAKER;VELVETFRUIT_EXTRACT;XIRECS;5259.0;7
51200;BOT_TAKER;BOT_MAKER;VELVETFRUIT_EXTRACT;XIRECS;5259.0;7
51200;BOT_TAKER;SUBMISSION;VELVETFRUIT_EXTRACT;XIRECS;5258.0;5
51200;BOT_TAKER;BOT_MAKER;VELVETFRUIT_EXTRACT;XIRECS;5259.0;4
51300;BOT_TAKER;BOT_MAKER;VELVETFRUIT_EXTRACT;XIRECS;5259.0;3
51300;BOT_TAKER;BOT_MAKER;VEV_6000;XIRECS;1.0;3
51400;BOT_MAKER;BOT_TAKER;VELVETFRUIT_EXTRACT;XIRECS;5254.0;3
51400;BOT_TAKER;BOT_MAKER;VEV_6500;XIRECS;1.0;3
51500;BOT_MAKER;BOT_TAKER;HYDROGEL_PACK;XIRECS;9971.0;3
51600;SUBMISSION;BOT_TAKER;VELVETFRUIT_EXTRACT;XIRECS;5254.0;5
51600;SUBMISSION;BOT_TAKER;VEV_4000;XIRECS;1253.0;1
51700;BOT_MAKER;BOT_TAKER;VEV_6500;XIRECS;0.0;3
51800;BOT_TAKER;BOT_MAKER;VELVETFRUIT_EXTRACT;XIRECS;5259.0;8
51900;BOT_MAKER;BOT_TAKER;VEV_4000;XIRECS;1250.0;3
52100;BOT_TAKER;BOT_MAKER;HYDROGEL_PACK;XIRECS;9981.0;6
52100;BOT_TAKER;BOT_MAKER;VELVETFRUIT_EXTRACT;XIRECS;5256.0;5
52100;BOT_MAKER;BOT_TAKER;VEV_5300;XIRECS;45.0;4
52100;SUBMISSION;BOT_TAKER;HYDROGEL_PACK;XIRECS;9966.0;5
52100;BOT_MAKER;BOT_TAKER;HYDROGEL_PACK;XIRECS;9965.0;1
52200;BOT_TAKER;BOT_MAKER;VELVETFRUIT_EXTRACT;XIRECS;5256.0;6
52200;BOT_TAKER;BOT_MAKER;VEV_5300;XIRECS;47.0;4
52300;BOT_MAKER;BOT_TAKER;VEV_5300;XIRECS;45.0;4
52400;BOT_MAKER;BOT_TAKER;VELVETFRUIT_EXTRACT;XIRECS;5252.0;3
52500;BOT_TAKER;BOT_MAKER;HYDROGEL_PACK;XIRECS;9981.0;5
52500;BOT_TAKER;BOT_MAKER;HYDROGEL_PACK;XIRECS;9981.0;4
52500;BOT_TAKER;BOT_MAKER;VEV_4000;XIRECS;1270.0;2
52600;BOT_MAKER;BOT_TAKER;VELVETFRUIT_EXTRACT;XIRECS;5252.0;8
52700;BOT_MAKER;BOT_TAKER;VELVETFRUIT_EXTRACT;XIRECS;5252.0;8
52700;BOT_TAKER;SUBMISSION;VELVETFRUIT_EXTRACT;XIRECS;5255.0;3
52800;BOT_TAKER;BOT_MAKER;VELVETFRUIT_EXTRACT;XIRECS;5257.0;3
52800;BOT_MAKER;BOT_TAKER;VEV_5300;XIRECS;46.0;5
52800;BOT_MAKER;BOT_TAKER;VEV_5500;XIRECS;2.0;5
52900;BOT_MAKER;BOT_TAKER;HYDROGEL_PACK;XIRECS;9968.0;6
52900;BOT_MAKER;BOT_TAKER;VELVETFRUIT_EXTRACT;XIRECS;5251.0;6
53000;BOT_MAKER;BOT_TAKER;HYDROGEL_PACK;XIRECS;9964.0;3
53000;BOT_TAKER;BOT_MAKER;VELVETFRUIT_EXTRACT;XIRECS;5255.0;8
53100;BOT_TAKER;BOT_MAKER;HYDROGEL_PACK;XIRECS;9983.0;5
53100;BOT_TAKER;BOT_MAKER;HYDROGEL_PACK;XIRECS;9983.0;2
53100;BOT_TAKER;BOT_MAKER;VEV_4000;XIRECS;1270.0;3
53100;SUBMISSION;BOT_TAKER;VELVETFRUIT_EXTRACT;XIRECS;5252.0;4
53200;BOT_MAKER;BOT_TAKER;HYDROGEL_PACK;XIRECS;9966.0;3
53200;BOT_TAKER;BOT_MAKER;VELVETFRUIT_EXTRACT;XIRECS;5255.0;5
53200;BOT_MAKER;BOT_TAKER;VEV_4000;XIRECS;1248.0;3
53200;BOT_TAKER;BOT_MAKER;VEV_6500;XIRECS;1.0;2
53300;BOT_TAKER;BOT_MAKER;VELVETFRUIT_EXTRACT;XIRECS;5258.0;3
53300;BOT_TAKER;BOT_MAKER;VEV_6000;XIRECS;1.0;5
53500;BOT_TAKER;BOT_MAKER;HYDROGEL_PACK;XIRECS;9985.0;2
53500;BOT_TAKER;BOT_MAKER;VELVETFRUIT_EXTRACT;XIRECS;5259.0;6
53600;BOT_TAKER;BOT_MAKER;HYDROGEL_PACK;XIRECS;9983.0;3
53700;BOT_MAKER;BOT_TAKER;VELVETFRUIT_EXTRACT;XIRECS;5253.0;10
53800;BOT_TAKER;BOT_MAKER;VELVETFRUIT_EXTRACT;XIRECS;5258.0;5
53900;BOT_MAKER;BOT_TAKER;VELVETFRUIT_EXTRACT;XIRECS;5254.0;8
53900;BOT_MAKER;BOT_TAKER;VELVETFRUIT_EXTRACT;XIRECS;5254.0;7
54000;BOT_MAKER;BOT_TAKER;VEV_4000;XIRECS;1251.0;2
54200;BOT_TAKER;BOT_MAKER;VEV_5300;XIRECS;52.0;3
54300;BOT_TAKER;BOT_MAKER;VEV_5500;XIRECS;4.0;2
54400;BOT_TAKER;BOT_MAKER;VELVETFRUIT_EXTRACT;XIRECS;5258.0;7
54400;BOT_MAKER;BOT_TAKER;VEV_6000;XIRECS;0.0;4
54500;BOT_TAKER;BOT_MAKER;HYDROGEL_PACK;XIRECS;9976.0;2
54500;BOT_TAKER;BOT_MAKER;VELVETFRUIT_EXTRACT;XIRECS;5259.0;8
54600;BOT_TAKER;BOT_MAKER;HYDROGEL_PACK;XIRECS;9976.0;2
54600;BOT_MAKER;BOT_TAKER;VELVETFRUIT_EXTRACT;XIRECS;5254.0;8
54700;BOT_TAKER;BOT_MAKER;VELVETFRUIT_EXTRACT;XIRECS;5260.0;6
54700;BOT_TAKER;BOT_MAKER;VELVETFRUIT_EXTRACT;XIRECS;5260.0;8
54800;BOT_TAKER;BOT_MAKER;HYDROGEL_PACK;XIRECS;9977.0;4
54800;BOT_MAKER;BOT_TAKER;VEV_5300;XIRECS;51.0;4
54800;SUBMISSION;BOT_TAKER;HYDROGEL_PACK;XIRECS;9962.0;5
54800;BOT_MAKER;BOT_TAKER;HYDROGEL_PACK;XIRECS;9961.0;1
54900;BOT_TAKER;BOT_MAKER;VELVETFRUIT_EXTRACT;XIRECS;5261.0;7
55000;BOT_MAKER;BOT_TAKER;HYDROGEL_PACK;XIRECS;9961.0;5
55000;BOT_MAKER;BOT_TAKER;VELVETFRUIT_EXTRACT;XIRECS;5255.0;5
55000;BOT_TAKER;SUBMISSION;HYDROGEL_PACK;XIRECS;9976.0;3
55200;BOT_TAKER;BOT_MAKER;VELVETFRUIT_EXTRACT;XIRECS;5259.0;5
55200;BOT_TAKER;BOT_MAKER;VEV_6500;XIRECS;1.0;3
55300;BOT_MAKER;BOT_TAKER;VEV_5500;XIRECS;2.0;3
55400;BOT_TAKER;BOT_MAKER;VELVETFRUIT_EXTRACT;XIRECS;5259.0;3
55600;BOT_TAKER;BOT_MAKER;VEV_4000;XIRECS;1269.0;3
55700;BOT_TAKER;BOT_MAKER;HYDROGEL_PACK;XIRECS;9977.0;5
55800;BOT_TAKER;BOT_MAKER;VEV_6000;XIRECS;1.0;3
56000;BOT_TAKER;BOT_MAKER;VELVETFRUIT_EXTRACT;XIRECS;5257.0;10
56200;BOT_MAKER;BOT_TAKER;VEV_4000;XIRECS;1245.0;1
56300;BOT_MAKER;BOT_TAKER;VELVETFRUIT_EXTRACT;XIRECS;5253.0;8
56300;BOT_TAKER;BOT_MAKER;VEV_6000;XIRECS;1.0;3
56400;BOT_TAKER;BOT_MAKER;VELVETFRUIT_EXTRACT;XIRECS;5259.0;5
56400;BOT_TAKER;SUBMISSION;VELVETFRUIT_EXTRACT;XIRECS;5258.0;3
56500;BOT_MAKER;BOT_TAKER;VEV_4000;XIRECS;1246.0;2
56500;BOT_MAKER;BOT_TAKER;VEV_5500;XIRECS;2.0;5
56500;BOT_MAKER;BOT_TAKER;VEV_6000;XIRECS;0.0;5
56600;BOT_TAKER;BOT_MAKER;VELVETFRUIT_EXTRACT;XIRECS;5259.0;5
56600;BOT_MAKER;BOT_TAKER;VEV_4000;XIRECS;1244.0;3
56600;BOT_MAKER;BOT_TAKER;VEV_5500;XIRECS;2.0;5
56600;BOT_MAKER;BOT_TAKER;VEV_6000;XIRECS;0.0;4
56600;BOT_MAKER;BOT_TAKER;VEV_6500;XIRECS;0.0;3
56600;SUBMISSION;BOT_TAKER;VELVETFRUIT_EXTRACT;XIRECS;5255.0;5
56700;BOT_TAKER;BOT_MAKER;HYDROGEL_PACK;XIRECS;9977.0;5
56700;BOT_TAKER;BOT_MAKER;VELVETFRUIT_EXTRACT;XIRECS;5258.0;3
56800;BOT_MAKER;BOT_TAKER;HYDROGEL_PACK;XIRECS;9961.0;2
56800;BOT_MAKER;BOT_TAKER;VELVETFRUIT_EXTRACT;XIRECS;5252.0;3
56800;BOT_MAKER;BOT_TAKER;VEV_6500;XIRECS;0.0;5
56900;BOT_MAKER;BOT_TAKER;HYDROGEL_PACK;XIRECS;9963.0;2
56900;BOT_MAKER;BOT_TAKER;VELVETFRUIT_EXTRACT;XIRECS;5252.0;6
56900;BOT_TAKER;BOT_MAKER;VELVETFRUIT_EXTRACT;XIRECS;5257.0;5
57000;BOT_TAKER;BOT_MAKER;HYDROGEL_PACK;XIRECS;9980.0;5
57000;BOT_MAKER;BOT_TAKER;VEV_5400;XIRECS;14.0;4
57100;BOT_TAKER;BOT_MAKER;HYDROGEL_PACK;XIRECS;9980.0;4
57300;BOT_TAKER;SUBMISSION;VEV_4000;XIRECS;1262.0;1
57600;BOT_TAKER;BOT_MAKER;VEV_4000;XIRECS;1262.0;2
57800;BOT_TAKER;BOT_MAKER;HYDROGEL_PACK;XIRECS;9988.0;2
57800;BOT_TAKER;BOT_MAKER;VEV_5200;XIRECS;94.0;2
58100;BOT_TAKER;BOT_MAKER;VELVETFRUIT_EXTRACT;XIRECS;5260.0;5
58200;BOT_MAKER;BOT_TAKER;VELVETFRUIT_EXTRACT;XIRECS;5253.0;7
58200;BOT_TAKER;BOT_MAKER;VEV_6000;XIRECS;1.0;5
58300;BOT_MAKER;BOT_TAKER;HYDROGEL_PACK;XIRECS;9972.0;2
58300;BOT_TAKER;BOT_MAKER;VEV_6000;XIRECS;1.0;2
58400;BOT_TAKER;BOT_MAKER;HYDROGEL_PACK;XIRECS;9987.0;3
58500;BOT_MAKER;BOT_TAKER;VELVETFRUIT_EXTRACT;XIRECS;5254.0;7
58600;BOT_MAKER;BOT_TAKER;VEV_5500;XIRECS;2.0;2
58700;BOT_MAKER;BOT_TAKER;HYDROGEL_PACK;XIRECS;9974.0;5
58700;BOT_TAKER;BOT_MAKER;HYDROGEL_PACK;XIRECS;9990.0;4
58700;BOT_MAKER;BOT_TAKER;VELVETFRUIT_EXTRACT;XIRECS;5251.0;5
58700;BOT_TAKER;BOT_MAKER;VEV_4000;XIRECS;1260.0;2
58800;SUBMISSION;BOT_TAKER;VELVETFRUIT_EXTRACT;XIRECS;5253.0;5
58900;BOT_MAKER;BOT_TAKER;VEV_5400;XIRECS;13.0;4
59000;BOT_MAKER;BOT_TAKER;VELVETFRUIT_EXTRACT;XIRECS;5251.0;8
59300;BOT_TAKER;BOT_MAKER;VEV_5500;XIRECS;3.0;2
59500;BOT_MAKER;BOT_TAKER;VELVETFRUIT_EXTRACT;XIRECS;5254.0;3
59600;BOT_MAKER;BOT_TAKER;VELVETFRUIT_EXTRACT;XIRECS;5253.0;4
59600;BOT_MAKER;BOT_TAKER;VELVETFRUIT_EXTRACT;XIRECS;5253.0;6
59700;BOT_MAKER;BOT_TAKER;VELVETFRUIT_EXTRACT;XIRECS;5254.0;5
59700;BOT_TAKER;BOT_MAKER;VEV_4000;XIRECS;1260.0;1
59700;BOT_TAKER;SUBMISSION;VEV_4000;XIRECS;1259.0;1
60000;BOT_TAKER;BOT_MAKER;VELVETFRUIT_EXTRACT;XIRECS;5258.0;6
60000;BOT_TAKER;BOT_MAKER;VELVETFRUIT_EXTRACT;XIRECS;5258.0;10
60000;BOT_MAKER;BOT_TAKER;VEV_5500;XIRECS;2.0;5
60100;BOT_TAKER;BOT_MAKER;HYDROGEL_PACK;XIRECS;9986.0;2
60100;BOT_TAKER;BOT_MAKER;VEV_4000;XIRECS;1258.0;2
60100;BOT_MAKER;BOT_TAKER;VEV_6000;XIRECS;0.0;5
60100;BOT_TAKER;SUBMISSION;VEV_4000;XIRECS;1257.0;2
60200;BOT_MAKER;BOT_TAKER;VEV_6500;XIRECS;0.0;4
60300;BOT_TAKER;BOT_MAKER;VELVETFRUIT_EXTRACT;XIRECS;5257.0;3
60700;BOT_MAKER;BOT_TAKER;HYDROGEL_PACK;XIRECS;9970.0;3
60700;BOT_MAKER;BOT_TAKER;VEV_5500;XIRECS;2.0;5
60900;BOT_TAKER;BOT_MAKER;VELVETFRUIT_EXTRACT;XIRECS;5261.0;13
61000;BOT_TAKER;BOT_MAKER;HYDROGEL_PACK;XIRECS;9992.0;3
61000;BOT_MAKER;BOT_TAKER;VELVETFRUIT_EXTRACT;XIRECS;5256.0;10
61000;BOT_TAKER;BOT_MAKER;VEV_6000;XIRECS;1.0;3
61100;BOT_MAKER;BOT_TAKER;HYDROGEL_PACK;XIRECS;9977.0;4
61100;BOT_MAKER;BOT_TAKER;VELVETFRUIT_EXTRACT;XIRECS;5254.0;3
61200;BOT_MAKER;BOT_TAKER;HYDROGEL_PACK;XIRECS;9977.0;6
61400;BOT_MAKER;BOT_TAKER;VEV_4000;XIRECS;1238.0;3
61600;BOT_TAKER;BOT_MAKER;VEV_5200;XIRECS;93.0;5
61600;BOT_TAKER;BOT_MAKER;VEV_5400;XIRECS;16.0;3
61700;BOT_TAKER;BOT_MAKER;VEV_6500;XIRECS;1.0;3
61800;BOT_MAKER;BOT_TAKER;HYDROGEL_PACK;XIRECS;9974.0;5
61900;BOT_TAKER;BOT_MAKER;HYDROGEL_PACK;XIRECS;9990.0;3
61900;BOT_TAKER;BOT_MAKER;VEV_4000;XIRECS;1258.0;2
62000;BOT_MAKER;BOT_TAKER;VELVETFRUIT_EXTRACT;XIRECS;5252.0;5
62100;BOT_MAKER;BOT_TAKER;HYDROGEL_PACK;XIRECS;9980.0;3
62100;BOT_MAKER;BOT_TAKER;VELVETFRUIT_EXTRACT;XIRECS;5252.0;3
62100;BOT_MAKER;BOT_TAKER;VEV_6000;XIRECS;0.0;5
62200;BOT_TAKER;BOT_MAKER;VELVETFRUIT_EXTRACT;XIRECS;5256.0;7
62200;BOT_MAKER;BOT_TAKER;VEV_6000;XIRECS;0.0;3
62300;BOT_TAKER;BOT_MAKER;VELVETFRUIT_EXTRACT;XIRECS;5255.0;7
62400;BOT_MAKER;BOT_TAKER;HYDROGEL_PACK;XIRECS;9981.0;4
62400;BOT_TAKER;BOT_MAKER;VEV_5200;XIRECS;90.0;4
62400;BOT_TAKER;BOT_MAKER;VEV_5500;XIRECS;3.0;2
62500;BOT_TAKER;SUBMISSION;VELVETFRUIT_EXTRACT;XIRECS;5254.0;5
62500;BOT_TAKER;BOT_MAKER;VELVETFRUIT_EXTRACT;XIRECS;5255.0;2
62600;BOT_MAKER;BOT_TAKER;VELVETFRUIT_EXTRACT;XIRECS;5249.0;6
62800;BOT_MAKER;BOT_TAKER;HYDROGEL_PACK;XIRECS;9984.0;2
62800;BOT_MAKER;BOT_TAKER;VEV_5500;XIRECS;2.0;4
62900;BOT_MAKER;BOT_TAKER;HYDROGEL_PACK;XIRECS;9983.0;4
63000;BOT_TAKER;BOT_MAKER;HYDROGEL_PACK;XIRECS;10001.0;3
63000;BOT_TAKER;BOT_MAKER;VELVETFRUIT_EXTRACT;XIRECS;5256.0;6
63000;BOT_TAKER;BOT_MAKER;VEV_4000;XIRECS;1254.0;2
63100;BOT_TAKER;BOT_MAKER;VEV_5300;XIRECS;49.0;3
63200;BOT_TAKER;BOT_MAKER;HYDROGEL_PACK;XIRECS;10005.0;3
63200;BOT_TAKER;BOT_MAKER;VELVETFRUIT_EXTRACT;XIRECS;5257.0;5
63200;BOT_TAKER;BOT_MAKER;VEV_5200;XIRECS;92.0;3
63300;BOT_TAKER;BOT_MAKER;VELVETFRUIT_EXTRACT;XIRECS;5258.0;4
63400;BOT_MAKER;BOT_TAKER;HYDROGEL_PACK;XIRECS;9985.0;5
63400;BOT_TAKER;BOT_MAKER;VELVETFRUIT_EXTRACT;XIRECS;5256.0;7
63400;BOT_MAKER;BOT_TAKER;VEV_5400;XIRECS;13.0;2
63500;BOT_MAKER;BOT_TAKER;HYDROGEL_PACK;XIRECS;9981.0;6
63600;BOT_MAKER;BOT_TAKER;VELVETFRUIT_EXTRACT;XIRECS;5254.0;7
63700;BOT_TAKER;BOT_MAKER;HYDROGEL_PACK;XIRECS;9999.0;2
63700;BOT_TAKER;BOT_MAKER;VEV_5300;XIRECS;48.0;5
63700;BOT_MAKER;BOT_TAKER;VEV_5400;XIRECS;12.0;5
63700;BOT_MAKER;BOT_TAKER;VEV_5500;XIRECS;2.0;5
63800;BOT_MAKER;BOT_TAKER;VELVETFRUIT_EXTRACT;XIRECS;5256.0;3
63800;BOT_MAKER;BOT_TAKER;VEV_6500;XIRECS;0.0;5
63900;BOT_MAKER;BOT_TAKER;HYDROGEL_PACK;XIRECS;9986.0;4
63900;BOT_TAKER;BOT_MAKER;VEV_4000;XIRECS;1255.0;1
64000;BOT_TAKER;BOT_MAKER;VELVETFRUIT_EXTRACT;XIRECS;5260.0;8
64100;BOT_TAKER;BOT_MAKER;VEV_5500;XIRECS;3.0;3
64300;BOT_MAKER;BOT_TAKER;VELVETFRUIT_EXTRACT;XIRECS;5259.0;8
64300;SUBMISSION;BOT_TAKER;VELVETFRUIT_EXTRACT;XIRECS;5260.0;5
64300;BOT_MAKER;BOT_TAKER;VELVETFRUIT_EXTRACT;XIRECS;5259.0;3
64400;BOT_TAKER;BOT_MAKER;HYDROGEL_PACK;XIRECS;10008.0;6
64400;BOT_MAKER;BOT_TAKER;VELVETFRUIT_EXTRACT;XIRECS;5260.0;7
64600;BOT_MAKER;BOT_TAKER;VELVETFRUIT_EXTRACT;XIRECS;5263.0;4
64600;BOT_TAKER;BOT_MAKER;VEV_6500;XIRECS;1.0;4
64800;BOT_TAKER;BOT_MAKER;VELVETFRUIT_EXTRACT;XIRECS;5266.0;5
64800;SUBMISSION;BOT_TAKER;VELVETFRUIT_EXTRACT;XIRECS;5263.0;5
64900;BOT_TAKER;BOT_MAKER;VELVETFRUIT_EXTRACT;XIRECS;5267.0;5
64900;BOT_TAKER;BOT_MAKER;VEV_5500;XIRECS;3.0;5
65100;BOT_MAKER;BOT_TAKER;HYDROGEL_PACK;XIRECS;9986.0;4
65100;BOT_TAKER;BOT_MAKER;VELVETFRUIT_EXTRACT;XIRECS;5267.0;6
65100;BOT_TAKER;BOT_MAKER;VEV_6500;XIRECS;1.0;5
65200;BOT_TAKER;BOT_MAKER;VELVETFRUIT_EXTRACT;XIRECS;5267.0;7
65300;BOT_MAKER;BOT_TAKER;VEV_6000;XIRECS;0.0;2
65300;BOT_TAKER;SUBMISSION;HYDROGEL_PACK;XIRECS;10000.0;2
65400;BOT_MAKER;BOT_TAKER;VELVETFRUIT_EXTRACT;XIRECS;5263.0;8
65500;BOT_TAKER;BOT_MAKER;HYDROGEL_PACK;XIRECS;9997.0;6
65500;BOT_MAKER;BOT_TAKER;VEV_5500;XIRECS;2.0;2
65700;BOT_TAKER;BOT_MAKER;HYDROGEL_PACK;XIRECS;9996.0;6
65700;BOT_TAKER;SUBMISSION;HYDROGEL_PACK;XIRECS;9995.0;3
65800;BOT_TAKER;BOT_MAKER;VEV_4000;XIRECS;1255.0;2
65800;SUBMISSION;BOT_TAKER;VELVETFRUIT_EXTRACT;XIRECS;5262.0;5
65900;BOT_MAKER;BOT_TAKER;HYDROGEL_PACK;XIRECS;9980.0;4
65900;BOT_TAKER;BOT_MAKER;VEV_5400;XIRECS;15.0;5
66000;BOT_TAKER;BOT_MAKER;HYDROGEL_PACK;XIRECS;9995.0;5
66000;BOT_TAKER;SUBMISSION;VELVETFRUIT_EXTRACT;XIRECS;5264.0;5
66000;BOT_TAKER;BOT_MAKER;VELVETFRUIT_EXTRACT;XIRECS;5265.0;2
66100;BOT_TAKER;BOT_MAKER;HYDROGEL_PACK;XIRECS;9997.0;3
66200;BOT_TAKER;BOT_MAKER;HYDROGEL_PACK;XIRECS;9997.0;4
66300;BOT_TAKER;BOT_MAKER;HYDROGEL_PACK;XIRECS;9995.0;3
66400;BOT_MAKER;BOT_TAKER;HYDROGEL_PACK;XIRECS;9978.0;6
66500;BOT_MAKER;BOT_TAKER;HYDROGEL_PACK;XIRECS;9978.0;5
66700;BOT_TAKER;BOT_MAKER;HYDROGEL_PACK;XIRECS;9994.0;4
66700;BOT_TAKER;BOT_MAKER;VELVETFRUIT_EXTRACT;XIRECS;5266.0;7
67000;BOT_MAKER;BOT_TAKER;VEV_5300;XIRECS;44.0;5
67100;BOT_TAKER;BOT_MAKER;VEV_6000;XIRECS;1.0;4
67300;BOT_TAKER;BOT_MAKER;VELVETFRUIT_EXTRACT;XIRECS;5268.0;3
67400;BOT_MAKER;BOT_TAKER;HYDROGEL_PACK;XIRECS;9988.0;5
67400;BOT_MAKER;BOT_TAKER;VELVETFRUIT_EXTRACT;XIRECS;5263.0;3
67500;BOT_MAKER;BOT_TAKER;HYDROGEL_PACK;XIRECS;9988.0;6
67600;BOT_TAKER;BOT_MAKER;VELVETFRUIT_EXTRACT;XIRECS;5267.0;5
67700;BOT_MAKER;BOT_TAKER;VELVETFRUIT_EXTRACT;XIRECS;5261.0;8
67700;BOT_TAKER;BOT_MAKER;VEV_5300;XIRECS;44.0;4
67800;BOT_MAKER;BOT_TAKER;HYDROGEL_PACK;XIRECS;9988.0;4
67900;BOT_MAKER;BOT_TAKER;HYDROGEL_PACK;XIRECS;9988.0;3
67900;BOT_TAKER;BOT_MAKER;VELVETFRUIT_EXTRACT;XIRECS;5267.0;4
68000;BOT_MAKER;BOT_TAKER;VELVETFRUIT_EXTRACT;XIRECS;5262.0;7
68000;BOT_TAKER;SUBMISSION;HYDROGEL_PACK;XIRECS;10004.0;3
68100;BOT_TAKER;BOT_MAKER;VELVETFRUIT_EXTRACT;XIRECS;5267.0;8
68100;BOT_MAKER;BOT_TAKER;VEV_4000;XIRECS;1229.0;2
68100;SUBMISSION;BOT_TAKER;HYDROGEL_PACK;XIRECS;9988.0;3
68200;BOT_TAKER;BOT_MAKER;HYDROGEL_PACK;XIRECS;10001.0;6
68200;BOT_TAKER;BOT_MAKER;VELVETFRUIT_EXTRACT;XIRECS;5267.0;3
68300;BOT_MAKER;BOT_TAKER;VEV_4000;XIRECS;1229.0;3
68400;BOT_MAKER;BOT_TAKER;VEV_5500;XIRECS;1.0;5
68500;BOT_TAKER;BOT_MAKER;VEV_6000;XIRECS;1.0;4
68700;BOT_TAKER;BOT_MAKER;HYDROGEL_PACK;XIRECS;9992.0;6
68800;BOT_TAKER;BOT_MAKER;HYDROGEL_PACK;XIRECS;9994.0;4
68900;BOT_TAKER;BOT_MAKER;VELVETFRUIT_EXTRACT;XIRECS;5267.0;7
68900;BOT_MAKER;BOT_TAKER;VELVETFRUIT_EXTRACT;XIRECS;5262.0;7
69000;BOT_TAKER;BOT_MAKER;HYDROGEL_PACK;XIRECS;9996.0;5
69000;BOT_TAKER;BOT_MAKER;VELVETFRUIT_EXTRACT;XIRECS;5266.0;5
69400;BOT_TAKER;BOT_MAKER;HYDROGEL_PACK;XIRECS;9992.0;6
69400;BOT_TAKER;BOT_MAKER;VEV_4000;XIRECS;1254.0;3
69500;BOT_MAKER;BOT_TAKER;VELVETFRUIT_EXTRACT;XIRECS;5260.0;6
69600;BOT_TAKER;BOT_MAKER;VEV_4000;XIRECS;1254.0;1
69900;BOT_TAKER;BOT_MAKER;HYDROGEL_PACK;XIRECS;9995.0;6
69900;BOT_TAKER;BOT_MAKER;VELVETFRUIT_EXTRACT;XIRECS;5265.0;7
70000;BOT_MAKER;BOT_TAKER;VEV_5400;XIRECS;13.0;2
70100;BOT_TAKER;BOT_MAKER;HYDROGEL_PACK;XIRECS;9996.0;5
70200;SUBMISSION;BOT_TAKER;VELVETFRUIT_EXTRACT;XIRECS;5258.0;5
70200;BOT_MAKER;BOT_TAKER;VELVETFRUIT_EXTRACT;XIRECS;5257.0;3
70300;BOT_MAKER;BOT_TAKER;VELVETFRUIT_EXTRACT;XIRECS;5258.0;7
70300;BOT_TAKER;BOT_MAKER;VEV_6000;XIRECS;1.0;5
70400;BOT_TAKER;BOT_MAKER;HYDROGEL_PACK;XIRECS;9993.0;5
70400;BOT_MAKER;BOT_TAKER;VELVETFRUIT_EXTRACT;XIRECS;5256.0;6
70400;BOT_TAKER;BOT_MAKER;VEV_5500;XIRECS;2.0;5
70400;SUBMISSION;BOT_TAKER;HYDROGEL_PACK;XIRECS;9978.0;3
70500;BOT_MAKER;BOT_TAKER;VEV_4000;XIRECS;1231.0;1
70500;BOT_MAKER;BOT_TAKER;VEV_6000;XIRECS;0.0;4
70600;BOT_MAKER;BOT_TAKER;HYDROGEL_PACK;XIRECS;9975.0;3
70600;BOT_MAKER;BOT_TAKER;VELVETFRUIT_EXTRACT;XIRECS;5255.0;6
70700;BOT_TAKER;BOT_MAKER;VELVETFRUIT_EXTRACT;XIRECS;5259.0;5
70700;BOT_TAKER;SUBMISSION;VEV_4000;XIRECS;1247.0;2
70800;BOT_TAKER;BOT_MAKER;HYDROGEL_PACK;XIRECS;9991.0;6
70800;BOT_MAKER;BOT_TAKER;VEV_5500;XIRECS;1.0;3
71000;BOT_MAKER;BOT_TAKER;VEV_4000;XIRECS;1227.0;1
71100;BOT_MAKER;BOT_TAKER;HYDROGEL_PACK;XIRECS;9981.0;2
71300;BOT_MAKER;BOT_TAKER;HYDROGEL_PACK;XIRECS;9979.0;5
71400;BOT_TAKER;BOT_MAKER;HYDROGEL_PACK;XIRECS;9994.0;3
71400;BOT_TAKER;BOT_MAKER;VELVETFRUIT_EXTRACT;XIRECS;5264.0;7
71400;BOT_MAKER;BOT_TAKER;VEV_5500;XIRECS;1.0;3
71500;BOT_MAKER;BOT_TAKER;VELVETFRUIT_EXTRACT;XIRECS;5260.0;5
71500;BOT_MAKER;BOT_TAKER;VEV_5500;XIRECS;1.0;2
71600;BOT_TAKER;BOT_MAKER;HYDROGEL_PACK;XIRECS;10000.0;2
71600;BOT_MAKER;BOT_TAKER;VELVETFRUIT_EXTRACT;XIRECS;5261.0;6
71700;BOT_TAKER;BOT_MAKER;VEV_5400;XIRECS;14.0;2
71700;BOT_TAKER;SUBMISSION;HYDROGEL_PACK;XIRECS;9999.0;3
71800;BOT_MAKER;BOT_TAKER;HYDROGEL_PACK;XIRECS;9984.0;3
71800;BOT_TAKER;BOT_MAKER;VELVETFRUIT_EXTRACT;XIRECS;5268.0;7
71800;BOT_TAKER;BOT_MAKER;VEV_5500;XIRECS;2.0;2
71800;BOT_TAKER;BOT_MAKER;VEV_6500;XIRECS;1.0;5
71900;BOT_TAKER;BOT_MAKER;VELVETFRUIT_EXTRACT;XIRECS;5265.0;6
71900;BOT_MAKER;BOT_TAKER;VEV_4000;XIRECS;1224.0;3
71900;BOT_TAKER;BOT_MAKER;VEV_6500;XIRECS;1.0;3
72000;BOT_MAKER;BOT_TAKER;HYDROGEL_PACK;XIRECS;9985.0;5
72100;BOT_MAKER;BOT_TAKER;HYDROGEL_PACK;XIRECS;9984.0;5
72100;BOT_TAKER;BOT_MAKER;VELVETFRUIT_EXTRACT;XIRECS;5265.0;8
72200;BOT_MAKER;BOT_TAKER;VELVETFRUIT_EXTRACT;XIRECS;5257.0;3
72300;BOT_TAKER;BOT_MAKER;VEV_5500;XIRECS;2.0;2
72400;BOT_MAKER;BOT_TAKER;HYDROGEL_PACK;XIRECS;9993.0;3
72400;BOT_MAKER;BOT_TAKER;VELVETFRUIT_EXTRACT;XIRECS;5258.0;3
72500;BOT_TAKER;BOT_MAKER;HYDROGEL_PACK;XIRECS;10007.0;3
72500;BOT_MAKER;BOT_TAKER;VELVETFRUIT_EXTRACT;XIRECS;5259.0;5
72500;BOT_TAKER;BOT_MAKER;VEV_4000;XIRECS;1242.0;3
72500;BOT_MAKER;BOT_TAKER;VEV_5500;XIRECS;1.0;2
72600;BOT_TAKER;BOT_MAKER;VELVETFRUIT_EXTRACT;XIRECS;5262.0;14
72600;BOT_TAKER;SUBMISSION;HYDROGEL_PACK;XIRECS;10007.0;2
72700;BOT_TAKER;BOT_MAKER;HYDROGEL_PACK;XIRECS;10008.0;4
72700;BOT_MAKER;BOT_TAKER;VEV_5400;XIRECS;13.0;2
72800;BOT_TAKER;BOT_MAKER;VEV_5300;XIRECS;51.0;2
73000;BOT_TAKER;BOT_MAKER;HYDROGEL_PACK;XIRECS;10003.0;6
73000;BOT_MAKER;BOT_TAKER;VELVETFRUIT_EXTRACT;XIRECS;5258.0;5
73100;BOT_MAKER;BOT_TAKER;HYDROGEL_PACK;XIRECS;9991.0;5
73100;BOT_TAKER;BOT_MAKER;VELVETFRUIT_EXTRACT;XIRECS;5262.0;5
73100;BOT_MAKER;BOT_TAKER;VEV_6000;XIRECS;0.0;2
73300;BOT_TAKER;BOT_MAKER;HYDROGEL_PACK;XIRECS;10004.0;2
73300;BOT_TAKER;BOT_MAKER;VELVETFRUIT_EXTRACT;XIRECS;5265.0;6
73400;BOT_TAKER;BOT_MAKER;HYDROGEL_PACK;XIRECS;10005.0;2
73400;BOT_TAKER;BOT_MAKER;VELVETFRUIT_EXTRACT;XIRECS;5264.0;6
73400;BOT_MAKER;BOT_TAKER;VEV_4000;XIRECS;1221.0;2
73500;BOT_TAKER;BOT_MAKER;VEV_6500;XIRECS;1.0;3
73600;BOT_TAKER;BOT_MAKER;VELVETFRUIT_EXTRACT;XIRECS;5264.0;3
73700;BOT_MAKER;BOT_TAKER;HYDROGEL_PACK;XIRECS;9990.0;3
73700;BOT_MAKER;BOT_TAKER;VELVETFRUIT_EXTRACT;XIRECS;5258.0;3
73700;BOT_TAKER;BOT_MAKER;VELVETFRUIT_EXTRACT;XIRECS;5263.0;8
73700;SUBMISSION;BOT_TAKER;VELVETFRUIT_EXTRACT;XIRECS;5259.0;5
73700;BOT_MAKER;BOT_TAKER;VELVETFRUIT_EXTRACT;XIRECS;5258.0;2
73800;BOT_TAKER;BOT_MAKER;HYDROGEL_PACK;XIRECS;10006.0;6
73900;BOT_MAKER;BOT_TAKER;HYDROGEL_PACK;XIRECS;9985.0;4
73900;BOT_MAKER;BOT_TAKER;VEV_6500;XIRECS;0.0;4
74200;BOT_MAKER;BOT_TAKER;VELVETFRUIT_EXTRACT;XIRECS;5255.0;7
74300;BOT_MAKER;BOT_TAKER;HYDROGEL_PACK;XIRECS;9985.0;3
74500;BOT_MAKER;BOT_TAKER;VEV_4000;XIRECS;1219.0;2
74600;BOT_TAKER;BOT_MAKER;VELVETFRUIT_EXTRACT;XIRECS;5257.0;6
74700;BOT_MAKER;BOT_TAKER;VEV_5500;XIRECS;1.0;5
74800;BOT_TAKER;BOT_MAKER;VELVETFRUIT_EXTRACT;XIRECS;5257.0;7
74900;BOT_TAKER;BOT_MAKER;HYDROGEL_PACK;XIRECS;10003.0;2
75000;BOT_MAKER;BOT_TAKER;VELVETFRUIT_EXTRACT;XIRECS;5248.0;5
75000;BOT_MAKER;BOT_TAKER;VEV_4000;XIRECS;1218.0;1
75200;BOT_MAKER;BOT_TAKER;HYDROGEL_PACK;XIRECS;9996.0;2
75300;BOT_MAKER;BOT_TAKER;VELVETFRUIT_EXTRACT;XIRECS;5250.0;8
75400;BOT_TAKER;BOT_MAKER;VELVETFRUIT_EXTRACT;XIRECS;5257.0;5
75400;BOT_MAKER;BOT_TAKER;VEV_6500;XIRECS;0.0;2
75500;BOT_TAKER;BOT_MAKER;HYDROGEL_PACK;XIRECS;10013.0;3
75500;BOT_TAKER;BOT_MAKER;VELVETFRUIT_EXTRACT;XIRECS;5257.0;4
75700;BOT_MAKER;BOT_TAKER;HYDROGEL_PACK;XIRECS;9997.0;3
75700;BOT_MAKER;BOT_TAKER;VELVETFRUIT_EXTRACT;XIRECS;5248.0;7
75800;BOT_MAKER;BOT_TAKER;HYDROGEL_PACK;XIRECS;10001.0;4
76000;BOT_TAKER;BOT_MAKER;VELVETFRUIT_EXTRACT;XIRECS;5254.0;7
76100;BOT_TAKER;BOT_MAKER;HYDROGEL_PACK;XIRECS;10020.0;6
76100;BOT_TAKER;BOT_MAKER;VELVETFRUIT_EXTRACT;XIRECS;5255.0;6
76200;BOT_MAKER;BOT_TAKER;HYDROGEL_PACK;XIRECS;10004.0;4
76300;BOT_TAKER;BOT_MAKER;VEV_4000;XIRECS;1237.0;3
76300;BOT_TAKER;SUBMISSION;VELVETFRUIT_EXTRACT;XIRECS;5255.0;5
76300;BOT_TAKER;BOT_MAKER;VELVETFRUIT_EXTRACT;XIRECS;5256.0;3
76400;BOT_MAKER;BOT_TAKER;VELVETFRUIT_EXTRACT;XIRECS;5252.0;12
76400;BOT_TAKER;BOT_MAKER;VELVETFRUIT_EXTRACT;XIRECS;5257.0;4
76400;BOT_TAKER;SUBMISSION;HYDROGEL_PACK;XIRECS;10018.0;4
76500;SUBMISSION;BOT_TAKER;VELVETFRUIT_EXTRACT;XIRECS;5253.0;5
76500;BOT_MAKER;BOT_TAKER;VELVETFRUIT_EXTRACT;XIRECS;5252.0;1
76600;BOT_MAKER;BOT_TAKER;HYDROGEL_PACK;XIRECS;10005.0;6
76600;BOT_MAKER;BOT_TAKER;VELVETFRUIT_EXTRACT;XIRECS;5251.0;8
76800;BOT_TAKER;BOT_MAKER;VEV_6500;XIRECS;1.0;3
77000;BOT_MAKER;BOT_TAKER;HYDROGEL_PACK;XIRECS;9997.0;3
77000;BOT_MAKER;BOT_TAKER;VELVETFRUIT_EXTRACT;XIRECS;5249.0;9
77000;BOT_TAKER;BOT_MAKER;VEV_6000;XIRECS;1.0;5
77100;BOT_MAKER;BOT_TAKER;HYDROGEL_PACK;XIRECS;9999.0;6
77100;BOT_MAKER;BOT_TAKER;VELVETFRUIT_EXTRACT;XIRECS;5248.0;3
77100;BOT_MAKER;BOT_TAKER;VEV_5400;XIRECS;13.0;3
77200;BOT_TAKER;BOT_MAKER;VELVETFRUIT_EXTRACT;XIRECS;5255.0;8
77200;BOT_TAKER;BOT_MAKER;VEV_6500;XIRECS;1.0;2
77400;BOT_TAKER;BOT_MAKER;HYDROGEL_PACK;XIRECS;10014.0;4
77400;BOT_MAKER;BOT_TAKER;VELVETFRUIT_EXTRACT;XIRECS;5247.0;8
77600;BOT_TAKER;BOT_MAKER;HYDROGEL_PACK;XIRECS;10013.0;5
77600;SUBMISSION;BOT_TAKER;HYDROGEL_PACK;XIRECS;9998.0;5
77700;BOT_MAKER;BOT_TAKER;HYDROGEL_PACK;XIRECS;9999.0;4
77700;BOT_TAKER;BOT_MAKER;VELVETFRUIT_EXTRACT;XIRECS;5254.0;3
77700;BOT_MAKER;BOT_TAKER;VELVETFRUIT_EXTRACT;XIRECS;5249.0;5
77700;BOT_TAKER;BOT_MAKER;VEV_4000;XIRECS;1238.0;2
77800;BOT_MAKER;BOT_TAKER;HYDROGEL_PACK;XIRECS;9999.0;3
78000;BOT_TAKER;BOT_MAKER;HYDROGEL_PACK;XIRECS;10014.0;3
78000;BOT_MAKER;BOT_TAKER;VELVETFRUIT_EXTRACT;XIRECS;5250.0;5
78100;BOT_MAKER;BOT_TAKER;VEV_5500;XIRECS;1.0;2
78100;BOT_MAKER;BOT_TAKER;VEV_6500;XIRECS;0.0;2
78200;BOT_TAKER;BOT_MAKER;VELVETFRUIT_EXTRACT;XIRECS;5254.0;4
78200;BOT_MAKER;BOT_TAKER;VEV_6500;XIRECS;0.0;4
78300;BOT_TAKER;BOT_MAKER;VELVETFRUIT_EXTRACT;XIRECS;5254.0;8
78400;BOT_TAKER;BOT_MAKER;VELVETFRUIT_EXTRACT;XIRECS;5254.0;3
78400;BOT_MAKER;BOT_TAKER;VEV_5500;XIRECS;1.0;2
78600;SUBMISSION;BOT_TAKER;VEV_4000;XIRECS;1220.0;3
78700;BOT_TAKER;BOT_MAKER;VELVETFRUIT_EXTRACT;XIRECS;5255.0;7
78900;BOT_MAKER;BOT_TAKER;HYDROGEL_PACK;XIRECS;9999.0;6
78900;BOT_TAKER;SUBMISSION;VELVETFRUIT_EXTRACT;XIRECS;5253.0;5
78900;BOT_TAKER;BOT_MAKER;VELVETFRUIT_EXTRACT;XIRECS;5254.0;3
79000;BOT_TAKER;BOT_MAKER;VEV_6000;XIRECS;1.0;3
79100;BOT_MAKER;BOT_TAKER;HYDROGEL_PACK;XIRECS;10002.0;5
79100;BOT_MAKER;BOT_TAKER;VELVETFRUIT_EXTRACT;XIRECS;5249.0;10
79200;BOT_MAKER;BOT_TAKER;HYDROGEL_PACK;XIRECS;10002.0;2
79200;BOT_MAKER;BOT_TAKER;VELVETFRUIT_EXTRACT;XIRECS;5249.0;6
79200;BOT_MAKER;BOT_TAKER;VEV_6500;XIRECS;0.0;5
79300;BOT_TAKER;BOT_MAKER;VEV_4000;XIRECS;1237.0;3
79300;BOT_MAKER;BOT_TAKER;VEV_6500;XIRECS;0.0;2
79400;BOT_MAKER;BOT_TAKER;HYDROGEL_PACK;XIRECS;10000.0;5
79400;BOT_MAKER;BOT_TAKER;VELVETFRUIT_EXTRACT;XIRECS;5250.0;6
79500;BOT_TAKER;BOT_MAKER;VEV_6000;XIRECS;1.0;3
79500;BOT_TAKER;SUBMISSION;HYDROGEL_PACK;XIRECS;10016.0;5
79500;BOT_TAKER;BOT_MAKER;HYDROGEL_PACK;XIRECS;10017.0;1
79600;BOT_MAKER;BOT_TAKER;HYDROGEL_PACK;XIRECS;10003.0;2
79600;BOT_MAKER;BOT_TAKER;VELVETFRUIT_EXTRACT;XIRECS;5249.0;6
79600;BOT_TAKER;BOT_MAKER;VEV_6500;XIRECS;1.0;3
79700;BOT_MAKER;BOT_TAKER;VEV_5500;XIRECS;1.0;2
79800;BOT_TAKER;BOT_MAKER;VELVETFRUIT_EXTRACT;XIRECS;5256.0;12
79800;BOT_MAKER;BOT_TAKER;VEV_5300;XIRECS;48.0;2
80000;BOT_TAKER;SUBMISSION;HYDROGEL_PACK;XIRECS;10020.0;2
80200;BOT_TAKER;BOT_MAKER;VELVETFRUIT_EXTRACT;XIRECS;5255.0;4
80200;BOT_MAKER;BOT_TAKER;VEV_6500;XIRECS;0.0;2
80300;BOT_MAKER;BOT_TAKER;VELVETFRUIT_EXTRACT;XIRECS;5250.0;5
80300;BOT_TAKER;BOT_MAKER;VEV_4000;XIRECS;1233.0;1
80400;BOT_TAKER;BOT_MAKER;VEV_5300;XIRECS;51.0;5
80400;SUBMISSION;BOT_TAKER;VELVETFRUIT_EXTRACT;XIRECS;5253.0;5
80400;BOT_MAKER;BOT_TAKER;VELVETFRUIT_EXTRACT;XIRECS;5252.0;1
80500;BOT_MAKER;BOT_TAKER;VEV_4000;XIRECS;1211.0;1
80500;BOT_TAKER;BOT_MAKER;VEV_6500;XIRECS;1.0;5
80600;BOT_TAKER;BOT_MAKER;VEV_4000;XIRECS;1233.0;2
80600;BOT_TAKER;BOT_MAKER;VEV_6000;XIRECS;1.0;2
80600;BOT_TAKER;SUBMISSION;HYDROGEL_PACK;XIRECS;10023.0;5
80700;BOT_MAKER;BOT_TAKER;HYDROGEL_PACK;XIRECS;10003.0;4
80700;BOT_MAKER;BOT_TAKER;VELVETFRUIT_EXTRACT;XIRECS;5252.0;4
80700;BOT_TAKER;BOT_MAKER;VEV_4000;XIRECS;1234.0;3
80700;SUBMISSION;BOT_TAKER;VEV_4000;XIRECS;1214.0;3
80800;BOT_TAKER;BOT_MAKER;VEV_4000;XIRECS;1234.0;3
80800;BOT_TAKER;BOT_MAKER;VEV_5400;XIRECS;16.0;4
80900;BOT_MAKER;BOT_TAKER;VELVETFRUIT_EXTRACT;XIRECS;5251.0;8
81100;BOT_TAKER;BOT_MAKER;VEV_5500;XIRECS;2.0;4
81200;BOT_TAKER;BOT_MAKER;VELVETFRUIT_EXTRACT;XIRECS;5253.0;8
81300;BOT_TAKER;BOT_MAKER;VELVETFRUIT_EXTRACT;XIRECS;5251.0;5
81500;BOT_MAKER;BOT_TAKER;HYDROGEL_PACK;XIRECS;10003.0;6
81500;BOT_TAKER;BOT_MAKER;VELVETFRUIT_EXTRACT;XIRECS;5250.0;3
81500;BOT_TAKER;SUBMISSION;VELVETFRUIT_EXTRACT;XIRECS;5249.0;5
81500;BOT_TAKER;BOT_MAKER;VELVETFRUIT_EXTRACT;XIRECS;5250.0;2
81600;BOT_TAKER;BOT_MAKER;HYDROGEL_PACK;XIRECS;10019.0;6
81600;BOT_MAKER;BOT_TAKER;VEV_5300;XIRECS;52.0;5
81700;BOT_MAKER;BOT_TAKER;HYDROGEL_PACK;XIRECS;10003.0;6
81700;BOT_MAKER;BOT_TAKER;VELVETFRUIT_EXTRACT;XIRECS;5243.0;8
81700;BOT_TAKER;BOT_MAKER;VELVETFRUIT_EXTRACT;XIRECS;5248.0;5
81800;BOT_MAKER;BOT_TAKER;HYDROGEL_PACK;XIRECS;10003.0;2
82000;BOT_TAKER;BOT_MAKER;VELVETFRUIT_EXTRACT;XIRECS;5249.0;3
82000;BOT_MAKER;BOT_TAKER;VEV_4000;XIRECS;1207.0;2
82000;BOT_TAKER;BOT_MAKER;VEV_6500;XIRECS;1.0;4
82000;SUBMISSION;BOT_TAKER;HYDROGEL_PACK;XIRECS;10006.0;3
82100;BOT_MAKER;BOT_TAKER;VELVETFRUIT_EXTRACT;XIRECS;5245.0;3
82100;BOT_MAKER;BOT_TAKER;VEV_5500;XIRECS;1.0;5
82100;SUBMISSION;BOT_TAKER;VEV_4000;XIRECS;1208.0;3
82400;BOT_MAKER;BOT_TAKER;VELVETFRUIT_EXTRACT;XIRECS;5246.0;7
82400;BOT_TAKER;BOT_MAKER;VEV_5500;XIRECS;2.0;4
82500;BOT_TAKER;BOT_MAKER;VEV_5400;XIRECS;16.0;4
82500;BOT_TAKER;BOT_MAKER;VEV_6500;XIRECS;1.0;2
82600;BOT_TAKER;BOT_MAKER;VELVETFRUIT_EXTRACT;XIRECS;5251.0;5
82600;BOT_MAKER;BOT_TAKER;VEV_4000;XIRECS;1206.0;1
82800;BOT_MAKER;BOT_TAKER;HYDROGEL_PACK;XIRECS;10003.0;6
82900;BOT_TAKER;BOT_MAKER;HYDROGEL_PACK;XIRECS;10022.0;2
82900;BOT_MAKER;BOT_TAKER;VELVETFRUIT_EXTRACT;XIRECS;5244.0;5
82900;BOT_TAKER;BOT_MAKER;VEV_6000;XIRECS;1.0;4
83000;BOT_MAKER;BOT_TAKER;VEV_4000;XIRECS;1208.0;3
83100;BOT_MAKER;BOT_TAKER;VELVETFRUIT_EXTRACT;XIRECS;5243.0;6
83200;BOT_TAKER;BOT_MAKER;HYDROGEL_PACK;XIRECS;10022.0;3
83300;BOT_TAKER;BOT_MAKER;VELVETFRUIT_EXTRACT;XIRECS;5248.0;7
83400;BOT_TAKER;BOT_MAKER;VEV_4000;XIRECS;1227.0;2
83500;BOT_MAKER;BOT_TAKER;VELVETFRUIT_EXTRACT;XIRECS;5243.0;3
83600;BOT_TAKER;BOT_MAKER;HYDROGEL_PACK;XIRECS;10029.0;5
83600;BOT_TAKER;BOT_MAKER;VEV_4000;XIRECS;1229.0;3
83600;BOT_MAKER;BOT_TAKER;VEV_5500;XIRECS;1.0;3
83700;BOT_TAKER;BOT_MAKER;VELVETFRUIT_EXTRACT;XIRECS;5246.0;7
83700;BOT_MAKER;BOT_TAKER;VEV_5300;XIRECS;53.0;4
83800;BOT_MAKER;BOT_TAKER;VEV_6000;XIRECS;0.0;3
84100;BOT_MAKER;BOT_TAKER;VELVETFRUIT_EXTRACT;XIRECS;5241.0;3
84100;BOT_MAKER;BOT_TAKER;VEV_5400;XIRECS;13.0;5
84200;BOT_TAKER;BOT_MAKER;VELVETFRUIT_EXTRACT;XIRECS;5245.0;5
84400;BOT_MAKER;BOT_TAKER;VELVETFRUIT_EXTRACT;XIRECS;5241.0;5
84600;BOT_MAKER;BOT_TAKER;VEV_5500;XIRECS;1.0;3
84700;BOT_TAKER;SUBMISSION;VELVETFRUIT_EXTRACT;XIRECS;5244.0;5
84900;BOT_MAKER;BOT_TAKER;VEV_5400;XIRECS;13.0;2
85200;BOT_TAKER;BOT_MAKER;HYDROGEL_PACK;XIRECS;10022.0;6
85300;BOT_MAKER;BOT_TAKER;VELVETFRUIT_EXTRACT;XIRECS;5242.0;8
85400;BOT_TAKER;BOT_MAKER;VELVETFRUIT_EXTRACT;XIRECS;5248.0;5
85400;BOT_MAKER;BOT_TAKER;VEV_6500;XIRECS;0.0;3
85500;BOT_MAKER;BOT_TAKER;HYDROGEL_PACK;XIRECS;10005.0;2
85500;BOT_MAKER;BOT_TAKER;VEV_4000;XIRECS;1207.0;3
85600;BOT_MAKER;BOT_TAKER;HYDROGEL_PACK;XIRECS;10005.0;5
85600;BOT_MAKER;BOT_TAKER;VELVETFRUIT_EXTRACT;XIRECS;5242.0;3
85600;BOT_MAKER;BOT_TAKER;VEV_6500;XIRECS;0.0;3
85700;BOT_MAKER;BOT_TAKER;VELVETFRUIT_EXTRACT;XIRECS;5241.0;5
85700;BOT_TAKER;BOT_MAKER;VEV_4000;XIRECS;1228.0;2
85800;BOT_TAKER;BOT_MAKER;VELVETFRUIT_EXTRACT;XIRECS;5248.0;12
85800;BOT_MAKER;BOT_TAKER;VEV_4000;XIRECS;1207.0;2
85900;BOT_TAKER;BOT_MAKER;VELVETFRUIT_EXTRACT;XIRECS;5249.0;7
86000;BOT_TAKER;BOT_MAKER;VEV_5300;XIRECS;56.0;4
86000;SUBMISSION;BOT_TAKER;VELVETFRUIT_EXTRACT;XIRECS;5246.0;4
86100;BOT_MAKER;BOT_TAKER;HYDROGEL_PACK;XIRECS;10001.0;4
86100;BOT_MAKER;BOT_TAKER;VELVETFRUIT_EXTRACT;XIRECS;5245.0;8
86200;BOT_TAKER;BOT_MAKER;HYDROGEL_PACK;XIRECS;10015.0;3
86200;BOT_MAKER;BOT_TAKER;VELVETFRUIT_EXTRACT;XIRECS;5246.0;4
86200;BOT_TAKER;SUBMISSION;VELVETFRUIT_EXTRACT;XIRECS;5249.0;5
86200;BOT_TAKER;BOT_MAKER;VELVETFRUIT_EXTRACT;XIRECS;5250.0;1
86300;BOT_TAKER;BOT_MAKER;HYDROGEL_PACK;XIRECS;10015.0;5
86300;BOT_TAKER;BOT_MAKER;VEV_4000;XIRECS;1230.0;3
86300;BOT_TAKER;BOT_MAKER;VEV_6000;XIRECS;1.0;3
86400;BOT_MAKER;BOT_TAKER;VEV_6000;XIRECS;0.0;4
86400;BOT_TAKER;SUBMISSION;HYDROGEL_PACK;XIRECS;10015.0;4
86500;BOT_TAKER;BOT_MAKER;VELVETFRUIT_EXTRACT;XIRECS;5248.0;3
86600;BOT_TAKER;BOT_MAKER;VEV_4000;XIRECS;1231.0;3
86600;BOT_MAKER;BOT_TAKER;VEV_5300;XIRECS;54.0;2
86700;BOT_TAKER;BOT_MAKER;VELVETFRUIT_EXTRACT;XIRECS;5248.0;3
86800;BOT_TAKER;BOT_MAKER;VEV_4000;XIRECS;1231.0;1
86900;BOT_TAKER;BOT_MAKER;VEV_6500;XIRECS;1.0;2
86900;BOT_TAKER;SUBMISSION;VEV_4000;XIRECS;1230.0;2
87000;BOT_MAKER;BOT_TAKER;VELVETFRUIT_EXTRACT;XIRECS;5243.0;6
87000;BOT_TAKER;SUBMISSION;HYDROGEL_PACK;XIRECS;10010.0;4
87100;BOT_MAKER;BOT_TAKER;VELVETFRUIT_EXTRACT;XIRECS;5244.0;6
87100;BOT_TAKER;BOT_MAKER;VEV_4000;XIRECS;1230.0;3
87200;BOT_MAKER;BOT_TAKER;HYDROGEL_PACK;XIRECS;9996.0;6
87200;BOT_MAKER;BOT_TAKER;VELVETFRUIT_EXTRACT;XIRECS;5244.0;5
87200;BOT_MAKER;BOT_TAKER;VEV_5300;XIRECS;53.0;4
87300;BOT_TAKER;BOT_MAKER;VEV_4000;XIRECS;1231.0;3
87300;BOT_MAKER;BOT_TAKER;VEV_5500;XIRECS;0.0;2
87400;BOT_TAKER;BOT_MAKER;VEV_4000;XIRECS;1230.0;1
87500;BOT_MAKER;BOT_TAKER;HYDROGEL_PACK;XIRECS;10000.0;6
87500;BOT_MAKER;BOT_TAKER;VELVETFRUIT_EXTRACT;XIRECS;5246.0;6
87600;BOT_TAKER;BOT_MAKER;HYDROGEL_PACK;XIRECS;10015.0;4
87700;BOT_MAKER;BOT_TAKER;VELVETFRUIT_EXTRACT;XIRECS;5246.0;3
87700;BOT_MAKER;BOT_TAKER;VEV_4000;XIRECS;1212.0;2
87700;BOT_MAKER;BOT_TAKER;VEV_5500;XIRECS;0.0;5
87800;BOT_TAKER;BOT_MAKER;HYDROGEL_PACK;XIRECS;10016.0;6
87900;BOT_MAKER;BOT_TAKER;VEV_5300;XIRECS;53.0;4
87900;BOT_TAKER;BOT_MAKER;VEV_5500;XIRECS;1.0;5
87900;SUBMISSION;BOT_TAKER;VELVETFRUIT_EXTRACT;XIRECS;5247.0;3
88000;BOT_TAKER;BOT_MAKER;HYDROGEL_PACK;XIRECS;10015.0;2
88000;BOT_MAKER;BOT_TAKER;VELVETFRUIT_EXTRACT;XIRECS;5248.0;8
88000;SUBMISSION;BOT_TAKER;VEV_4000;XIRECS;1213.0;3
88100;BOT_TAKER;BOT_MAKER;VELVETFRUIT_EXTRACT;XIRECS;5253.0;4
88300;BOT_MAKER;BOT_TAKER;VELVETFRUIT_EXTRACT;XIRECS;5249.0;7
88400;BOT_MAKER;BOT_TAKER;VELVETFRUIT_EXTRACT;XIRECS;5248.0;8
88500;BOT_MAKER;BOT_TAKER;VELVETFRUIT_EXTRACT;XIRECS;5249.0;6
88600;BOT_TAKER;BOT_MAKER;VEV_4000;XIRECS;1233.0;1
88700;BOT_MAKER;BOT_TAKER;VEV_5400;XIRECS;14.0;4
88800;BOT_TAKER;BOT_MAKER;VELVETFRUIT_EXTRACT;XIRECS;5255.0;7
88900;BOT_TAKER;BOT_MAKER;HYDROGEL_PACK;XIRECS;10012.0;2
88900;BOT_TAKER;SUBMISSION;HYDROGEL_PACK;XIRECS;10011.0;4
89000;BOT_MAKER;BOT_TAKER;VELVETFRUIT_EXTRACT;XIRECS;5249.0;3
89000;BOT_MAKER;BOT_TAKER;VEV_4000;XIRECS;1211.0;3
89000;BOT_TAKER;BOT_MAKER;VEV_5400;XIRECS;15.0;5
89100;BOT_TAKER;BOT_MAKER;VELVETFRUIT_EXTRACT;XIRECS;5253.0;4
89100;BOT_MAKER;BOT_TAKER;VEV_5500;XIRECS;0.0;5
89100;BOT_MAKER;BOT_TAKER;VEV_6500;XIRECS;0.0;2
89200;BOT_MAKER;BOT_TAKER;VEV_6000;XIRECS;0.0;4
89200;SUBMISSION;BOT_TAKER;VELVETFRUIT_EXTRACT;XIRECS;5251.0;4
89300;BOT_MAKER;BOT_TAKER;HYDROGEL_PACK;XIRECS;9994.0;6
89300;BOT_TAKER;SUBMISSION;VELVETFRUIT_EXTRACT;XIRECS;5254.0;5
89300;BOT_TAKER;BOT_MAKER;VELVETFRUIT_EXTRACT;XIRECS;5255.0;1
89400;BOT_MAKER;BOT_TAKER;VELVETFRUIT_EXTRACT;XIRECS;5252.0;5
89500;BOT_TAKER;BOT_MAKER;VEV_4000;XIRECS;1229.0;3
89500;BOT_MAKER;BOT_TAKER;VEV_6000;XIRECS;0.0;4
89600;BOT_MAKER;BOT_TAKER;HYDROGEL_PACK;XIRECS;9991.0;4
89600;BOT_TAKER;BOT_MAKER;VELVETFRUIT_EXTRACT;XIRECS;5255.0;4
89700;BOT_TAKER;BOT_MAKER;VEV_4000;XIRECS;1229.0;2
89700;BOT_TAKER;SUBMISSION;VELVETFRUIT_EXTRACT;XIRECS;5252.0;5
89700;BOT_TAKER;BOT_MAKER;VELVETFRUIT_EXTRACT;XIRECS;5253.0;5
89800;BOT_TAKER;BOT_MAKER;HYDROGEL_PACK;XIRECS;10011.0;4
89800;BOT_TAKER;BOT_MAKER;VELVETFRUIT_EXTRACT;XIRECS;5253.0;8
89900;BOT_TAKER;BOT_MAKER;VEV_4000;XIRECS;1228.0;2
90000;BOT_TAKER;BOT_MAKER;HYDROGEL_PACK;XIRECS;10006.0;2
90000;BOT_TAKER;BOT_MAKER;VELVETFRUIT_EXTRACT;XIRECS;5253.0;5
90200;BOT_TAKER;BOT_MAKER;VELVETFRUIT_EXTRACT;XIRECS;5252.0;4
90200;BOT_MAKER;BOT_TAKER;VEV_4000;XIRECS;1209.0;2
90300;BOT_TAKER;BOT_MAKER;VEV_5500;XIRECS;0.0;3
90300;BOT_TAKER;BOT_MAKER;VEV_6000;XIRECS;1.0;4
90400;BOT_MAKER;BOT_TAKER;HYDROGEL_PACK;XIRECS;9989.0;4
90400;BOT_TAKER;BOT_MAKER;VEV_6000;XIRECS;1.0;5
90500;BOT_MAKER;BOT_TAKER;VEV_4000;XIRECS;1212.0;1
90500;BOT_TAKER;BOT_MAKER;VEV_5400;XIRECS;17.0;5
90600;BOT_TAKER;BOT_MAKER;VELVETFRUIT_EXTRACT;XIRECS;5251.0;8
90700;BOT_TAKER;SUBMISSION;VELVETFRUIT_EXTRACT;XIRECS;5251.0;5
90700;BOT_TAKER;BOT_MAKER;VELVETFRUIT_EXTRACT;XIRECS;5252.0;3
90900;BOT_TAKER;BOT_MAKER;VEV_5500;XIRECS;0.0;5
90900;BOT_MAKER;BOT_TAKER;VEV_6500;XIRECS;0.0;3
91000;BOT_MAKER;BOT_TAKER;VELVETFRUIT_EXTRACT;XIRECS;5239.0;3
91100;BOT_MAKER;BOT_TAKER;VELVETFRUIT_EXTRACT;XIRECS;5238.0;4
91200;BOT_TAKER;BOT_MAKER;VELVETFRUIT_EXTRACT;XIRECS;5244.0;5
91200;BOT_TAKER;BOT_MAKER;VEV_4000;XIRECS;1232.0;1
91200;BOT_TAKER;BOT_MAKER;VEV_5500;XIRECS;0.0;4
91200;BOT_MAKER;BOT_TAKER;VEV_6000;XIRECS;0.0;2
91300;BOT_MAKER;BOT_TAKER;HYDROGEL_PACK;XIRECS;9989.0;3
91400;BOT_TAKER;BOT_MAKER;VELVETFRUIT_EXTRACT;XIRECS;5247.0;9
91400;BOT_MAKER;BOT_TAKER;VEV_5400;XIRECS;14.0;2
91500;BOT_MAKER;BOT_TAKER;VEV_5300;XIRECS;55.0;5
91600;BOT_MAKER;BOT_TAKER;VELVETFRUIT_EXTRACT;XIRECS;5240.0;5
91800;BOT_TAKER;BOT_MAKER;VELVETFRUIT_EXTRACT;XIRECS;5248.0;5
91900;BOT_MAKER;BOT_TAKER;VELVETFRUIT_EXTRACT;XIRECS;5242.0;7
91900;BOT_MAKER;BOT_TAKER;VEV_6000;XIRECS;0.0;4
92000;BOT_TAKER;BOT_MAKER;VELVETFRUIT_EXTRACT;XIRECS;5246.0;3
92100;BOT_MAKER;BOT_TAKER;VEV_6000;XIRECS;0.0;5
92200;BOT_TAKER;BOT_MAKER;VELVETFRUIT_EXTRACT;XIRECS;5247.0;5
92300;BOT_MAKER;BOT_TAKER;VEV_4000;XIRECS;1214.0;1
92300;BOT_TAKER;BOT_MAKER;VEV_5400;XIRECS;17.0;2
92300;BOT_TAKER;SUBMISSION;VELVETFRUIT_EXTRACT;XIRECS;5245.0;5
92400;BOT_TAKER;BOT_MAKER;HYDROGEL_PACK;XIRECS;10006.0;4
92400;BOT_MAKER;BOT_TAKER;VELVETFRUIT_EXTRACT;XIRECS;5239.0;8
92400;BOT_TAKER;BOT_MAKER;VEV_4000;XIRECS;1233.0;1
92500;BOT_MAKER;BOT_TAKER;HYDROGEL_PACK;XIRECS;9990.0;2
92500;BOT_MAKER;BOT_TAKER;VELVETFRUIT_EXTRACT;XIRECS;5238.0;3
92600;BOT_MAKER;BOT_TAKER;VEV_5400;XIRECS;15.0;2
92700;BOT_MAKER;BOT_TAKER;HYDROGEL_PACK;XIRECS;9994.0;2
92700;BOT_TAKER;BOT_MAKER;VEV_4000;XIRECS;1237.0;1
92700;BOT_MAKER;BOT_TAKER;VEV_5500;XIRECS;-1.0;5
92900;SUBMISSION;BOT_TAKER;HYDROGEL_PACK;XIRECS;9996.0;5
93000;BOT_MAKER;BOT_TAKER;HYDROGEL_PACK;XIRECS;9994.0;4
93000;BOT_TAKER;BOT_MAKER;VELVETFRUIT_EXTRACT;XIRECS;5245.0;8
93000;BOT_TAKER;BOT_MAKER;VEV_4000;XIRECS;1236.0;2
93000;BOT_MAKER;BOT_TAKER;VEV_5500;XIRECS;-1.0;4
93000;BOT_MAKER;BOT_TAKER;VEV_6000;XIRECS;0.0;2
93100;BOT_TAKER;BOT_MAKER;VEV_6500;XIRECS;1.0;2
93200;BOT_TAKER;BOT_MAKER;HYDROGEL_PACK;XIRECS;10008.0;5
93300;BOT_TAKER;BOT_MAKER;VEV_5500;XIRECS;0.0;5
93300;BOT_TAKER;BOT_MAKER;VEV_6500;XIRECS;1.0;5
93300;SUBMISSION;BOT_TAKER;HYDROGEL_PACK;XIRECS;9992.0;5
93400;BOT_TAKER;BOT_MAKER;VELVETFRUIT_EXTRACT;XIRECS;5243.0;4
93400;BOT_TAKER;BOT_MAKER;VEV_4000;XIRECS;1235.0;1
93500;BOT_TAKER;BOT_MAKER;HYDROGEL_PACK;XIRECS;10005.0;6
93700;BOT_MAKER;BOT_TAKER;HYDROGEL_PACK;XIRECS;9987.0;4
93700;BOT_TAKER;BOT_MAKER;VELVETFRUIT_EXTRACT;XIRECS;5243.0;8
93700;BOT_MAKER;BOT_TAKER;VEV_5500;XIRECS;-1.0;4
93700;BOT_TAKER;BOT_MAKER;VEV_6000;XIRECS;1.0;5
93800;BOT_TAKER;BOT_MAKER;VELVETFRUIT_EXTRACT;XIRECS;5242.0;3
93800;SUBMISSION;BOT_TAKER;VEV_4000;XIRECS;1215.0;1
93900;BOT_TAKER;BOT_MAKER;VELVETFRUIT_EXTRACT;XIRECS;5241.0;4
93900;BOT_TAKER;BOT_MAKER;VEV_6500;XIRECS;1.0;2
94100;BOT_TAKER;BOT_MAKER;VEV_5500;XIRECS;0.0;4
94300;BOT_MAKER;BOT_TAKER;VELVETFRUIT_EXTRACT;XIRECS;5237.0;3
94300;BOT_TAKER;BOT_MAKER;VELVETFRUIT_EXTRACT;XIRECS;5242.0;7
94400;BOT_MAKER;BOT_TAKER;HYDROGEL_PACK;XIRECS;9994.0;3
94400;BOT_TAKER;BOT_MAKER;VELVETFRUIT_EXTRACT;XIRECS;5243.0;7
94400;BOT_TAKER;BOT_MAKER;VEV_5300;XIRECS;58.0;2
94600;BOT_TAKER;BOT_MAKER;HYDROGEL_PACK;XIRECS;10009.0;6
94600;BOT_TAKER;BOT_MAKER;VEV_5300;XIRECS;58.0;2
94600;BOT_TAKER;BOT_MAKER;VEV_6000;XIRECS;1.0;3
94700;BOT_TAKER;BOT_MAKER;HYDROGEL_PACK;XIRECS;10012.0;6
94700;BOT_MAKER;BOT_TAKER;VELVETFRUIT_EXTRACT;XIRECS;5238.0;5
94700;BOT_MAKER;BOT_TAKER;VEV_5400;XIRECS;14.0;4
94700;SUBMISSION;BOT_TAKER;HYDROGEL_PACK;XIRECS;9997.0;5
94900;BOT_TAKER;BOT_MAKER;VELVETFRUIT_EXTRACT;XIRECS;5244.0;8
95000;BOT_TAKER;BOT_MAKER;HYDROGEL_PACK;XIRECS;10005.0;6
95000;BOT_TAKER;BOT_MAKER;VELVETFRUIT_EXTRACT;XIRECS;5243.0;8
95000;BOT_TAKER;BOT_MAKER;VEV_6500;XIRECS;1.0;5
95100;BOT_TAKER;BOT_MAKER;VELVETFRUIT_EXTRACT;XIRECS;5240.0;4
95100;BOT_TAKER;SUBMISSION;VELVETFRUIT_EXTRACT;XIRECS;5239.0;5
95100;BOT_TAKER;BOT_MAKER;VELVETFRUIT_EXTRACT;XIRECS;5240.0;3
95200;BOT_TAKER;BOT_MAKER;VEV_4000;XIRECS;1235.0;2
95300;BOT_TAKER;BOT_MAKER;HYDROGEL_PACK;XIRECS;10006.0;5
95300;BOT_TAKER;BOT_MAKER;VELVETFRUIT_EXTRACT;XIRECS;5238.0;4
95400;BOT_TAKER;BOT_MAKER;HYDROGEL_PACK;XIRECS;10007.0;6
95500;BOT_TAKER;BOT_MAKER;VELVETFRUIT_EXTRACT;XIRECS;5237.0;5
95500;BOT_TAKER;SUBMISSION;VELVETFRUIT_EXTRACT;XIRECS;5236.0;4
95600;BOT_TAKER;BOT_MAKER;HYDROGEL_PACK;XIRECS;10006.0;3
95600;SUBMISSION;BOT_TAKER;VEV_4000;XIRECS;1215.0;2
95800;BOT_TAKER;BOT_MAKER;VELVETFRUIT_EXTRACT;XIRECS;5237.0;6
96000;BOT_TAKER;BOT_MAKER;HYDROGEL_PACK;XIRECS;10003.0;2
96000;BOT_TAKER;SUBMISSION;VELVETFRUIT_EXTRACT;XIRECS;5235.0;3
96100;BOT_MAKER;BOT_TAKER;VEV_4000;XIRECS;1214.0;3
96100;BOT_TAKER;SUBMISSION;VELVETFRUIT_EXTRACT;XIRECS;5236.0;5
96100;BOT_TAKER;BOT_MAKER;VELVETFRUIT_EXTRACT;XIRECS;5237.0;2
96300;BOT_MAKER;BOT_TAKER;VELVETFRUIT_EXTRACT;XIRECS;5229.0;10
96400;BOT_MAKER;BOT_TAKER;VEV_5500;XIRECS;-1.0;5
96400;BOT_MAKER;BOT_TAKER;VEV_6000;XIRECS;0.0;4
96500;BOT_TAKER;BOT_MAKER;HYDROGEL_PACK;XIRECS;9991.0;3
96500;BOT_MAKER;BOT_TAKER;VELVETFRUIT_EXTRACT;XIRECS;5229.0;8
96500;BOT_MAKER;BOT_TAKER;VEV_6000;XIRECS;0.0;2
96500;SUBMISSION;BOT_TAKER;VELVETFRUIT_EXTRACT;XIRECS;5230.0;5
96500;BOT_MAKER;BOT_TAKER;VELVETFRUIT_EXTRACT;XIRECS;5229.0;3
96600;BOT_MAKER;BOT_TAKER;VEV_5500;XIRECS;-1.0;5
96600;BOT_MAKER;BOT_TAKER;VEV_6500;XIRECS;0.0;4
96700;BOT_MAKER;BOT_TAKER;HYDROGEL_PACK;XIRECS;9975.0;3
96700;BOT_MAKER;BOT_TAKER;VEV_4000;XIRECS;1213.0;1
96700;BOT_TAKER;SUBMISSION;VELVETFRUIT_EXTRACT;XIRECS;5233.0;5
96800;BOT_MAKER;BOT_TAKER;VELVETFRUIT_EXTRACT;XIRECS;5229.0;4
96900;BOT_TAKER;BOT_MAKER;VEV_5400;XIRECS;16.0;2
97000;BOT_MAKER;BOT_TAKER;HYDROGEL_PACK;XIRECS;9983.0;3
97000;BOT_MAKER;BOT_TAKER;VELVETFRUIT_EXTRACT;XIRECS;5227.0;7
97000;BOT_TAKER;BOT_MAKER;VEV_5400;XIRECS;16.0;4
97100;BOT_MAKER;BOT_TAKER;HYDROGEL_PACK;XIRECS;9984.0;6
97200;BOT_TAKER;BOT_MAKER;HYDROGEL_PACK;XIRECS;10001.0;5
97200;BOT_TAKER;BOT_MAKER;VELVETFRUIT_EXTRACT;XIRECS;5235.0;4
97200;BOT_MAKER;BOT_TAKER;VEV_4000;XIRECS;1215.0;3
97300;BOT_TAKER;BOT_MAKER;HYDROGEL_PACK;XIRECS;10002.0;6
97300;BOT_TAKER;BOT_MAKER;VELVETFRUIT_EXTRACT;XIRECS;5234.0;6
97400;BOT_MAKER;BOT_TAKER;VELVETFRUIT_EXTRACT;XIRECS;5231.0;6
97500;BOT_MAKER;BOT_TAKER;HYDROGEL_PACK;XIRECS;9989.0;3
97500;BOT_MAKER;BOT_TAKER;VELVETFRUIT_EXTRACT;XIRECS;5231.0;6
97500;BOT_MAKER;BOT_TAKER;VEV_4000;XIRECS;1216.0;1
97500;BOT_TAKER;SUBMISSION;HYDROGEL_PACK;XIRECS;10004.0;3
97700;BOT_TAKER;BOT_MAKER;VELVETFRUIT_EXTRACT;XIRECS;5237.0;7
97700;BOT_MAKER;BOT_TAKER;VEV_4000;XIRECS;1220.0;2
97700;BOT_MAKER;BOT_TAKER;VEV_5500;XIRECS;-2.0;4
97900;BOT_TAKER;BOT_MAKER;HYDROGEL_PACK;XIRECS;10004.0;6
98000;BOT_TAKER;BOT_MAKER;HYDROGEL_PACK;XIRECS;10004.0;4
98100;BOT_MAKER;BOT_TAKER;HYDROGEL_PACK;XIRECS;9988.0;3
98100;BOT_TAKER;BOT_MAKER;VELVETFRUIT_EXTRACT;XIRECS;5237.0;8
98100;SUBMISSION;BOT_TAKER;VELVETFRUIT_EXTRACT;XIRECS;5233.0;4
98200;BOT_MAKER;BOT_TAKER;VEV_5300;XIRECS;58.0;5
98300;BOT_TAKER;BOT_MAKER;VELVETFRUIT_EXTRACT;XIRECS;5237.0;6
98300;BOT_MAKER;BOT_TAKER;VELVETFRUIT_EXTRACT;XIRECS;5232.0;4
98400;BOT_TAKER;BOT_MAKER;HYDROGEL_PACK;XIRECS;10005.0;6
98400;BOT_MAKER;BOT_TAKER;VELVETFRUIT_EXTRACT;XIRECS;5232.0;3
98400;BOT_MAKER;BOT_TAKER;VELVETFRUIT_EXTRACT;XIRECS;5232.0;4
98400;SUBMISSION;BOT_TAKER;VELVETFRUIT_EXTRACT;XIRECS;5233.0;4
98500;BOT_TAKER;BOT_MAKER;HYDROGEL_PACK;XIRECS;10004.0;5
98700;BOT_TAKER;BOT_MAKER;HYDROGEL_PACK;XIRECS;10007.0;3
98700;BOT_TAKER;BOT_MAKER;VEV_5400;XIRECS;15.0;2
98800;BOT_MAKER;BOT_TAKER;HYDROGEL_PACK;XIRECS;9992.0;3
98800;BOT_TAKER;BOT_MAKER;VEV_6000;XIRECS;1.0;2
98800;BOT_TAKER;SUBMISSION;VELVETFRUIT_EXTRACT;XIRECS;5239.0;5
98900;BOT_TAKER;BOT_MAKER;HYDROGEL_PACK;XIRECS;10007.0;6
98900;BOT_TAKER;BOT_MAKER;VEV_4000;XIRECS;1244.0;1
98900;BOT_MAKER;BOT_TAKER;VEV_5500;XIRECS;-1.0;4
99100;BOT_TAKER;BOT_MAKER;HYDROGEL_PACK;XIRECS;10006.0;6
99100;BOT_TAKER;BOT_MAKER;VELVETFRUIT_EXTRACT;XIRECS;5238.0;6
99200;BOT_TAKER;BOT_MAKER;VELVETFRUIT_EXTRACT;XIRECS;5238.0;8
99200;BOT_TAKER;SUBMISSION;VELVETFRUIT_EXTRACT;XIRECS;5237.0;5
99300;BOT_MAKER;BOT_TAKER;HYDROGEL_PACK;XIRECS;9992.0;4
99300;BOT_MAKER;BOT_TAKER;VELVETFRUIT_EXTRACT;XIRECS;5235.0;4
99300;BOT_TAKER;SUBMISSION;VELVETFRUIT_EXTRACT;XIRECS;5239.0;5
99300;BOT_TAKER;BOT_MAKER;VELVETFRUIT_EXTRACT;XIRECS;5240.0;2
99400;BOT_MAKER;BOT_TAKER;HYDROGEL_PACK;XIRECS;9992.0;6
99400;BOT_TAKER;BOT_MAKER;VELVETFRUIT_EXTRACT;XIRECS;5241.0;6
99400;BOT_MAKER;BOT_TAKER;VELVETFRUIT_EXTRACT;XIRECS;5236.0;7
99400;BOT_TAKER;SUBMISSION;VELVETFRUIT_EXTRACT;XIRECS;5240.0;5
99400;BOT_TAKER;BOT_MAKER;VELVETFRUIT_EXTRACT;XIRECS;5241.0;3
99500;BOT_TAKER;BOT_MAKER;VELVETFRUIT_EXTRACT;XIRECS;5240.0;7
99500;BOT_TAKER;SUBMISSION;VELVETFRUIT_EXTRACT;XIRECS;5239.0;5
99500;BOT_TAKER;BOT_MAKER;VELVETFRUIT_EXTRACT;XIRECS;5240.0;3
99600;BOT_MAKER;BOT_TAKER;VELVETFRUIT_EXTRACT;XIRECS;5236.0;7
99800;BOT_MAKER;BOT_TAKER;VEV_5500;XIRECS;-1.0;4
99900;BOT_MAKER;BOT_TAKER;HYDROGEL_PACK;XIRECS;9996.0;6
