day;timestamp;product;bid_price_1;bid_volume_1;bid_price_2;bid_volume_2;bid_price_3;bid_volume_3;ask_price_1;ask_volume_1;ask_price_2;ask_volume_2;ask_price_3;ask_volume_3;mid_price;profit_and_loss
-1;0;ASH_COATED_OSMIUM;9992;11;;;;;10008;11;;;;;10000.0;0.0
-1;0;HYDROGEL_PACK;9971;13;9969;24;;;9987;13;9990;24;;;9979.0;0.0
-1;0;INTARIAN_PEPPER_ROOT;13093;8;13090;20;;;13107;8;13110;20;;;13100.0;0.0
-1;0;VELVETFRUIT_EXTRACT;5260;25;5259;18;;;5264;25;5265;62;5266;41;5262.0;0.0
-1;0;VEV_4000;1252;8;1249;29;;;1273;8;1276;29;;;1262.5;0.0
-1;0;VEV_4500;754;8;;;;;770;8;772;19;;;762.0;0.0
-1;0;VEV_5000;262;24;;;;;269;8;270;19;;;265.5;0.0
-1;0;VEV_5100;172;24;;;;;177;9;178;23;;;174.5;0.0
-1;0;VEV_5200;99;19;;;;;102;29;;;;;100.5;0.0
-1;0;VEV_5300;49;19;;;;;52;12;;;;;50.5;0.0
-1;0;VEV_5400;15;25;;;;;;;;;;;15.0;0.0
-1;0;VEV_5500;6;27;;;;;7;18;;;;;6.5;0.0
-1;0;VEV_6000;0;25;;;;;1;25;;;;;0.5;0.0
-1;0;VEV_6500;0;13;;;;;1;13;;;;;0.5;0.0
-1;100;ASH_COATED_OSMIUM;9992;11;;;;;10008;11;10011;25;;;10000.0;0.0
-1;100;HYDROGEL_PACK;9970;14;9967;23;;;9986;14;9988;23;;;9978.0;0.0
-1;100;INTARIAN_PEPPER_ROOT;13093;9;;;;;13107;9;13110;19;;;13100.0;0.0
-1;100;VELVETFRUIT_EXTRACT;5260;58;5260;25;;;5265;25;5266;65;;;5262.5;0.0
-1;100;VEV_4000;1253;9;1250;24;;;1274;9;1276;24;;;1263.5;0.0
-1;100;VEV_4500;754;9;752;21;;;770;9;772;21;;;762.0;0.0
-1;100;VEV_5000;263;8;262;20;;;;;;;;;263.0;0.0
-1;100;VEV_5100;171;7;170;29;;;175;7;176;19;;;173.0;0.0
-1;100;VEV_5200;99;31;98;19;;;102;20;;;;;100.5;0.0
-1;100;VEV_5300;49;20;;;;;51;24;;;;;50.0;0.0
-1;100;VEV_5400;;;;;;;17;23;;;;;17.0;0.0
-1;100;VEV_5500;6;26;;;;;7;23;;;;;6.5;0.0
-1;100;VEV_6000;0;27;;;;;1;27;;;;;0.5;0.0
-1;100;VEV_6500;0;17;;;;;1;17;;;;;0.5;0.0
-1;200;ASH_COATED_OSMIUM;9993;11;9990;23;;;10009;11;10011;23;;;10001.0;0.0
-1;200;HYDROGEL_PACK;9970;13;9967;28;;;9986;13;9988;28;;;9978.0;0.0
-1;200;INTARIAN_PEPPER_ROOT;13093;10;13090;23;;;13107;10;13111;23;;;13100.0;0.0
-1;200;VELVETFRUIT_EXTRACT;5260;48;;;;;5266;19;;;;;5263.0;0.0
-1;200;VEV_4000;1255;14;1252;16;;;1276;14;1278;16;;;1265.5;0.0
-1;200;VEV_4500;752;17;;;;;770;11;772;17;;;761.0;0.0
-1;200;VEV_5000;262;8;;;;;268;8;269;13;;;265.0;0.0
-1;200;VEV_5100;172;25;;;;;176;6;177;15;;;174.0;0.0
-1;200;VEV_5200;99;32;;;;;;;;;;;99.0;0.0
-1;200;VEV_5300;;;;;;;51;26;52;22;;;51.0;0.0
-1;200;VEV_5400;16;24;15;26;;;17;26;;;;;16.5;0.0
-1;200;VEV_5500;6;18;;;;;7;18;;;;;6.5;0.0
-1;200;VEV_6000;0;22;;;;;1;22;;;;;0.5;0.0
-1;200;VEV_6500;0;14;;;;;1;14;;;;;0.5;0.0
-1;300;ASH_COATED_OSMIUM;9992;14;9990;28;;;10008;14;;;;;10000.0;0.0
-1;300;HYDROGEL_PACK;9969;10;9967;30;;;9985;10;9988;30;;;9977.0;0.0
-1;300;INTARIAN_PEPPER_ROOT;13093;11;13090;19;;;13107;11;13111;19;;;13100.0;0.0
-1;300;VELVETFRUIT_EXTRACT;5259;70;;;;;5265;57;;;;;5262.0;0.0
-1;300;VEV_4000;1253;12;1250;23;;;1274;12;1277;23;;;1263.5;0.0
-1;300;VEV_4500;753;12;751;14;;;769;12;771;14;;;761.0;0.0
-1;300;VEV_5000;262;7;;;;;269;21;;;;;265.5;0.0
-1;300;VEV_5100;171;25;170;14;;;175;7;176;33;;;173.0;0.0
-1;300;VEV_5200;100;7;99;20;;;;;;;;;100.0;0.0
-1;300;VEV_5300;;;;;;;51;26;;;;;51.0;0.0
-1;300;VEV_5400;;;;;;;17;22;;;;;17.0;0.0
-1;300;VEV_5500;6;24;;;;;7;19;;;;;6.5;0.0
-1;300;VEV_6000;0;24;;;;;1;24;;;;;0.5;0.0
-1;300;VEV_6500;0;14;;;;;1;14;;;;;0.5;0.0
-1;400;ASH_COATED_OSMIUM;9989;22;;;;;10010;22;;;;;9999.5;0.0
-1;400;HYDROGEL_PACK;9970;14;9967;27;;;9986;14;9988;27;;;9978.0;0.0
-1;400;INTARIAN_PEPPER_ROOT;13093;12;13090;16;;;13096;8;13107;12;13111;16;13094.5;0.0
-1;400;VELVETFRUIT_EXTRACT;5259;22;5258;60;;;5264;63;;;;;5261.5;0.0
-1;400;VEV_4000;1254;7;1251;16;;;1275;7;1277;16;;;1264.5;0.0
-1;400;VEV_4500;752;7;750;16;;;768;7;769;9;770;16;760.0;0.0
-1;400;VEV_5000;260;7;259;22;;;;;;;;;260.0;0.0
-1;400;VEV_5100;172;8;171;25;;;176;18;177;15;;;174.0;0.0
-1;400;VEV_5200;99;18;;;;;;;;;;;99.0;0.0
-1;400;VEV_5300;48;27;;;;;50;21;;;;;49.0;0.0
-1;400;VEV_5400;15;19;;;;;17;17;;;;;16.0;0.0
-1;400;VEV_5500;6;24;;;;;7;22;;;;;6.5;0.0
-1;400;VEV_6000;0;29;;;;;1;29;;;;;0.5;0.0
-1;400;VEV_6500;0;16;;;;;1;16;;;;;0.5;0.0
-1;500;ASH_COATED_OSMIUM;9992;15;9989;23;;;10010;23;;;;;10001.0;0.0
-1;500;HYDROGEL_PACK;9967;14;9965;28;;;9983;14;9986;28;;;9975.0;0.0
-1;500;INTARIAN_PEPPER_ROOT;13093;11;13090;19;;;13108;11;;;;;13100.5;0.0
-1;500;VELVETFRUIT_EXTRACT;5260;17;5259;50;;;5265;36;;;;;5262.5;0.0
-1;500;VEV_4000;1252;8;1250;23;;;1273;8;1276;23;;;1262.5;0.0
-1;500;VEV_4500;754;12;753;11;;;772;14;;;;;763.0;0.0
-1;500;VEV_5000;260;9;259;22;;;266;12;267;17;;;263.0;0.0
-1;500;VEV_5100;172;7;171;17;;;176;32;177;20;;;174.0;0.0
-1;500;VEV_5200;99;32;;;;;102;31;103;22;;;100.5;0.0
-1;500;VEV_5300;47;21;;;;;49;22;50;11;;;48.0;0.0
-1;500;VEV_5400;15;21;15;19;;;16;27;17;17;;;15.5;0.0
-1;500;VEV_5500;6;19;;;;;7;22;;;;;6.5;0.0
-1;500;VEV_6000;0;27;;;;;1;27;;;;;0.5;0.0
-1;500;VEV_6500;0;14;;;;;1;14;;;;;0.5;0.0
-1;600;ASH_COATED_OSMIUM;9989;22;;;;;10008;15;;;;;9998.5;0.0
-1;600;HYDROGEL_PACK;9969;15;9967;28;;;9985;15;9988;28;;;9977.0;0.0
-1;600;INTARIAN_PEPPER_ROOT;13090;18;;;;;13108;8;13111;18;;;13099.0;0.0
-1;600;VELVETFRUIT_EXTRACT;5258;45;;;;;5264;64;;;;;5261.0;0.0
-1;600;VEV_4000;1253;15;1251;15;;;1274;15;1277;15;;;1263.5;0.0
-1;600;VEV_4500;753;8;751;23;;;769;8;770;22;771;23;761.0;0.0
-1;600;VEV_5000;259;23;;;;;266;11;267;17;;;262.5;0.0
-1;600;VEV_5100;174;11;173;22;;;178;19;;;;;176.0;0.0
-1;600;VEV_5200;100;26;;;;;104;27;;;;;102.0;0.0
-1;600;VEV_5300;47;23;;;;;49;15;;;;;48.0;0.0
-1;600;VEV_5400;15;23;;;;;16;21;17;18;;;15.5;0.0
-1;600;VEV_5500;6;17;;;;;7;22;;;;;6.5;0.0
-1;600;VEV_6000;0;22;;;;;1;22;;;;;0.5;0.0
-1;600;VEV_6500;0;14;;;;;1;14;;;;;0.5;0.0
-1;700;ASH_COATED_OSMIUM;9992;13;9989;27;;;10008;13;10010;27;;;10000.0;0.0
-1;700;HYDROGEL_PACK;9969;13;9967;26;;;9985;13;9988;26;;;9977.0;0.0
-1;700;INTARIAN_PEPPER_ROOT;13094;8;13090;22;;;13108;8;13111;22;;;13101.0;0.0
-1;700;VELVETFRUIT_EXTRACT;5261;59;;;;;5267;33;;;;;5264.0;0.0
-1;700;VEV_4000;1254;9;1251;18;;;1275;9;1277;18;;;1264.5;0.0
-1;700;VEV_4500;753;10;751;16;;;771;16;;;;;762.0;0.0
-1;700;VEV_5000;257;20;;;;;264;27;265;15;;;260.5;0.0
-1;700;VEV_5100;174;29;173;19;;;178;30;179;26;;;176.0;0.0
-1;700;VEV_5200;99;22;;;;;102;12;;;;;100.5;0.0
-1;700;VEV_5300;48;25;;;;;50;20;;;;;49.0;0.0
-1;700;VEV_5400;15;21;;;;;17;23;;;;;16.0;0.0
-1;700;VEV_5500;6;20;;;;;7;24;;;;;6.5;0.0
-1;700;VEV_6000;0;18;;;;;1;18;;;;;0.5;0.0
-1;700;VEV_6500;0;15;;;;;1;15;;;;;0.5;0.0
-1;800;ASH_COATED_OSMIUM;9990;30;;;;;10008;11;;;;;9999.0;0.0
-1;800;HYDROGEL_PACK;9972;12;9969;24;;;9988;12;9990;24;;;9980.0;0.0
-1;800;INTARIAN_PEPPER_ROOT;13094;9;;;;;;;;;;;13094.0;0.0
-1;800;VELVETFRUIT_EXTRACT;5261;51;;;;;5266;25;5267;37;;;5263.5;0.0
-1;800;VEV_4000;1250;14;1248;30;;;1271;14;1274;30;;;1260.5;0.0
-1;800;VEV_4500;751;21;;;;;769;12;771;21;;;760.0;0.0
-1;800;VEV_5000;257;25;256;14;;;263;8;264;23;;;260.0;0.0
-1;800;VEV_5100;173;23;;;;;178;8;;;;;175.5;0.0
-1;800;VEV_5200;101;8;;;;;;;;;;;101.0;0.0
-1;800;VEV_5300;49;20;;;;;51;25;;;;;50.0;0.0
-1;800;VEV_5400;15;25;;;;;17;19;;;;;16.0;0.0
-1;800;VEV_5500;6;23;;;;;7;24;;;;;6.5;0.0
-1;800;VEV_6000;0;22;;;;;1;22;;;;;0.5;0.0
-1;800;VEV_6500;0;14;;;;;1;14;;;;;0.5;0.0
-1;900;ASH_COATED_OSMIUM;9992;11;9989;30;;;10008;11;10010;30;;;10000.0;0.0
-1;900;HYDROGEL_PACK;9966;28;;;;;9985;10;9987;28;;;9975.5;0.0
-1;900;INTARIAN_PEPPER_ROOT;13094;8;13091;22;;;13111;22;;;;;13102.5;0.0
-1;900;VELVETFRUIT_EXTRACT;5261;44;5261;15;;;5267;40;;;;;5264.0;0.0
-1;900;VEV_4000;1249;14;1246;16;;;1270;14;1272;16;;;1259.5;0.0
-1;900;VEV_4500;754;11;752;15;;;770;11;772;15;;;762.0;0.0
-1;900;VEV_5000;258;12;257;14;;;264;6;265;21;;;261.0;0.0
-1;900;VEV_5100;174;12;;;;;178;24;179;19;;;176.0;0.0
-1;900;VEV_5200;98;32;;;;;102;21;;;;;100.0;0.0
-1;900;VEV_5300;49;4;;;;;51;6;52;10;;;50.0;0.0
-1;900;VEV_5400;15;19;;;;;;;;;;;15.0;0.0
-1;900;VEV_5500;6;20;;;;;7;24;;;;;6.5;0.0
-1;900;VEV_6000;0;22;;;;;1;22;;;;;0.5;0.0
-1;900;VEV_6500;0;17;;;;;1;17;;;;;0.5;0.0
-1;1000;ASH_COATED_OSMIUM;9990;22;;;;;10008;11;10011;22;;;9999.0;0.0
-1;1000;HYDROGEL_PACK;9972;10;9970;30;;;9988;10;9991;30;;;9980.0;0.0
-1;1000;INTARIAN_PEPPER_ROOT;13094;8;13091;23;;;13108;8;13111;23;;;13101.0;0.0
-1;1000;VELVETFRUIT_EXTRACT;5259;32;;;;;5264;24;5265;64;;;5261.5;0.0
-1;1000;VEV_4000;1250;12;1247;26;;;1271;12;1274;26;;;1260.5;0.0
-1;1000;VEV_4500;753;9;751;23;;;771;23;;;;;762.0;0.0
-1;1000;VEV_5000;257;8;256;17;;;263;9;;;;;260.0;0.0
-1;1000;VEV_5100;173;31;172;27;;;177;9;178;13;;;175.0;0.0
-1;1000;VEV_5200;98;12;;;;;;;;;;;98.0;0.0
-1;1000;VEV_5300;49;24;;;;;51;24;52;19;;;50.0;0.0
-1;1000;VEV_5400;15;20;;;;;16;6;;;;;15.5;0.0
-1;1000;VEV_5500;6;25;;;;;7;27;;;;;6.5;0.0
-1;1000;VEV_6000;0;21;;;;;1;21;;;;;0.5;0.0
-1;1000;VEV_6500;0;25;;;;;1;25;;;;;0.5;0.0
-1;1100;ASH_COATED_OSMIUM;9992;11;9990;21;;;10011;21;;;;;10001.5;0.0
-1;1100;HYDROGEL_PACK;9974;13;9971;27;;;9990;13;9992;27;;;9982.0;0.0
-1;1100;INTARIAN_PEPPER_ROOT;13094;10;13091;22;;;13108;10;13111;22;;;13101.0;0.0
-1;1100;VELVETFRUIT_EXTRACT;5261;23;5260;35;;;5265;23;5266;57;5267;32;5263.0;0.0
-1;1100;VEV_4000;1251;8;1248;17;;;1272;8;1274;17;;;1261.5;0.0
-1;1100;VEV_4500;751;12;749;19;;;767;12;769;19;;;759.0;0.0
-1;1100;VEV_5000;256;12;255;16;;;262;12;263;13;;;259.0;0.0
-1;1100;VEV_5100;172;32;;;;;176;27;;;;;174.0;0.0
-1;1100;VEV_5200;99;8;98;30;;;101;6;102;26;;;100.0;0.0
-1;1100;VEV_5300;49;21;48;21;;;51;29;;;;;50.0;0.0
-1;1100;VEV_5400;15;28;;;;;17;17;;;;;16.0;0.0
-1;1100;VEV_5500;6;21;;;;;7;22;;;;;6.5;0.0
-1;1100;VEV_6000;0;17;;;;;1;17;;;;;0.5;0.0
-1;1100;VEV_6500;0;15;;;;;1;15;;;;;0.5;0.0
-1;1200;ASH_COATED_OSMIUM;9993;14;9991;24;;;10009;14;10012;24;;;10001.0;0.0
-1;1200;HYDROGEL_PACK;9974;13;9972;29;;;9990;13;9993;29;;;9982.0;0.0
-1;1200;INTARIAN_PEPPER_ROOT;13094;8;13091;24;;;13097;6;;;;;13095.5;0.0
-1;1200;VELVETFRUIT_EXTRACT;5260;19;5259;65;;;5265;42;;;;;5262.5;0.0
-1;1200;VEV_4000;1251;9;1249;28;;;1272;9;1275;28;;;1261.5;0.0
-1;1200;VEV_4500;752;11;750;18;;;768;11;770;18;;;760.0;0.0
-1;1200;VEV_5000;256;12;255;32;;;262;6;;;;;259.0;0.0
-1;1200;VEV_5100;173;20;172;24;;;177;27;178;33;;;175.0;0.0
-1;1200;VEV_5200;100;18;99;16;;;102;10;103;34;;;101.0;0.0
-1;1200;VEV_5300;49;20;;;;;;;;;;;49.0;0.0
-1;1200;VEV_5400;15;25;;;;;17;15;;;;;16.0;0.0
-1;1200;VEV_5500;6;24;;;;;7;18;;;;;6.5;0.0
-1;1200;VEV_6000;0;18;;;;;1;18;;;;;0.5;0.0
-1;1200;VEV_6500;0;16;;;;;1;16;;;;;0.5;0.0
-1;1300;ASH_COATED_OSMIUM;9993;14;9990;30;;;10009;14;10011;30;;;10001.0;0.0
-1;1300;HYDROGEL_PACK;9971;10;9969;25;;;9987;10;9990;25;;;9979.0;0.0
-1;1300;INTARIAN_PEPPER_ROOT;13094;11;13091;15;;;13108;11;13112;15;;;13101.0;0.0
-1;1300;VELVETFRUIT_EXTRACT;5259;22;5258;49;;;5264;61;;;;;5261.5;0.0
-1;1300;VEV_4000;1252;7;1249;26;;;1273;7;1275;26;;;1262.5;0.0
-1;1300;VEV_4500;750;8;749;9;748;13;766;8;768;13;;;758.0;0.0
-1;1300;VEV_5000;257;12;256;21;;;263;8;;;;;260.0;0.0
-1;1300;VEV_5100;172;11;;;;;176;10;177;29;;;174.0;0.0
-1;1300;VEV_5200;99;12;98;29;;;;;;;;;99.0;0.0
-1;1300;VEV_5300;49;22;;;;;51;16;51;9;;;50.0;0.0
-1;1300;VEV_5400;16;22;15;19;;;17;26;;;;;16.5;0.0
-1;1300;VEV_5500;6;23;;;;;7;21;;;;;6.5;0.0
-1;1300;VEV_6000;0;20;;;;;1;20;;;;;0.5;0.0
-1;1300;VEV_6500;0;17;;;;;1;17;;;;;0.5;0.0
-1;1400;ASH_COATED_OSMIUM;9990;21;;;;;;;;;;;9990.0;0.0
-1;1400;HYDROGEL_PACK;9973;13;9971;28;;;9989;13;9992;28;;;9981.0;0.0
-1;1400;INTARIAN_PEPPER_ROOT;13094;8;13091;15;;;;;;;;;13094.0;0.0
-1;1400;VELVETFRUIT_EXTRACT;5259;19;5258;40;;;5264;47;;;;;5261.5;0.0
-1;1400;VEV_4000;1252;13;1249;16;;;1273;13;1275;16;;;1262.5;0.0
-1;1400;VEV_4500;751;8;749;20;;;767;8;769;20;;;759.0;0.0
-1;1400;VEV_5000;256;6;255;21;;;263;20;;;;;259.5;0.0
-1;1400;VEV_5100;173;9;172;20;;;177;28;;;;;175.0;0.0
-1;1400;VEV_5200;99;9;;;;;;;;;;;99.0;0.0
-1;1400;VEV_5300;49;24;48;17;;;51;19;51;27;;;50.0;0.0
-1;1400;VEV_5400;;;;;;;17;23;;;;;17.0;0.0
-1;1400;VEV_5500;6;15;;;;;7;19;;;;;6.5;0.0
-1;1400;VEV_6000;0;22;;;;;1;22;;;;;0.5;0.0
-1;1400;VEV_6500;0;15;;;;;1;15;;;;;0.5;0.0
-1;1500;ASH_COATED_OSMIUM;9993;13;9990;27;;;10011;27;;;;;10002.0;0.0
-1;1500;HYDROGEL_PACK;9975;10;9972;30;;;9991;10;9993;30;;;9983.0;0.0
-1;1500;INTARIAN_PEPPER_ROOT;13094;10;13091;21;;;13112;21;;;;;13103.0;0.0
-1;1500;VELVETFRUIT_EXTRACT;5259;22;5258;15;;;5264;23;;;;;5261.5;0.0
-1;1500;VEV_4000;1251;9;1248;19;;;1272;9;1275;19;;;1261.5;0.0
-1;1500;VEV_4500;753;8;751;16;;;769;8;771;16;;;761.0;0.0
-1;1500;VEV_5000;256;12;255;21;;;262;11;263;19;;;259.0;0.0
-1;1500;VEV_5100;172;16;;;;;177;6;178;15;;;174.5;0.0
-1;1500;VEV_5200;100;27;;;;;102;7;103;27;;;101.0;0.0
-1;1500;VEV_5300;48;20;;;;;50;22;;;;;49.0;0.0
-1;1500;VEV_5400;;;;;;;17;20;;;;;17.0;0.0
-1;1500;VEV_5500;6;22;;;;;7;26;;;;;6.5;0.0
-1;1500;VEV_6000;0;24;;;;;1;24;;;;;0.5;0.0
-1;1500;VEV_6500;0;16;;;;;1;16;;;;;0.5;0.0
-1;1600;ASH_COATED_OSMIUM;9993;10;9991;23;;;10009;10;;;;;10001.0;0.0
-1;1600;HYDROGEL_PACK;9976;13;9973;20;;;9992;13;9994;20;;;9984.0;0.0
-1;1600;INTARIAN_PEPPER_ROOT;13095;12;13091;19;;;13109;12;13112;19;;;13102.0;0.0
-1;1600;VELVETFRUIT_EXTRACT;5259;56;;;;;5265;21;;;;;5262.0;0.0
-1;1600;VEV_4000;1252;9;1249;21;;;1273;9;1275;21;;;1262.5;0.0
-1;1600;VEV_4500;750;23;;;;;768;12;770;23;;;759.0;0.0
-1;1600;VEV_5000;255;29;;;;;261;27;262;17;;;258.0;0.0
-1;1600;VEV_5100;172;8;;;;;176;25;177;18;;;174.0;0.0
-1;1600;VEV_5200;99;29;98;27;;;102;26;;;;;100.5;0.0
-1;1600;VEV_5300;48;28;;;;;50;20;;;;;49.0;0.0
-1;1600;VEV_5400;16;30;16;10;;;17;22;18;25;;;16.5;0.0
-1;1600;VEV_5500;6;27;;;;;8;17;;;;;7.0;0.0
-1;1600;VEV_6000;0;24;;;;;1;24;;;;;0.5;0.0
-1;1600;VEV_6500;0;11;;;;;1;11;;;;;0.5;0.0
-1;1700;ASH_COATED_OSMIUM;9994;14;;;;;10012;28;;;;;10003.0;0.0
-1;1700;HYDROGEL_PACK;9975;13;9972;26;;;9991;13;9993;26;;;9983.0;0.0
-1;1700;INTARIAN_PEPPER_ROOT;13095;11;13091;15;;;;;;;;;13095.0;0.0
-1;1700;VELVETFRUIT_EXTRACT;5258;39;5258;20;;;5264;71;;;;;5261.0;0.0
-1;1700;VEV_4000;1252;7;1250;28;;;1274;7;1276;28;;;1263.0;0.0
-1;1700;VEV_4500;753;9;751;12;;;769;9;771;12;;;761.0;0.0
-1;1700;VEV_5000;255;11;254;23;;;261;11;262;24;;;258.0;0.0
-1;1700;VEV_5100;171;13;;;;;176;23;177;27;;;173.5;0.0
-1;1700;VEV_5200;;;;;;;101;28;;;;;101.0;0.0
-1;1700;VEV_5300;;;;;;;;;;;;;0.0;0.0
-1;1700;VEV_5400;16;26;;;;;18;18;;;;;17.0;0.0
-1;1700;VEV_5500;6;25;;;;;8;28;;;;;7.0;0.0
-1;1700;VEV_6000;0;25;;;;;1;25;;;;;0.5;0.0
-1;1700;VEV_6500;0;19;;;;;1;19;;;;;0.5;0.0
-1;1800;ASH_COATED_OSMIUM;9993;13;9991;24;;;10009;13;10012;24;;;10001.0;0.0
-1;1800;HYDROGEL_PACK;9974;10;9972;29;;;9990;10;9993;29;;;9982.0;0.0
-1;1800;INTARIAN_PEPPER_ROOT;13095;10;13091;20;;;13109;10;13112;20;;;13102.0;0.0
-1;1800;VELVETFRUIT_EXTRACT;5258;45;;;;;5263;23;5264;54;;;5260.5;0.0
-1;1800;VEV_4000;1251;11;1249;15;;;1272;11;1275;15;;;1261.5;0.0
-1;1800;VEV_4500;752;6;750;22;;;768;6;770;22;;;760.0;0.0
-1;1800;VEV_5000;255;7;254;16;;;261;6;262;22;;;258.0;0.0
-1;1800;VEV_5100;173;8;172;16;;;;;;;;;173.0;0.0
-1;1800;VEV_5200;97;17;;;;;101;28;;;;;99.0;0.0
-1;1800;VEV_5300;47;26;;;;;49;19;;;;;48.0;0.0
-1;1800;VEV_5400;;;;;;;;;;;;;0.0;0.0
-1;1800;VEV_5500;6;28;;;;;8;21;;;;;7.0;0.0
-1;1800;VEV_6000;0;27;;;;;1;27;;;;;0.5;0.0
-1;1800;VEV_6500;0;11;;;;;1;11;;;;;0.5;0.0
-1;1900;ASH_COATED_OSMIUM;9993;15;9991;27;;;10009;15;10012;27;;;10001.0;0.0
-1;1900;HYDROGEL_PACK;9972;11;9970;20;;;9988;11;9991;20;;;9980.0;0.0
-1;1900;INTARIAN_PEPPER_ROOT;13095;8;13092;23;;;13109;8;;;;;13102.0;0.0
-1;1900;VELVETFRUIT_EXTRACT;5259;37;5259;63;;;5264;24;5265;51;;;5261.5;0.0
-1;1900;VEV_4000;1250;14;1247;29;;;1271;14;1273;29;;;1260.5;0.0
-1;1900;VEV_4500;751;15;;;;;769;9;770;6;771;15;760.0;0.0
-1;1900;VEV_5000;256;31;255;24;;;262;8;263;13;;;259.0;0.0
-1;1900;VEV_5100;173;26;172;13;;;177;10;178;12;;;175.0;0.0
-1;1900;VEV_5200;98;27;97;35;;;101;29;;;;;99.5;0.0
-1;1900;VEV_5300;48;21;;;;;50;24;51;12;;;49.0;0.0
-1;1900;VEV_5400;16;18;16;22;;;18;28;;;;;17.0;0.0
-1;1900;VEV_5500;7;21;;;;;8;26;;;;;7.5;0.0
-1;1900;VEV_6000;0;26;;;;;1;26;;;;;0.5;0.0
-1;1900;VEV_6500;0;13;;;;;1;13;;;;;0.5;0.0
-1;2000;ASH_COATED_OSMIUM;9993;14;9990;27;;;10009;14;10011;27;;;10001.0;0.0
-1;2000;HYDROGEL_PACK;9973;13;9970;20;;;9991;20;;;;;9982.0;0.0
-1;2000;INTARIAN_PEPPER_ROOT;13095;12;13092;24;;;13112;24;;;;;13103.5;0.0
-1;2000;VELVETFRUIT_EXTRACT;5260;34;;;;;5266;63;;;;;5263.0;0.0
-1;2000;VEV_4000;1249;13;1247;28;;;1270;13;1273;28;;;1259.5;0.0
-1;2000;VEV_4500;751;12;749;16;;;767;12;769;16;;;759.0;0.0
-1;2000;VEV_5000;257;9;256;24;;;263;8;;;;;260.0;0.0
-1;2000;VEV_5100;171;15;;;;;177;12;;;;;174.0;0.0
-1;2000;VEV_5200;99;12;;;;;103;31;;;;;101.0;0.0
-1;2000;VEV_5300;48;26;;;;;51;12;;;;;49.5;0.0
-1;2000;VEV_5400;16;28;15;28;;;16;21;17;27;;;16.0;0.0
-1;2000;VEV_5500;6;23;;;;;8;24;;;;;7.0;0.0
-1;2000;VEV_6000;0;20;;;;;1;20;;;;;0.5;0.0
-1;2000;VEV_6500;0;14;;;;;1;14;;;;;0.5;0.0
-1;2100;ASH_COATED_OSMIUM;9993;10;9991;27;;;10009;10;10012;27;;;10001.0;0.0
-1;2100;HYDROGEL_PACK;9971;12;9968;22;;;9987;12;9989;22;;;9979.0;0.0
-1;2100;INTARIAN_PEPPER_ROOT;13099;11;13095;11;13092;18;13109;11;;;;;13104.0;0.0
-1;2100;VELVETFRUIT_EXTRACT;5259;15;5258;33;;;5263;15;5264;32;;;5261.0;0.0
-1;2100;VEV_4000;1251;10;1248;16;;;1272;10;1275;16;;;1261.5;0.0
-1;2100;VEV_4500;752;8;750;15;;;768;8;769;12;770;15;760.0;0.0
-1;2100;VEV_5000;255;9;254;21;;;261;12;262;15;;;258.0;0.0
-1;2100;VEV_5100;172;21;;;;;176;9;177;13;;;174.0;0.0
-1;2100;VEV_5200;100;9;99;14;;;;;;;;;100.0;0.0
-1;2100;VEV_5300;49;15;48;11;;;;;;;;;49.0;0.0
-1;2100;VEV_5400;16;20;;;;;17;26;;;;;16.5;0.0
-1;2100;VEV_5500;6;21;;;;;8;26;;;;;7.0;0.0
-1;2100;VEV_6000;0;24;;;;;1;24;;;;;0.5;0.0
-1;2100;VEV_6500;0;14;;;;;1;14;;;;;0.5;0.0
-1;2200;ASH_COATED_OSMIUM;;;;;;;10012;24;;;;;10012.0;0.0
-1;2200;HYDROGEL_PACK;9972;12;9969;27;;;9988;12;9990;27;;;9980.0;0.0
-1;2200;INTARIAN_PEPPER_ROOT;13095;10;13092;25;;;13109;10;13113;25;;;13102.0;0.0
-1;2200;VELVETFRUIT_EXTRACT;5258;40;;;;;5264;64;5265;43;;;5261.0;0.0
-1;2200;VEV_4000;1251;10;1248;20;;;1272;10;1275;20;;;1261.5;0.0
-1;2200;VEV_4500;753;11;751;18;;;769;11;771;18;;;761.0;0.0
-1;2200;VEV_5000;253;13;;;;;260;9;261;27;;;256.5;0.0
-1;2200;VEV_5100;171;28;;;;;177;23;;;;;174.0;0.0
-1;2200;VEV_5200;100;32;;;;;103;33;104;19;;;101.5;0.0
-1;2200;VEV_5300;47;23;;;;;50;19;51;15;;;48.5;0.0
-1;2200;VEV_5400;15;19;;;;;17;21;;;;;16.0;0.0
-1;2200;VEV_5500;6;21;;;;;8;19;;;;;7.0;0.0
-1;2200;VEV_6000;0;21;;;;;1;21;;;;;0.5;0.0
-1;2200;VEV_6500;0;11;;;;;1;11;;;;;0.5;0.0
-1;2300;ASH_COATED_OSMIUM;9994;11;9991;28;;;10010;11;10012;28;;;10002.0;0.0
-1;2300;HYDROGEL_PACK;9972;12;9969;22;;;9988;12;9990;22;;;9980.0;0.0
-1;2300;INTARIAN_PEPPER_ROOT;13095;9;13092;21;;;13109;9;13113;21;;;13102.0;0.0
-1;2300;VELVETFRUIT_EXTRACT;5260;17;5259;39;;;5265;61;;;;;5262.5;0.0
-1;2300;VEV_4000;1251;12;1248;28;;;1272;12;1274;28;;;1261.5;0.0
-1;2300;VEV_4500;751;14;;;;;769;9;;;;;760.0;0.0
-1;2300;VEV_5000;254;11;253;16;;;261;24;;;;;257.5;0.0
-1;2300;VEV_5100;172;22;171;21;;;176;20;177;13;;;174.0;0.0
-1;2300;VEV_5200;;;;;;;104;25;105;14;;;104.0;0.0
-1;2300;VEV_5300;49;25;;;;;51;24;;;;;50.0;0.0
-1;2300;VEV_5400;15;19;;;;;16;19;;;;;15.5;0.0
-1;2300;VEV_5500;7;19;;;;;8;23;;;;;7.5;0.0
-1;2300;VEV_6000;0;24;;;;;1;24;;;;;0.5;0.0
-1;2300;VEV_6500;0;15;;;;;1;15;;;;;0.5;0.0
-1;2400;ASH_COATED_OSMIUM;9994;12;9991;26;;;10010;12;10012;26;;;10002.0;0.0
-1;2400;HYDROGEL_PACK;9971;10;9968;24;;;9987;10;9989;24;;;9979.0;0.0
-1;2400;INTARIAN_PEPPER_ROOT;13095;9;13092;23;;;13109;9;13113;23;;;13102.0;0.0
-1;2400;VELVETFRUIT_EXTRACT;5259;41;;;;;5265;39;;;;;5262.0;0.0
-1;2400;VEV_4000;1250;11;1247;17;;;1271;11;1274;17;;;1260.5;0.0
-1;2400;VEV_4500;752;9;750;12;;;768;9;770;12;;;760.0;0.0
-1;2400;VEV_5000;252;12;251;24;;;258;12;259;16;;;255.0;0.0
-1;2400;VEV_5100;172;29;;;;;176;12;177;20;;;174.0;0.0
-1;2400;VEV_5200;100;29;;;;;104;29;;;;;102.0;0.0
-1;2400;VEV_5300;49;16;;;;;51;28;52;13;;;50.0;0.0
-1;2400;VEV_5400;;;;;;;16;6;17;20;;;16.0;0.0
-1;2400;VEV_5500;7;23;;;;;8;20;;;;;7.5;0.0
-1;2400;VEV_6000;0;19;;;;;1;19;;;;;0.5;0.0
-1;2400;VEV_6500;0;16;;;;;1;16;;;;;0.5;0.0
-1;2500;ASH_COATED_OSMIUM;9991;27;;;;;10010;13;10012;27;;;10000.5;0.0
-1;2500;HYDROGEL_PACK;9970;12;9967;29;;;9988;29;;;;;9979.0;0.0
-1;2500;INTARIAN_PEPPER_ROOT;13095;8;13092;18;;;13110;8;;;;;13102.5;0.0
-1;2500;VELVETFRUIT_EXTRACT;5261;17;5260;20;;;5265;17;5266;45;;;5263.0;0.0
-1;2500;VEV_4000;1249;10;1246;27;;;1270;10;1272;27;;;1259.5;0.0
-1;2500;VEV_4500;752;10;750;17;;;768;10;770;17;;;760.0;0.0
-1;2500;VEV_5000;252;31;251;22;;;258;10;259;26;;;255.0;0.0
-1;2500;VEV_5100;171;7;;;;;175;31;176;21;;;173.0;0.0
-1;2500;VEV_5200;101;7;100;29;;;104;15;;;;;102.5;0.0
-1;2500;VEV_5300;49;29;;;;;51;5;;;;;50.0;0.0
-1;2500;VEV_5400;16;25;16;19;;;;;;;;;16.0;0.0
-1;2500;VEV_5500;7;22;;;;;8;25;;;;;7.5;0.0
-1;2500;VEV_6000;0;27;;;;;1;27;;;;;0.5;0.0
-1;2500;VEV_6500;0;21;;;;;1;21;;;;;0.5;0.0
-1;2600;ASH_COATED_OSMIUM;9993;11;9991;24;;;10009;11;;;;;10001.0;0.0
-1;2600;HYDROGEL_PACK;9969;12;9966;25;;;9985;12;9987;25;;;9977.0;0.0
-1;2600;INTARIAN_PEPPER_ROOT;13096;10;;;;;;;;;;;13096.0;0.0
-1;2600;VELVETFRUIT_EXTRACT;5260;33;;;;;5266;41;;;;;5263.0;0.0
-1;2600;VEV_4000;1248;8;1246;25;;;1270;8;1272;25;;;1259.0;0.0
-1;2600;VEV_4500;754;6;752;14;;;770;6;772;14;;;762.0;0.0
-1;2600;VEV_5000;251;7;;;;;257;8;;;;;254.0;0.0
-1;2600;VEV_5100;171;22;;;;;175;8;176;20;;;173.0;0.0
-1;2600;VEV_5200;100;21;;;;;104;31;;;;;102.0;0.0
-1;2600;VEV_5300;50;19;;;;;52;22;;;;;51.0;0.0
-1;2600;VEV_5400;16;27;;;;;18;28;;;;;17.0;0.0
-1;2600;VEV_5500;6;24;;;;;8;20;;;;;7.0;0.0
-1;2600;VEV_6000;0;23;;;;;1;23;;;;;0.5;0.0
-1;2600;VEV_6500;0;13;;;;;1;13;;;;;0.5;0.0
-1;2700;ASH_COATED_OSMIUM;9991;25;;;;;10012;25;;;;;10001.5;0.0
-1;2700;HYDROGEL_PACK;9968;10;9966;22;;;9984;10;9986;22;;;9976.0;0.0
-1;2700;INTARIAN_PEPPER_ROOT;13096;12;;;;;13110;12;13113;22;;;13103.0;0.0
-1;2700;VELVETFRUIT_EXTRACT;5262;62;5262;21;5261;49;5268;30;;;;;5265.0;0.0
-1;2700;VEV_4000;1248;11;1246;18;;;1269;11;1272;18;;;1258.5;0.0
-1;2700;VEV_4500;755;8;754;9;753;13;771;8;773;13;;;763.0;0.0
-1;2700;VEV_5000;251;6;250;14;;;257;6;258;19;;;254.0;0.0
-1;2700;VEV_5100;172;21;171;12;;;176;30;177;19;;;174.0;0.0
-1;2700;VEV_5200;101;10;;;;;103;28;104;22;;;102.0;0.0
-1;2700;VEV_5300;49;16;;;;;51;30;;;;;50.0;0.0
-1;2700;VEV_5400;16;24;16;6;;;17;22;;;;;16.5;0.0
-1;2700;VEV_5500;7;21;;;;;8;23;;;;;7.5;0.0
-1;2700;VEV_6000;0;23;;;;;1;23;;;;;0.5;0.0
-1;2700;VEV_6500;0;14;;;;;1;14;;;;;0.5;0.0
-1;2800;ASH_COATED_OSMIUM;9993;15;;;;;10009;15;10012;22;;;10001.0;0.0
-1;2800;HYDROGEL_PACK;9969;10;9966;28;;;9985;10;9987;28;;;9977.0;0.0
-1;2800;INTARIAN_PEPPER_ROOT;13092;20;;;;;13110;8;13113;20;;;13101.0;0.0
-1;2800;VELVETFRUIT_EXTRACT;5263;19;5262;39;;;5267;19;5268;58;;;5265.0;0.0
-1;2800;VEV_4000;1250;12;1247;27;;;1271;12;1274;27;;;1260.5;0.0
-1;2800;VEV_4500;755;6;754;19;;;772;8;774;19;;;763.5;0.0
-1;2800;VEV_5000;251;9;250;21;;;258;12;;;;;254.5;0.0
-1;2800;VEV_5100;170;11;169;19;;;174;33;175;18;;;172.0;0.0
-1;2800;VEV_5200;;;;;;;103;25;;;;;103.0;0.0
-1;2800;VEV_5300;49;5;;;;;51;23;;;;;50.0;0.0
-1;2800;VEV_5400;;;;;;;17;23;;;;;17.0;0.0
-1;2800;VEV_5500;6;23;;;;;8;18;;;;;7.0;0.0
-1;2800;VEV_6000;0;27;;;;;1;27;;;;;0.5;0.0
-1;2800;VEV_6500;0;16;;;;;1;16;;;;;0.5;0.0
-1;2900;ASH_COATED_OSMIUM;9994;12;9991;22;;;10012;22;;;;;10003.0;0.0
-1;2900;HYDROGEL_PACK;9972;13;9970;24;;;9988;13;9991;24;;;9980.0;0.0
-1;2900;INTARIAN_PEPPER_ROOT;13096;11;13093;22;;;13110;11;13113;22;;;13103.0;0.0
-1;2900;VELVETFRUIT_EXTRACT;5262;67;;;;;5268;41;;;;;5265.0;0.0
-1;2900;VEV_4000;1249;15;1247;21;;;1271;15;1273;21;;;1260.0;0.0
-1;2900;VEV_4500;755;19;;;;;773;12;776;19;;;764.0;0.0
-1;2900;VEV_5000;250;20;;;;;257;27;258;23;;;253.5;0.0
-1;2900;VEV_5100;170;26;;;;;174;7;;;;;172.0;0.0
-1;2900;VEV_5200;100;28;;;;;104;20;;;;;102.0;0.0
-1;2900;VEV_5300;49;6;;;;;51;21;;;;;50.0;0.0
-1;2900;VEV_5400;16;20;15;20;;;17;22;;;;;16.5;0.0
-1;2900;VEV_5500;6;18;;;;;8;29;;;;;7.0;0.0
-1;2900;VEV_6000;0;21;;;;;1;21;;;;;0.5;0.0
-1;2900;VEV_6500;0;11;;;;;1;11;;;;;0.5;0.0
-1;3000;ASH_COATED_OSMIUM;9994;14;9991;26;;;10010;14;;;;;10002.0;0.0
-1;3000;HYDROGEL_PACK;9972;14;9970;26;;;9988;14;9991;26;;;9980.0;0.0
-1;3000;INTARIAN_PEPPER_ROOT;13096;8;13093;23;;;13113;23;;;;;13104.5;0.0
-1;3000;VELVETFRUIT_EXTRACT;5263;25;5262;17;;;5268;74;;;;;5265.5;0.0
-1;3000;VEV_4000;1251;9;1248;26;;;1272;9;1275;26;;;1261.5;0.0
-1;3000;VEV_4500;759;7;757;15;;;775;7;777;15;;;767.0;0.0
-1;3000;VEV_5000;251;11;250;21;;;257;11;258;21;;;254.0;0.0
-1;3000;VEV_5100;171;12;170;12;;;175;11;;;;;173.0;0.0
-1;3000;VEV_5200;102;10;101;34;;;104;10;105;32;;;103.0;0.0
-1;3000;VEV_5300;49;25;;;;;51;22;;;;;50.0;0.0
-1;3000;VEV_5400;16;29;15;19;;;;;;;;;16.0;0.0
-1;3000;VEV_5500;6;24;;;;;8;23;;;;;7.0;0.0
-1;3000;VEV_6000;0;19;;;;;1;19;;;;;0.5;0.0
-1;3000;VEV_6500;0;14;;;;;1;14;;;;;0.5;0.0
-1;3100;ASH_COATED_OSMIUM;9994;10;9992;27;;;10010;10;10013;27;;;10002.0;0.0
-1;3100;HYDROGEL_PACK;9971;12;9969;24;;;9987;12;9990;24;;;9979.0;0.0
-1;3100;INTARIAN_PEPPER_ROOT;13096;8;13093;23;;;13110;8;13113;23;;;13103.0;0.0
-1;3100;VELVETFRUIT_EXTRACT;5262;59;;;;;5268;63;;;;;5265.0;0.0
-1;3100;VEV_4000;1251;9;1248;30;;;1272;9;1275;30;;;1261.5;0.0
-1;3100;VEV_4500;756;23;;;;;774;7;776;23;;;765.0;0.0
-1;3100;VEV_5000;252;27;251;15;;;258;8;259;17;;;255.0;0.0
-1;3100;VEV_5100;170;35;;;;;174;29;175;23;;;172.0;0.0
-1;3100;VEV_5200;102;11;101;22;;;104;9;105;29;;;103.0;0.0
-1;3100;VEV_5300;50;7;49;21;;;52;28;;;;;51.0;0.0
-1;3100;VEV_5400;;;;;;;16;25;17;20;;;16.0;0.0
-1;3100;VEV_5500;6;15;;;;;8;28;;;;;7.0;0.0
-1;3100;VEV_6000;0;20;;;;;1;20;;;;;0.5;0.0
-1;3100;VEV_6500;0;18;;;;;1;18;;;;;0.5;0.0
-1;3200;ASH_COATED_OSMIUM;9994;11;;;;;10010;11;10012;20;;;10002.0;0.0
-1;3200;HYDROGEL_PACK;9970;15;9968;27;;;9986;15;9989;27;;;9978.0;0.0
-1;3200;INTARIAN_PEPPER_ROOT;13096;8;13093;22;;;13114;22;;;;;13105.0;0.0
-1;3200;VELVETFRUIT_EXTRACT;5261;60;;;;;5267;32;;;;;5264.0;0.0
-1;3200;VEV_4000;1250;15;1248;20;;;1271;15;1274;20;;;1260.5;0.0
-1;3200;VEV_4500;758;12;757;8;756;20;774;12;776;20;;;766.0;0.0
-1;3200;VEV_5000;253;11;252;19;;;259;10;260;14;;;256.0;0.0
-1;3200;VEV_5100;170;17;;;;;175;12;176;15;;;172.5;0.0
-1;3200;VEV_5200;;;;;;;;;;;;;0.0;0.0
-1;3200;VEV_5300;50;26;;;;;52;6;;;;;51.0;0.0
-1;3200;VEV_5400;15;18;;;;;;;;;;;15.0;0.0
-1;3200;VEV_5500;6;23;;;;;8;23;;;;;7.0;0.0
-1;3200;VEV_6000;0;26;;;;;1;26;;;;;0.5;0.0
-1;3200;VEV_6500;0;13;;;;;1;13;;;;;0.5;0.0
-1;3300;ASH_COATED_OSMIUM;9994;12;9991;25;;;10010;12;10012;25;;;10002.0;0.0
-1;3300;HYDROGEL_PACK;9971;13;9969;21;;;9987;13;9990;21;;;9979.0;0.0
-1;3300;INTARIAN_PEPPER_ROOT;13096;9;13093;19;;;13110;9;13114;19;;;13103.0;0.0
-1;3300;VELVETFRUIT_EXTRACT;5263;55;;;;;5269;15;;;;;5266.0;0.0
-1;3300;VEV_4000;1249;14;1246;25;;;1270;14;1272;25;;;1259.5;0.0
-1;3300;VEV_4500;757;12;755;12;;;773;12;;;;;765.0;0.0
-1;3300;VEV_5000;253;12;;;;;260;17;;;;;256.5;0.0
-1;3300;VEV_5100;171;26;;;;;175;18;176;19;;;173.0;0.0
-1;3300;VEV_5200;103;19;102;30;;;106;16;;;;;104.5;0.0
-1;3300;VEV_5300;50;9;;;;;;;;;;;50.0;0.0
-1;3300;VEV_5400;15;24;15;28;;;16;27;17;18;;;15.5;0.0
-1;3300;VEV_5500;6;24;;;;;7;26;;;;;6.5;0.0
-1;3300;VEV_6000;0;27;;;;;1;27;;;;;0.5;0.0
-1;3300;VEV_6500;0;17;;;;;1;17;;;;;0.5;0.0
-1;3400;ASH_COATED_OSMIUM;9994;12;9991;22;;;10012;22;;;;;10003.0;0.0
-1;3400;HYDROGEL_PACK;9969;14;9967;22;;;9985;14;9988;22;;;9977.0;0.0
-1;3400;INTARIAN_PEPPER_ROOT;13096;12;13093;17;;;13110;12;13114;17;;;13103.0;0.0
-1;3400;VELVETFRUIT_EXTRACT;5264;32;;;;;5269;18;5270;50;;;5266.5;0.0
-1;3400;VEV_4000;1248;7;1245;30;;;1269;7;1272;30;;;1258.5;0.0
-1;3400;VEV_4500;757;11;755;15;;;773;11;775;15;;;765.0;0.0
-1;3400;VEV_5000;254;12;253;26;;;261;19;;;;;257.5;0.0
-1;3400;VEV_5100;171;10;;;;;176;28;;;;;173.5;0.0
-1;3400;VEV_5200;;;;;;;105;10;;;;;105.0;0.0
-1;3400;VEV_5300;50;19;49;20;;;52;5;;;;;51.0;0.0
-1;3400;VEV_5400;15;23;;;;;17;26;;;;;16.0;0.0
-1;3400;VEV_5500;6;26;;;;;7;20;;;;;6.5;0.0
-1;3400;VEV_6000;0;20;;;;;1;20;;;;;0.5;0.0
-1;3400;VEV_6500;0;20;;;;;1;20;;;;;0.5;0.0
-1;3500;ASH_COATED_OSMIUM;9994;11;9992;30;;;10010;11;10013;30;;;10002.0;0.0
-1;3500;HYDROGEL_PACK;9971;14;9968;25;;;9987;14;9989;25;;;9979.0;0.0
-1;3500;INTARIAN_PEPPER_ROOT;13096;10;;;;;13111;10;13114;20;;;13103.5;0.0
-1;3500;VELVETFRUIT_EXTRACT;5264;45;;;;;5270;50;;;;;5267.0;0.0
-1;3500;VEV_4000;1248;13;1246;21;;;1269;13;1272;21;;;1258.5;0.0
-1;3500;VEV_4500;759;8;757;16;;;777;16;;;;;768.0;0.0
-1;3500;VEV_5000;255;23;254;21;;;261;8;262;21;;;258.0;0.0
-1;3500;VEV_5100;170;17;;;;;175;9;176;21;;;172.5;0.0
-1;3500;VEV_5200;103;26;102;22;;;106;26;;;;;104.5;0.0
-1;3500;VEV_5300;49;20;;;;;51;23;;;;;50.0;0.0
-1;3500;VEV_5400;15;27;;;;;17;17;;;;;16.0;0.0
-1;3500;VEV_5500;6;24;;;;;7;19;;;;;6.5;0.0
-1;3500;VEV_6000;0;25;;;;;1;25;;;;;0.5;0.0
-1;3500;VEV_6500;0;14;;;;;1;14;;;;;0.5;0.0
-1;3600;ASH_COATED_OSMIUM;9993;10;9991;28;;;10009;10;10012;28;;;10001.0;0.0
-1;3600;HYDROGEL_PACK;9971;12;9968;23;;;9987;12;9989;23;;;9979.0;0.0
-1;3600;INTARIAN_PEPPER_ROOT;13093;17;;;;;13111;8;13114;17;;;13102.0;0.0
-1;3600;VELVETFRUIT_EXTRACT;5265;22;5264;58;;;5269;22;5270;63;;;5267.0;0.0
-1;3600;VEV_4000;1249;7;1246;16;;;1270;7;1272;16;;;1259.5;0.0
-1;3600;VEV_4500;758;11;756;12;;;776;12;;;;;767.0;0.0
-1;3600;VEV_5000;256;7;255;24;;;262;6;;;;;259.0;0.0
-1;3600;VEV_5100;172;12;171;13;;;176;23;;;;;174.0;0.0
-1;3600;VEV_5200;104;11;103;23;;;106;12;107;13;;;105.0;0.0
-1;3600;VEV_5300;49;24;48;17;;;51;23;52;14;;;50.0;0.0
-1;3600;VEV_5400;;;;;;;;;;;;;0.0;0.0
-1;3600;VEV_5500;6;21;;;;;8;19;;;;;7.0;0.0
-1;3600;VEV_6000;0;19;;;;;1;19;;;;;0.5;0.0
-1;3600;VEV_6500;0;10;;;;;1;10;;;;;0.5;0.0
-1;3700;ASH_COATED_OSMIUM;9993;14;9991;21;;;10009;14;10012;21;;;10001.0;0.0
-1;3700;HYDROGEL_PACK;9972;13;9970;24;;;9988;13;9991;24;;;9980.0;0.0
-1;3700;INTARIAN_PEPPER_ROOT;13097;11;13093;22;;;13114;22;;;;;13105.5;0.0
-1;3700;VELVETFRUIT_EXTRACT;5265;70;;;;;5271;54;;;;;5268.0;0.0
-1;3700;VEV_4000;1248;12;1245;30;;;1269;12;1271;30;;;1258.5;0.0
-1;3700;VEV_4500;758;7;756;14;;;776;14;;;;;767.0;0.0
-1;3700;VEV_5000;256;11;255;15;;;262;30;;;;;259.0;0.0
-1;3700;VEV_5100;171;25;;;;;175;27;176;23;;;173.0;0.0
-1;3700;VEV_5200;105;27;104;21;;;108;12;;;;;106.5;0.0
-1;3700;VEV_5300;49;19;;;;;51;19;52;10;;;50.0;0.0
-1;3700;VEV_5400;15;21;15;29;;;17;20;;;;;16.0;0.0
-1;3700;VEV_5500;6;25;;;;;8;26;;;;;7.0;0.0
-1;3700;VEV_6000;0;24;;;;;1;24;;;;;0.5;0.0
-1;3700;VEV_6500;0;13;;;;;1;13;;;;;0.5;0.0
-1;3800;ASH_COATED_OSMIUM;9993;10;9990;27;;;10009;10;10011;27;;;10001.0;0.0
-1;3800;HYDROGEL_PACK;9974;10;9972;27;;;9990;10;9993;27;;;9982.0;0.0
-1;3800;INTARIAN_PEPPER_ROOT;;;;;;;13114;23;;;;;13114.0;0.0
-1;3800;VELVETFRUIT_EXTRACT;5267;37;;;;;5272;25;5273;44;;;5269.5;0.0
-1;3800;VEV_4000;1247;10;1245;18;;;1269;10;1271;18;;;1258.0;0.0
-1;3800;VEV_4500;757;8;755;15;;;773;8;774;18;775;15;765.0;0.0
-1;3800;VEV_5000;258;10;;;;;264;8;265;24;;;261.0;0.0
-1;3800;VEV_5100;172;22;;;;;177;17;;;;;174.5;0.0
-1;3800;VEV_5200;104;13;;;;;108;28;;;;;106.0;0.0
-1;3800;VEV_5300;50;20;;;;;52;5;;;;;51.0;0.0
-1;3800;VEV_5400;15;19;;;;;16;18;17;22;;;15.5;0.0
-1;3800;VEV_5500;6;28;;;;;8;27;;;;;7.0;0.0
-1;3800;VEV_6000;0;23;;;;;1;23;;;;;0.5;0.0
-1;3800;VEV_6500;0;14;;;;;1;14;;;;;0.5;0.0
-1;3900;ASH_COATED_OSMIUM;9991;28;;;;;10009;13;10012;28;;;10000.0;0.0
-1;3900;HYDROGEL_PACK;9974;13;9972;28;;;9990;13;9993;28;;;9982.0;0.0
-1;3900;INTARIAN_PEPPER_ROOT;13097;8;;;;;13111;8;13114;18;;;13104.0;0.0
-1;3900;VELVETFRUIT_EXTRACT;5265;40;;;;;5271;58;;;;;5268.0;0.0
-1;3900;VEV_4000;1249;13;1246;22;;;1270;13;1272;22;;;1259.5;0.0
-1;3900;VEV_4500;757;7;755;16;;;773;7;775;16;;;765.0;0.0
-1;3900;VEV_5000;258;10;257;27;;;264;8;;;;;261.0;0.0
-1;3900;VEV_5100;171;10;170;24;;;175;7;176;14;;;173.0;0.0
-1;3900;VEV_5200;103;13;;;;;106;11;107;22;;;104.5;0.0
-1;3900;VEV_5300;50;23;;;;;;;;;;;50.0;0.0
-1;3900;VEV_5400;14;19;;;;;15;26;;;;;14.5;0.0
-1;3900;VEV_5500;6;19;;;;;8;19;;;;;7.0;0.0
-1;3900;VEV_6000;0;18;;;;;1;18;;;;;0.5;0.0
-1;3900;VEV_6500;0;20;;;;;1;20;;;;;0.5;0.0
-1;4000;ASH_COATED_OSMIUM;9993;11;9990;22;;;10009;11;10011;22;;;10001.0;0.0
-1;4000;HYDROGEL_PACK;9975;10;9972;26;;;9991;10;9993;26;;;9983.0;0.0
-1;4000;INTARIAN_PEPPER_ROOT;13094;24;;;;;13114;24;;;;;13104.0;0.0
-1;4000;VELVETFRUIT_EXTRACT;5264;39;;;;;5270;66;;;;;5267.0;0.0
-1;4000;VEV_4000;1248;11;1246;27;;;1270;11;1272;27;;;1259.0;0.0
-1;4000;VEV_4500;755;12;753;20;;;771;12;773;20;;;763.0;0.0
-1;4000;VEV_5000;258;12;257;19;;;264;7;265;18;;;261.0;0.0
-1;4000;VEV_5100;171;32;170;13;;;175;7;;;;;173.0;0.0
-1;4000;VEV_5200;104;32;103;26;;;106;7;107;16;;;105.0;0.0
-1;4000;VEV_5300;51;5;50;14;;;53;21;;;;;52.0;0.0
-1;4000;VEV_5400;15;21;;;;;17;18;;;;;16.0;0.0
-1;4000;VEV_5500;6;19;;;;;7;27;;;;;6.5;0.0
-1;4000;VEV_6000;0;24;;;;;1;24;;;;;0.5;0.0
-1;4000;VEV_6500;0;15;;;;;1;15;;;;;0.5;0.0
-1;4100;ASH_COATED_OSMIUM;9993;10;9991;24;;;10009;10;10012;24;;;10001.0;0.0
-1;4100;HYDROGEL_PACK;9973;10;9971;30;;;9989;10;9992;30;;;9981.0;0.0
-1;4100;INTARIAN_PEPPER_ROOT;13097;9;13094;16;;;13111;9;13114;16;;;13104.0;0.0
-1;4100;VELVETFRUIT_EXTRACT;5266;17;5265;56;;;5271;34;;;;;5268.5;0.0
-1;4100;VEV_4000;1249;10;1246;24;;;1270;10;1272;24;;;1259.5;0.0
-1;4100;VEV_4500;755;8;754;7;753;23;771;8;773;23;;;763.0;0.0
-1;4100;VEV_5000;258;7;257;23;;;264;28;265;20;;;261.0;0.0
-1;4100;VEV_5100;170;17;;;;;;;;;;;170.0;0.0
-1;4100;VEV_5200;104;20;;;;;107;24;108;12;;;105.5;0.0
-1;4100;VEV_5300;51;22;;;;;53;20;;;;;52.0;0.0
-1;4100;VEV_5400;15;20;;;;;16;19;;;;;15.5;0.0
-1;4100;VEV_5500;6;28;;;;;8;23;;;;;7.0;0.0
-1;4100;VEV_6000;0;25;;;;;1;25;;;;;0.5;0.0
-1;4100;VEV_6500;0;16;;;;;1;16;;;;;0.5;0.0
-1;4200;ASH_COATED_OSMIUM;9993;12;9990;26;;;10009;12;10011;26;;;10001.0;0.0
-1;4200;HYDROGEL_PACK;9975;13;9972;29;;;9991;13;9993;29;;;9983.0;0.0
-1;4200;INTARIAN_PEPPER_ROOT;13097;10;;;;;13111;10;13115;18;;;13104.0;0.0
-1;4200;VELVETFRUIT_EXTRACT;5267;17;5266;56;;;5271;17;5272;36;;;5269.0;0.0
-1;4200;VEV_4000;1249;13;1246;28;;;1270;13;1272;28;;;1259.5;0.0
-1;4200;VEV_4500;752;12;;;;;770;12;772;12;;;761.0;0.0
-1;4200;VEV_5000;258;6;257;12;;;264;7;265;27;;;261.0;0.0
-1;4200;VEV_5100;171;15;;;;;;;;;;;171.0;0.0
-1;4200;VEV_5200;105;22;104;22;;;108;22;;;;;106.5;0.0
-1;4200;VEV_5300;51;19;;;;;53;26;;;;;52.0;0.0
-1;4200;VEV_5400;15;21;15;27;;;16;10;17;21;;;15.5;0.0
-1;4200;VEV_5500;6;26;;;;;7;25;;;;;6.5;0.0
-1;4200;VEV_6000;0;21;;;;;1;21;;;;;0.5;0.0
-1;4200;VEV_6500;0;16;;;;;1;16;;;;;0.5;0.0
-1;4300;ASH_COATED_OSMIUM;9991;25;;;;;10009;12;10012;25;;;10000.0;0.0
-1;4300;HYDROGEL_PACK;9975;15;9972;23;;;9991;15;9993;23;;;9983.0;0.0
-1;4300;INTARIAN_PEPPER_ROOT;13097;11;13094;25;;;13111;11;13115;25;;;13104.0;0.0
-1;4300;VELVETFRUIT_EXTRACT;5266;50;5266;16;;;5272;47;5272;30;;;5269.0;0.0
-1;4300;VEV_4000;1248;15;1245;26;;;1269;15;1272;26;;;1258.5;0.0
-1;4300;VEV_4500;755;9;753;23;;;771;9;773;23;;;763.0;0.0
-1;4300;VEV_5000;259;9;258;20;;;265;6;;;;;262.0;0.0
-1;4300;VEV_5100;172;35;171;21;;;176;25;177;12;;;174.0;0.0
-1;4300;VEV_5200;105;13;;;;;108;33;109;29;;;106.5;0.0
-1;4300;VEV_5300;52;21;51;18;;;54;23;;;;;53.0;0.0
-1;4300;VEV_5400;15;22;;;;;17;21;;;;;16.0;0.0
-1;4300;VEV_5500;6;28;;;;;7;19;;;;;6.5;0.0
-1;4300;VEV_6000;0;22;;;;;1;22;;;;;0.5;0.0
-1;4300;VEV_6500;0;13;;;;;1;13;;;;;0.5;0.0
-1;4400;ASH_COATED_OSMIUM;9993;14;9991;23;;;10009;14;10012;23;;;10001.0;0.0
-1;4400;HYDROGEL_PACK;9976;11;9974;26;;;9992;11;9995;26;;;9984.0;0.0
-1;4400;INTARIAN_PEPPER_ROOT;13094;18;;;;;13111;12;13115;18;;;13102.5;0.0
-1;4400;VELVETFRUIT_EXTRACT;5267;37;;;;;5273;15;;;;;5270.0;0.0
-1;4400;VEV_4000;1249;14;1246;17;;;1270;14;1272;17;;;1259.5;0.0
-1;4400;VEV_4500;753;21;;;;;773;21;;;;;763.0;0.0
-1;4400;VEV_5000;258;6;257;22;;;264;36;;;;;261.0;0.0
-1;4400;VEV_5100;;;;;;;175;32;;;;;175.0;0.0
-1;4400;VEV_5200;106;8;105;13;;;108;12;109;28;;;107.0;0.0
-1;4400;VEV_5300;52;22;;;;;;;;;;;52.0;0.0
-1;4400;VEV_5400;16;27;;;;;18;18;;;;;17.0;0.0
-1;4400;VEV_5500;6;18;;;;;7;23;;;;;6.5;0.0
-1;4400;VEV_6000;0;18;;;;;1;18;;;;;0.5;0.0
-1;4400;VEV_6500;0;20;;;;;1;20;;;;;0.5;0.0
-1;4500;ASH_COATED_OSMIUM;9993;14;9991;21;;;10009;14;;;;;10001.0;0.0
-1;4500;HYDROGEL_PACK;9976;15;9974;23;;;9992;15;9995;23;;;9984.0;0.0
-1;4500;INTARIAN_PEPPER_ROOT;;;;;;;13112;11;13115;16;;;13112.0;0.0
-1;4500;VELVETFRUIT_EXTRACT;5268;47;5268;22;;;5274;35;;;;;5271.0;0.0
-1;4500;VEV_4000;1248;11;1245;29;;;1269;11;1271;29;;;1258.5;0.0
-1;4500;VEV_4500;755;6;753;13;;;772;10;773;13;;;763.5;0.0
-1;4500;VEV_5000;258;23;257;22;;;264;6;265;22;;;261.0;0.0
-1;4500;VEV_5100;170;11;;;;;175;17;;;;;172.5;0.0
-1;4500;VEV_5200;107;27;106;21;;;;;;;;;107.0;0.0
-1;4500;VEV_5300;52;18;;;;;54;21;;;;;53.0;0.0
-1;4500;VEV_5400;16;19;;;;;17;28;18;27;;;16.5;0.0
-1;4500;VEV_5500;6;23;;;;;7;25;;;;;6.5;0.0
-1;4500;VEV_6000;0;25;;;;;1;25;;;;;0.5;0.0
-1;4500;VEV_6500;0;18;;;;;1;18;;;;;0.5;0.0
-1;4600;ASH_COATED_OSMIUM;9994;11;9991;21;;;10010;11;10012;21;;;10002.0;0.0
-1;4600;HYDROGEL_PACK;9978;15;9976;21;;;9994;15;9997;21;;;9986.0;0.0
-1;4600;INTARIAN_PEPPER_ROOT;13098;8;;;;;13112;8;13115;19;;;13105.0;0.0
-1;4600;VELVETFRUIT_EXTRACT;5268;70;;;;;5274;32;;;;;5271.0;0.0
-1;4600;VEV_4000;1248;8;1246;26;;;1269;8;1272;26;;;1258.5;0.0
-1;4600;VEV_4500;757;7;756;9;755;14;773;7;775;14;;;765.0;0.0
-1;4600;VEV_5000;258;21;257;14;;;264;8;265;19;;;261.0;0.0
-1;4600;VEV_5100;169;10;168;15;;;;;;;;;169.0;0.0
-1;4600;VEV_5200;106;22;;;;;109;6;110;23;;;107.5;0.0
-1;4600;VEV_5300;52;26;;;;;54;26;55;23;;;53.0;0.0
-1;4600;VEV_5400;16;20;;;;;18;24;;;;;17.0;0.0
-1;4600;VEV_5500;6;18;;;;;7;19;;;;;6.5;0.0
-1;4600;VEV_6000;0;28;;;;;1;28;;;;;0.5;0.0
-1;4600;VEV_6500;0;10;;;;;1;10;;;;;0.5;0.0
-1;4700;ASH_COATED_OSMIUM;9994;11;;;;;10010;11;10012;26;;;10002.0;0.0
-1;4700;HYDROGEL_PACK;9977;10;9975;28;;;9993;10;9996;28;;;9985.0;0.0
-1;4700;INTARIAN_PEPPER_ROOT;13094;22;;;;;13112;12;;;;;13103.0;0.0
-1;4700;VELVETFRUIT_EXTRACT;5267;35;;;;;5273;30;;;;;5270.0;0.0
-1;4700;VEV_4000;1249;7;1246;28;;;1270;7;1272;28;;;1259.5;0.0
-1;4700;VEV_4500;755;6;;;;;771;6;773;20;;;763.0;0.0
-1;4700;VEV_5000;257;12;256;16;;;263;11;264;24;;;260.0;0.0
-1;4700;VEV_5100;169;35;168;14;;;173;6;;;;;171.0;0.0
-1;4700;VEV_5200;108;9;107;19;;;111;34;;;;;109.5;0.0
-1;4700;VEV_5300;52;22;;;;;54;24;55;27;;;53.0;0.0
-1;4700;VEV_5400;15;26;;;;;16;6;17;28;;;15.5;0.0
-1;4700;VEV_5500;6;27;;;;;7;15;;;;;6.5;0.0
-1;4700;VEV_6000;0;28;;;;;1;28;;;;;0.5;0.0
-1;4700;VEV_6500;0;13;;;;;1;13;;;;;0.5;0.0
-1;4800;ASH_COATED_OSMIUM;9991;23;;;;;10010;14;10012;23;;;10000.5;0.0
-1;4800;HYDROGEL_PACK;9976;10;9973;30;;;9992;10;9994;30;;;9984.0;0.0
-1;4800;INTARIAN_PEPPER_ROOT;13094;23;;;;;13112;8;13115;23;;;13103.0;0.0
-1;4800;VELVETFRUIT_EXTRACT;5266;51;;;;;5271;19;5272;47;;;5268.5;0.0
-1;4800;VEV_4000;1249;11;1247;23;;;1271;11;1273;23;;;1260.0;0.0
-1;4800;VEV_4500;756;10;754;24;;;772;10;773;11;774;24;764.0;0.0
-1;4800;VEV_5000;258;10;257;24;;;264;12;265;13;;;261.0;0.0
-1;4800;VEV_5100;168;6;;;;;172;12;173;18;;;170.0;0.0
-1;4800;VEV_5200;107;12;106;18;;;109;2;110;13;;;108.0;0.0
-1;4800;VEV_5300;52;26;;;;;54;8;;;;;53.0;0.0
-1;4800;VEV_5400;15;27;;;;;17;25;;;;;16.0;0.0
-1;4800;VEV_5500;6;27;;;;;7;23;;;;;6.5;0.0
-1;4800;VEV_6000;0;24;;;;;1;24;;;;;0.5;0.0
-1;4800;VEV_6500;0;17;;;;;1;17;;;;;0.5;0.0
-1;4900;ASH_COATED_OSMIUM;9993;13;9991;26;;;10009;13;10012;26;;;10001.0;0.0
-1;4900;HYDROGEL_PACK;9975;11;9973;27;;;9991;11;9994;27;;;9983.0;0.0
-1;4900;INTARIAN_PEPPER_ROOT;;;;;;;13112;9;13115;18;;;13112.0;0.0
-1;4900;VELVETFRUIT_EXTRACT;5266;22;5265;40;;;5270;22;5271;55;;;5268.0;0.0
-1;4900;VEV_4000;1249;15;1247;22;;;1270;15;1273;22;;;1259.5;0.0
-1;4900;VEV_4500;756;12;754;16;;;772;12;773;6;774;16;764.0;0.0
-1;4900;VEV_5000;258;12;257;13;;;264;8;;;;;261.0;0.0
-1;4900;VEV_5100;168;20;167;31;;;172;24;173;12;;;170.0;0.0
-1;4900;VEV_5200;;;;;;;111;30;;;;;111.0;0.0
-1;4900;VEV_5300;52;30;;;;;54;23;;;;;53.0;0.0
-1;4900;VEV_5400;;;;;;;17;25;;;;;17.0;0.0
-1;4900;VEV_5500;6;25;;;;;7;16;;;;;6.5;0.0
-1;4900;VEV_6000;0;27;;;;;1;27;;;;;0.5;0.0
-1;4900;VEV_6500;0;12;;;;;1;12;;;;;0.5;0.0
-1;5000;ASH_COATED_OSMIUM;9992;25;;;;;10010;10;10013;25;;;10001.0;0.0
-1;5000;HYDROGEL_PACK;9976;12;9974;21;;;9992;12;9995;21;;;9984.0;0.0
-1;5000;INTARIAN_PEPPER_ROOT;13098;8;;;;;13112;8;13115;21;;;13105.0;0.0
-1;5000;VELVETFRUIT_EXTRACT;5265;23;5264;54;;;5270;35;5271;45;;;5267.5;0.0
-1;5000;VEV_4000;1249;8;1246;21;;;1270;8;1272;21;;;1259.5;0.0
-1;5000;VEV_4500;756;9;755;8;754;21;772;9;774;21;;;764.0;0.0
-1;5000;VEV_5000;256;17;;;;;263;11;264;15;;;259.5;0.0
-1;5000;VEV_5100;;;;;;;172;9;173;19;;;172.0;0.0
-1;5000;VEV_5200;108;8;107;18;;;110;6;111;18;;;109.0;0.0
-1;5000;VEV_5300;53;24;;;;;55;24;;;;;54.0;0.0
-1;5000;VEV_5400;15;21;;;;;17;30;;;;;16.0;0.0
-1;5000;VEV_5500;6;22;;;;;7;19;;;;;6.5;0.0
-1;5000;VEV_6000;0;26;;;;;1;26;;;;;0.5;0.0
-1;5000;VEV_6500;0;16;;;;;1;16;;;;;0.5;0.0
-1;5100;ASH_COATED_OSMIUM;9994;13;;;;;10010;13;10012;24;;;10002.0;0.0
-1;5100;HYDROGEL_PACK;9977;13;9975;20;;;9993;13;9996;20;;;9985.0;0.0
-1;5100;INTARIAN_PEPPER_ROOT;13098;8;13095;17;;;13112;8;13115;17;;;13105.0;0.0
-1;5100;VELVETFRUIT_EXTRACT;5265;17;5264;32;5264;44;5270;22;;;;;5267.5;0.0
-1;5100;VEV_4000;1248;10;1246;29;;;1270;10;1272;29;;;1259.0;0.0
-1;5100;VEV_4500;758;10;756;17;;;775;8;776;17;;;766.5;0.0
-1;5100;VEV_5000;257;8;256;16;;;264;24;;;;;260.5;0.0
-1;5100;VEV_5100;167;8;166;33;;;172;29;;;;;169.5;0.0
-1;5100;VEV_5200;108;12;;;;;;;;;;;108.0;0.0
-1;5100;VEV_5300;52;26;;;;;54;8;55;19;;;53.0;0.0
-1;5100;VEV_5400;16;28;15;24;;;17;21;;;;;16.5;0.0
-1;5100;VEV_5500;6;28;;;;;7;18;;;;;6.5;0.0
-1;5100;VEV_6000;0;21;;;;;1;21;;;;;0.5;0.0
-1;5100;VEV_6500;0;16;;;;;1;16;;;;;0.5;0.0
-1;5200;ASH_COATED_OSMIUM;9994;10;9992;29;;;10010;10;10013;29;;;10002.0;0.0
-1;5200;HYDROGEL_PACK;9977;15;9975;25;;;9993;15;9996;25;;;9985.0;0.0
-1;5200;INTARIAN_PEPPER_ROOT;13098;10;13095;18;;;13112;10;13116;18;;;13105.0;0.0
-1;5200;VELVETFRUIT_EXTRACT;5264;60;;;;;5270;35;;;;;5267.0;0.0
-1;5200;VEV_4000;1248;14;1245;24;;;1269;14;1272;24;;;1258.5;0.0
-1;5200;VEV_4500;758;14;;;;;776;7;778;14;;;767.0;0.0
-1;5200;VEV_5000;259;36;258;27;;;265;7;266;13;;;262.0;0.0
-1;5200;VEV_5100;166;25;;;;;171;28;;;;;168.5;0.0
-1;5200;VEV_5200;108;30;;;;;;;;;;;108.0;0.0
-1;5200;VEV_5300;53;26;;;;;55;28;;;;;54.0;0.0
-1;5200;VEV_5400;;;;;;;17;22;;;;;17.0;0.0
-1;5200;VEV_5500;6;20;;;;;7;16;;;;;6.5;0.0
-1;5200;VEV_6000;0;27;;;;;1;27;;;;;0.5;0.0
-1;5200;VEV_6500;0;20;;;;;1;20;;;;;0.5;0.0
-1;5300;ASH_COATED_OSMIUM;9992;26;;;;;10004;1;10010;13;10013;26;9998.0;0.0
-1;5300;HYDROGEL_PACK;9979;14;9976;24;;;9995;14;9997;24;;;9987.0;0.0
-1;5300;INTARIAN_PEPPER_ROOT;13095;21;;;;;13116;21;;;;;13105.5;0.0
-1;5300;VELVETFRUIT_EXTRACT;5265;48;;;;;5271;74;;;;;5268.0;0.0
-1;5300;VEV_4000;1247;7;1244;29;;;1268;7;1271;29;;;1257.5;0.0
-1;5300;VEV_4500;762;6;760;17;;;778;6;779;10;780;17;770.0;0.0
-1;5300;VEV_5000;261;7;260;13;;;268;15;;;;;264.5;0.0
-1;5300;VEV_5100;168;8;167;13;;;172;10;;;;;170.0;0.0
-1;5300;VEV_5200;108;30;107;17;;;110;6;111;21;;;109.0;0.0
-1;5300;VEV_5300;53;29;;;;;55;18;55;22;;;54.0;0.0
-1;5300;VEV_5400;16;16;15;20;;;16;22;17;25;;;16.0;0.0
-1;5300;VEV_5500;6;28;;;;;7;22;;;;;6.5;0.0
-1;5300;VEV_6000;0;24;;;;;1;24;;;;;0.5;0.0
-1;5300;VEV_6500;0;13;;;;;1;13;;;;;0.5;0.0
-1;5400;ASH_COATED_OSMIUM;9995;10;9992;22;;;10011;10;;;;;10003.0;0.0
-1;5400;HYDROGEL_PACK;9983;11;9980;20;;;9999;11;10001;20;;;9991.0;0.0
-1;5400;INTARIAN_PEPPER_ROOT;13095;21;;;;;13112;8;13116;21;;;13103.5;0.0
-1;5400;VELVETFRUIT_EXTRACT;5266;20;5265;20;;;5271;56;;;;;5268.5;0.0
-1;5400;VEV_4000;1245;13;1243;28;;;1266;13;1269;28;;;1255.5;0.0
-1;5400;VEV_4500;760;14;;;;;778;12;779;7;780;14;769.0;0.0
-1;5400;VEV_5000;261;11;260;24;;;268;22;;;;;264.5;0.0
-1;5400;VEV_5100;;;;;;;172;24;173;15;;;172.0;0.0
-1;5400;VEV_5200;107;25;;;;;;;;;;;107.0;0.0
-1;5400;VEV_5300;52;28;;;;;54;25;;;;;53.0;0.0
-1;5400;VEV_5400;15;24;;;;;16;26;17;24;;;15.5;0.0
-1;5400;VEV_5500;6;24;;;;;7;16;;;;;6.5;0.0
-1;5400;VEV_6000;0;24;;;;;1;24;;;;;0.5;0.0
-1;5400;VEV_6500;0;21;;;;;1;21;;;;;0.5;0.0
-1;5500;ASH_COATED_OSMIUM;9995;13;9992;30;;;10011;13;10013;30;;;10003.0;0.0
-1;5500;HYDROGEL_PACK;9982;12;9979;25;;;9998;12;10000;25;;;9990.0;0.0
-1;5500;INTARIAN_PEPPER_ROOT;13098;10;;;;;13113;10;13116;22;;;13105.5;0.0
-1;5500;VELVETFRUIT_EXTRACT;5263;55;;;;;5269;69;;;;;5266.0;0.0
-1;5500;VEV_4000;1245;7;1242;29;;;1266;7;1269;29;;;1255.5;0.0
-1;5500;VEV_4500;764;10;762;15;;;780;10;782;15;;;772.0;0.0
-1;5500;VEV_5000;261;8;260;12;;;267;12;268;13;;;264.0;0.0
-1;5500;VEV_5100;169;35;;;;;174;13;;;;;171.5;0.0
-1;5500;VEV_5200;108;10;107;20;;;110;6;111;22;;;109.0;0.0
-1;5500;VEV_5300;51;20;;;;;53;24;;;;;52.0;0.0
-1;5500;VEV_5400;15;17;;;;;16;21;17;19;;;15.5;0.0
-1;5500;VEV_5500;6;25;;;;;7;22;;;;;6.5;0.0
-1;5500;VEV_6000;0;20;;;;;1;20;;;;;0.5;0.0
-1;5500;VEV_6500;0;15;;;;;1;15;;;;;0.5;0.0
-1;5600;ASH_COATED_OSMIUM;9995;13;9992;26;;;10004;2;10011;13;;;9999.5;0.0
-1;5600;HYDROGEL_PACK;9982;12;9980;29;;;9998;12;10001;29;;;9990.0;0.0
-1;5600;INTARIAN_PEPPER_ROOT;13099;9;13095;17;;;13113;9;13116;17;;;13106.0;0.0
-1;5600;VELVETFRUIT_EXTRACT;5263;58;;;;;5269;53;;;;;5266.0;0.0
-1;5600;VEV_4000;1246;9;1243;15;;;1267;9;1269;15;;;1256.5;0.0
-1;5600;VEV_4500;762;8;760;12;;;778;8;781;12;;;770.0;0.0
-1;5600;VEV_5000;262;22;;;;;268;11;269;21;;;265.0;0.0
-1;5600;VEV_5100;168;10;;;;;173;18;;;;;170.5;0.0
-1;5600;VEV_5200;106;31;;;;;109;30;110;32;;;107.5;0.0
-1;5600;VEV_5300;52;23;51;22;;;54;10;54;21;;;53.0;0.0
-1;5600;VEV_5400;;;;;;;17;29;;;;;17.0;0.0
-1;5600;VEV_5500;6;30;;;;;7;27;;;;;6.5;0.0
-1;5600;VEV_6000;0;21;;;;;1;21;;;;;0.5;0.0
-1;5600;VEV_6500;0;17;;;;;1;17;;;;;0.5;0.0
-1;5700;ASH_COATED_OSMIUM;9994;12;9992;29;;;10010;12;10013;29;;;10002.0;0.0
-1;5700;HYDROGEL_PACK;9981;14;9979;25;;;9997;14;10000;25;;;9989.0;0.0
-1;5700;INTARIAN_PEPPER_ROOT;13099;12;13095;23;;;13113;12;13116;23;;;13106.0;0.0
-1;5700;VELVETFRUIT_EXTRACT;5264;33;;;;;5269;23;5270;30;;;5266.5;0.0
-1;5700;VEV_4000;1246;12;1243;19;;;1267;12;1269;19;;;1256.5;0.0
-1;5700;VEV_4500;762;9;761;10;760;24;778;9;780;24;;;770.0;0.0
-1;5700;VEV_5000;261;8;260;14;;;268;13;;;;;264.5;0.0
-1;5700;VEV_5100;168;35;;;;;172;9;173;17;;;170.0;0.0
-1;5700;VEV_5200;107;34;;;;;111;24;;;;;109.0;0.0
-1;5700;VEV_5300;51;26;50;15;;;53;7;;;;;52.0;0.0
-1;5700;VEV_5400;;;;;;;;;;;;;0.0;0.0
-1;5700;VEV_5500;6;20;;;;;7;23;;;;;6.5;0.0
-1;5700;VEV_6000;0;18;;;;;1;18;;;;;0.5;0.0
-1;5700;VEV_6500;0;14;;;;;1;14;;;;;0.5;0.0
-1;5800;ASH_COATED_OSMIUM;9995;12;9992;30;;;10011;12;10013;30;;;10003.0;0.0
-1;5800;HYDROGEL_PACK;9981;11;9979;27;;;10000;27;;;;;9990.5;0.0
-1;5800;INTARIAN_PEPPER_ROOT;13099;11;13095;15;;;13113;11;13116;15;;;13106.0;0.0
-1;5800;VELVETFRUIT_EXTRACT;5264;32;;;;;5269;16;5270;41;;;5266.5;0.0
-1;5800;VEV_4000;1246;13;1243;15;;;1267;13;1270;15;;;1256.5;0.0
-1;5800;VEV_4500;763;8;761;15;;;781;15;;;;;772.0;0.0
-1;5800;VEV_5000;261;8;260;18;;;267;11;268;19;;;264.0;0.0
-1;5800;VEV_5100;167;13;;;;;172;6;;;;;169.5;0.0
-1;5800;VEV_5200;;;;;;;108;26;109;19;;;108.0;0.0
-1;5800;VEV_5300;50;29;49;21;;;52;22;;;;;51.0;0.0
-1;5800;VEV_5400;15;20;;;;;17;17;;;;;16.0;0.0
-1;5800;VEV_5500;6;22;;;;;7;23;;;;;6.5;0.0
-1;5800;VEV_6000;0;26;;;;;1;26;;;;;0.5;0.0
-1;5800;VEV_6500;0;17;;;;;1;17;;;;;0.5;0.0
-1;5900;ASH_COATED_OSMIUM;9995;15;9992;24;;;10005;1;10011;15;10013;24;10000.0;0.0
-1;5900;HYDROGEL_PACK;9982;12;9979;24;;;9998;12;10000;24;;;9990.0;0.0
-1;5900;INTARIAN_PEPPER_ROOT;13099;11;13096;17;;;13113;11;13116;17;;;13106.0;0.0
-1;5900;VELVETFRUIT_EXTRACT;5264;40;5264;58;;;5269;20;5270;69;;;5266.5;0.0
-1;5900;VEV_4000;1247;14;1244;29;;;1268;14;1271;29;;;1257.5;0.0
-1;5900;VEV_4500;763;9;761;15;;;779;9;781;15;;;771.0;0.0
-1;5900;VEV_5000;260;34;259;23;;;266;9;267;19;;;263.0;0.0
-1;5900;VEV_5100;166;10;;;;;170;32;171;23;;;168.0;0.0
-1;5900;VEV_5200;105;23;;;;;108;33;109;29;;;106.5;0.0
-1;5900;VEV_5300;50;20;49;19;;;52;24;;;;;51.0;0.0
-1;5900;VEV_5400;15;19;;;;;17;26;;;;;16.0;0.0
-1;5900;VEV_5500;6;23;;;;;7;22;;;;;6.5;0.0
-1;5900;VEV_6000;0;30;;;;;1;30;;;;;0.5;0.0
-1;5900;VEV_6500;0;17;;;;;1;17;;;;;0.5;0.0
-1;6000;ASH_COATED_OSMIUM;9995;13;9992;30;;;10013;30;;;;;10004.0;0.0
-1;6000;HYDROGEL_PACK;9982;11;9979;25;;;9998;11;10000;25;;;9990.0;0.0
-1;6000;INTARIAN_PEPPER_ROOT;13099;10;13096;18;;;13116;18;;;;;13107.5;0.0
-1;6000;VELVETFRUIT_EXTRACT;5264;22;5263;49;;;5268;22;5269;58;;;5266.0;0.0
-1;6000;VEV_4000;1247;8;1244;20;;;1268;8;1270;20;;;1257.5;0.0
-1;6000;VEV_4500;763;8;762;6;761;19;779;8;781;19;;;771.0;0.0
-1;6000;VEV_5000;260;8;259;23;;;266;11;267;18;;;263.0;0.0
-1;6000;VEV_5100;165;24;;;;;170;29;;;;;167.5;0.0
-1;6000;VEV_5200;106;23;;;;;;;;;;;106.0;0.0
-1;6000;VEV_5300;51;23;;;;;53;15;;;;;52.0;0.0
-1;6000;VEV_5400;15;23;;;;;;;;;;;15.0;0.0
-1;6000;VEV_5500;6;21;;;;;7;22;;;;;6.5;0.0
-1;6000;VEV_6000;0;18;;;;;1;18;;;;;0.5;0.0
-1;6000;VEV_6500;0;16;;;;;1;16;;;;;0.5;0.0
-1;6100;ASH_COATED_OSMIUM;9995;10;9993;22;;;10011;10;10014;22;;;10003.0;0.0
-1;6100;HYDROGEL_PACK;9985;14;9983;21;;;10001;14;10004;21;;;9993.0;0.0
-1;6100;INTARIAN_PEPPER_ROOT;13096;25;;;;;13113;9;;;;;13104.5;0.0
-1;6100;VELVETFRUIT_EXTRACT;5265;17;5264;68;;;5269;17;5270;75;;;5267.0;0.0
-1;6100;VEV_4000;1247;11;1244;17;;;1268;11;1271;17;;;1257.5;0.0
-1;6100;VEV_4500;764;6;762;21;;;780;6;782;21;;;772.0;0.0
-1;6100;VEV_5000;262;11;;;;;268;6;269;20;;;265.0;0.0
-1;6100;VEV_5100;;;;;;;169;8;170;16;;;169.0;0.0
-1;6100;VEV_5200;106;18;;;;;;;;;;;106.0;0.0
-1;6100;VEV_5300;50;24;;;;;52;22;;;;;51.0;0.0
-1;6100;VEV_5400;16;23;15;24;;;16;22;;;;;16.0;0.0
-1;6100;VEV_5500;6;23;;;;;7;21;;;;;6.5;0.0
-1;6100;VEV_6000;0;24;;;;;1;24;;;;;0.5;0.0
-1;6100;VEV_6500;0;14;;;;;1;14;;;;;0.5;0.0
-1;6200;ASH_COATED_OSMIUM;9995;10;;;;;10011;10;10014;29;;;10003.0;0.0
-1;6200;HYDROGEL_PACK;9981;15;9979;21;;;9997;15;10000;21;;;9989.0;0.0
-1;6200;INTARIAN_PEPPER_ROOT;;;;;;;13102;3;13113;8;13117;21;13102.0;0.0
-1;6200;VELVETFRUIT_EXTRACT;5266;47;5266;17;5265;37;5271;17;5272;60;;;5268.5;0.0
-1;6200;VEV_4000;1248;9;1246;15;;;1269;9;1272;15;;;1258.5;0.0
-1;6200;VEV_4500;762;13;;;;;780;12;781;22;782;13;771.0;0.0
-1;6200;VEV_5000;261;6;;;;;267;9;;;;;264.0;0.0
-1;6200;VEV_5100;;;;;;;169;25;170;16;;;169.0;0.0
-1;6200;VEV_5200;107;28;106;20;;;110;27;;;;;108.5;0.0
-1;6200;VEV_5300;50;25;;;;;52;7;;;;;51.0;0.0
-1;6200;VEV_5400;16;15;;;;;18;13;;;;;17.0;0.0
-1;6200;VEV_5500;6;30;;;;;7;20;;;;;6.5;0.0
-1;6200;VEV_6000;0;24;;;;;1;24;;;;;0.5;0.0
-1;6200;VEV_6500;0;19;;;;;1;19;;;;;0.5;0.0
-1;6300;ASH_COATED_OSMIUM;9995;11;9992;25;;;10013;25;;;;;10004.0;0.0
-1;6300;HYDROGEL_PACK;9981;14;9978;30;;;9997;14;9999;30;;;9989.0;0.0
-1;6300;INTARIAN_PEPPER_ROOT;13096;20;;;;;13113;12;13117;20;;;13104.5;0.0
-1;6300;VELVETFRUIT_EXTRACT;5267;17;5266;52;;;5272;47;;;;;5269.5;0.0
-1;6300;VEV_4000;1248;15;1245;19;;;1269;15;1271;19;;;1258.5;0.0
-1;6300;VEV_4500;764;12;763;6;762;22;780;12;783;22;;;772.0;0.0
-1;6300;VEV_5000;259;24;;;;;;;;;;;259.0;0.0
-1;6300;VEV_5100;165;16;;;;;170;26;171;12;;;167.5;0.0
-1;6300;VEV_5200;106;12;105;21;;;;;;;;;106.0;0.0
-1;6300;VEV_5300;50;25;49;10;;;52;19;;;;;51.0;0.0
-1;6300;VEV_5400;;;;;;;16;29;;;;;16.0;0.0
-1;6300;VEV_5500;6;18;;;;;7;19;;;;;6.5;0.0
-1;6300;VEV_6000;0;28;;;;;1;28;;;;;0.5;0.0
-1;6300;VEV_6500;0;14;;;;;1;14;;;;;0.5;0.0
-1;6400;ASH_COATED_OSMIUM;9992;27;;;;;10011;15;10013;27;;;10001.5;0.0
-1;6400;HYDROGEL_PACK;9980;10;9978;28;;;9996;10;9999;28;;;9988.0;0.0
-1;6400;INTARIAN_PEPPER_ROOT;13099;9;13096;22;;;13113;9;13117;22;;;13106.0;0.0
-1;6400;VELVETFRUIT_EXTRACT;5267;44;;;;;5273;38;5273;42;;;5270.0;0.0
-1;6400;VEV_4000;1247;7;1245;30;;;1268;7;1271;30;;;1257.5;0.0
-1;6400;VEV_4500;765;8;763;17;;;781;8;782;9;783;17;773.0;0.0
-1;6400;VEV_5000;260;28;259;21;;;266;31;267;23;;;263.0;0.0
-1;6400;VEV_5100;165;12;;;;;169;31;170;23;;;167.0;0.0
-1;6400;VEV_5200;105;22;;;;;109;24;;;;;107.0;0.0
-1;6400;VEV_5300;50;5;;;;;52;9;;;;;51.0;0.0
-1;6400;VEV_5400;16;24;15;24;;;17;19;;;;;16.5;0.0
-1;6400;VEV_5500;6;21;;;;;7;28;;;;;6.5;0.0
-1;6400;VEV_6000;0;28;;;;;1;28;;;;;0.5;0.0
-1;6400;VEV_6500;0;13;;;;;1;13;;;;;0.5;0.0
-1;6500;ASH_COATED_OSMIUM;10000;4;9995;10;9993;20;10011;10;10014;20;;;10005.5;0.0
-1;6500;HYDROGEL_PACK;9981;11;9979;28;;;9997;11;10000;28;;;9989.0;0.0
-1;6500;INTARIAN_PEPPER_ROOT;13099;10;;;;;13114;10;13117;25;;;13106.5;0.0
-1;6500;VELVETFRUIT_EXTRACT;5267;15;5266;44;;;5272;55;;;;;5269.5;0.0
-1;6500;VEV_4000;1246;9;1243;25;;;1267;9;1269;25;;;1256.5;0.0
-1;6500;VEV_4500;765;12;763;24;;;781;12;784;24;;;773.0;0.0
-1;6500;VEV_5000;260;29;259;20;;;;;;;;;260.0;0.0
-1;6500;VEV_5100;164;21;163;13;;;168;21;;;;;166.0;0.0
-1;6500;VEV_5200;105;12;104;31;;;107;2;108;19;;;106.0;0.0
-1;6500;VEV_5300;51;6;;;;;53;23;54;20;;;52.0;0.0
-1;6500;VEV_5400;16;21;;;;;17;29;;;;;16.5;0.0
-1;6500;VEV_5500;6;21;;;;;7;26;;;;;6.5;0.0
-1;6500;VEV_6000;0;24;;;;;1;24;;;;;0.5;0.0
-1;6500;VEV_6500;0;12;;;;;1;12;;;;;0.5;0.0
-1;6600;ASH_COATED_OSMIUM;9992;23;;;;;10010;15;10013;23;;;10001.0;0.0
-1;6600;HYDROGEL_PACK;9981;10;9979;30;;;9997;10;10000;30;;;9989.0;0.0
-1;6600;INTARIAN_PEPPER_ROOT;13100;8;;;;;13117;18;;;;;13108.5;0.0
-1;6600;VELVETFRUIT_EXTRACT;5265;31;5265;25;;;5271;31;;;;;5268.0;0.0
-1;6600;VEV_4000;1246;9;1244;26;;;1267;9;1270;26;;;1256.5;0.0
-1;6600;VEV_4500;764;22;;;;;783;10;784;22;;;773.5;0.0
-1;6600;VEV_5000;259;10;;;;;265;7;266;13;;;262.0;0.0
-1;6600;VEV_5100;163;19;;;;;168;6;169;15;;;165.5;0.0
-1;6600;VEV_5200;104;7;103;34;;;106;6;;;;;105.0;0.0
-1;6600;VEV_5300;50;5;;;;;52;25;;;;;51.0;0.0
-1;6600;VEV_5400;15;19;;;;;;;;;;;15.0;0.0
-1;6600;VEV_5500;6;21;;;;;7;24;;;;;6.5;0.0
-1;6600;VEV_6000;0;23;;;;;1;23;;;;;0.5;0.0
-1;6600;VEV_6500;0;15;;;;;1;15;;;;;0.5;0.0
-1;6700;ASH_COATED_OSMIUM;9995;11;;;;;10011;11;10013;29;;;10003.0;0.0
-1;6700;HYDROGEL_PACK;9980;14;9977;28;;;9996;14;9998;28;;;9988.0;0.0
-1;6700;INTARIAN_PEPPER_ROOT;13100;12;;;;;13114;12;13117;15;;;13107.0;0.0
-1;6700;VELVETFRUIT_EXTRACT;5266;25;5265;45;;;5271;53;;;;;5268.5;0.0
-1;6700;VEV_4000;1245;8;1243;19;;;1266;8;1269;19;;;1255.5;0.0
-1;6700;VEV_4500;767;8;765;13;;;783;8;785;13;;;775.0;0.0
-1;6700;VEV_5000;260;8;259;24;;;266;33;267;15;;;263.0;0.0
-1;6700;VEV_5100;165;11;164;14;;;169;21;170;16;;;167.0;0.0
-1;6700;VEV_5200;104;31;103;33;;;106;12;;;;;105.0;0.0
-1;6700;VEV_5300;51;23;;;;;53;25;;;;;52.0;0.0
-1;6700;VEV_5400;16;24;;;;;17;19;;;;;16.5;0.0
-1;6700;VEV_5500;6;20;;;;;7;23;;;;;6.5;0.0
-1;6700;VEV_6000;0;24;;;;;1;24;;;;;0.5;0.0
-1;6700;VEV_6500;0;15;;;;;1;15;;;;;0.5;0.0
-1;6800;ASH_COATED_OSMIUM;9992;28;;;;;10011;14;10013;28;;;10001.5;0.0
-1;6800;HYDROGEL_PACK;9978;15;9976;20;;;9994;15;9997;20;;;9986.0;0.0
-1;6800;INTARIAN_PEPPER_ROOT;13100;8;13096;17;;;13114;8;;;;;13107.0;0.0
-1;6800;VELVETFRUIT_EXTRACT;5266;16;5265;39;;;5271;64;;;;;5268.5;0.0
-1;6800;VEV_4000;1247;12;1245;16;;;1268;12;1271;16;;;1257.5;0.0
-1;6800;VEV_4500;763;18;;;;;781;12;784;18;;;772.0;0.0
-1;6800;VEV_5000;260;7;259;19;;;266;12;;;;;263.0;0.0
-1;6800;VEV_5100;165;11;164;19;;;169;12;170;12;;;167.0;0.0
-1;6800;VEV_5200;;;;;;;107;23;;;;;107.0;0.0
-1;6800;VEV_5300;51;25;;;;;54;11;;;;;52.5;0.0
-1;6800;VEV_5400;16;21;;;;;18;17;;;;;17.0;0.0
-1;6800;VEV_5500;6;21;;;;;7;21;;;;;6.5;0.0
-1;6800;VEV_6000;0;28;;;;;1;28;;;;;0.5;0.0
-1;6800;VEV_6500;0;14;;;;;1;14;;;;;0.5;0.0
-1;6900;ASH_COATED_OSMIUM;9992;20;;;;;10003;4;10013;20;;;9997.5;0.0
-1;6900;HYDROGEL_PACK;9979;12;9977;29;;;9995;12;9998;29;;;9987.0;0.0
-1;6900;INTARIAN_PEPPER_ROOT;13097;23;;;;;13114;8;13117;23;;;13105.5;0.0
-1;6900;VELVETFRUIT_EXTRACT;5265;44;;;;;5271;70;;;;;5268.0;0.0
-1;6900;VEV_4000;1247;13;1244;28;;;1268;13;1271;28;;;1257.5;0.0
-1;6900;VEV_4500;765;12;763;15;;;781;12;783;15;;;773.0;0.0
-1;6900;VEV_5000;259;12;258;21;;;265;9;266;17;;;262.0;0.0
-1;6900;VEV_5100;165;16;;;;;170;7;;;;;167.5;0.0
-1;6900;VEV_5200;104;8;103;12;;;;;;;;;104.0;0.0
-1;6900;VEV_5300;51;26;;;;;53;23;;;;;52.0;0.0
-1;6900;VEV_5400;15;25;;;;;17;16;;;;;16.0;0.0
-1;6900;VEV_5500;6;26;;;;;7;15;;;;;6.5;0.0
-1;6900;VEV_6000;0;25;;;;;1;25;;;;;0.5;0.0
-1;6900;VEV_6500;0;16;;;;;1;16;;;;;0.5;0.0
-1;7000;ASH_COATED_OSMIUM;9994;11;9991;27;;;10010;11;10012;27;;;10002.0;0.0
-1;7000;HYDROGEL_PACK;9981;15;9979;24;;;9997;15;10000;24;;;9989.0;0.0
-1;7000;INTARIAN_PEPPER_ROOT;13100;10;13097;17;;;13114;10;13117;17;;;13107.0;0.0
-1;7000;VELVETFRUIT_EXTRACT;5266;49;;;;;5271;15;5272;41;;;5268.5;0.0
-1;7000;VEV_4000;1249;7;1246;20;;;1270;7;1272;20;;;1259.5;0.0
-1;7000;VEV_4500;764;12;762;15;;;;;;;;;764.0;0.0
-1;7000;VEV_5000;258;23;;;;;265;8;266;12;;;261.5;0.0
-1;7000;VEV_5100;166;6;165;17;;;170;6;171;20;;;168.0;0.0
-1;7000;VEV_5200;;;;;;;;;;;;;0.0;0.0
-1;7000;VEV_5300;51;10;;;;;53;27;;;;;52.0;0.0
-1;7000;VEV_5400;16;17;;;;;18;19;;;;;17.0;0.0
-1;7000;VEV_5500;6;26;;;;;7;23;;;;;6.5;0.0
-1;7000;VEV_6000;0;19;;;;;1;19;;;;;0.5;0.0
-1;7000;VEV_6500;0;15;;;;;1;15;;;;;0.5;0.0
-1;7100;ASH_COATED_OSMIUM;9994;15;9991;24;;;10010;15;;;;;10002.0;0.0
-1;7100;HYDROGEL_PACK;9983;15;9981;29;;;9999;15;10002;29;;;9991.0;0.0
-1;7100;INTARIAN_PEPPER_ROOT;13100;9;13097;15;;;;;;;;;13100.0;0.0
-1;7100;VELVETFRUIT_EXTRACT;5265;48;;;;;5271;32;;;;;5268.0;0.0
-1;7100;VEV_4000;1248;7;1246;16;;;1269;7;1272;16;;;1258.5;0.0
-1;7100;VEV_4500;764;10;762;12;;;782;12;;;;;773.0;0.0
-1;7100;VEV_5000;259;9;258;20;;;;;;;;;259.0;0.0
-1;7100;VEV_5100;;;;;;;171;19;172;22;;;171.0;0.0
-1;7100;VEV_5200;104;9;103;13;;;106;27;107;22;;;105.0;0.0
-1;7100;VEV_5300;50;20;49;30;;;52;6;53;11;;;51.0;0.0
-1;7100;VEV_5400;16;17;;;;;17;27;18;20;;;16.5;0.0
-1;7100;VEV_5500;6;25;;;;;7;20;;;;;6.5;0.0
-1;7100;VEV_6000;0;21;;;;;1;21;;;;;0.5;0.0
-1;7100;VEV_6500;0;21;;;;;1;21;;;;;0.5;0.0
-1;7200;ASH_COATED_OSMIUM;9994;14;9991;28;;;10010;14;10012;28;;;10002.0;0.0
-1;7200;HYDROGEL_PACK;9982;11;9980;20;;;9998;11;10001;20;;;9990.0;0.0
-1;7200;INTARIAN_PEPPER_ROOT;13100;10;13097;15;;;13118;15;;;;;13109.0;0.0
-1;7200;VELVETFRUIT_EXTRACT;5264;54;;;;;5270;34;;;;;5267.0;0.0
-1;7200;VEV_4000;1249;10;1246;24;;;1270;10;1273;24;;;1259.5;0.0
-1;7200;VEV_4500;765;12;763;20;;;781;12;783;20;;;773.0;0.0
-1;7200;VEV_5000;259;9;258;29;;;265;6;266;20;;;262.0;0.0
-1;7200;VEV_5100;166;23;165;24;;;;;;;;;166.0;0.0
-1;7200;VEV_5200;104;8;103;33;;;106;9;107;28;;;105.0;0.0
-1;7200;VEV_5300;50;17;;;;;52;6;53;17;;;51.0;0.0
-1;7200;VEV_5400;16;26;16;24;;;;;;;;;16.0;0.0
-1;7200;VEV_5500;6;20;;;;;7;18;;;;;6.5;0.0
-1;7200;VEV_6000;0;30;;;;;1;30;;;;;0.5;0.0
-1;7200;VEV_6500;0;19;;;;;1;19;;;;;0.5;0.0
-1;7300;ASH_COATED_OSMIUM;9993;13;9991;21;;;10009;13;;;;;10001.0;0.0
-1;7300;HYDROGEL_PACK;9979;15;9977;28;;;9995;15;9998;28;;;9987.0;0.0
-1;7300;INTARIAN_PEPPER_ROOT;13100;8;13097;22;;;13114;8;13118;22;;;13107.0;0.0
-1;7300;VELVETFRUIT_EXTRACT;5264;60;;;;;5270;30;5270;44;;;5267.0;0.0
-1;7300;VEV_4000;1250;7;1247;28;;;1271;7;1273;28;;;1260.5;0.0
-1;7300;VEV_4500;765;7;764;8;763;12;784;12;;;;;774.5;0.0
-1;7300;VEV_5000;259;10;258;16;;;265;10;266;28;;;262.0;0.0
-1;7300;VEV_5100;;;;;;;;;;;;;0.0;0.0
-1;7300;VEV_5200;104;25;103;13;;;;;;;;;104.0;0.0
-1;7300;VEV_5300;49;19;;;;;52;16;;;;;50.5;0.0
-1;7300;VEV_5400;16;27;;;;;18;26;;;;;17.0;0.0
-1;7300;VEV_5500;6;28;;;;;7;22;;;;;6.5;0.0
-1;7300;VEV_6000;0;22;;;;;1;22;;;;;0.5;0.0
-1;7300;VEV_6500;0;18;;;;;1;18;;;;;0.5;0.0
-1;7400;ASH_COATED_OSMIUM;9994;15;9991;20;;;10010;15;10012;20;;;10002.0;0.0
-1;7400;HYDROGEL_PACK;9979;11;9976;20;;;9995;11;9997;20;;;9987.0;0.0
-1;7400;INTARIAN_PEPPER_ROOT;13097;18;;;;;13114;12;13118;18;;;13105.5;0.0
-1;7400;VELVETFRUIT_EXTRACT;5262;22;;;;;5268;63;;;;;5265.0;0.0
-1;7400;VEV_4000;1248;8;1246;30;;;1269;8;1272;30;;;1258.5;0.0
-1;7400;VEV_4500;766;8;;;;;782;8;783;9;784;13;774.0;0.0
-1;7400;VEV_5000;257;22;;;;;265;16;;;;;261.0;0.0
-1;7400;VEV_5100;166;11;165;35;;;170;6;171;22;;;168.0;0.0
-1;7400;VEV_5200;104;29;103;29;;;106;8;107;22;;;105.0;0.0
-1;7400;VEV_5300;50;23;;;;;52;8;;;;;51.0;0.0
-1;7400;VEV_5400;16;26;;;;;18;21;;;;;17.0;0.0
-1;7400;VEV_5500;6;28;;;;;7;24;;;;;6.5;0.0
-1;7400;VEV_6000;0;24;;;;;1;24;;;;;0.5;0.0
-1;7400;VEV_6500;0;19;;;;;1;19;;;;;0.5;0.0
-1;7500;ASH_COATED_OSMIUM;9993;12;9991;23;;;10009;12;;;;;10001.0;0.0
-1;7500;HYDROGEL_PACK;9980;13;9978;22;;;9996;13;9999;22;;;9988.0;0.0
-1;7500;INTARIAN_PEPPER_ROOT;13100;9;13097;24;;;13115;9;13118;24;;;13107.5;0.0
-1;7500;VELVETFRUIT_EXTRACT;5262;25;5261;51;;;5267;60;;;;;5264.5;0.0
-1;7500;VEV_4000;1249;14;1246;21;;;1270;14;1273;21;;;1259.5;0.0
-1;7500;VEV_4500;765;9;763;23;;;781;9;783;23;;;773.0;0.0
-1;7500;VEV_5000;258;11;;;;;265;21;;;;;261.5;0.0
-1;7500;VEV_5100;165;11;164;17;;;169;6;170;33;;;167.0;0.0
-1;7500;VEV_5200;104;11;;;;;106;27;107;24;;;105.0;0.0
-1;7500;VEV_5300;51;17;;;;;53;20;;;;;52.0;0.0
-1;7500;VEV_5400;17;20;16;19;;;17;23;18;15;;;17.0;0.0
-1;7500;VEV_5500;6;24;;;;;7;26;;;;;6.5;0.0
-1;7500;VEV_6000;0;25;;;;;1;25;;;;;0.5;0.0
-1;7500;VEV_6500;0;15;;;;;1;15;;;;;0.5;0.0
-1;7600;ASH_COATED_OSMIUM;9994;10;;;;;10012;29;;;;;10003.0;0.0
-1;7600;HYDROGEL_PACK;9980;13;9977;20;;;9996;13;9998;20;;;9988.0;0.0
-1;7600;INTARIAN_PEPPER_ROOT;;;;;;;13115;8;;;;;13115.0;0.0
-1;7600;VELVETFRUIT_EXTRACT;5261;60;5261;25;;;5267;60;;;;;5264.0;0.0
-1;7600;VEV_4000;1249;15;1246;23;;;1270;15;1273;23;;;1259.5;0.0
-1;7600;VEV_4500;763;10;762;15;761;13;779;10;780;8;781;13;771.0;0.0
-1;7600;VEV_5000;259;11;258;26;;;;;;;;;259.0;0.0
-1;7600;VEV_5100;164;27;;;;;168;18;;;;;166.0;0.0
-1;7600;VEV_5200;;;;;;;106;12;;;;;106.0;0.0
-1;7600;VEV_5300;50;30;;;;;52;6;53;26;;;51.0;0.0
-1;7600;VEV_5400;16;28;;;;;18;28;;;;;17.0;0.0
-1;7600;VEV_5500;6;19;;;;;7;15;;;;;6.5;0.0
-1;7600;VEV_6000;0;19;;;;;1;19;;;;;0.5;0.0
-1;7600;VEV_6500;0;13;;;;;1;13;;;;;0.5;0.0
-1;7700;ASH_COATED_OSMIUM;9993;10;9991;20;;;10012;20;;;;;10002.5;0.0
-1;7700;HYDROGEL_PACK;9981;13;9979;28;;;9997;13;10000;28;;;9989.0;0.0
-1;7700;INTARIAN_PEPPER_ROOT;13097;19;;;;;13115;12;13118;19;;;13106.0;0.0
-1;7700;VELVETFRUIT_EXTRACT;5262;25;5261;53;;;5267;63;5268;34;;;5264.5;0.0
-1;7700;VEV_4000;1249;10;1246;17;;;1270;10;1272;17;;;1259.5;0.0
-1;7700;VEV_4500;761;14;;;;;779;10;781;14;;;770.0;0.0
-1;7700;VEV_5000;260;9;;;;;266;8;;;;;263.0;0.0
-1;7700;VEV_5100;163;19;;;;;168;27;169;30;;;165.5;0.0
-1;7700;VEV_5200;103;11;102;30;;;;;;;;;103.0;0.0
-1;7700;VEV_5300;50;19;49;19;;;52;19;;;;;51.0;0.0
-1;7700;VEV_5400;16;19;;;;;17;19;;;;;16.5;0.0
-1;7700;VEV_5500;6;25;;;;;7;18;;;;;6.5;0.0
-1;7700;VEV_6000;0;20;;;;;1;20;;;;;0.5;0.0
-1;7700;VEV_6500;0;16;;;;;1;16;;;;;0.5;0.0
-1;7800;ASH_COATED_OSMIUM;9993;11;9991;26;;;10009;11;10012;26;;;10001.0;0.0
-1;7800;HYDROGEL_PACK;9983;11;9980;26;;;9999;11;10001;26;;;9991.0;0.0
-1;7800;INTARIAN_PEPPER_ROOT;13101;10;13097;17;;;13115;10;13118;17;;;13108.0;0.0
-1;7800;VELVETFRUIT_EXTRACT;5262;18;5261;37;;;5267;40;5268;39;;;5264.5;0.0
-1;7800;VEV_4000;1250;12;1247;21;;;1271;12;1274;21;;;1260.5;0.0
-1;7800;VEV_4500;763;12;761;22;;;;;;;;;763.0;0.0
-1;7800;VEV_5000;261;27;260;13;;;268;13;;;;;264.5;0.0
-1;7800;VEV_5100;163;9;;;;;167;11;;;;;165.0;0.0
-1;7800;VEV_5200;103;8;102;28;;;105;8;106;27;;;104.0;0.0
-1;7800;VEV_5300;50;16;;;;;52;19;;;;;51.0;0.0
-1;7800;VEV_5400;17;25;16;26;;;18;19;;;;;17.5;0.0
-1;7800;VEV_5500;6;23;;;;;7;21;;;;;6.5;0.0
-1;7800;VEV_6000;0;19;;;;;1;19;;;;;0.5;0.0
-1;7800;VEV_6500;0;15;;;;;1;15;;;;;0.5;0.0
-1;7900;ASH_COATED_OSMIUM;9994;14;9991;23;;;10012;23;;;;;10003.0;0.0
-1;7900;HYDROGEL_PACK;9982;10;9979;20;;;9998;10;10000;20;;;9990.0;0.0
-1;7900;INTARIAN_PEPPER_ROOT;13101;9;13098;25;;;13115;9;13118;25;;;13108.0;0.0
-1;7900;VELVETFRUIT_EXTRACT;5260;59;;;;;5266;52;;;;;5263.0;0.0
-1;7900;VEV_4000;1250;14;1248;28;;;1271;14;1274;28;;;1260.5;0.0
-1;7900;VEV_4500;762;10;760;17;;;780;17;;;;;771.0;0.0
-1;7900;VEV_5000;262;9;261;21;;;268;6;269;24;;;265.0;0.0
-1;7900;VEV_5100;;;;;;;168;23;;;;;168.0;0.0
-1;7900;VEV_5200;102;15;;;;;105;8;106;24;;;103.5;0.0
-1;7900;VEV_5300;50;25;;;;;52;26;;;;;51.0;0.0
-1;7900;VEV_5400;;;;;;;18;27;;;;;18.0;0.0
-1;7900;VEV_5500;6;18;;;;;7;26;;;;;6.5;0.0
-1;7900;VEV_6000;0;30;;;;;1;30;;;;;0.5;0.0
-1;7900;VEV_6500;0;14;;;;;1;14;;;;;0.5;0.0
-1;8000;ASH_COATED_OSMIUM;9993;13;9991;22;;;10009;13;10012;22;;;10001.0;0.0
-1;8000;HYDROGEL_PACK;9979;13;9977;24;;;9995;13;9998;24;;;9987.0;0.0
-1;8000;INTARIAN_PEPPER_ROOT;13101;8;13098;16;;;13115;8;13118;16;;;13108.0;0.0
-1;8000;VELVETFRUIT_EXTRACT;5262;18;5261;25;;;5267;19;;;;;5264.5;0.0
-1;8000;VEV_4000;1250;12;1248;28;;;1272;12;1274;28;;;1261.0;0.0
-1;8000;VEV_4500;762;8;760;22;;;778;8;780;22;;;770.0;0.0
-1;8000;VEV_5000;262;7;261;14;;;268;28;269;25;;;265.0;0.0
-1;8000;VEV_5100;162;25;;;;;166;8;167;29;;;164.0;0.0
-1;8000;VEV_5200;103;8;102;30;;;106;24;;;;;104.5;0.0
-1;8000;VEV_5300;49;22;;;;;;;;;;;49.0;0.0
-1;8000;VEV_5400;17;6;;;;;18;23;;;;;17.5;0.0
-1;8000;VEV_5500;6;20;;;;;7;18;;;;;6.5;0.0
-1;8000;VEV_6000;0;24;;;;;1;24;;;;;0.5;0.0
-1;8000;VEV_6500;0;19;;;;;1;19;;;;;0.5;0.0
-1;8100;ASH_COATED_OSMIUM;9994;14;9991;29;;;;;;;;;9994.0;0.0
-1;8100;HYDROGEL_PACK;9977;11;9974;22;;;9993;11;9995;22;;;9985.0;0.0
-1;8100;INTARIAN_PEPPER_ROOT;13101;8;13098;24;;;13104;7;13115;8;13118;24;13102.5;0.0
-1;8100;VELVETFRUIT_EXTRACT;5261;36;5260;36;;;5266;16;5267;16;;;5263.5;0.0
-1;8100;VEV_4000;1250;15;1247;30;;;1271;15;1274;30;;;1260.5;0.0
-1;8100;VEV_4500;762;9;760;19;;;781;19;;;;;771.5;0.0
-1;8100;VEV_5000;262;7;261;17;;;268;8;269;16;;;265.0;0.0
-1;8100;VEV_5100;163;11;162;13;;;167;31;168;22;;;165.0;0.0
-1;8100;VEV_5200;103;33;102;27;;;105;9;;;;;104.0;0.0
-1;8100;VEV_5300;49;27;;;;;51;22;;;;;50.0;0.0
-1;8100;VEV_5400;17;26;;;;;17;28;;;;;17.0;0.0
-1;8100;VEV_5500;6;29;;;;;7;21;;;;;6.5;0.0
-1;8100;VEV_6000;0;20;;;;;1;20;;;;;0.5;0.0
-1;8100;VEV_6500;0;13;;;;;1;13;;;;;0.5;0.0
-1;8200;ASH_COATED_OSMIUM;9994;13;;;;;10010;13;10012;27;;;10002.0;0.0
-1;8200;HYDROGEL_PACK;9979;11;9976;30;;;9995;11;9997;30;;;9987.0;0.0
-1;8200;INTARIAN_PEPPER_ROOT;13101;10;13098;20;;;13119;20;;;;;13110.0;0.0
-1;8200;VELVETFRUIT_EXTRACT;5261;49;;;;;5266;19;5267;34;;;5263.5;0.0
-1;8200;VEV_4000;1250;14;1247;17;;;1271;14;1274;17;;;1260.5;0.0
-1;8200;VEV_4500;761;8;759;19;;;780;19;;;;;770.5;0.0
-1;8200;VEV_5000;262;7;261;17;;;268;9;269;27;;;265.0;0.0
-1;8200;VEV_5100;164;8;;;;;168;11;169;33;;;166.0;0.0
-1;8200;VEV_5200;;;;;;;106;24;;;;;106.0;0.0
-1;8200;VEV_5300;48;20;;;;;50;19;;;;;49.0;0.0
-1;8200;VEV_5400;16;21;;;;;18;27;;;;;17.0;0.0
-1;8200;VEV_5500;6;26;;;;;7;21;;;;;6.5;0.0
-1;8200;VEV_6000;0;23;;;;;1;23;;;;;0.5;0.0
-1;8200;VEV_6500;0;12;;;;;1;12;;;;;0.5;0.0
-1;8300;ASH_COATED_OSMIUM;9994;12;9991;27;;;10010;12;10012;27;;;10002.0;0.0
-1;8300;HYDROGEL_PACK;9974;26;;;;;9995;26;;;;;9984.5;0.0
-1;8300;INTARIAN_PEPPER_ROOT;;;;;;;13115;9;13119;22;;;13115.0;0.0
-1;8300;VELVETFRUIT_EXTRACT;5260;30;;;;;5266;37;;;;;5263.0;0.0
-1;8300;VEV_4000;1251;14;1249;16;;;1272;14;1275;16;;;1261.5;0.0
-1;8300;VEV_4500;762;7;760;17;;;778;7;780;17;;;770.0;0.0
-1;8300;VEV_5000;263;11;262;19;;;269;8;;;;;266.0;0.0
-1;8300;VEV_5100;164;8;163;12;;;168;33;169;24;;;166.0;0.0
-1;8300;VEV_5200;103;20;102;19;;;106;24;;;;;104.5;0.0
-1;8300;VEV_5300;48;28;;;;;50;19;;;;;49.0;0.0
-1;8300;VEV_5400;16;22;;;;;18;24;;;;;17.0;0.0
-1;8300;VEV_5500;6;23;;;;;7;27;;;;;6.5;0.0
-1;8300;VEV_6000;0;29;;;;;1;29;;;;;0.5;0.0
-1;8300;VEV_6500;0;19;;;;;1;19;;;;;0.5;0.0
-1;8400;ASH_COATED_OSMIUM;9994;12;9991;21;;;10010;12;10012;21;;;10002.0;0.0
-1;8400;HYDROGEL_PACK;9977;10;9974;30;;;9993;10;9995;30;;;9985.0;0.0
-1;8400;INTARIAN_PEPPER_ROOT;13101;11;13098;17;;;13115;11;;;;;13108.0;0.0
-1;8400;VELVETFRUIT_EXTRACT;5261;50;5261;67;;;5267;61;;;;;5264.0;0.0
-1;8400;VEV_4000;1251;14;1249;25;;;1272;14;1275;25;;;1261.5;0.0
-1;8400;VEV_4500;761;8;759;23;;;777;8;778;11;779;23;769.0;0.0
-1;8400;VEV_5000;263;8;262;22;;;269;9;270;25;;;266.0;0.0
-1;8400;VEV_5100;164;7;;;;;169;24;;;;;166.5;0.0
-1;8400;VEV_5200;103;9;;;;;;;;;;;103.0;0.0
-1;8400;VEV_5300;48;29;;;;;50;25;51;22;;;49.0;0.0
-1;8400;VEV_5400;16;19;;;;;18;22;;;;;17.0;0.0
-1;8400;VEV_5500;6;18;;;;;7;20;;;;;6.5;0.0
-1;8400;VEV_6000;0;18;;;;;1;18;;;;;0.5;0.0
-1;8400;VEV_6500;0;10;;;;;1;10;;;;;0.5;0.0
-1;8500;ASH_COATED_OSMIUM;9991;28;;;;;10010;15;;;;;10000.5;0.0
-1;8500;HYDROGEL_PACK;9980;15;9977;21;;;9996;15;9998;21;;;9988.0;0.0
-1;8500;INTARIAN_PEPPER_ROOT;13101;8;13098;19;;;13111;5;13116;8;13119;19;13106.0;0.0
-1;8500;VELVETFRUIT_EXTRACT;5260;60;;;;;5266;58;5267;30;;;5263.0;0.0
-1;8500;VEV_4000;1252;9;1249;25;;;1273;9;1276;25;;;1262.5;0.0
-1;8500;VEV_4500;761;9;759;21;;;779;21;;;;;770.0;0.0
-1;8500;VEV_5000;263;11;262;24;;;269;8;270;13;;;266.0;0.0
-1;8500;VEV_5100;;;;;;;169;9;170;31;;;169.0;0.0
-1;8500;VEV_5200;102;16;;;;;105;10;106;33;;;103.5;0.0
-1;8500;VEV_5300;48;17;;;;;50;20;51;15;;;49.0;0.0
-1;8500;VEV_5400;17;22;;;;;19;23;;;;;18.0;0.0
-1;8500;VEV_5500;6;26;;;;;7;25;;;;;6.5;0.0
-1;8500;VEV_6000;0;21;;;;;1;21;;;;;0.5;0.0
-1;8500;VEV_6500;0;15;;;;;1;15;;;;;0.5;0.0
-1;8600;ASH_COATED_OSMIUM;9993;15;9991;25;;;10009;15;10012;25;;;10001.0;0.0
-1;8600;HYDROGEL_PACK;9977;12;9974;24;;;9993;12;9995;24;;;9985.0;0.0
-1;8600;INTARIAN_PEPPER_ROOT;13102;9;13098;25;;;13116;9;13119;25;;;13109.0;0.0
-1;8600;VELVETFRUIT_EXTRACT;5260;60;;;;;5265;15;5266;52;;;5262.5;0.0
-1;8600;VEV_4000;1251;7;1249;24;;;1273;7;1275;24;;;1262.0;0.0
-1;8600;VEV_4500;762;10;760;21;;;780;21;;;;;771.0;0.0
-1;8600;VEV_5000;263;12;;;;;269;11;;;;;266.0;0.0
-1;8600;VEV_5100;166;11;165;24;;;170;12;171;14;;;168.0;0.0
-1;8600;VEV_5200;102;23;;;;;105;7;106;14;;;103.5;0.0
-1;8600;VEV_5300;48;28;;;;;;;;;;;48.0;0.0
-1;8600;VEV_5400;17;18;;;;;19;25;;;;;18.0;0.0
-1;8600;VEV_5500;6;21;;;;;7;23;;;;;6.5;0.0
-1;8600;VEV_6000;0;25;;;;;1;25;;;;;0.5;0.0
-1;8600;VEV_6500;0;13;;;;;1;13;;;;;0.5;0.0
-1;8700;ASH_COATED_OSMIUM;9994;11;9991;28;;;10010;11;10012;28;;;10002.0;0.0
-1;8700;HYDROGEL_PACK;9976;10;9974;25;;;9992;10;9995;25;;;9984.0;0.0
-1;8700;INTARIAN_PEPPER_ROOT;13102;9;13098;23;;;13116;9;13119;23;;;13109.0;0.0
-1;8700;VELVETFRUIT_EXTRACT;5260;47;;;;;5266;64;5267;42;;;5263.0;0.0
-1;8700;VEV_4000;1253;9;1250;20;;;1274;9;1276;20;;;1263.5;0.0
-1;8700;VEV_4500;761;11;;;;;777;11;778;12;779;21;769.0;0.0
-1;8700;VEV_5000;262;11;;;;;268;10;269;25;;;265.0;0.0
-1;8700;VEV_5100;165;10;;;;;169;8;;;;;167.0;0.0
-1;8700;VEV_5200;104;29;103;15;;;107;24;;;;;105.5;0.0
-1;8700;VEV_5300;49;7;;;;;51;29;51;6;;;50.0;0.0
-1;8700;VEV_5400;17;25;17;18;;;18;26;19;25;;;17.5;0.0
-1;8700;VEV_5500;6;19;;;;;7;23;;;;;6.5;0.0
-1;8700;VEV_6000;0;24;;;;;1;24;;;;;0.5;0.0
-1;8700;VEV_6500;0;12;;;;;1;12;;;;;0.5;0.0
-1;8800;ASH_COATED_OSMIUM;9993;13;9990;26;;;10009;13;;;;;10001.0;0.0
-1;8800;HYDROGEL_PACK;9975;14;9973;26;;;9991;14;9994;26;;;9983.0;0.0
-1;8800;INTARIAN_PEPPER_ROOT;13102;8;13098;24;;;13119;24;;;;;13110.5;0.0
-1;8800;VELVETFRUIT_EXTRACT;5261;49;;;;;5266;21;5267;48;;;5263.5;0.0
-1;8800;VEV_4000;1252;15;1250;17;;;1274;15;1276;17;;;1263.0;0.0
-1;8800;VEV_4500;760;9;758;15;;;776;9;778;15;;;768.0;0.0
-1;8800;VEV_5000;260;12;;;;;267;8;268;23;;;263.5;0.0
-1;8800;VEV_5100;166;27;165;15;;;170;9;;;;;168.0;0.0
-1;8800;VEV_5200;102;13;;;;;106;24;;;;;104.0;0.0
-1;8800;VEV_5300;;;;;;;50;25;;;;;50.0;0.0
-1;8800;VEV_5400;17;22;;;;;19;25;;;;;18.0;0.0
-1;8800;VEV_5500;6;21;;;;;7;7;;;;;6.5;0.0
-1;8800;VEV_6000;0;23;;;;;1;23;;;;;0.5;0.0
-1;8800;VEV_6500;0;17;;;;;1;17;;;;;0.5;0.0
-1;8900;ASH_COATED_OSMIUM;9993;12;9991;23;;;10012;23;;;;;10002.5;0.0
-1;8900;HYDROGEL_PACK;9977;13;9974;30;;;9993;13;9995;30;;;9985.0;0.0
-1;8900;INTARIAN_PEPPER_ROOT;13102;9;;;;;13116;9;13119;24;;;13109.0;0.0
-1;8900;VELVETFRUIT_EXTRACT;5259;34;;;;;5264;20;5265;36;;;5261.5;0.0
-1;8900;VEV_4000;1253;14;1251;17;;;1274;14;1277;17;;;1263.5;0.0
-1;8900;VEV_4500;760;11;758;15;;;776;11;778;15;;;768.0;0.0
-1;8900;VEV_5000;262;10;261;15;;;268;6;269;17;;;265.0;0.0
-1;8900;VEV_5100;166;10;165;16;;;171;24;;;;;168.5;0.0
-1;8900;VEV_5200;103;8;102;18;;;105;8;106;16;;;104.0;0.0
-1;8900;VEV_5300;49;23;48;19;;;51;23;;;;;50.0;0.0
-1;8900;VEV_5400;17;18;16;24;;;18;19;;;;;17.5;0.0
-1;8900;VEV_5500;6;26;;;;;7;23;;;;;6.5;0.0
-1;8900;VEV_6000;0;24;;;;;1;24;;;;;0.5;0.0
-1;8900;VEV_6500;0;16;;;;;1;16;;;;;0.5;0.0
-1;9000;ASH_COATED_OSMIUM;9994;14;9991;22;;;10010;14;10012;22;;;10002.0;0.0
-1;9000;HYDROGEL_PACK;9980;11;9977;29;;;9996;11;9998;29;;;9988.0;0.0
-1;9000;INTARIAN_PEPPER_ROOT;13102;10;13099;16;;;13119;16;;;;;13110.5;0.0
-1;9000;VELVETFRUIT_EXTRACT;5258;22;;;;;5263;17;5264;33;;;5260.5;0.0
-1;9000;VEV_4000;1252;14;1249;25;;;1273;14;1275;25;;;1262.5;0.0
-1;9000;VEV_4500;758;21;;;;;776;7;777;11;778;21;767.0;0.0
-1;9000;VEV_5000;262;6;261;20;;;;;;;;;262.0;0.0
-1;9000;VEV_5100;166;12;;;;;170;10;171;14;;;168.0;0.0
-1;9000;VEV_5200;102;35;;;;;105;25;106;23;;;103.5;0.0
-1;9000;VEV_5300;50;20;;;;;;;;;;;50.0;0.0
-1;9000;VEV_5400;16;25;;;;;18;26;;;;;17.0;0.0
-1;9000;VEV_5500;6;21;;;;;7;24;;;;;6.5;0.0
-1;9000;VEV_6000;0;25;;;;;1;25;;;;;0.5;0.0
-1;9000;VEV_6500;0;17;;;;;1;17;;;;;0.5;0.0
-1;9100;ASH_COATED_OSMIUM;9993;12;9991;24;;;10009;12;10012;24;;;10001.0;0.0
-1;9100;HYDROGEL_PACK;9982;10;9979;22;;;9998;10;10000;22;;;9990.0;0.0
-1;9100;INTARIAN_PEPPER_ROOT;13102;10;13099;19;;;13116;10;;;;;13109.0;0.0
-1;9100;VELVETFRUIT_EXTRACT;5257;37;;;;;5263;68;;;;;5260.0;0.0
-1;9100;VEV_4000;1252;10;1249;28;;;1273;10;1276;28;;;1262.5;0.0
-1;9100;VEV_4500;761;9;759;13;;;777;9;779;13;;;769.0;0.0
-1;9100;VEV_5000;263;12;262;21;;;269;7;270;15;;;266.0;0.0
-1;9100;VEV_5100;164;14;;;;;169;33;170;18;;;166.5;0.0
-1;9100;VEV_5200;103;17;;;;;107;16;;;;;105.0;0.0
-1;9100;VEV_5300;49;18;;;;;51;24;;;;;50.0;0.0
-1;9100;VEV_5400;16;26;;;;;18;24;;;;;17.0;0.0
-1;9100;VEV_5500;6;28;;;;;7;23;;;;;6.5;0.0
-1;9100;VEV_6000;0;19;;;;;1;19;;;;;0.5;0.0
-1;9100;VEV_6500;0;14;;;;;1;14;;;;;0.5;0.0
-1;9200;ASH_COATED_OSMIUM;9993;10;9991;20;;;10012;20;;;;;10002.5;0.0
-1;9200;HYDROGEL_PACK;9984;10;9982;24;;;10000;10;10003;24;;;9992.0;0.0
-1;9200;INTARIAN_PEPPER_ROOT;13102;9;13099;19;;;13116;9;13120;19;;;13109.0;0.0
-1;9200;VELVETFRUIT_EXTRACT;5256;70;;;;;;;;;;;5256.0;0.0
-1;9200;VEV_4000;1251;8;1249;26;;;1272;8;1275;26;;;1261.5;0.0
-1;9200;VEV_4500;761;8;;;;;779;17;;;;;770.0;0.0
-1;9200;VEV_5000;263;11;;;;;269;11;270;20;;;266.0;0.0
-1;9200;VEV_5100;164;7;163;23;;;168;12;169;14;;;166.0;0.0
-1;9200;VEV_5200;104;9;103;36;;;106;12;107;31;;;105.0;0.0
-1;9200;VEV_5300;50;24;;;;;52;23;;;;;51.0;0.0
-1;9200;VEV_5400;16;22;;;;;18;21;;;;;17.0;0.0
-1;9200;VEV_5500;6;30;;;;;7;26;;;;;6.5;0.0
-1;9200;VEV_6000;0;17;;;;;1;17;;;;;0.5;0.0
-1;9200;VEV_6500;0;14;;;;;1;14;;;;;0.5;0.0
-1;9300;ASH_COATED_OSMIUM;9993;12;9990;20;;;9999;8;10009;12;10011;20;9996.0;0.0
-1;9300;HYDROGEL_PACK;9984;12;9982;25;;;10000;12;10003;25;;;9992.0;0.0
-1;9300;INTARIAN_PEPPER_ROOT;13102;12;13099;15;;;13116;12;13120;15;;;13109.0;0.0
-1;9300;VELVETFRUIT_EXTRACT;5257;56;5257;22;;;5263;58;;;;;5260.0;0.0
-1;9300;VEV_4000;1252;8;1249;24;;;1273;8;1275;24;;;1262.5;0.0
-1;9300;VEV_4500;762;11;761;11;760;23;778;11;780;23;;;770.0;0.0
-1;9300;VEV_5000;264;7;263;20;;;270;8;271;27;;;267.0;0.0
-1;9300;VEV_5100;165;10;164;15;;;169;21;170;27;;;167.0;0.0
-1;9300;VEV_5200;103;7;102;28;;;106;27;;;;;104.5;0.0
-1;9300;VEV_5300;50;22;;;;;53;14;;;;;51.5;0.0
-1;9300;VEV_5400;;;;;;;19;22;;;;;19.0;0.0
-1;9300;VEV_5500;6;26;;;;;7;19;;;;;6.5;0.0
-1;9300;VEV_6000;0;21;;;;;1;21;;;;;0.5;0.0
-1;9300;VEV_6500;0;13;;;;;1;13;;;;;0.5;0.0
-1;9400;ASH_COATED_OSMIUM;9993;11;;;;;;;;;;;9993.0;0.0
-1;9400;HYDROGEL_PACK;9986;11;9984;22;;;10002;11;10005;22;;;9994.0;0.0
-1;9400;INTARIAN_PEPPER_ROOT;13102;8;13099;22;;;13116;8;13120;22;;;13109.0;0.0
-1;9400;VELVETFRUIT_EXTRACT;5256;17;;;;;5262;47;;;;;5259.0;0.0
-1;9400;VEV_4000;1251;13;1248;27;;;1272;13;1274;27;;;1261.5;0.0
-1;9400;VEV_4500;762;10;760;22;;;778;10;780;22;;;770.0;0.0
-1;9400;VEV_5000;264;8;263;21;;;270;6;;;;;267.0;0.0
-1;9400;VEV_5100;164;26;;;;;168;7;169;12;;;166.0;0.0
-1;9400;VEV_5200;102;27;101;30;;;105;26;;;;;103.5;0.0
-1;9400;VEV_5300;50;20;49;25;;;52;6;53;30;;;51.0;0.0
-1;9400;VEV_5400;17;21;17;6;;;18;21;19;25;;;17.5;0.0
-1;9400;VEV_5500;6;18;;;;;7;29;;;;;6.5;0.0
-1;9400;VEV_6000;0;20;;;;;1;20;;;;;0.5;0.0
-1;9400;VEV_6500;0;12;;;;;1;12;;;;;0.5;0.0
-1;9500;ASH_COATED_OSMIUM;9994;15;9991;22;;;10012;22;;;;;10003.0;0.0
-1;9500;HYDROGEL_PACK;9983;10;9981;28;;;9999;10;10002;28;;;9991.0;0.0
-1;9500;INTARIAN_PEPPER_ROOT;13099;24;;;;;13120;24;;;;;13109.5;0.0
-1;9500;VELVETFRUIT_EXTRACT;5254;64;;;;;5260;44;;;;;5257.0;0.0
-1;9500;VEV_4000;1251;12;1248;21;;;1272;12;1275;21;;;1261.5;0.0
-1;9500;VEV_4500;763;8;761;24;;;781;24;;;;;772.0;0.0
-1;9500;VEV_5000;264;21;;;;;271;28;272;16;;;267.5;0.0
-1;9500;VEV_5100;166;12;165;17;;;171;27;;;;;168.5;0.0
-1;9500;VEV_5200;102;7;101;28;;;105;19;;;;;103.5;0.0
-1;9500;VEV_5300;50;6;;;;;52;6;;;;;51.0;0.0
-1;9500;VEV_5400;16;25;;;;;;;;;;;16.0;0.0
-1;9500;VEV_5500;6;24;;;;;7;20;;;;;6.5;0.0
-1;9500;VEV_6000;0;25;;;;;1;25;;;;;0.5;0.0
-1;9500;VEV_6500;0;20;;;;;1;20;;;;;0.5;0.0
-1;9600;ASH_COATED_OSMIUM;9994;14;9991;29;;;10010;14;10012;29;;;10002.0;0.0
-1;9600;HYDROGEL_PACK;9987;11;9984;28;;;10003;11;10005;28;;;9995.0;0.0
-1;9600;INTARIAN_PEPPER_ROOT;13103;12;13099;20;;;13117;12;13120;20;;;13110.0;0.0
-1;9600;VELVETFRUIT_EXTRACT;5255;37;5255;23;;;5261;60;;;;;5258.0;0.0
-1;9600;VEV_4000;1250;14;1248;28;;;1272;14;1274;28;;;1261.0;0.0
-1;9600;VEV_4500;763;12;761;15;;;779;12;782;15;;;771.0;0.0
-1;9600;VEV_5000;263;27;262;13;;;269;6;270;14;;;266.0;0.0
-1;9600;VEV_5100;166;27;;;;;171;7;;;;;168.5;0.0
-1;9600;VEV_5200;102;9;101;21;;;105;24;;;;;103.5;0.0
-1;9600;VEV_5300;50;25;;;;;52;8;53;17;;;51.0;0.0
-1;9600;VEV_5400;17;18;;;;;18;23;;;;;17.5;0.0
-1;9600;VEV_5500;6;21;;;;;7;22;;;;;6.5;0.0
-1;9600;VEV_6000;0;19;;;;;1;19;;;;;0.5;0.0
-1;9600;VEV_6500;0;16;;;;;1;16;;;;;0.5;0.0
-1;9700;ASH_COATED_OSMIUM;9993;11;9991;29;;;10009;11;10012;29;;;10001.0;0.0
-1;9700;HYDROGEL_PACK;9986;11;9983;24;;;10002;11;10004;24;;;9994.0;0.0
-1;9700;INTARIAN_PEPPER_ROOT;13103;10;13099;22;;;13117;10;13120;22;;;13110.0;0.0
-1;9700;VELVETFRUIT_EXTRACT;5256;33;;;;;5261;20;5262;43;;;5258.5;0.0
-1;9700;VEV_4000;1251;15;1249;17;;;1272;15;1275;17;;;1261.5;0.0
-1;9700;VEV_4500;763;8;761;15;;;779;8;781;15;;;771.0;0.0
-1;9700;VEV_5000;263;9;262;12;;;269;11;270;24;;;266.0;0.0
-1;9700;VEV_5100;166;11;165;30;;;170;29;;;;;168.0;0.0
-1;9700;VEV_5200;102;11;101;27;;;104;12;105;26;;;103.0;0.0
-1;9700;VEV_5300;49;17;;;;;51;21;;;;;50.0;0.0
-1;9700;VEV_5400;;;;;;;17;20;18;23;;;17.0;0.0
-1;9700;VEV_5500;6;23;;;;;7;23;;;;;6.5;0.0
-1;9700;VEV_6000;0;25;;;;;1;25;;;;;0.5;0.0
-1;9700;VEV_6500;0;14;;;;;1;14;;;;;0.5;0.0
-1;9800;ASH_COATED_OSMIUM;9994;11;9991;25;;;10000;10;10012;25;;;9997.0;0.0
-1;9800;HYDROGEL_PACK;9991;14;9989;27;;;10007;14;10010;27;;;9999.0;0.0
-1;9800;INTARIAN_PEPPER_ROOT;13103;8;13099;22;;;13120;22;;;;;13111.5;0.0
-1;9800;VELVETFRUIT_EXTRACT;5257;19;5256;37;;;5262;39;;;;;5259.5;0.0
-1;9800;VEV_4000;1251;7;1249;23;;;1272;7;1275;23;;;1261.5;0.0
-1;9800;VEV_4500;763;12;761;13;;;779;12;781;13;;;771.0;0.0
-1;9800;VEV_5000;263;9;262;17;;;269;7;270;13;;;266.0;0.0
-1;9800;VEV_5100;166;8;;;;;170;7;;;;;168.0;0.0
-1;9800;VEV_5200;101;24;;;;;105;26;;;;;103.0;0.0
-1;9800;VEV_5300;;;;;;;52;16;52;19;;;52.0;0.0
-1;9800;VEV_5400;;;;;;;18;16;;;;;18.0;0.0
-1;9800;VEV_5500;6;27;;;;;7;20;;;;;6.5;0.0
-1;9800;VEV_6000;0;22;;;;;1;22;;;;;0.5;0.0
-1;9800;VEV_6500;0;19;;;;;1;19;;;;;0.5;0.0
-1;9900;ASH_COATED_OSMIUM;9993;11;;;;;;;;;;;9993.0;0.0
-1;9900;HYDROGEL_PACK;9990;15;9987;29;;;10006;15;10008;29;;;9998.0;0.0
-1;9900;INTARIAN_PEPPER_ROOT;13100;22;;;;;13117;12;13120;22;;;13108.5;0.0
-1;9900;VELVETFRUIT_EXTRACT;5256;52;;;;;5262;33;5263;44;;;5259.0;0.0
-1;9900;VEV_4000;1252;13;1250;16;;;1273;13;1276;16;;;1262.5;0.0
-1;9900;VEV_4500;762;8;760;20;;;778;8;780;20;;;770.0;0.0
-1;9900;VEV_5000;264;10;263;17;;;270;6;271;27;;;267.0;0.0
-1;9900;VEV_5100;165;22;;;;;170;33;171;20;;;167.5;0.0
-1;9900;VEV_5200;103;12;102;25;;;105;27;106;33;;;104.0;0.0
-1;9900;VEV_5300;49;23;48;20;;;51;27;;;;;50.0;0.0
-1;9900;VEV_5400;16;19;;;;;18;23;;;;;17.0;0.0
-1;9900;VEV_5500;6;26;;;;;7;28;;;;;6.5;0.0
-1;9900;VEV_6000;0;21;;;;;1;21;;;;;0.5;0.0
-1;9900;VEV_6500;0;12;;;;;1;12;;;;;0.5;0.0
-1;10000;ASH_COATED_OSMIUM;9991;26;;;;;10012;26;;;;;10001.5;0.0
-1;10000;HYDROGEL_PACK;9990;11;9988;21;;;10006;11;10009;21;;;9998.0;0.0
-1;10000;INTARIAN_PEPPER_ROOT;13100;19;;;;;13117;11;;;;;13108.5;0.0
-1;10000;VELVETFRUIT_EXTRACT;5257;51;5257;21;5256;37;5263;68;;;;;5260.0;0.0
-1;10000;VEV_4000;1253;14;1250;24;;;1274;14;1277;24;;;1263.5;0.0
-1;10000;VEV_4500;763;9;761;15;;;779;9;782;15;;;771.0;0.0
-1;10000;VEV_5000;265;8;264;25;;;272;21;;;;;268.5;0.0
-1;10000;VEV_5100;166;14;;;;;171;7;;;;;168.5;0.0
-1;10000;VEV_5200;103;31;102;22;;;105;7;106;31;;;104.0;0.0
-1;10000;VEV_5300;49;24;;;;;51;18;;;;;50.0;0.0
-1;10000;VEV_5400;16;27;;;;;17;17;18;29;;;16.5;0.0
-1;10000;VEV_5500;6;19;;;;;7;27;;;;;6.5;0.0
-1;10000;VEV_6000;0;28;;;;;1;28;;;;;0.5;0.0
-1;10000;VEV_6500;0;11;;;;;1;11;;;;;0.5;0.0
-1;10100;ASH_COATED_OSMIUM;9993;13;;;;;10012;20;;;;;10002.5;0.0
-1;10100;HYDROGEL_PACK;9992;14;9989;24;;;10008;14;10010;24;;;10000.0;0.0
-1;10100;INTARIAN_PEPPER_ROOT;13103;10;13100;15;;;13117;10;;;;;13110.0;0.0
-1;10100;VELVETFRUIT_EXTRACT;5258;15;5257;43;;;5263;52;;;;;5260.5;0.0
-1;10100;VEV_4000;1252;12;1249;29;;;1273;12;1275;29;;;1262.5;0.0
-1;10100;VEV_4500;764;9;762;21;;;780;9;782;21;;;772.0;0.0
-1;10100;VEV_5000;264;6;263;23;;;;;;;;;264.0;0.0
-1;10100;VEV_5100;167;25;;;;;;;;;;;167.0;0.0
-1;10100;VEV_5200;103;23;;;;;106;8;;;;;104.5;0.0
-1;10100;VEV_5300;50;19;;;;;52;22;;;;;51.0;0.0
-1;10100;VEV_5400;;;;;;;;;;;;;0.0;0.0
-1;10100;VEV_5500;6;26;;;;;7;27;;;;;6.5;0.0
-1;10100;VEV_6000;0;23;;;;;1;23;;;;;0.5;0.0
-1;10100;VEV_6500;0;12;;;;;1;12;;;;;0.5;0.0
-1;10200;ASH_COATED_OSMIUM;9994;14;;;;;10012;25;;;;;10003.0;0.0
-1;10200;HYDROGEL_PACK;9992;14;9989;29;;;10008;14;10010;29;;;10000.0;0.0
-1;10200;INTARIAN_PEPPER_ROOT;13103;10;13100;25;;;13106;8;13117;10;;;13104.5;0.0
-1;10200;VELVETFRUIT_EXTRACT;5259;32;;;;;5265;38;;;;;5262.0;0.0
-1;10200;VEV_4000;1252;12;1250;16;;;1274;12;1276;16;;;1263.0;0.0
-1;10200;VEV_4500;764;11;762;17;;;780;11;782;17;;;772.0;0.0
-1;10200;VEV_5000;263;10;262;17;;;269;12;270;24;;;266.0;0.0
-1;10200;VEV_5100;168;7;167;17;;;172;21;173;22;;;170.0;0.0
-1;10200;VEV_5200;104;22;;;;;108;26;;;;;106.0;0.0
-1;10200;VEV_5300;50;19;;;;;52;20;;;;;51.0;0.0
-1;10200;VEV_5400;;;;;;;18;21;;;;;18.0;0.0
-1;10200;VEV_5500;6;27;;;;;7;25;;;;;6.5;0.0
-1;10200;VEV_6000;0;18;;;;;1;18;;;;;0.5;0.0
-1;10200;VEV_6500;0;20;;;;;1;20;;;;;0.5;0.0
-1;10300;ASH_COATED_OSMIUM;9994;10;9991;28;;;10010;10;10012;28;;;10002.0;0.0
-1;10300;HYDROGEL_PACK;9995;13;9993;28;;;10011;13;10014;28;;;10003.0;0.0
-1;10300;INTARIAN_PEPPER_ROOT;13103;10;13100;21;;;13117;10;13121;21;;;13110.0;0.0
-1;10300;VELVETFRUIT_EXTRACT;5261;72;;;;;5267;57;;;;;5264.0;0.0
-1;10300;VEV_4000;1252;15;1250;22;;;1274;15;1276;22;;;1263.0;0.0
-1;10300;VEV_4500;765;9;763;19;;;781;9;783;19;;;773.0;0.0
-1;10300;VEV_5000;261;8;260;27;;;268;20;;;;;264.5;0.0
-1;10300;VEV_5100;166;16;;;;;171;12;172;21;;;168.5;0.0
-1;10300;VEV_5200;105;31;104;25;;;108;25;;;;;106.5;0.0
-1;10300;VEV_5300;50;10;49;13;;;52;23;;;;;51.0;0.0
-1;10300;VEV_5400;16;18;;;;;17;7;18;24;;;16.5;0.0
-1;10300;VEV_5500;6;24;;;;;7;20;;;;;6.5;0.0
-1;10300;VEV_6000;0;22;;;;;1;22;;;;;0.5;0.0
-1;10300;VEV_6500;0;14;;;;;1;14;;;;;0.5;0.0
-1;10400;ASH_COATED_OSMIUM;9991;22;;;;;10010;14;10012;22;;;10000.5;0.0
-1;10400;HYDROGEL_PACK;9996;12;9993;29;;;10012;12;10014;29;;;10004.0;0.0
-1;10400;INTARIAN_PEPPER_ROOT;13103;9;13100;16;;;13117;9;13121;16;;;13110.0;0.0
-1;10400;VELVETFRUIT_EXTRACT;5262;49;;;;;5267;22;5268;39;;;5264.5;0.0
-1;10400;VEV_4000;1251;8;1248;22;;;1272;8;1274;22;;;1261.5;0.0
-1;10400;VEV_4500;765;6;763;17;;;783;17;;;;;774.0;0.0
-1;10400;VEV_5000;262;9;261;24;;;268;12;269;15;;;265.0;0.0
-1;10400;VEV_5100;168;7;167;29;;;172;34;173;24;;;170.0;0.0
-1;10400;VEV_5200;105;13;;;;;109;24;;;;;107.0;0.0
-1;10400;VEV_5300;49;9;;;;;51;25;;;;;50.0;0.0
-1;10400;VEV_5400;16;20;16;25;;;17;22;18;26;;;16.5;0.0
-1;10400;VEV_5500;6;28;;;;;7;30;;;;;6.5;0.0
-1;10400;VEV_6000;0;22;;;;;1;22;;;;;0.5;0.0
-1;10400;VEV_6500;0;12;;;;;1;12;;;;;0.5;0.0
-1;10500;ASH_COATED_OSMIUM;9994;10;9992;20;;;10010;10;10013;20;;;10002.0;0.0
-1;10500;HYDROGEL_PACK;9995;12;9992;23;;;10011;12;10013;23;;;10003.0;0.0
-1;10500;INTARIAN_PEPPER_ROOT;13103;12;13100;22;;;13118;12;13121;22;;;13110.5;0.0
-1;10500;VELVETFRUIT_EXTRACT;5263;63;;;;;5269;30;5269;39;;;5266.0;0.0
-1;10500;VEV_4000;1252;10;1250;18;;;1274;10;1276;18;;;1263.0;0.0
-1;10500;VEV_4500;764;7;762;24;;;780;7;783;24;;;772.0;0.0
-1;10500;VEV_5000;262;11;261;12;;;268;11;269;18;;;265.0;0.0
-1;10500;VEV_5100;168;25;167;28;;;172;25;173;20;;;170.0;0.0
-1;10500;VEV_5200;105;25;;;;;108;23;;;;;106.5;0.0
-1;10500;VEV_5300;50;19;;;;;52;15;;;;;51.0;0.0
-1;10500;VEV_5400;16;23;16;20;;;18;21;;;;;17.0;0.0
-1;10500;VEV_5500;6;20;;;;;7;18;;;;;6.5;0.0
-1;10500;VEV_6000;0;19;;;;;1;19;;;;;0.5;0.0
-1;10500;VEV_6500;0;12;;;;;1;12;;;;;0.5;0.0
-1;10600;ASH_COATED_OSMIUM;9995;11;9992;26;;;10013;26;;;;;10004.0;0.0
-1;10600;HYDROGEL_PACK;9994;14;9992;25;;;10010;14;10013;25;;;10002.0;0.0
-1;10600;INTARIAN_PEPPER_ROOT;13104;10;13100;22;;;13118;10;;;;;13111.0;0.0
-1;10600;VELVETFRUIT_EXTRACT;5263;40;;;;;5269;22;;;;;5266.0;0.0
-1;10600;VEV_4000;1251;14;1249;20;;;1273;14;1275;20;;;1262.0;0.0
-1;10600;VEV_4500;762;16;;;;;783;16;;;;;772.5;0.0
-1;10600;VEV_5000;261;8;260;19;;;267;10;268;15;;;264.0;0.0
-1;10600;VEV_5100;167;9;;;;;;;;;;;167.0;0.0
-1;10600;VEV_5200;104;32;;;;;107;20;108;30;;;105.5;0.0
-1;10600;VEV_5300;50;5;;;;;52;29;;;;;51.0;0.0
-1;10600;VEV_5400;16;20;;;;;;;;;;;16.0;0.0
-1;10600;VEV_5500;6;23;;;;;7;10;;;;;6.5;0.0
-1;10600;VEV_6000;0;24;;;;;1;24;;;;;0.5;0.0
-1;10600;VEV_6500;0;15;;;;;1;15;;;;;0.5;0.0
-1;10700;ASH_COATED_OSMIUM;9994;13;9992;24;;;10013;24;;;;;10003.5;0.0
-1;10700;HYDROGEL_PACK;9994;13;9992;24;;;10010;13;10013;24;;;10002.0;0.0
-1;10700;INTARIAN_PEPPER_ROOT;13104;8;13100;17;;;13118;8;13121;17;;;13111.0;0.0
-1;10700;VELVETFRUIT_EXTRACT;5264;42;;;;;5269;16;5270;56;;;5266.5;0.0
-1;10700;VEV_4000;1250;7;1247;17;;;1271;7;1274;17;;;1260.5;0.0
-1;10700;VEV_4500;765;8;763;15;;;783;15;;;;;774.0;0.0
-1;10700;VEV_5000;263;11;262;21;;;269;10;270;12;;;266.0;0.0
-1;10700;VEV_5100;;;;;;;173;20;;;;;173.0;0.0
-1;10700;VEV_5200;105;23;104;19;;;;;;;;;105.0;0.0
-1;10700;VEV_5300;50;20;;;;;52;20;;;;;51.0;0.0
-1;10700;VEV_5400;16;22;;;;;18;24;;;;;17.0;0.0
-1;10700;VEV_5500;6;21;;;;;7;24;;;;;6.5;0.0
-1;10700;VEV_6000;0;13;;;;;1;13;;;;;0.5;0.0
-1;10700;VEV_6500;0;20;;;;;1;20;;;;;0.5;0.0
-1;10800;ASH_COATED_OSMIUM;9994;12;9992;30;;;10010;12;10013;30;;;10002.0;0.0
-1;10800;HYDROGEL_PACK;9994;10;9992;26;;;10010;10;10013;26;;;10002.0;0.0
-1;10800;INTARIAN_PEPPER_ROOT;13100;15;;;;;13118;12;;;;;13109.0;0.0
-1;10800;VELVETFRUIT_EXTRACT;5263;32;;;;;5269;30;5270;47;;;5266.0;0.0
-1;10800;VEV_4000;1248;8;1246;30;;;1269;8;1272;30;;;1258.5;0.0
-1;10800;VEV_4500;765;8;;;;;781;8;783;21;;;773.0;0.0
-1;10800;VEV_5000;263;9;262;27;;;270;16;;;;;266.5;0.0
-1;10800;VEV_5100;167;11;166;35;;;171;30;;;;;169.0;0.0
-1;10800;VEV_5200;105;10;104;15;;;108;18;;;;;106.5;0.0
-1;10800;VEV_5300;49;5;;;;;51;22;;;;;50.0;0.0
-1;10800;VEV_5400;17;23;16;16;;;;;;;;;17.0;0.0
-1;10800;VEV_5500;6;26;;;;;7;24;;;;;6.5;0.0
-1;10800;VEV_6000;0;25;;;;;1;25;;;;;0.5;0.0
-1;10800;VEV_6500;0;18;;;;;1;18;;;;;0.5;0.0
-1;10900;ASH_COATED_OSMIUM;9994;13;9992;23;;;10013;23;;;;;10003.5;0.0
-1;10900;HYDROGEL_PACK;9996;11;9993;21;;;10012;11;10014;21;;;10004.0;0.0
-1;10900;INTARIAN_PEPPER_ROOT;13104;10;13101;17;;;13121;17;;;;;13112.5;0.0
-1;10900;VELVETFRUIT_EXTRACT;5264;49;;;;;5269;22;5270;58;;;5266.5;0.0
-1;10900;VEV_4000;1250;10;1247;28;;;1271;10;1273;28;;;1260.5;0.0
-1;10900;VEV_4500;765;8;763;17;;;781;8;784;17;;;773.0;0.0
-1;10900;VEV_5000;264;6;263;13;;;270;9;271;24;;;267.0;0.0
-1;10900;VEV_5100;;;;;;;172;33;173;36;;;172.0;0.0
-1;10900;VEV_5200;105;33;;;;;108;19;;;;;106.5;0.0
-1;10900;VEV_5300;49;26;;;;;51;29;52;20;;;50.0;0.0
-1;10900;VEV_5400;16;22;;;;;18;30;;;;;17.0;0.0
-1;10900;VEV_5500;6;24;;;;;7;27;;;;;6.5;0.0
-1;10900;VEV_6000;0;22;;;;;1;22;;;;;0.5;0.0
-1;10900;VEV_6500;0;15;;;;;1;15;;;;;0.5;0.0
-1;11000;ASH_COATED_OSMIUM;9995;13;9992;20;;;10011;13;10013;20;;;10003.0;0.0
-1;11000;HYDROGEL_PACK;9995;12;9993;26;;;10011;12;10014;26;;;10003.0;0.0
-1;11000;INTARIAN_PEPPER_ROOT;13104;11;13101;17;;;13118;11;13121;17;;;13111.0;0.0
-1;11000;VELVETFRUIT_EXTRACT;5264;55;;;;;5270;54;;;;;5267.0;0.0
-1;11000;VEV_4000;1251;10;1249;25;;;1272;10;1275;25;;;1261.5;0.0
-1;11000;VEV_4500;766;9;764;20;;;782;9;784;20;;;774.0;0.0
-1;11000;VEV_5000;263;17;;;;;271;16;;;;;267.0;0.0
-1;11000;VEV_5100;;;;;;;;;;;;;0.0;0.0
-1;11000;VEV_5200;105;25;104;26;;;108;27;;;;;106.5;0.0
-1;11000;VEV_5300;50;19;;;;;52;19;52;6;;;51.0;0.0
-1;11000;VEV_5400;17;7;16;21;;;18;24;;;;;17.5;0.0
-1;11000;VEV_5500;6;20;;;;;7;22;;;;;6.5;0.0
-1;11000;VEV_6000;0;23;;;;;1;23;;;;;0.5;0.0
-1;11000;VEV_6500;0;14;;;;;1;14;;;;;0.5;0.0
-1;11100;ASH_COATED_OSMIUM;9995;13;9992;28;;;10011;13;;;;;10003.0;0.0
-1;11100;HYDROGEL_PACK;9995;14;9992;28;;;10011;14;10013;28;;;10003.0;0.0
-1;11100;INTARIAN_PEPPER_ROOT;13104;12;13101;22;;;13118;12;13121;22;;;13111.0;0.0
-1;11100;VELVETFRUIT_EXTRACT;5265;25;5264;57;;;5270;43;;;;;5267.5;0.0
-1;11100;VEV_4000;1252;12;1249;30;;;1273;12;1276;30;;;1262.5;0.0
-1;11100;VEV_4500;765;8;763;24;;;781;8;782;6;783;24;773.0;0.0
-1;11100;VEV_5000;265;23;;;;;271;10;272;19;;;268.0;0.0
-1;11100;VEV_5100;168;10;167;20;;;172;23;173;16;;;170.0;0.0
-1;11100;VEV_5200;105;7;104;25;;;;;;;;;105.0;0.0
-1;11100;VEV_5300;;;;;;;52;21;;;;;52.0;0.0
-1;11100;VEV_5400;17;26;;;;;17;17;18;25;;;17.0;0.0
-1;11100;VEV_5500;6;21;;;;;7;19;;;;;6.5;0.0
-1;11100;VEV_6000;0;22;;;;;1;22;;;;;0.5;0.0
-1;11100;VEV_6500;0;15;;;;;1;15;;;;;0.5;0.0
-1;11200;ASH_COATED_OSMIUM;9994;14;9992;28;;;10013;28;;;;;10003.5;0.0
-1;11200;HYDROGEL_PACK;9997;13;9994;23;;;10013;13;10015;23;;;10005.0;0.0
-1;11200;INTARIAN_PEPPER_ROOT;13104;8;13101;18;;;13118;8;;;;;13111.0;0.0
-1;11200;VELVETFRUIT_EXTRACT;5264;30;5264;25;;;5270;52;;;;;5267.0;0.0
-1;11200;VEV_4000;1252;8;1249;18;;;1273;8;1275;18;;;1262.5;0.0
-1;11200;VEV_4500;765;10;763;19;;;781;10;783;19;;;773.0;0.0
-1;11200;VEV_5000;264;24;263;17;;;271;15;;;;;267.5;0.0
-1;11200;VEV_5100;168;7;167;26;;;173;27;;;;;170.5;0.0
-1;11200;VEV_5200;104;28;103;14;;;106;29;107;15;;;105.0;0.0
-1;11200;VEV_5300;50;25;;;;;52;23;53;20;;;51.0;0.0
-1;11200;VEV_5400;16;28;;;;;17;22;;;;;16.5;0.0
-1;11200;VEV_5500;6;26;;;;;7;18;;;;;6.5;0.0
-1;11200;VEV_6000;0;18;;;;;1;18;;;;;0.5;0.0
-1;11200;VEV_6500;0;20;;;;;1;20;;;;;0.5;0.0
-1;11300;ASH_COATED_OSMIUM;9994;15;9992;30;;;10013;30;;;;;10003.5;0.0
-1;11300;HYDROGEL_PACK;9995;14;9992;23;;;10011;14;10013;23;;;10003.0;0.0
-1;11300;INTARIAN_PEPPER_ROOT;13104;12;13101;15;;;13118;12;13122;15;;;13111.0;0.0
-1;11300;VELVETFRUIT_EXTRACT;5263;36;5263;66;;;5268;18;5269;66;;;5265.5;0.0
-1;11300;VEV_4000;1252;15;1249;19;;;1273;15;1275;19;;;1262.5;0.0
-1;11300;VEV_4500;764;9;762;21;;;780;9;781;15;782;21;772.0;0.0
-1;11300;VEV_5000;262;24;261;20;;;268;12;269;15;;;265.0;0.0
-1;11300;VEV_5100;168;11;167;34;;;172;36;173;15;;;170.0;0.0
-1;11300;VEV_5200;104;29;;;;;107;28;108;29;;;105.5;0.0
-1;11300;VEV_5300;;;;;;;52;24;53;25;;;52.0;0.0
-1;11300;VEV_5400;;;;;;;19;23;;;;;19.0;0.0
-1;11300;VEV_5500;6;25;;;;;7;21;;;;;6.5;0.0
-1;11300;VEV_6000;0;23;;;;;1;23;;;;;0.5;0.0
-1;11300;VEV_6500;0;16;;;;;1;16;;;;;0.5;0.0
-1;11400;ASH_COATED_OSMIUM;9994;14;9992;20;;;10013;20;;;;;10003.5;0.0
-1;11400;HYDROGEL_PACK;9993;15;9990;27;;;10009;15;10011;27;;;10001.0;0.0
-1;11400;INTARIAN_PEPPER_ROOT;13101;23;;;;;13118;10;13122;23;;;13109.5;0.0
-1;11400;VELVETFRUIT_EXTRACT;5264;54;;;;;5270;33;;;;;5267.0;0.0
-1;11400;VEV_4000;1251;11;1249;26;;;1272;11;1275;26;;;1261.5;0.0
-1;11400;VEV_4500;763;12;761;14;;;779;12;781;14;;;771.0;0.0
-1;11400;VEV_5000;262;9;261;18;;;269;14;;;;;265.5;0.0
-1;11400;VEV_5100;167;9;166;32;;;171;8;172;25;;;169.0;0.0
-1;11400;VEV_5200;104;26;;;;;108;12;;;;;106.0;0.0
-1;11400;VEV_5300;50;25;;;;;52;25;;;;;51.0;0.0
-1;11400;VEV_5400;17;19;;;;;19;25;;;;;18.0;0.0
-1;11400;VEV_5500;6;21;;;;;7;25;;;;;6.5;0.0
-1;11400;VEV_6000;0;25;;;;;1;25;;;;;0.5;0.0
-1;11400;VEV_6500;0;15;;;;;1;15;;;;;0.5;0.0
-1;11500;ASH_COATED_OSMIUM;9995;12;9992;26;;;10011;12;10013;26;;;10003.0;0.0
-1;11500;HYDROGEL_PACK;9994;12;9992;24;;;10010;12;10013;24;;;10002.0;0.0
-1;11500;INTARIAN_PEPPER_ROOT;13104;12;;;;;13122;20;;;;;13113.0;0.0
-1;11500;VELVETFRUIT_EXTRACT;5266;20;5265;50;;;5271;47;;;;;5268.5;0.0
-1;11500;VEV_4000;1252;10;1250;18;;;1273;10;1276;18;;;1262.5;0.0
-1;11500;VEV_4500;763;6;761;18;;;779;6;782;18;;;771.0;0.0
-1;11500;VEV_5000;262;25;261;18;;;268;9;269;14;;;265.0;0.0
-1;11500;VEV_5100;166;15;;;;;171;6;172;21;;;168.5;0.0
-1;11500;VEV_5200;105;10;104;23;;;107;23;;;;;106.0;0.0
-1;11500;VEV_5300;50;26;;;;;52;6;53;16;;;51.0;0.0
-1;11500;VEV_5400;16;18;;;;;18;15;;;;;17.0;0.0
-1;11500;VEV_5500;6;21;;;;;7;18;;;;;6.5;0.0
-1;11500;VEV_6000;0;20;;;;;1;20;;;;;0.5;0.0
-1;11500;VEV_6500;0;16;;;;;1;16;;;;;0.5;0.0
-1;11600;ASH_COATED_OSMIUM;9993;27;;;;;10011;11;10014;27;;;10002.0;0.0
-1;11600;HYDROGEL_PACK;9990;14;9988;24;;;10006;14;10009;24;;;9998.0;0.0
-1;11600;INTARIAN_PEPPER_ROOT;13105;11;13101;21;;;13119;11;;;;;13112.0;0.0
-1;11600;VELVETFRUIT_EXTRACT;5264;17;;;;;5270;45;;;;;5267.0;0.0
-1;11600;VEV_4000;1252;10;1250;27;;;1274;10;1276;27;;;1263.0;0.0
-1;11600;VEV_4500;764;10;762;12;;;780;10;782;12;;;772.0;0.0
-1;11600;VEV_5000;262;8;261;23;;;268;12;269;16;;;265.0;0.0
-1;11600;VEV_5100;165;28;;;;;170;25;;;;;167.5;0.0
-1;11600;VEV_5200;105;10;104;23;;;108;24;;;;;106.5;0.0
-1;11600;VEV_5300;51;18;;;;;53;19;;;;;52.0;0.0
-1;11600;VEV_5400;16;23;;;;;18;23;;;;;17.0;0.0
-1;11600;VEV_5500;6;21;;;;;7;25;;;;;6.5;0.0
-1;11600;VEV_6000;0;20;;;;;1;20;;;;;0.5;0.0
-1;11600;VEV_6500;0;14;;;;;1;14;;;;;0.5;0.0
-1;11700;ASH_COATED_OSMIUM;9995;11;;;;;10011;11;10014;22;;;10003.0;0.0
-1;11700;HYDROGEL_PACK;9988;14;9986;21;;;10004;14;10007;21;;;9996.0;0.0
-1;11700;INTARIAN_PEPPER_ROOT;13105;12;;;;;13119;12;13122;25;;;13112.0;0.0
-1;11700;VELVETFRUIT_EXTRACT;5265;52;5265;21;;;5271;33;5271;22;;;5268.0;0.0
-1;11700;VEV_4000;1253;15;1250;21;;;1274;15;1276;21;;;1263.5;0.0
-1;11700;VEV_4500;764;12;762;21;;;780;12;782;21;;;772.0;0.0
-1;11700;VEV_5000;262;27;261;14;;;268;11;269;31;;;265.0;0.0
-1;11700;VEV_5100;167;11;166;13;;;171;27;;;;;169.0;0.0
-1;11700;VEV_5200;103;24;;;;;107;36;;;;;105.0;0.0
-1;11700;VEV_5300;50;25;49;13;;;52;10;;;;;51.0;0.0
-1;11700;VEV_5400;16;30;;;;;18;16;;;;;17.0;0.0
-1;11700;VEV_5500;6;20;;;;;7;27;;;;;6.5;0.0
-1;11700;VEV_6000;0;15;;;;;1;15;;;;;0.5;0.0
-1;11700;VEV_6500;0;19;;;;;1;19;;;;;0.5;0.0
-1;11800;ASH_COATED_OSMIUM;9995;12;9992;24;;;10011;12;10013;24;;;10003.0;0.0
-1;11800;HYDROGEL_PACK;9990;14;9987;26;;;10006;14;10008;26;;;9998.0;0.0
-1;11800;INTARIAN_PEPPER_ROOT;13105;11;13101;15;;;13122;15;;;;;13113.5;0.0
-1;11800;VELVETFRUIT_EXTRACT;5267;22;5266;32;;;5271;22;5272;68;;;5269.0;0.0
-1;11800;VEV_4000;1253;13;1250;26;;;1274;13;1277;26;;;1263.5;0.0
-1;11800;VEV_4500;765;8;763;23;;;781;8;784;23;;;773.0;0.0
-1;11800;VEV_5000;262;11;261;19;;;269;16;;;;;265.5;0.0
-1;11800;VEV_5100;167;30;;;;;171;9;;;;;169.0;0.0
-1;11800;VEV_5200;104;23;103;32;;;;;;;;;104.0;0.0
-1;11800;VEV_5300;49;25;;;;;51;23;;;;;50.0;0.0
-1;11800;VEV_5400;16;23;16;26;;;17;22;18;25;;;16.5;0.0
-1;11800;VEV_5500;6;20;;;;;7;24;;;;;6.5;0.0
-1;11800;VEV_6000;0;24;;;;;1;24;;;;;0.5;0.0
-1;11800;VEV_6500;0;17;;;;;1;17;;;;;0.5;0.0
-1;11900;ASH_COATED_OSMIUM;9995;15;9993;23;;;10014;23;;;;;10004.5;0.0
-1;11900;HYDROGEL_PACK;9990;12;9988;21;;;10006;12;10009;21;;;9998.0;0.0
-1;11900;INTARIAN_PEPPER_ROOT;13115;4;13105;8;13102;24;13119;8;;;;;13117.0;0.0
-1;11900;VELVETFRUIT_EXTRACT;5266;62;;;;;5271;15;5272;34;5273;50;5268.5;0.0
-1;11900;VEV_4000;1252;14;1249;18;;;1273;14;1275;18;;;1262.5;0.0
-1;11900;VEV_4500;764;8;762;17;;;780;8;781;10;782;17;772.0;0.0
-1;11900;VEV_5000;262;10;261;17;;;269;22;;;;;265.5;0.0
-1;11900;VEV_5100;166;19;;;;;171;31;172;33;;;168.5;0.0
-1;11900;VEV_5200;104;8;;;;;;;;;;;104.0;0.0
-1;11900;VEV_5300;49;23;48;27;;;;;;;;;49.0;0.0
-1;11900;VEV_5400;;;;;;;18;21;;;;;18.0;0.0
-1;11900;VEV_5500;6;16;;;;;7;25;;;;;6.5;0.0
-1;11900;VEV_6000;0;16;;;;;1;16;;;;;0.5;0.0
-1;11900;VEV_6500;0;18;;;;;1;18;;;;;0.5;0.0
-1;12000;ASH_COATED_OSMIUM;9996;13;;;;;10012;13;10014;27;;;10004.0;0.0
-1;12000;HYDROGEL_PACK;9991;13;9988;27;;;10007;13;10009;27;;;9999.0;0.0
-1;12000;INTARIAN_PEPPER_ROOT;13105;12;13102;16;;;13119;12;13122;16;;;13112.0;0.0
-1;12000;VELVETFRUIT_EXTRACT;5267;21;5266;51;;;5272;53;;;;;5269.5;0.0
-1;12000;VEV_4000;1250;9;1248;17;;;1271;9;1274;17;;;1260.5;0.0
-1;12000;VEV_4500;764;6;762;19;;;780;6;782;19;;;772.0;0.0
-1;12000;VEV_5000;261;11;;;;;268;24;;;;;264.5;0.0
-1;12000;VEV_5100;167;26;166;24;;;171;11;172;21;;;169.0;0.0
-1;12000;VEV_5200;101;21;;;;;105;31;;;;;103.0;0.0
-1;12000;VEV_5300;49;19;48;20;;;51;21;51;7;;;50.0;0.0
-1;12000;VEV_5400;17;5;16;25;;;18;26;;;;;17.5;0.0
-1;12000;VEV_5500;6;27;;;;;7;21;;;;;6.5;0.0
-1;12000;VEV_6000;0;25;;;;;1;25;;;;;0.5;0.0
-1;12000;VEV_6500;0;16;;;;;1;16;;;;;0.5;0.0
-1;12100;ASH_COATED_OSMIUM;9995;11;9993;29;;;10014;29;;;;;10004.5;0.0
-1;12100;HYDROGEL_PACK;9993;12;9991;26;;;10009;12;10012;26;;;10001.0;0.0
-1;12100;INTARIAN_PEPPER_ROOT;13105;9;13102;25;;;13119;9;;;;;13112.0;0.0
-1;12100;VELVETFRUIT_EXTRACT;5266;62;;;;;5271;24;5272;67;5273;44;5268.5;0.0
-1;12100;VEV_4000;1252;13;1249;29;;;1273;13;1275;29;;;1262.5;0.0
-1;12100;VEV_4500;764;6;762;20;;;780;6;782;20;;;772.0;0.0
-1;12100;VEV_5000;261;7;260;16;;;267;8;268;13;;;264.0;0.0
-1;12100;VEV_5100;165;26;;;;;170;11;171;24;;;167.5;0.0
-1;12100;VEV_5200;103;26;102;21;;;106;22;;;;;104.5;0.0
-1;12100;VEV_5300;49;25;;;;;51;19;;;;;50.0;0.0
-1;12100;VEV_5400;17;5;16;21;;;18;18;;;;;17.5;0.0
-1;12100;VEV_5500;6;25;;;;;7;28;;;;;6.5;0.0
-1;12100;VEV_6000;0;17;;;;;1;17;;;;;0.5;0.0
-1;12100;VEV_6500;0;15;;;;;1;15;;;;;0.5;0.0
-1;12200;ASH_COATED_OSMIUM;9995;11;9993;28;;;10011;11;10014;28;;;10003.0;0.0
-1;12200;HYDROGEL_PACK;9993;15;9991;27;;;10009;15;10012;27;;;10001.0;0.0
-1;12200;INTARIAN_PEPPER_ROOT;13105;8;;;;;13119;8;13123;17;;;13112.0;0.0
-1;12200;VELVETFRUIT_EXTRACT;5266;33;5266;34;;;5271;21;5272;35;;;5268.5;0.0
-1;12200;VEV_4000;1252;8;1249;26;;;1273;8;1276;26;;;1262.5;0.0
-1;12200;VEV_4500;764;12;;;;;780;12;782;16;;;772.0;0.0
-1;12200;VEV_5000;259;10;258;23;;;265;9;266;23;;;262.0;0.0
-1;12200;VEV_5100;166;21;165;14;;;170;6;171;14;;;168.0;0.0
-1;12200;VEV_5200;103;12;102;26;;;105;12;106;23;;;104.0;0.0
-1;12200;VEV_5300;50;7;;;;;52;25;;;;;51.0;0.0
-1;12200;VEV_5400;16;26;;;;;18;17;;;;;17.0;0.0
-1;12200;VEV_5500;6;22;;;;;7;22;;;;;6.5;0.0
-1;12200;VEV_6000;0;19;;;;;1;19;;;;;0.5;0.0
-1;12200;VEV_6500;0;14;;;;;1;14;;;;;0.5;0.0
-1;12300;ASH_COATED_OSMIUM;9995;14;9993;26;;;10011;14;10014;26;;;10003.0;0.0
-1;12300;HYDROGEL_PACK;9997;14;9994;25;;;10013;14;10015;25;;;10005.0;0.0
-1;12300;INTARIAN_PEPPER_ROOT;13105;10;13102;18;;;13123;18;;;;;13114.0;0.0
-1;12300;VELVETFRUIT_EXTRACT;5266;64;;;;;5272;32;;;;;5269.0;0.0
-1;12300;VEV_4000;1253;12;1251;20;;;1274;12;1277;20;;;1263.5;0.0
-1;12300;VEV_4500;760;12;758;24;;;776;12;779;24;;;768.0;0.0
-1;12300;VEV_5000;260;30;259;24;;;266;25;267;12;;;263.0;0.0
-1;12300;VEV_5100;166;18;165;13;;;170;12;171;22;;;168.0;0.0
-1;12300;VEV_5200;104;8;103;33;;;106;6;107;31;;;105.0;0.0
-1;12300;VEV_5300;50;23;;;;;52;11;;;;;51.0;0.0
-1;12300;VEV_5400;16;21;;;;;17;23;18;25;;;16.5;0.0
-1;12300;VEV_5500;6;24;;;;;7;16;;;;;6.5;0.0
-1;12300;VEV_6000;0;25;;;;;1;25;;;;;0.5;0.0
-1;12300;VEV_6500;0;11;;;;;1;11;;;;;0.5;0.0
-1;12400;ASH_COATED_OSMIUM;9995;15;9993;26;;;10011;15;10014;26;;;10003.0;0.0
-1;12400;HYDROGEL_PACK;9997;10;9994;29;;;10013;10;10015;29;;;10005.0;0.0
-1;12400;INTARIAN_PEPPER_ROOT;13105;12;;;;;13119;12;13123;16;;;13112.0;0.0
-1;12400;VELVETFRUIT_EXTRACT;5265;36;;;;;5271;37;;;;;5268.0;0.0
-1;12400;VEV_4000;1255;13;1252;18;;;1276;13;1279;18;;;1265.5;0.0
-1;12400;VEV_4500;761;11;759;14;;;777;11;779;14;;;769.0;0.0
-1;12400;VEV_5000;262;8;261;24;;;268;8;269;14;;;265.0;0.0
-1;12400;VEV_5100;166;9;165;28;;;171;21;;;;;168.5;0.0
-1;12400;VEV_5200;103;9;102;23;;;105;29;106;15;;;104.0;0.0
-1;12400;VEV_5300;49;17;;;;;51;7;;;;;50.0;0.0
-1;12400;VEV_5400;16;20;16;21;;;;;;;;;16.0;0.0
-1;12400;VEV_5500;6;10;;;;;7;27;;;;;6.5;0.0
-1;12400;VEV_6000;0;26;;;;;1;26;;;;;0.5;0.0
-1;12400;VEV_6500;0;12;;;;;1;12;;;;;0.5;0.0
-1;12500;ASH_COATED_OSMIUM;9995;13;9993;21;;;10014;21;;;;;10004.5;0.0
-1;12500;HYDROGEL_PACK;9999;14;9996;28;;;10015;14;10017;28;;;10007.0;0.0
-1;12500;INTARIAN_PEPPER_ROOT;13105;12;;;;;13120;12;13123;17;;;13112.5;0.0
-1;12500;VELVETFRUIT_EXTRACT;5265;63;;;;;5270;21;5271;65;;;5267.5;0.0
-1;12500;VEV_4000;1253;8;1250;24;;;1274;8;1277;24;;;1263.5;0.0
-1;12500;VEV_4500;761;8;759;12;;;779;12;;;;;770.0;0.0
-1;12500;VEV_5000;261;12;;;;;268;11;269;24;;;264.5;0.0
-1;12500;VEV_5100;166;33;165;31;;;170;9;171;28;;;168.0;0.0
-1;12500;VEV_5200;103;23;;;;;107;22;;;;;105.0;0.0
-1;12500;VEV_5300;49;27;48;12;;;52;13;;;;;50.5;0.0
-1;12500;VEV_5400;;;;;;;17;28;;;;;17.0;0.0
-1;12500;VEV_5500;6;16;;;;;7;26;;;;;6.5;0.0
-1;12500;VEV_6000;0;20;;;;;1;20;;;;;0.5;0.0
-1;12500;VEV_6500;0;11;;;;;1;11;;;;;0.5;0.0
-1;12600;ASH_COATED_OSMIUM;10005;4;9995;12;9992;20;10013;20;;;;;10009.0;0.0
-1;12600;HYDROGEL_PACK;9996;12;9994;27;;;10012;12;10015;27;;;10004.0;0.0
-1;12600;INTARIAN_PEPPER_ROOT;13106;9;13102;23;;;13120;9;;;;;13113.0;0.0
-1;12600;VELVETFRUIT_EXTRACT;5264;20;5263;46;5263;32;5268;20;5269;66;5270;46;5266.0;0.0
-1;12600;VEV_4000;1252;8;1250;24;;;1273;8;1276;24;;;1262.5;0.0
-1;12600;VEV_4500;760;8;758;13;;;776;8;779;13;;;768.0;0.0
-1;12600;VEV_5000;262;34;;;;;268;11;269;21;;;265.0;0.0
-1;12600;VEV_5100;166;21;165;36;;;171;23;;;;;168.5;0.0
-1;12600;VEV_5200;104;11;103;17;;;107;23;;;;;105.5;0.0
