timestamp;buyer;seller;symbol;currency;price;quantity
0;BOT_MAKER;BOT_TAKER;HYDROGEL_PACK;XIRECS;9971.0;5
0;SUBMISSION;BOT;INTARIAN_PEPPER_ROOT;XIRECS;13107.0;8
100;BOT_TAKER;BOT_MAKER;HYDROGEL_PACK;XIRECS;9986.0;5
100;BOT_TAKER;BOT_MAKER;VELVETFRUIT_EXTRACT;XIRECS;5265.0;5
100;BOT_TAKER;BOT_MAKER;VELVETFRUIT_EXTRACT;XIRECS;5265.0;3
100;BOT_TAKER;BOT_MAKER;VEV_5300;XIRECS;51.0;4
100;SUBMISSION;BOT;INTARIAN_PEPPER_ROOT;XIRECS;13107.0;9
200;BOT_MAKER;BOT_TAKER;HYDROGEL_PACK;XIRECS;9970.0;3
200;BOT_TAKER;BOT_MAKER;VELVETFRUIT_EXTRACT;XIRECS;5266.0;5
200;BOT_TAKER;BOT_MAKER;VEV_5500;XIRECS;7.0;3
200;BOT_MAKER;BOT_TAKER;VEV_6000;XIRECS;0.0;2
200;BOT_TAKER;BOT_MAKER;VEV_6500;XIRECS;1.0;3
200;SUBMISSION;BOT;INTARIAN_PEPPER_ROOT;XIRECS;13107.0;10
300;BOT_MAKER;BOT_TAKER;VEV_6000;XIRECS;0.0;3
300;SUBMISSION;BOT;INTARIAN_PEPPER_ROOT;XIRECS;13107.0;11
400;BOT_TAKER;BOT_MAKER;VELVETFRUIT_EXTRACT;XIRECS;5264.0;7
400;BOT_TAKER;BOT_MAKER;VEV_4000;XIRECS;1275.0;3
400;BOT_MAKER;BOT_TAKER;VEV_6000;XIRECS;0.0;4
400;SUBMISSION;BOT;INTARIAN_PEPPER_ROOT;XIRECS;13096.0;8
400;SUBMISSION;BOT;INTARIAN_PEPPER_ROOT;XIRECS;13107.0;12
500;BOT_TAKER;BOT_MAKER;VELVETFRUIT_EXTRACT;XIRECS;5265.0;4
500;SUBMISSION;BOT;INTARIAN_PEPPER_ROOT;XIRECS;13108.0;11
500;SUBMISSION;BOT_TAKER;HYDROGEL_PACK;XIRECS;9968.0;5
500;BOT_MAKER;BOT_TAKER;HYDROGEL_PACK;XIRECS;9967.0;1
600;BOT_TAKER;BOT_MAKER;VELVETFRUIT_EXTRACT;XIRECS;5264.0;3
600;BOT_TAKER;BOT_MAKER;VEV_6000;XIRECS;1.0;3
600;SUBMISSION;BOT;INTARIAN_PEPPER_ROOT;XIRECS;13108.0;8
700;BOT_TAKER;BOT_MAKER;VELVETFRUIT_EXTRACT;XIRECS;5267.0;5
700;SUBMISSION;BOT;INTARIAN_PEPPER_ROOT;XIRECS;13108.0;3
800;BOT_MAKER;BOT_TAKER;VELVETFRUIT_EXTRACT;XIRECS;5261.0;4
900;BOT_MAKER;BOT_TAKER;VELVETFRUIT_EXTRACT;XIRECS;5261.0;6
900;BOT_MAKER;BOT_TAKER;VEV_5400;XIRECS;15.0;5
1000;BOT_TAKER;BOT_MAKER;HYDROGEL_PACK;XIRECS;9988.0;3
1100;BOT_TAKER;BOT_MAKER;HYDROGEL_PACK;XIRECS;9990.0;6
1100;BOT_TAKER;BOT_MAKER;VELVETFRUIT_EXTRACT;XIRECS;5265.0;8
1200;BOT_TAKER;BOT_MAKER;HYDROGEL_PACK;XIRECS;9990.0;2
1200;BOT_TAKER;BOT_MAKER;VEV_5400;XIRECS;17.0;4
1300;BOT_MAKER;BOT_TAKER;HYDROGEL_PACK;XIRECS;9971.0;5
1300;BOT_MAKER;BOT_TAKER;VELVETFRUIT_EXTRACT;XIRECS;5259.0;4
1300;BOT_TAKER;BOT_MAKER;VEV_4000;XIRECS;1273.0;3
1400;BOT_TAKER;BOT_MAKER;VELVETFRUIT_EXTRACT;XIRECS;5264.0;10
1500;BOT_MAKER;BOT_TAKER;VELVETFRUIT_EXTRACT;XIRECS;5259.0;10
1500;BOT_MAKER;BOT_TAKER;VEV_4000;XIRECS;1251.0;3
1500;BOT_TAKER;BOT_MAKER;VEV_6500;XIRECS;1.0;3
1600;BOT_TAKER;BOT_MAKER;VELVETFRUIT_EXTRACT;XIRECS;5265.0;8
1600;BOT_TAKER;SUBMISSION;ASH_COATED_OSMIUM;XIRECS;10008.0;10
1700;BOT_TAKER;SUBMISSION;ASH_COATED_OSMIUM;XIRECS;10011.0;6
1800;BOT_MAKER;BOT_TAKER;VELVETFRUIT_EXTRACT;XIRECS;5258.0;3
1800;BOT_TAKER;BOT_MAKER;VEV_4000;XIRECS;1272.0;1
2100;BOT_MAKER;BOT_TAKER;VELVETFRUIT_EXTRACT;XIRECS;5259.0;8
2100;BOT_MAKER;BOT_TAKER;VEV_6500;XIRECS;0.0;2
2100;SUBMISSION;BOT_TAKER;VELVETFRUIT_EXTRACT;XIRECS;5260.0;4
2200;BOT_MAKER;BOT_TAKER;VELVETFRUIT_EXTRACT;XIRECS;5258.0;4
2200;BOT_TAKER;BOT_MAKER;VEV_4000;XIRECS;1272.0;3
2200;BOT_TAKER;BOT_MAKER;VEV_6000;XIRECS;1.0;5
2200;BOT_MAKER;BOT_TAKER;VEV_6500;XIRECS;0.0;3
2200;BOT_TAKER;SUBMISSION;VELVETFRUIT_EXTRACT;XIRECS;5263.0;3
2300;BOT_TAKER;BOT_MAKER;HYDROGEL_PACK;XIRECS;9988.0;2
2400;BOT_MAKER;BOT_TAKER;HYDROGEL_PACK;XIRECS;9971.0;4
2700;BOT_MAKER;BOT_TAKER;VELVETFRUIT_EXTRACT;XIRECS;5262.0;6
2700;BOT_MAKER;BOT_TAKER;VELVETFRUIT_EXTRACT;XIRECS;5262.0;12
2700;BOT_MAKER;BOT_TAKER;VEV_5400;XIRECS;16.0;4
2700;BOT_MAKER;BOT_TAKER;VEV_6500;XIRECS;0.0;4
2800;BOT_TAKER;BOT_MAKER;VELVETFRUIT_EXTRACT;XIRECS;5267.0;5
2800;BOT_MAKER;BOT_TAKER;VEV_5500;XIRECS;6.0;5
2800;BOT_TAKER;BOT_MAKER;VEV_6500;XIRECS;1.0;4
2800;SUBMISSION;BOT_TAKER;HYDROGEL_PACK;XIRECS;9970.0;5
2800;BOT_MAKER;BOT_TAKER;HYDROGEL_PACK;XIRECS;9969.0;1
3000;BOT_MAKER;BOT_TAKER;VELVETFRUIT_EXTRACT;XIRECS;5263.0;4
3000;BOT_MAKER;BOT_TAKER;VELVETFRUIT_EXTRACT;XIRECS;5263.0;8
3000;BOT_TAKER;SUBMISSION;VELVETFRUIT_EXTRACT;XIRECS;5267.0;3
3100;BOT_MAKER;BOT_TAKER;HYDROGEL_PACK;XIRECS;9971.0;4
3100;BOT_MAKER;BOT_TAKER;VELVETFRUIT_EXTRACT;XIRECS;5262.0;8
3200;BOT_TAKER;BOT_MAKER;HYDROGEL_PACK;XIRECS;9986.0;4
3200;BOT_MAKER;BOT_TAKER;VELVETFRUIT_EXTRACT;XIRECS;5261.0;8
3200;BOT_MAKER;BOT_TAKER;VEV_5400;XIRECS;15.0;4
3200;SUBMISSION;BOT_TAKER;HYDROGEL_PACK;XIRECS;9971.0;2
3200;SUBMISSION;BOT_TAKER;VELVETFRUIT_EXTRACT;XIRECS;5262.0;5
3200;BOT_MAKER;BOT_TAKER;VELVETFRUIT_EXTRACT;XIRECS;5261.0;3
3300;BOT_TAKER;BOT_MAKER;VELVETFRUIT_EXTRACT;XIRECS;5269.0;3
3300;BOT_MAKER;BOT_TAKER;VEV_4000;XIRECS;1249.0;3
3400;BOT_MAKER;BOT_TAKER;ASH_COATED_OSMIUM;XIRECS;9994.0;4
3400;BOT_MAKER;BOT_TAKER;VEV_6500;XIRECS;0.0;5
3500;BOT_TAKER;BOT_MAKER;HYDROGEL_PACK;XIRECS;9987.0;2
3600;BOT_TAKER;BOT_MAKER;ASH_COATED_OSMIUM;XIRECS;10009.0;5
3600;BOT_TAKER;BOT_MAKER;VELVETFRUIT_EXTRACT;XIRECS;5269.0;7
3800;BOT_MAKER;BOT_TAKER;VELVETFRUIT_EXTRACT;XIRECS;5267.0;3
3900;BOT_TAKER;BOT_MAKER;HYDROGEL_PACK;XIRECS;9990.0;2
3900;BOT_TAKER;BOT_MAKER;INTARIAN_PEPPER_ROOT;XIRECS;13111.0;3
3900;BOT_TAKER;BOT_MAKER;VELVETFRUIT_EXTRACT;XIRECS;5271.0;5
4000;BOT_MAKER;BOT_TAKER;VELVETFRUIT_EXTRACT;XIRECS;5264.0;11
4100;BOT_MAKER;BOT_TAKER;VELVETFRUIT_EXTRACT;XIRECS;5266.0;7
4100;BOT_MAKER;BOT_TAKER;VEV_4000;XIRECS;1249.0;3
4100;SUBMISSION;BOT_TAKER;VEV_4000;XIRECS;1250.0;3
4200;BOT_TAKER;BOT_MAKER;VELVETFRUIT_EXTRACT;XIRECS;5271.0;4
4300;BOT_MAKER;BOT_TAKER;VELVETFRUIT_EXTRACT;XIRECS;5266.0;3
4300;BOT_MAKER;BOT_TAKER;VEV_5500;XIRECS;6.0;2
4500;BOT_TAKER;BOT_MAKER;HYDROGEL_PACK;XIRECS;9992.0;5
4500;BOT_TAKER;BOT_MAKER;INTARIAN_PEPPER_ROOT;XIRECS;13112.0;3
4500;BOT_MAKER;BOT_TAKER;VEV_4000;XIRECS;1248.0;1
4500;BOT_MAKER;BOT_TAKER;VEV_4000;XIRECS;1248.0;1
4600;BOT_TAKER;BOT_MAKER;INTARIAN_PEPPER_ROOT;XIRECS;13112.0;3
4600;BOT_TAKER;BOT_MAKER;VELVETFRUIT_EXTRACT;XIRECS;5274.0;8
4700;BOT_MAKER;BOT_TAKER;HYDROGEL_PACK;XIRECS;9977.0;4
4700;BOT_TAKER;SUBMISSION;VELVETFRUIT_EXTRACT;XIRECS;5272.0;3
4800;BOT_TAKER;BOT_MAKER;VEV_5200;XIRECS;109.0;2
4800;BOT_TAKER;BOT_MAKER;VEV_5200;XIRECS;110.0;3
4900;BOT_TAKER;BOT_MAKER;HYDROGEL_PACK;XIRECS;9991.0;2
4900;BOT_TAKER;BOT_MAKER;VELVETFRUIT_EXTRACT;XIRECS;5270.0;5
4900;BOT_MAKER;BOT_TAKER;VEV_6000;XIRECS;0.0;2
5000;BOT_TAKER;BOT_MAKER;HYDROGEL_PACK;XIRECS;9992.0;3
5000;BOT_TAKER;SUBMISSION;HYDROGEL_PACK;XIRECS;9991.0;3
5100;BOT_TAKER;BOT_MAKER;VELVETFRUIT_EXTRACT;XIRECS;5270.0;7
5100;BOT_MAKER;BOT_TAKER;VEV_4000;XIRECS;1248.0;1
5100;BOT_TAKER;SUBMISSION;HYDROGEL_PACK;XIRECS;9992.0;5
5200;BOT_MAKER;BOT_TAKER;VELVETFRUIT_EXTRACT;XIRECS;5264.0;6
5200;BOT_MAKER;BOT_TAKER;VELVETFRUIT_EXTRACT;XIRECS;5264.0;12
5300;BOT_TAKER;BOT_MAKER;HYDROGEL_PACK;XIRECS;9995.0;3
5300;BOT_MAKER;BOT_TAKER;VELVETFRUIT_EXTRACT;XIRECS;5265.0;8
5300;BOT_MAKER;BOT_TAKER;VEV_6000;XIRECS;0.0;5
5300;BOT_TAKER;BOT_MAKER;ASH_COATED_OSMIUM;XIRECS;10004.0;1
5300;BOT_TAKER;BOT_MAKER;ASH_COATED_OSMIUM;XIRECS;10010.0;7
5400;BOT_TAKER;SUBMISSION;HYDROGEL_PACK;XIRECS;9998.0;5
5500;BOT_TAKER;BOT_MAKER;HYDROGEL_PACK;XIRECS;9998.0;3
5600;BOT_MAKER;BOT_TAKER;HYDROGEL_PACK;XIRECS;9982.0;4
5600;BOT_TAKER;BOT_MAKER;VELVETFRUIT_EXTRACT;XIRECS;5269.0;3
5800;BOT_MAKER;BOT_TAKER;HYDROGEL_PACK;XIRECS;9981.0;4
5800;BOT_MAKER;BOT_TAKER;VELVETFRUIT_EXTRACT;XIRECS;5264.0;4
5800;BOT_TAKER;BOT_MAKER;VELVETFRUIT_EXTRACT;XIRECS;5269.0;8
5900;BOT_MAKER;BOT_TAKER;VEV_4000;XIRECS;1247.0;2
6000;BOT_MAKER;BOT_TAKER;VELVETFRUIT_EXTRACT;XIRECS;5264.0;7
6000;BOT_MAKER;BOT_TAKER;VEV_4000;XIRECS;1247.0;1
6100;BOT_TAKER;BOT_MAKER;VELVETFRUIT_EXTRACT;XIRECS;5269.0;8
6100;BOT_TAKER;BOT_MAKER;VEV_5400;XIRECS;16.0;4
6100;SUBMISSION;BOT_TAKER;HYDROGEL_PACK;XIRECS;9986.0;3
6200;BOT_MAKER;BOT_TAKER;VELVETFRUIT_EXTRACT;XIRECS;5266.0;6
6200;BOT_TAKER;BOT_MAKER;VEV_5500;XIRECS;7.0;4
6300;BOT_TAKER;BOT_MAKER;HYDROGEL_PACK;XIRECS;9997.0;6
6300;BOT_MAKER;BOT_TAKER;VELVETFRUIT_EXTRACT;XIRECS;5267.0;13
6400;BOT_TAKER;BOT_MAKER;VELVETFRUIT_EXTRACT;XIRECS;5273.0;6
6400;BOT_TAKER;BOT_MAKER;VEV_4000;XIRECS;1268.0;2
6400;BOT_TAKER;BOT_MAKER;VEV_5500;XIRECS;7.0;3
6500;BOT_MAKER;BOT_TAKER;VEV_4000;XIRECS;1246.0;1
6600;BOT_MAKER;BOT_TAKER;HYDROGEL_PACK;XIRECS;9981.0;3
6600;BOT_MAKER;BOT_TAKER;VELVETFRUIT_EXTRACT;XIRECS;5265.0;4
6600;BOT_MAKER;BOT_TAKER;VEV_6000;XIRECS;0.0;4
6700;BOT_TAKER;SUBMISSION;ASH_COATED_OSMIUM;XIRECS;10010.0;4
6700;BOT_TAKER;SUBMISSION;HYDROGEL_PACK;XIRECS;9995.0;4
6900;BOT_TAKER;BOT_MAKER;HYDROGEL_PACK;XIRECS;9995.0;2
7000;BOT_TAKER;BOT_MAKER;HYDROGEL_PACK;XIRECS;9997.0;4
7000;BOT_MAKER;BOT_TAKER;VEV_5300;XIRECS;51.0;5
7100;BOT_MAKER;BOT_TAKER;HYDROGEL_PACK;XIRECS;9983.0;2
7200;BOT_TAKER;BOT_MAKER;VELVETFRUIT_EXTRACT;XIRECS;5270.0;6
7200;BOT_TAKER;BOT_MAKER;VEV_6500;XIRECS;1.0;2
7200;BOT_TAKER;BOT_MAKER;VEV_6500;XIRECS;1.0;4
7300;BOT_TAKER;BOT_MAKER;VEV_5500;XIRECS;7.0;4
7400;BOT_TAKER;BOT_MAKER;HYDROGEL_PACK;XIRECS;9995.0;4
7500;BOT_MAKER;BOT_TAKER;VELVETFRUIT_EXTRACT;XIRECS;5262.0;7
7600;BOT_MAKER;BOT_TAKER;VEV_5400;XIRECS;16.0;5
7700;BOT_MAKER;BOT_TAKER;VELVETFRUIT_EXTRACT;XIRECS;5262.0;3
7800;BOT_MAKER;BOT_TAKER;VELVETFRUIT_EXTRACT;XIRECS;5262.0;8
7900;BOT_MAKER;BOT_TAKER;HYDROGEL_PACK;XIRECS;9982.0;5
7900;BOT_MAKER;BOT_TAKER;VELVETFRUIT_EXTRACT;XIRECS;5260.0;6
7900;BOT_MAKER;BOT_TAKER;VEV_4000;XIRECS;1250.0;1
8000;BOT_MAKER;BOT_TAKER;HYDROGEL_PACK;XIRECS;9979.0;5
8000;BOT_MAKER;BOT_TAKER;VEV_5300;XIRECS;49.0;3
8000;BOT_TAKER;SUBMISSION;VEV_4000;XIRECS;1271.0;1
8200;BOT_TAKER;BOT_MAKER;HYDROGEL_PACK;XIRECS;9995.0;2
8200;BOT_MAKER;BOT_TAKER;INTARIAN_PEPPER_ROOT;XIRECS;13101.0;3
8300;BOT_TAKER;BOT_MAKER;HYDROGEL_PACK;XIRECS;9995.0;4
8400;BOT_TAKER;BOT_MAKER;ASH_COATED_OSMIUM;XIRECS;10010.0;8
8500;BOT_TAKER;BOT_MAKER;VEV_4000;XIRECS;1273.0;2
8600;BOT_MAKER;BOT_TAKER;HYDROGEL_PACK;XIRECS;9977.0;6
8600;BOT_MAKER;BOT_TAKER;VELVETFRUIT_EXTRACT;XIRECS;5260.0;5
8600;BOT_TAKER;BOT_MAKER;VEV_6500;XIRECS;1.0;3
8600;SUBMISSION;BOT_TAKER;HYDROGEL_PACK;XIRECS;9978.0;5
8600;BOT_MAKER;BOT_TAKER;HYDROGEL_PACK;XIRECS;9977.0;1
8700;BOT_TAKER;BOT_MAKER;VELVETFRUIT_EXTRACT;XIRECS;5266.0;8
8700;BOT_MAKER;BOT_TAKER;VEV_5500;XIRECS;6.0;3
8900;BOT_TAKER;BOT_MAKER;HYDROGEL_PACK;XIRECS;9993.0;3
8900;BOT_TAKER;BOT_MAKER;VELVETFRUIT_EXTRACT;XIRECS;5264.0;8
8900;BOT_MAKER;BOT_TAKER;VEV_4000;XIRECS;1253.0;1
9000;BOT_MAKER;BOT_TAKER;VEV_5300;XIRECS;50.0;3
9100;BOT_TAKER;BOT_MAKER;VEV_4000;XIRECS;1273.0;2
9100;BOT_TAKER;SUBMISSION;ASH_COATED_OSMIUM;XIRECS;10008.0;3
9300;BOT_MAKER;BOT_TAKER;VEV_4000;XIRECS;1252.0;2
9300;SUBMISSION;BOT;ASH_COATED_OSMIUM;XIRECS;9999.0;8
9300;BOT_TAKER;SUBMISSION;VELVETFRUIT_EXTRACT;XIRECS;5262.0;5
9400;BOT_MAKER;BOT_TAKER;HYDROGEL_PACK;XIRECS;9986.0;6
9500;BOT_MAKER;BOT_TAKER;VEV_6000;XIRECS;0.0;5
9600;BOT_TAKER;BOT_MAKER;HYDROGEL_PACK;XIRECS;10003.0;2
9600;BOT_MAKER;BOT_TAKER;HYDROGEL_PACK;XIRECS;9987.0;4
9600;BOT_TAKER;BOT_MAKER;VEV_4000;XIRECS;1272.0;2
9700;BOT_MAKER;BOT_TAKER;VELVETFRUIT_EXTRACT;XIRECS;5256.0;8
9700;BOT_TAKER;BOT_MAKER;VEV_5500;XIRECS;7.0;4
9800;BOT_TAKER;BOT_MAKER;VELVETFRUIT_EXTRACT;XIRECS;5262.0;6
9800;BOT_TAKER;BOT_MAKER;VEV_5400;XIRECS;18.0;5
9800;SUBMISSION;BOT;ASH_COATED_OSMIUM;XIRECS;10000.0;10
9900;BOT_MAKER;BOT_TAKER;ASH_COATED_OSMIUM;XIRECS;9993.0;4
9900;BOT_TAKER;BOT_MAKER;HYDROGEL_PACK;XIRECS;10006.0;3
9900;BOT_MAKER;BOT_TAKER;VEV_4000;XIRECS;1252.0;3
9900;BOT_TAKER;BOT_MAKER;VEV_6000;XIRECS;1.0;5
10000;BOT_TAKER;BOT_MAKER;HYDROGEL_PACK;XIRECS;10006.0;3
10000;BOT_MAKER;BOT_TAKER;VELVETFRUIT_EXTRACT;XIRECS;5257.0;5
10000;BOT_TAKER;SUBMISSION;VELVETFRUIT_EXTRACT;XIRECS;5262.0;3
10200;BOT_TAKER;BOT_MAKER;VELVETFRUIT_EXTRACT;XIRECS;5265.0;6
10200;SUBMISSION;BOT_TAKER;VELVETFRUIT_EXTRACT;XIRECS;5260.0;5
10400;BOT_MAKER;BOT_TAKER;VELVETFRUIT_EXTRACT;XIRECS;5262.0;8
10400;BOT_TAKER;BOT_MAKER;VEV_6000;XIRECS;1.0;5
10600;BOT_MAKER;BOT_TAKER;HYDROGEL_PACK;XIRECS;9994.0;3
10600;BOT_MAKER;BOT_TAKER;VELVETFRUIT_EXTRACT;XIRECS;5263.0;7
10600;BOT_TAKER;BOT_MAKER;VELVETFRUIT_EXTRACT;XIRECS;5269.0;6
10600;SUBMISSION;BOT_TAKER;VELVETFRUIT_EXTRACT;XIRECS;5264.0;5
10600;BOT_MAKER;BOT_TAKER;VELVETFRUIT_EXTRACT;XIRECS;5263.0;2
10700;BOT_MAKER;BOT_TAKER;VEV_5500;XIRECS;6.0;2
10800;SUBMISSION;BOT_TAKER;HYDROGEL_PACK;XIRECS;9995.0;2
10900;BOT_MAKER;BOT_TAKER;HYDROGEL_PACK;XIRECS;9996.0;2
11000;BOT_MAKER;BOT_TAKER;ASH_COATED_OSMIUM;XIRECS;9995.0;6
11000;BOT_TAKER;BOT_MAKER;HYDROGEL_PACK;XIRECS;10011.0;6
11000;BOT_TAKER;SUBMISSION;VEV_4000;XIRECS;1271.0;1
11100;BOT_MAKER;BOT_TAKER;VELVETFRUIT_EXTRACT;XIRECS;5265.0;8
11200;BOT_MAKER;BOT_TAKER;VELVETFRUIT_EXTRACT;XIRECS;5264.0;8
11200;BOT_MAKER;BOT_TAKER;VEV_4000;XIRECS;1252.0;3
11300;BOT_MAKER;BOT_TAKER;HYDROGEL_PACK;XIRECS;9995.0;3
11300;BOT_TAKER;BOT_MAKER;VELVETFRUIT_EXTRACT;XIRECS;5268.0;5
11400;BOT_MAKER;BOT_TAKER;HYDROGEL_PACK;XIRECS;9993.0;6
11700;BOT_TAKER;BOT_MAKER;ASH_COATED_OSMIUM;XIRECS;10011.0;3
11700;BOT_TAKER;BOT_MAKER;HYDROGEL_PACK;XIRECS;10004.0;6
11700;BOT_TAKER;BOT_MAKER;VEV_5500;XIRECS;7.0;4
11700;BOT_MAKER;BOT_TAKER;VEV_6500;XIRECS;0.0;5
11800;BOT_TAKER;BOT_MAKER;VELVETFRUIT_EXTRACT;XIRECS;5271.0;4
11800;BOT_TAKER;SUBMISSION;ASH_COATED_OSMIUM;XIRECS;10010.0;6
11800;SUBMISSION;BOT_TAKER;VEV_4000;XIRECS;1254.0;3
11900;BOT_TAKER;BOT_MAKER;INTARIAN_PEPPER_ROOT;XIRECS;13119.0;8
11900;BOT_MAKER;BOT_TAKER;VELVETFRUIT_EXTRACT;XIRECS;5266.0;3
12200;BOT_TAKER;BOT_MAKER;VEV_6000;XIRECS;1.0;4
12200;BOT_TAKER;SUBMISSION;VELVETFRUIT_EXTRACT;XIRECS;5270.0;3
12300;SUBMISSION;BOT_TAKER;VELVETFRUIT_EXTRACT;XIRECS;5267.0;4
12400;BOT_MAKER;BOT_TAKER;VELVETFRUIT_EXTRACT;XIRECS;5265.0;7
12600;BOT_MAKER;BOT_TAKER;VELVETFRUIT_EXTRACT;XIRECS;5264.0;4
12600;BOT;SUBMISSION;ASH_COATED_OSMIUM;XIRECS;10005.0;4
12600;SUBMISSION;BOT_TAKER;HYDROGEL_PACK;XIRECS;9997.0;4
12700;BOT_TAKER;BOT_MAKER;HYDROGEL_PACK;XIRECS;10012.0;6
12800;BOT_TAKER;BOT_MAKER;ASH_COATED_OSMIUM;XIRECS;10011.0;7
12800;BOT_TAKER;BOT_MAKER;HYDROGEL_PACK;XIRECS;10011.0;5
12800;BOT_MAKER;BOT_TAKER;VELVETFRUIT_EXTRACT;XIRECS;5261.0;3
12900;BOT_TAKER;BOT_MAKER;VELVETFRUIT_EXTRACT;XIRECS;5266.0;7
12900;BOT_TAKER;BOT_MAKER;VEV_6000;XIRECS;1.0;2
12900;BOT_TAKER;BOT_MAKER;VEV_6500;XIRECS;1.0;3
13000;BOT_MAKER;BOT_TAKER;VELVETFRUIT_EXTRACT;XIRECS;5260.0;3
13000;BOT_TAKER;BOT_MAKER;VELVETFRUIT_EXTRACT;XIRECS;5264.0;8
13000;SUBMISSION;BOT_TAKER;VELVETFRUIT_EXTRACT;XIRECS;5261.0;5
13000;BOT_MAKER;BOT_TAKER;VELVETFRUIT_EXTRACT;XIRECS;5260.0;3
13100;BOT_MAKER;BOT_TAKER;VEV_4000;XIRECS;1247.0;3
13100;BOT_TAKER;SUBMISSION;VELVETFRUIT_EXTRACT;XIRECS;5265.0;5
13100;BOT_TAKER;BOT_MAKER;VELVETFRUIT_EXTRACT;XIRECS;5266.0;2
13200;BOT_TAKER;BOT_MAKER;VELVETFRUIT_EXTRACT;XIRECS;5266.0;7
13200;BOT_TAKER;BOT_MAKER;VEV_6000;XIRECS;1.0;5
13200;BOT;SUBMISSION;ASH_COATED_OSMIUM;XIRECS;10007.0;7
13300;BOT_MAKER;BOT_TAKER;VELVETFRUIT_EXTRACT;XIRECS;5260.0;3
13300;SUBMISSION;BOT_TAKER;HYDROGEL_PACK;XIRECS;9994.0;5
13400;BOT_TAKER;BOT_MAKER;VEV_6500;XIRECS;1.0;5
13400;BOT_TAKER;SUBMISSION;ASH_COATED_OSMIUM;XIRECS;10011.0;8
13500;BOT_MAKER;BOT_TAKER;HYDROGEL_PACK;XIRECS;9989.0;6
13500;BOT_MAKER;BOT_TAKER;VELVETFRUIT_EXTRACT;XIRECS;5259.0;9
13600;BOT_MAKER;BOT_TAKER;VEV_5300;XIRECS;50.0;4
13700;BOT_TAKER;SUBMISSION;INTARIAN_PEPPER_ROOT;XIRECS;13121.0;6
13800;BOT_TAKER;BOT_MAKER;HYDROGEL_PACK;XIRECS;10012.0;6
13800;BOT_TAKER;BOT_MAKER;VEV_6500;XIRECS;1.0;2
13800;SUBMISSION;BOT;INTARIAN_PEPPER_ROOT;XIRECS;13121.0;6
13900;BOT_TAKER;BOT_MAKER;VELVETFRUIT_EXTRACT;XIRECS;5262.0;7
13900;BOT_TAKER;BOT_MAKER;VEV_4000;XIRECS;1269.0;3
13900;BOT_MAKER;BOT_TAKER;VEV_5400;XIRECS;16.0;3
14000;BOT_TAKER;BOT_MAKER;VELVETFRUIT_EXTRACT;XIRECS;5264.0;5
14100;BOT_TAKER;BOT_MAKER;VELVETFRUIT_EXTRACT;XIRECS;5266.0;5
14100;BOT_MAKER;BOT_TAKER;VEV_4000;XIRECS;1248.0;2
14100;BOT_MAKER;BOT_TAKER;VEV_6000;XIRECS;0.0;2
14200;BOT_TAKER;SUBMISSION;ASH_COATED_OSMIUM;XIRECS;10009.0;5
14400;BOT_MAKER;BOT_TAKER;HYDROGEL_PACK;XIRECS;9993.0;2
14400;BOT_MAKER;BOT_TAKER;INTARIAN_PEPPER_ROOT;XIRECS;13107.0;5
14500;BOT_TAKER;BOT_MAKER;HYDROGEL_PACK;XIRECS;10009.0;6
14500;BOT_MAKER;BOT_TAKER;VEV_6000;XIRECS;0.0;2
14600;BOT_MAKER;BOT_TAKER;HYDROGEL_PACK;XIRECS;9995.0;4
14600;BOT_TAKER;BOT_MAKER;VELVETFRUIT_EXTRACT;XIRECS;5263.0;3
14700;SUBMISSION;BOT;ASH_COATED_OSMIUM;XIRECS;9998.0;7
14800;BOT_TAKER;BOT_MAKER;VELVETFRUIT_EXTRACT;XIRECS;5263.0;15
14800;BOT_MAKER;BOT_TAKER;VEV_4000;XIRECS;1248.0;2
14900;BOT_MAKER;BOT_TAKER;INTARIAN_PEPPER_ROOT;XIRECS;13108.0;6
14900;BOT_MAKER;BOT_TAKER;VELVETFRUIT_EXTRACT;XIRECS;5258.0;7
15100;BOT_TAKER;BOT_MAKER;HYDROGEL_PACK;XIRECS;10013.0;3
15200;BOT_MAKER;BOT_TAKER;VEV_4000;XIRECS;1250.0;3
15500;BOT_MAKER;BOT_TAKER;VELVETFRUIT_EXTRACT;XIRECS;5260.0;3
15600;BOT_MAKER;BOT_TAKER;HYDROGEL_PACK;XIRECS;9992.0;2
15700;BOT_MAKER;BOT_TAKER;ASH_COATED_OSMIUM;XIRECS;9994.0;3
15800;BOT_MAKER;BOT_TAKER;HYDROGEL_PACK;XIRECS;9989.0;4
15800;BOT_TAKER;BOT_MAKER;VELVETFRUIT_EXTRACT;XIRECS;5268.0;7
15800;BOT_TAKER;BOT_MAKER;VEV_4000;XIRECS;1277.0;3
15800;BOT_TAKER;BOT_MAKER;VEV_6000;XIRECS;1.0;4
15900;BOT_TAKER;BOT_MAKER;ASH_COATED_OSMIUM;XIRECS;10010.0;8
15900;BOT_TAKER;BOT_MAKER;VELVETFRUIT_EXTRACT;XIRECS;5268.0;3
16000;BOT_MAKER;BOT_TAKER;VEV_5400;XIRECS;15.0;5
16100;BOT_TAKER;SUBMISSION;ASH_COATED_OSMIUM;XIRECS;10009.0;10
16200;BOT_MAKER;BOT_TAKER;VEV_4000;XIRECS;1258.0;2
16400;BOT_MAKER;BOT_TAKER;VELVETFRUIT_EXTRACT;XIRECS;5261.0;5
16400;BOT_MAKER;BOT_TAKER;VEV_4000;XIRECS;1257.0;3
16500;BOT_MAKER;BOT_TAKER;VELVETFRUIT_EXTRACT;XIRECS;5261.0;5
16600;BOT_MAKER;BOT_TAKER;VEV_6500;XIRECS;0.0;4
16800;BOT_MAKER;BOT_TAKER;HYDROGEL_PACK;XIRECS;9991.0;3
16800;BOT_MAKER;BOT_TAKER;VEV_6500;XIRECS;0.0;2
16800;BOT_TAKER;SUBMISSION;VEV_4000;XIRECS;1278.0;2
16900;BOT_TAKER;BOT_MAKER;VELVETFRUIT_EXTRACT;XIRECS;5267.0;7
17100;BOT_TAKER;BOT_MAKER;VELVETFRUIT_EXTRACT;XIRECS;5265.0;8
17100;BOT_TAKER;BOT_MAKER;VEV_6500;XIRECS;1.0;4
17100;SUBMISSION;BOT_TAKER;VELVETFRUIT_EXTRACT;XIRECS;5262.0;5
17100;BOT_MAKER;BOT_TAKER;VELVETFRUIT_EXTRACT;XIRECS;5261.0;3
17200;BOT_TAKER;BOT_MAKER;ASH_COATED_OSMIUM;XIRECS;10008.0;8
17200;BOT_TAKER;BOT_MAKER;VELVETFRUIT_EXTRACT;XIRECS;5265.0;7
17200;BOT_TAKER;BOT_MAKER;VEV_4000;XIRECS;1278.0;1
17200;BOT_TAKER;SUBMISSION;HYDROGEL_PACK;XIRECS;10007.0;5
17200;BOT_TAKER;BOT_MAKER;HYDROGEL_PACK;XIRECS;10008.0;1
17300;BOT_TAKER;BOT_MAKER;HYDROGEL_PACK;XIRECS;10009.0;2
17400;BOT_MAKER;BOT_TAKER;VEV_4000;XIRECS;1258.0;3
17500;BOT_MAKER;BOT_TAKER;ASH_COATED_OSMIUM;XIRECS;9993.0;2
17700;BOT_TAKER;BOT_MAKER;VELVETFRUIT_EXTRACT;XIRECS;5265.0;8
17900;SUBMISSION;BOT;ASH_COATED_OSMIUM;XIRECS;9997.0;10
18000;BOT_MAKER;BOT_TAKER;VELVETFRUIT_EXTRACT;XIRECS;5256.0;5
18100;BOT_MAKER;BOT_TAKER;HYDROGEL_PACK;XIRECS;9989.0;2
18100;BOT_TAKER;BOT_MAKER;VEV_5300;XIRECS;50.0;3
18100;SUBMISSION;BOT;ASH_COATED_OSMIUM;XIRECS;9998.0;9
18200;BOT_MAKER;BOT_TAKER;VELVETFRUIT_EXTRACT;XIRECS;5257.0;3
18200;SUBMISSION;BOT_TAKER;VELVETFRUIT_EXTRACT;XIRECS;5258.0;3
18300;BOT_MAKER;BOT_TAKER;HYDROGEL_PACK;XIRECS;9992.0;6
18300;BOT_MAKER;BOT_TAKER;VEV_4000;XIRECS;1261.0;1
18300;SUBMISSION;BOT_TAKER;HYDROGEL_PACK;XIRECS;9993.0;5
18500;BOT_TAKER;BOT_MAKER;VELVETFRUIT_EXTRACT;XIRECS;5264.0;6
18500;BOT_TAKER;BOT_MAKER;VELVETFRUIT_EXTRACT;XIRECS;5264.0;5
18600;BOT_MAKER;BOT_TAKER;HYDROGEL_PACK;XIRECS;9989.0;6
18600;SUBMISSION;BOT_TAKER;HYDROGEL_PACK;XIRECS;9990.0;5
18600;BOT_MAKER;BOT_TAKER;HYDROGEL_PACK;XIRECS;9989.0;1
18600;SUBMISSION;BOT_TAKER;VELVETFRUIT_EXTRACT;XIRECS;5260.0;5
18600;BOT_MAKER;BOT_TAKER;VELVETFRUIT_EXTRACT;XIRECS;5259.0;1
18700;BOT_TAKER;BOT_MAKER;ASH_COATED_OSMIUM;XIRECS;10010.0;2
18700;BOT_TAKER;BOT_MAKER;VEV_4000;XIRECS;1285.0;2
18700;BOT_TAKER;BOT_MAKER;VEV_6500;XIRECS;1.0;5
18800;BOT_TAKER;BOT_MAKER;VEV_5500;XIRECS;7.0;3
18800;SUBMISSION;BOT_TAKER;VELVETFRUIT_EXTRACT;XIRECS;5260.0;5
18900;BOT_TAKER;BOT_MAKER;ASH_COATED_OSMIUM;XIRECS;10013.0;3
18900;BOT_TAKER;BOT_MAKER;HYDROGEL_PACK;XIRECS;10005.0;2
18900;BOT_MAKER;BOT_TAKER;VEV_6500;XIRECS;0.0;2
18900;SUBMISSION;BOT_TAKER;ASH_COATED_OSMIUM;XIRECS;9995.0;3
19000;BOT_TAKER;BOT_MAKER;VELVETFRUIT_EXTRACT;XIRECS;5267.0;5
19000;BOT_TAKER;BOT_MAKER;VEV_4000;XIRECS;1285.0;3
19100;SUBMISSION;BOT_TAKER;HYDROGEL_PACK;XIRECS;9994.0;4
19200;BOT_TAKER;BOT_MAKER;VELVETFRUIT_EXTRACT;XIRECS;5268.0;7
19200;BOT_MAKER;BOT_TAKER;VEV_4000;XIRECS;1263.0;2
19200;BOT_TAKER;BOT_MAKER;VEV_6000;XIRECS;1.0;3
19200;BOT_MAKER;BOT_TAKER;VEV_6500;XIRECS;0.0;3
19400;BOT_TAKER;BOT_MAKER;ASH_COATED_OSMIUM;XIRECS;10009.0;5
19400;BOT_MAKER;BOT_TAKER;HYDROGEL_PACK;XIRECS;9991.0;3
19400;BOT_MAKER;BOT_TAKER;VELVETFRUIT_EXTRACT;XIRECS;5262.0;5
19600;BOT_MAKER;BOT_TAKER;ASH_COATED_OSMIUM;XIRECS;9994.0;9
19600;BOT_TAKER;BOT_MAKER;HYDROGEL_PACK;XIRECS;10010.0;3
19600;BOT_MAKER;BOT_TAKER;VEV_6500;XIRECS;0.0;4
19700;BOT_TAKER;BOT_MAKER;INTARIAN_PEPPER_ROOT;XIRECS;13130.0;3
19800;BOT_TAKER;BOT_MAKER;HYDROGEL_PACK;XIRECS;10008.0;5
19800;BOT_TAKER;BOT_MAKER;VELVETFRUIT_EXTRACT;XIRECS;5269.0;4
19800;BOT_MAKER;BOT_TAKER;VEV_6500;XIRECS;0.0;2
19900;BOT_TAKER;BOT_MAKER;HYDROGEL_PACK;XIRECS;10004.0;3
19900;BOT_TAKER;BOT_MAKER;VELVETFRUIT_EXTRACT;XIRECS;5269.0;5
19900;BOT_TAKER;SUBMISSION;VELVETFRUIT_EXTRACT;XIRECS;5268.0;4
20000;BOT_MAKER;BOT_TAKER;HYDROGEL_PACK;XIRECS;9989.0;5
20100;BOT_TAKER;BOT_MAKER;VEV_6000;XIRECS;1.0;4
20100;BOT_TAKER;BOT_MAKER;VEV_6500;XIRECS;1.0;5
20200;BOT_TAKER;BOT_MAKER;HYDROGEL_PACK;XIRECS;10008.0;2
20200;BOT_TAKER;BOT_MAKER;VELVETFRUIT_EXTRACT;XIRECS;5271.0;3
20300;BOT_TAKER;BOT_MAKER;VELVETFRUIT_EXTRACT;XIRECS;5272.0;3
20300;SUBMISSION;BOT_TAKER;VELVETFRUIT_EXTRACT;XIRECS;5268.0;4
20400;BOT_MAKER;BOT_TAKER;ASH_COATED_OSMIUM;XIRECS;9996.0;9
20400;BOT_TAKER;BOT_MAKER;VELVETFRUIT_EXTRACT;XIRECS;5272.0;5
20500;BOT_TAKER;BOT_MAKER;VEV_6500;XIRECS;1.0;3
20500;SUBMISSION;BOT_TAKER;VELVETFRUIT_EXTRACT;XIRECS;5268.0;5
20500;BOT_MAKER;BOT_TAKER;VELVETFRUIT_EXTRACT;XIRECS;5267.0;1
20600;BOT_TAKER;BOT_MAKER;VELVETFRUIT_EXTRACT;XIRECS;5271.0;4
20600;BOT_MAKER;BOT_TAKER;VEV_5300;XIRECS;48.0;4
20700;BOT_MAKER;BOT_TAKER;VELVETFRUIT_EXTRACT;XIRECS;5264.0;7
20700;SUBMISSION;BOT_TAKER;HYDROGEL_PACK;XIRECS;9988.0;5
20700;BOT_MAKER;BOT_TAKER;HYDROGEL_PACK;XIRECS;9987.0;1
20800;BOT_MAKER;BOT_TAKER;HYDROGEL_PACK;XIRECS;9986.0;3
20800;BOT_TAKER;BOT_MAKER;VELVETFRUIT_EXTRACT;XIRECS;5270.0;12
20800;BOT_MAKER;BOT_TAKER;VEV_4000;XIRECS;1258.0;2
20800;BOT_TAKER;BOT_MAKER;VEV_6500;XIRECS;1.0;2
20800;SUBMISSION;BOT;ASH_COATED_OSMIUM;XIRECS;10001.0;5
20900;BOT_TAKER;BOT_MAKER;HYDROGEL_PACK;XIRECS;9999.0;5
20900;BOT_TAKER;BOT_MAKER;VELVETFRUIT_EXTRACT;XIRECS;5270.0;4
21000;BOT_MAKER;BOT_TAKER;HYDROGEL_PACK;XIRECS;9986.0;4
21100;BOT_MAKER;BOT_TAKER;VELVETFRUIT_EXTRACT;XIRECS;5265.0;7
21100;BOT_TAKER;BOT_MAKER;VEV_6500;XIRECS;1.0;3
21200;BOT_TAKER;BOT_MAKER;HYDROGEL_PACK;XIRECS;10000.0;3
21300;SUBMISSION;BOT_TAKER;ASH_COATED_OSMIUM;XIRECS;9996.0;6
21300;SUBMISSION;BOT_TAKER;VELVETFRUIT_EXTRACT;XIRECS;5267.0;3
21400;BOT_MAKER;BOT_TAKER;HYDROGEL_PACK;XIRECS;9987.0;2
21400;BOT_TAKER;BOT_MAKER;VELVETFRUIT_EXTRACT;XIRECS;5273.0;5
21400;BOT_TAKER;BOT_MAKER;VEV_5500;XIRECS;7.0;5
21400;BOT_TAKER;BOT_MAKER;VEV_6000;XIRECS;1.0;2
21500;BOT_MAKER;BOT_TAKER;HYDROGEL_PACK;XIRECS;9986.0;5
21500;BOT_MAKER;BOT_TAKER;HYDROGEL_PACK;XIRECS;9986.0;6
21500;BOT_TAKER;BOT_MAKER;VELVETFRUIT_EXTRACT;XIRECS;5273.0;5
21500;BOT_TAKER;BOT_MAKER;VEV_4000;XIRECS;1279.0;2
21500;BOT_TAKER;SUBMISSION;VELVETFRUIT_EXTRACT;XIRECS;5272.0;5
21500;BOT_TAKER;BOT_MAKER;VELVETFRUIT_EXTRACT;XIRECS;5273.0;1
21700;BOT_MAKER;BOT_TAKER;HYDROGEL_PACK;XIRECS;9982.0;3
21700;SUBMISSION;BOT_TAKER;VELVETFRUIT_EXTRACT;XIRECS;5269.0;5
21700;BOT_MAKER;BOT_TAKER;VELVETFRUIT_EXTRACT;XIRECS;5268.0;2
21800;BOT_MAKER;BOT_TAKER;VELVETFRUIT_EXTRACT;XIRECS;5267.0;4
21900;BOT_MAKER;BOT_TAKER;ASH_COATED_OSMIUM;XIRECS;9996.0;6
21900;BOT_MAKER;BOT_TAKER;HYDROGEL_PACK;XIRECS;9981.0;6
21900;BOT_MAKER;BOT_TAKER;VEV_5400;XIRECS;15.0;2
21900;BOT_MAKER;BOT_TAKER;VEV_5500;XIRECS;6.0;3
22100;BOT_TAKER;BOT_MAKER;HYDROGEL_PACK;XIRECS;9996.0;3
22100;BOT_TAKER;BOT_MAKER;VELVETFRUIT_EXTRACT;XIRECS;5270.0;4
22200;BOT_MAKER;BOT_TAKER;HYDROGEL_PACK;XIRECS;9983.0;2
22300;BOT_MAKER;BOT_TAKER;VELVETFRUIT_EXTRACT;XIRECS;5266.0;7
22300;BOT_MAKER;BOT_TAKER;VEV_4000;XIRECS;1254.0;2
22300;BOT_MAKER;BOT_TAKER;VEV_6500;XIRECS;0.0;2
22400;BOT_TAKER;BOT_MAKER;VEV_5300;XIRECS;50.0;3
22400;BOT_TAKER;BOT_MAKER;VEV_5400;XIRECS;16.0;4
22500;BOT_MAKER;BOT_TAKER;HYDROGEL_PACK;XIRECS;9981.0;5
22600;BOT_MAKER;BOT_TAKER;VELVETFRUIT_EXTRACT;XIRECS;5266.0;14
22600;BOT_TAKER;BOT_MAKER;VEV_4000;XIRECS;1275.0;2
22700;BOT_TAKER;BOT_MAKER;VELVETFRUIT_EXTRACT;XIRECS;5272.0;4
22800;BOT_MAKER;BOT_TAKER;HYDROGEL_PACK;XIRECS;9979.0;3
22800;BOT_MAKER;BOT_TAKER;VELVETFRUIT_EXTRACT;XIRECS;5269.0;6
22800;SUBMISSION;BOT_TAKER;VELVETFRUIT_EXTRACT;XIRECS;5270.0;5
22800;BOT_MAKER;BOT_TAKER;VELVETFRUIT_EXTRACT;XIRECS;5269.0;2
22900;BOT_TAKER;BOT_MAKER;VELVETFRUIT_EXTRACT;XIRECS;5275.0;5
22900;BOT_MAKER;BOT_TAKER;VEV_4000;XIRECS;1253.0;3
23000;BOT_MAKER;BOT_TAKER;VELVETFRUIT_EXTRACT;XIRECS;5269.0;8
23100;BOT_MAKER;BOT_TAKER;HYDROGEL_PACK;XIRECS;9976.0;4
23100;BOT_TAKER;BOT_MAKER;VELVETFRUIT_EXTRACT;XIRECS;5276.0;7
23100;BOT_MAKER;BOT_TAKER;VEV_5300;XIRECS;48.0;2
23200;BOT_TAKER;BOT_MAKER;HYDROGEL_PACK;XIRECS;9993.0;4
23400;BOT_MAKER;BOT_TAKER;VEV_5400;XIRECS;14.0;3
23500;BOT_TAKER;BOT_MAKER;HYDROGEL_PACK;XIRECS;9990.0;4
23500;BOT_TAKER;BOT_MAKER;VELVETFRUIT_EXTRACT;XIRECS;5277.0;8
23500;BOT_TAKER;BOT_MAKER;VEV_4000;XIRECS;1279.0;2
23600;BOT_MAKER;BOT_TAKER;VEV_5500;XIRECS;6.0;2
23700;BOT_MAKER;BOT_TAKER;VELVETFRUIT_EXTRACT;XIRECS;5270.0;5
23800;BOT_MAKER;BOT_TAKER;VEV_4000;XIRECS;1258.0;2
23900;BOT_MAKER;BOT_TAKER;VELVETFRUIT_EXTRACT;XIRECS;5272.0;8
23900;BOT_TAKER;SUBMISSION;HYDROGEL_PACK;XIRECS;9992.0;5
24000;SUBMISSION;BOT_TAKER;VELVETFRUIT_EXTRACT;XIRECS;5274.0;5
24000;BOT_MAKER;BOT_TAKER;VELVETFRUIT_EXTRACT;XIRECS;5273.0;3
24100;BOT_MAKER;BOT_TAKER;HYDROGEL_PACK;XIRECS;9973.0;4
24100;BOT_MAKER;BOT_TAKER;VEV_4000;XIRECS;1256.0;2
24400;BOT_TAKER;BOT_MAKER;VELVETFRUIT_EXTRACT;XIRECS;5280.0;7
24400;BOT_TAKER;BOT_MAKER;VEV_5500;XIRECS;7.0;2
24500;BOT_TAKER;BOT_MAKER;ASH_COATED_OSMIUM;XIRECS;10009.0;6
24600;SUBMISSION;BOT;ASH_COATED_OSMIUM;XIRECS;9999.0;10
24700;BOT_MAKER;BOT_TAKER;HYDROGEL_PACK;XIRECS;9977.0;3
24700;SUBMISSION;BOT;ASH_COATED_OSMIUM;XIRECS;9999.0;5
24800;BOT_MAKER;BOT_TAKER;VEV_5500;XIRECS;6.0;2
24800;BOT_MAKER;BOT_TAKER;VEV_6000;XIRECS;0.0;5
24900;BOT_MAKER;BOT_TAKER;VELVETFRUIT_EXTRACT;XIRECS;5270.0;8
24900;SUBMISSION;BOT_TAKER;VELVETFRUIT_EXTRACT;XIRECS;5271.0;5
24900;BOT_MAKER;BOT_TAKER;VELVETFRUIT_EXTRACT;XIRECS;5270.0;1
25000;BOT_TAKER;BOT_MAKER;VEV_5400;XIRECS;16.0;2
25100;BOT_MAKER;BOT_TAKER;HYDROGEL_PACK;XIRECS;9980.0;6
25100;BOT_MAKER;BOT_TAKER;VEV_4000;XIRECS;1250.0;2
25100;BOT_TAKER;BOT_MAKER;VEV_5500;XIRECS;7.0;2
25100;SUBMISSION;BOT_TAKER;HYDROGEL_PACK;XIRECS;9981.0;5
25200;BOT_MAKER;BOT_TAKER;HYDROGEL_PACK;XIRECS;9981.0;4
25200;BOT_TAKER;BOT_MAKER;VEV_5400;XIRECS;16.0;2
25200;SUBMISSION;BOT_TAKER;HYDROGEL_PACK;XIRECS;9982.0;5
25300;BOT_TAKER;BOT_MAKER;HYDROGEL_PACK;XIRECS;9996.0;4
25400;BOT_MAKER;BOT_TAKER;VELVETFRUIT_EXTRACT;XIRECS;5268.0;4
25400;BOT_MAKER;BOT_TAKER;VEV_4000;XIRECS;1247.0;2
25400;BOT_TAKER;SUBMISSION;VELVETFRUIT_EXTRACT;XIRECS;5273.0;5
25400;BOT_TAKER;BOT_MAKER;VELVETFRUIT_EXTRACT;XIRECS;5274.0;1
25500;BOT_MAKER;BOT_TAKER;VEV_6000;XIRECS;0.0;4
25600;BOT_MAKER;BOT_TAKER;HYDROGEL_PACK;XIRECS;9978.0;5
25600;BOT_MAKER;BOT_TAKER;VELVETFRUIT_EXTRACT;XIRECS;5270.0;8
25600;SUBMISSION;BOT;ASH_COATED_OSMIUM;XIRECS;9999.0;10
25700;BOT_TAKER;BOT_MAKER;INTARIAN_PEPPER_ROOT;XIRECS;13133.0;5
25700;BOT_TAKER;BOT_MAKER;VEV_6000;XIRECS;1.0;2
25900;BOT_MAKER;BOT_TAKER;VEV_4000;XIRECS;1249.0;2
25900;SUBMISSION;BOT_TAKER;HYDROGEL_PACK;XIRECS;9978.0;2
26000;BOT_TAKER;BOT_MAKER;HYDROGEL_PACK;XIRECS;9993.0;3
26000;BOT_MAKER;BOT_TAKER;VEV_5300;XIRECS;48.0;4
26000;BOT_TAKER;SUBMISSION;VELVETFRUIT_EXTRACT;XIRECS;5277.0;5
26000;BOT_TAKER;BOT_MAKER;VELVETFRUIT_EXTRACT;XIRECS;5278.0;3
26100;BOT_TAKER;BOT_MAKER;VELVETFRUIT_EXTRACT;XIRECS;5275.0;14
26100;BOT_MAKER;BOT_TAKER;VELVETFRUIT_EXTRACT;XIRECS;5271.0;5
26100;BOT_TAKER;SUBMISSION;VELVETFRUIT_EXTRACT;XIRECS;5274.0;5
26100;BOT_TAKER;BOT_MAKER;VELVETFRUIT_EXTRACT;XIRECS;5275.0;2
26200;BOT_TAKER;BOT_MAKER;VEV_4000;XIRECS;1268.0;3
26500;SUBMISSION;BOT;ASH_COATED_OSMIUM;XIRECS;10000.0;6
26600;BOT_TAKER;BOT_MAKER;VELVETFRUIT_EXTRACT;XIRECS;5279.0;10
26700;BOT_MAKER;BOT_TAKER;VELVETFRUIT_EXTRACT;XIRECS;5272.0;10
26700;BOT_MAKER;BOT_TAKER;VEV_4000;XIRECS;1246.0;2
26700;BOT_MAKER;BOT_TAKER;VEV_5400;XIRECS;14.0;5
26700;BOT_TAKER;SUBMISSION;VELVETFRUIT_EXTRACT;XIRECS;5276.0;5
26700;BOT_TAKER;BOT_MAKER;VELVETFRUIT_EXTRACT;XIRECS;5277.0;3
26800;BOT_MAKER;BOT_TAKER;HYDROGEL_PACK;XIRECS;9970.0;6
26800;BOT_TAKER;BOT_MAKER;VELVETFRUIT_EXTRACT;XIRECS;5278.0;7
26800;BOT_MAKER;BOT_TAKER;VEV_5500;XIRECS;6.0;5
26900;BOT_TAKER;BOT_MAKER;VELVETFRUIT_EXTRACT;XIRECS;5277.0;8
26900;BOT_MAKER;BOT_TAKER;VEV_4000;XIRECS;1246.0;2
27100;BOT_TAKER;BOT_MAKER;VELVETFRUIT_EXTRACT;XIRECS;5275.0;7
27100;BOT_MAKER;BOT_TAKER;VEV_4000;XIRECS;1246.0;2
27200;BOT_MAKER;BOT_TAKER;VELVETFRUIT_EXTRACT;XIRECS;5270.0;3
27300;BOT_MAKER;BOT_TAKER;HYDROGEL_PACK;XIRECS;9979.0;2
27300;BOT_TAKER;BOT_MAKER;VEV_4000;XIRECS;1270.0;3
27400;BOT_MAKER;BOT_TAKER;HYDROGEL_PACK;XIRECS;9978.0;3
27400;BOT_MAKER;BOT_TAKER;VEV_4000;XIRECS;1248.0;2
27400;BOT_TAKER;SUBMISSION;VELVETFRUIT_EXTRACT;XIRECS;5273.0;5
27400;BOT_TAKER;BOT_MAKER;VELVETFRUIT_EXTRACT;XIRECS;5274.0;2
27500;BOT_MAKER;BOT_TAKER;VELVETFRUIT_EXTRACT;XIRECS;5267.0;8
27700;BOT_TAKER;BOT_MAKER;VELVETFRUIT_EXTRACT;XIRECS;5275.0;5
27700;SUBMISSION;BOT_TAKER;HYDROGEL_PACK;XIRECS;9976.0;2
27800;BOT_MAKER;BOT_TAKER;VELVETFRUIT_EXTRACT;XIRECS;5269.0;4
27900;BOT_MAKER;BOT_TAKER;VEV_5500;XIRECS;6.0;5
28000;BOT_TAKER;BOT_MAKER;HYDROGEL_PACK;XIRECS;9990.0;6
28000;BOT_MAKER;BOT_TAKER;INTARIAN_PEPPER_ROOT;XIRECS;13121.0;6
28000;BOT_MAKER;BOT_TAKER;VEV_4000;XIRECS;1248.0;2
28100;BOT_TAKER;BOT_MAKER;VELVETFRUIT_EXTRACT;XIRECS;5273.0;7
28100;BOT_TAKER;BOT_MAKER;VEV_4000;XIRECS;1268.0;3
28300;BOT_TAKER;BOT_MAKER;HYDROGEL_PACK;XIRECS;9993.0;5
28300;BOT_MAKER;BOT_TAKER;VELVETFRUIT_EXTRACT;XIRECS;5268.0;15
28300;BOT_MAKER;BOT_TAKER;VEV_6500;XIRECS;0.0;2
28400;BOT_TAKER;BOT_MAKER;HYDROGEL_PACK;XIRECS;9992.0;3
28400;BOT_TAKER;BOT_MAKER;VELVETFRUIT_EXTRACT;XIRECS;5272.0;4
28400;BOT_TAKER;BOT_MAKER;VEV_4000;XIRECS;1271.0;1
28400;BOT_TAKER;SUBMISSION;HYDROGEL_PACK;XIRECS;9991.0;5
28600;BOT_TAKER;BOT_MAKER;VEV_5300;XIRECS;52.0;4
28800;BOT_TAKER;BOT_MAKER;VELVETFRUIT_EXTRACT;XIRECS;5272.0;5
28800;BOT_TAKER;BOT_MAKER;VEV_5500;XIRECS;8.0;5
29000;BOT_MAKER;BOT_TAKER;VELVETFRUIT_EXTRACT;XIRECS;5271.0;8
29000;BOT_TAKER;BOT_MAKER;VEV_6500;XIRECS;1.0;4
29100;BOT_MAKER;BOT_TAKER;HYDROGEL_PACK;XIRECS;9976.0;3
29100;BOT_MAKER;BOT_TAKER;VELVETFRUIT_EXTRACT;XIRECS;5272.0;6
29100;BOT_TAKER;BOT_MAKER;VEV_5500;XIRECS;8.0;5
29300;BOT_TAKER;BOT_MAKER;HYDROGEL_PACK;XIRECS;9990.0;3
29500;BOT_MAKER;BOT_TAKER;HYDROGEL_PACK;XIRECS;9973.0;2
29600;BOT_TAKER;SUBMISSION;VELVETFRUIT_EXTRACT;XIRECS;5273.0;5
29600;BOT_TAKER;BOT_MAKER;VELVETFRUIT_EXTRACT;XIRECS;5274.0;1
29700;BOT_MAKER;BOT_TAKER;VELVETFRUIT_EXTRACT;XIRECS;5270.0;10
29700;BOT_MAKER;BOT_TAKER;VEV_5300;XIRECS;48.0;4
29900;BOT_TAKER;BOT_MAKER;VEV_4000;XIRECS;1269.0;3
29900;BOT_TAKER;BOT_MAKER;VEV_5400;XIRECS;14.0;5
30000;BOT_TAKER;BOT_MAKER;HYDROGEL_PACK;XIRECS;9995.0;6
30100;BOT_MAKER;BOT_TAKER;ASH_COATED_OSMIUM;XIRECS;9995.0;6
30200;BOT_TAKER;BOT_MAKER;HYDROGEL_PACK;XIRECS;9994.0;6
30200;BOT_MAKER;BOT_TAKER;VELVETFRUIT_EXTRACT;XIRECS;5268.0;4
30200;SUBMISSION;BOT_TAKER;HYDROGEL_PACK;XIRECS;9979.0;5
30500;BOT_TAKER;BOT_MAKER;VEV_4000;XIRECS;1268.0;3
30600;BOT_MAKER;BOT_TAKER;VELVETFRUIT_EXTRACT;XIRECS;5269.0;5
30700;BOT_MAKER;BOT_TAKER;VEV_6000;XIRECS;0.0;4
30800;BOT_MAKER;BOT_TAKER;VEV_4000;XIRECS;1246.0;2
30900;BOT_MAKER;BOT_TAKER;VEV_4000;XIRECS;1248.0;3
31000;BOT_MAKER;BOT_TAKER;HYDROGEL_PACK;XIRECS;9981.0;5
31000;BOT_TAKER;BOT_MAKER;VEV_6000;XIRECS;1.0;5
31000;SUBMISSION;BOT_TAKER;HYDROGEL_PACK;XIRECS;9982.0;3
31100;BOT_MAKER;BOT_TAKER;ASH_COATED_OSMIUM;XIRECS;9994.0;6
31100;BOT_MAKER;BOT_TAKER;HYDROGEL_PACK;XIRECS;9984.0;4
31100;BOT_MAKER;BOT_TAKER;VEV_4000;XIRECS;1247.0;3
31200;BOT_TAKER;BOT_MAKER;VEV_6000;XIRECS;1.0;5
31200;BOT_TAKER;BOT_MAKER;VEV_6500;XIRECS;1.0;4
31400;SUBMISSION;BOT_TAKER;HYDROGEL_PACK;XIRECS;9982.0;3
31500;BOT_TAKER;BOT_MAKER;HYDROGEL_PACK;XIRECS;9994.0;3
31500;BOT_TAKER;BOT_MAKER;VELVETFRUIT_EXTRACT;XIRECS;5276.0;10
31500;BOT_TAKER;BOT_MAKER;VEV_4000;XIRECS;1266.0;1
31500;BOT_MAKER;BOT_TAKER;VEV_6500;XIRECS;0.0;4
31600;BOT_MAKER;BOT_TAKER;VELVETFRUIT_EXTRACT;XIRECS;5271.0;3
31600;BOT_TAKER;BOT_MAKER;VELVETFRUIT_EXTRACT;XIRECS;5277.0;7
31600;BOT_MAKER;BOT_TAKER;VEV_5500;XIRECS;7.0;2
31700;BOT_TAKER;BOT_MAKER;HYDROGEL_PACK;XIRECS;9994.0;5
31900;BOT_TAKER;BOT_MAKER;VELVETFRUIT_EXTRACT;XIRECS;5273.0;6
31900;BOT_TAKER;BOT_MAKER;VEV_4000;XIRECS;1265.0;3
32000;BOT_MAKER;BOT_TAKER;INTARIAN_PEPPER_ROOT;XIRECS;13125.0;4
32000;BOT_TAKER;SUBMISSION;VELVETFRUIT_EXTRACT;XIRECS;5272.0;5
32000;BOT_TAKER;BOT_MAKER;VELVETFRUIT_EXTRACT;XIRECS;5273.0;1
32100;BOT_TAKER;BOT_MAKER;VEV_4000;XIRECS;1266.0;1
32100;BOT_TAKER;BOT_MAKER;VEV_6000;XIRECS;1.0;2
32100;SUBMISSION;BOT_TAKER;HYDROGEL_PACK;XIRECS;9975.0;2
32200;BOT_TAKER;BOT_MAKER;VEV_4000;XIRECS;1266.0;3
32200;BOT_TAKER;BOT_MAKER;VEV_5500;XIRECS;8.0;4
32300;BOT_MAKER;BOT_TAKER;VELVETFRUIT_EXTRACT;XIRECS;5269.0;7
32300;BOT_MAKER;BOT_TAKER;VEV_6000;XIRECS;0.0;2
32400;BOT_MAKER;BOT_TAKER;HYDROGEL_PACK;XIRECS;9975.0;2
32500;BOT_MAKER;BOT_TAKER;VEV_5300;XIRECS;49.0;4
32600;BOT_MAKER;BOT_TAKER;HYDROGEL_PACK;XIRECS;9975.0;2
32600;BOT_MAKER;BOT_TAKER;VELVETFRUIT_EXTRACT;XIRECS;5271.0;6
32700;BOT_TAKER;BOT_MAKER;VELVETFRUIT_EXTRACT;XIRECS;5275.0;6
32800;BOT_MAKER;BOT_TAKER;VELVETFRUIT_EXTRACT;XIRECS;5269.0;7
32800;BOT_TAKER;BOT_MAKER;VEV_5300;XIRECS;51.0;4
32800;BOT_TAKER;SUBMISSION;HYDROGEL_PACK;XIRECS;9994.0;5
32900;BOT_MAKER;BOT_TAKER;VELVETFRUIT_EXTRACT;XIRECS;5269.0;7
32900;BOT_TAKER;BOT_MAKER;VEV_6500;XIRECS;1.0;4
33100;BOT_TAKER;BOT_MAKER;HYDROGEL_PACK;XIRECS;9994.0;2
33200;BOT_MAKER;BOT_TAKER;VEV_4000;XIRECS;1247.0;3
33300;BOT_MAKER;BOT_TAKER;VEV_6000;XIRECS;0.0;5
33400;BOT_TAKER;BOT_MAKER;VELVETFRUIT_EXTRACT;XIRECS;5276.0;5
33400;BOT_TAKER;BOT_MAKER;VEV_4000;XIRECS;1267.0;3
33400;BOT_TAKER;SUBMISSION;VELVETFRUIT_EXTRACT;XIRECS;5275.0;5
33400;BOT_TAKER;BOT_MAKER;VELVETFRUIT_EXTRACT;XIRECS;5276.0;2
33500;BOT_TAKER;BOT_MAKER;VEV_6000;XIRECS;1.0;4
33600;BOT_MAKER;BOT_TAKER;VELVETFRUIT_EXTRACT;XIRECS;5271.0;3
33700;BOT_TAKER;BOT_MAKER;VEV_4000;XIRECS;1269.0;1
33700;BOT_TAKER;BOT_MAKER;VEV_6500;XIRECS;1.0;5
33800;BOT_TAKER;BOT_MAKER;VELVETFRUIT_EXTRACT;XIRECS;5276.0;8
33800;SUBMISSION;BOT;ASH_COATED_OSMIUM;XIRECS;9997.0;7
34000;BOT_TAKER;SUBMISSION;ASH_COATED_OSMIUM;XIRECS;10006.0;5
34000;SUBMISSION;BOT_TAKER;HYDROGEL_PACK;XIRECS;9973.0;5
34100;BOT_TAKER;SUBMISSION;HYDROGEL_PACK;XIRECS;9986.0;5
34200;BOT_MAKER;BOT_TAKER;HYDROGEL_PACK;XIRECS;9972.0;6
34200;BOT_MAKER;BOT_TAKER;INTARIAN_PEPPER_ROOT;XIRECS;13127.0;4
34300;BOT_MAKER;BOT_TAKER;VEV_6000;XIRECS;0.0;4
34300;SUBMISSION;BOT_TAKER;VELVETFRUIT_EXTRACT;XIRECS;5268.0;5
34400;BOT_TAKER;BOT_MAKER;VELVETFRUIT_EXTRACT;XIRECS;5274.0;5
34400;BOT_MAKER;BOT_TAKER;VEV_6500;XIRECS;0.0;5
34600;BOT_TAKER;BOT_MAKER;VEV_4000;XIRECS;1265.0;1
34600;BOT_TAKER;BOT_MAKER;VEV_6000;XIRECS;1.0;4
34600;BOT_MAKER;BOT_TAKER;VEV_6000;XIRECS;0.0;3
34600;SUBMISSION;BOT_TAKER;VELVETFRUIT_EXTRACT;XIRECS;5271.0;5
34700;BOT_TAKER;BOT_MAKER;VELVETFRUIT_EXTRACT;XIRECS;5276.0;3
34800;BOT_TAKER;BOT_MAKER;VEV_5500;XIRECS;8.0;5
34800;BOT_TAKER;SUBMISSION;VEV_4000;XIRECS;1265.0;3
34900;BOT_MAKER;BOT_TAKER;INTARIAN_PEPPER_ROOT;XIRECS;13128.0;5
34900;BOT_TAKER;BOT_MAKER;VELVETFRUIT_EXTRACT;XIRECS;5278.0;6
35000;BOT_TAKER;BOT_MAKER;HYDROGEL_PACK;XIRECS;9994.0;4
35000;BOT_TAKER;BOT_MAKER;VELVETFRUIT_EXTRACT;XIRECS;5275.0;8
35000;BOT_TAKER;SUBMISSION;ASH_COATED_OSMIUM;XIRECS;10005.0;4
35100;BOT_TAKER;BOT_MAKER;HYDROGEL_PACK;XIRECS;9995.0;6
35100;BOT_TAKER;BOT_MAKER;VEV_6500;XIRECS;1.0;4
35200;BOT_TAKER;BOT_MAKER;VELVETFRUIT_EXTRACT;XIRECS;5274.0;5
35200;BOT_TAKER;BOT_MAKER;VEV_5300;XIRECS;50.0;3
35200;SUBMISSION;BOT_TAKER;ASH_COATED_OSMIUM;XIRECS;9993.0;8
35300;BOT_TAKER;BOT_MAKER;VELVETFRUIT_EXTRACT;XIRECS;5274.0;7
35300;BOT;SUBMISSION;ASH_COATED_OSMIUM;XIRECS;10000.0;8
35400;BOT_MAKER;BOT_TAKER;HYDROGEL_PACK;XIRECS;9976.0;5
35400;BOT_TAKER;BOT_MAKER;VELVETFRUIT_EXTRACT;XIRECS;5276.0;12
35500;BOT_TAKER;BOT_MAKER;HYDROGEL_PACK;XIRECS;9991.0;2
35500;BOT_TAKER;BOT_MAKER;VELVETFRUIT_EXTRACT;XIRECS;5277.0;5
35600;BOT_MAKER;BOT_TAKER;HYDROGEL_PACK;XIRECS;9973.0;4
35600;BOT_MAKER;BOT_TAKER;VEV_4000;XIRECS;1246.0;3
35700;BOT_TAKER;BOT_MAKER;VELVETFRUIT_EXTRACT;XIRECS;5277.0;8
35700;BOT_MAKER;BOT_TAKER;VEV_4000;XIRECS;1247.0;1
35700;BOT_MAKER;BOT_TAKER;VEV_6000;XIRECS;0.0;5
35800;BOT_TAKER;BOT_MAKER;VEV_4000;XIRECS;1267.0;3
35800;BOT_TAKER;BOT_MAKER;VEV_6000;XIRECS;1.0;4
35900;BOT_MAKER;BOT_TAKER;HYDROGEL_PACK;XIRECS;9971.0;5
35900;BOT_TAKER;BOT_MAKER;VELVETFRUIT_EXTRACT;XIRECS;5275.0;3
35900;BOT_MAKER;BOT_TAKER;VELVETFRUIT_EXTRACT;XIRECS;5269.0;3
35900;BOT_MAKER;BOT_TAKER;VEV_4000;XIRECS;1248.0;1
36000;BOT_MAKER;BOT_TAKER;VELVETFRUIT_EXTRACT;XIRECS;5269.0;5
36100;BOT_TAKER;BOT_MAKER;VELVETFRUIT_EXTRACT;XIRECS;5273.0;4
36100;BOT_MAKER;BOT_TAKER;VEV_6000;XIRECS;0.0;4
36100;BOT_MAKER;BOT_TAKER;VEV_6500;XIRECS;0.0;4
36200;BOT_TAKER;BOT_MAKER;HYDROGEL_PACK;XIRECS;9982.0;4
36200;BOT_TAKER;BOT_MAKER;VEV_5400;XIRECS;12.0;5
36200;BOT_MAKER;BOT_TAKER;VEV_5500;XIRECS;7.0;3
36300;BOT_TAKER;BOT_MAKER;HYDROGEL_PACK;XIRECS;9982.0;5
36400;BOT_TAKER;BOT_MAKER;HYDROGEL_PACK;XIRECS;9982.0;4
36400;BOT_MAKER;BOT_TAKER;VELVETFRUIT_EXTRACT;XIRECS;5266.0;4
36400;BOT_MAKER;BOT_TAKER;VEV_5300;XIRECS;47.0;3
36400;BOT_TAKER;BOT_MAKER;VEV_5500;XIRECS;8.0;3
36600;BOT_TAKER;BOT_MAKER;VELVETFRUIT_EXTRACT;XIRECS;5271.0;3
36700;BOT_MAKER;BOT_TAKER;VELVETFRUIT_EXTRACT;XIRECS;5264.0;4
36700;BOT_TAKER;BOT_MAKER;VEV_5500;XIRECS;8.0;3
36800;BOT_MAKER;BOT_TAKER;VELVETFRUIT_EXTRACT;XIRECS;5264.0;5
36800;BOT_TAKER;BOT_MAKER;VEV_4000;XIRECS;1266.0;3
36800;BOT_MAKER;BOT_TAKER;VEV_6500;XIRECS;0.0;5
36900;BOT_TAKER;BOT_MAKER;VELVETFRUIT_EXTRACT;XIRECS;5270.0;8
37000;BOT_MAKER;BOT_TAKER;VELVETFRUIT_EXTRACT;XIRECS;5264.0;6
37000;BOT_TAKER;BOT_MAKER;VEV_6500;XIRECS;1.0;5
37100;BOT_MAKER;BOT_TAKER;VELVETFRUIT_EXTRACT;XIRECS;5265.0;13
37300;BOT_MAKER;BOT_TAKER;ASH_COATED_OSMIUM;XIRECS;9990.0;6
37300;BOT_MAKER;BOT_TAKER;VELVETFRUIT_EXTRACT;XIRECS;5267.0;6
37400;BOT_MAKER;BOT_TAKER;VELVETFRUIT_EXTRACT;XIRECS;5266.0;10
37500;BOT_TAKER;BOT_MAKER;VELVETFRUIT_EXTRACT;XIRECS;5272.0;6
37500;BOT_TAKER;BOT_MAKER;VEV_5400;XIRECS;13.0;3
37600;BOT_TAKER;BOT_MAKER;HYDROGEL_PACK;XIRECS;9983.0;3
37700;BOT_TAKER;BOT_MAKER;HYDROGEL_PACK;XIRECS;9982.0;5
37800;BOT_TAKER;SUBMISSION;VEV_4000;XIRECS;1259.0;3
37900;BOT_TAKER;BOT_MAKER;VELVETFRUIT_EXTRACT;XIRECS;5271.0;8
37900;BOT_MAKER;BOT_TAKER;VELVETFRUIT_EXTRACT;XIRECS;5266.0;6
37900;BOT_MAKER;BOT_TAKER;VEV_4000;XIRECS;1239.0;1
37900;BOT_TAKER;BOT_MAKER;VEV_5300;XIRECS;49.0;3
37900;BOT_TAKER;BOT_MAKER;VEV_5400;XIRECS;12.0;4
38000;BOT_TAKER;BOT_MAKER;VELVETFRUIT_EXTRACT;XIRECS;5268.0;5
38000;SUBMISSION;BOT_TAKER;VELVETFRUIT_EXTRACT;XIRECS;5264.0;5
38100;BOT_TAKER;BOT_MAKER;HYDROGEL_PACK;XIRECS;9978.0;2
38100;BOT_MAKER;BOT_TAKER;VEV_6000;XIRECS;0.0;2
38200;BOT_TAKER;BOT_MAKER;VEV_6000;XIRECS;1.0;2
38300;BOT_TAKER;BOT_MAKER;HYDROGEL_PACK;XIRECS;9974.0;4
38300;BOT_TAKER;BOT_MAKER;VELVETFRUIT_EXTRACT;XIRECS;5271.0;6
38400;BOT_MAKER;BOT_TAKER;VELVETFRUIT_EXTRACT;XIRECS;5265.0;8
38500;BOT_TAKER;BOT_MAKER;HYDROGEL_PACK;XIRECS;9973.0;3
38500;SUBMISSION;BOT_TAKER;ASH_COATED_OSMIUM;XIRECS;9990.0;2
38600;BOT_TAKER;BOT_MAKER;VELVETFRUIT_EXTRACT;XIRECS;5270.0;6
38600;BOT_TAKER;SUBMISSION;HYDROGEL_PACK;XIRECS;9970.0;5
38700;BOT_MAKER;BOT_TAKER;VEV_5300;XIRECS;47.0;4
38700;BOT_TAKER;BOT_MAKER;VEV_6500;XIRECS;1.0;4
38800;BOT_MAKER;BOT_TAKER;VEV_6500;XIRECS;0.0;5
38800;SUBMISSION;BOT_TAKER;HYDROGEL_PACK;XIRECS;9959.0;2
38900;BOT_TAKER;BOT_MAKER;HYDROGEL_PACK;XIRECS;9973.0;4
38900;BOT_TAKER;BOT_MAKER;VELVETFRUIT_EXTRACT;XIRECS;5270.0;3
39000;BOT_MAKER;BOT_TAKER;VEV_6000;XIRECS;0.0;5
39100;BOT_MAKER;BOT_TAKER;VELVETFRUIT_EXTRACT;XIRECS;5266.0;7
39100;BOT_MAKER;BOT_TAKER;VEV_6500;XIRECS;0.0;2
39400;BOT_TAKER;BOT_MAKER;VEV_4000;XIRECS;1263.0;2
39400;BOT_TAKER;SUBMISSION;HYDROGEL_PACK;XIRECS;9982.0;5
39500;BOT_MAKER;BOT_TAKER;HYDROGEL_PACK;XIRECS;9969.0;3
39500;BOT_MAKER;BOT_TAKER;VELVETFRUIT_EXTRACT;XIRECS;5264.0;5
39500;BOT_TAKER;SUBMISSION;VEV_4000;XIRECS;1261.0;2
39600;BOT_MAKER;BOT_TAKER;HYDROGEL_PACK;XIRECS;9968.0;2
39600;BOT_MAKER;BOT_TAKER;VELVETFRUIT_EXTRACT;XIRECS;5263.0;7
39700;BOT_TAKER;BOT_MAKER;HYDROGEL_PACK;XIRECS;9980.0;5
39700;BOT_TAKER;BOT_MAKER;VELVETFRUIT_EXTRACT;XIRECS;5270.0;3
39800;BOT_MAKER;BOT_TAKER;VEV_6000;XIRECS;0.0;2
39900;BOT_TAKER;BOT_MAKER;VELVETFRUIT_EXTRACT;XIRECS;5268.0;4
39900;BOT_TAKER;SUBMISSION;HYDROGEL_PACK;XIRECS;9980.0;3
40000;BOT_MAKER;BOT_TAKER;HYDROGEL_PACK;XIRECS;9969.0;2
40000;BOT_TAKER;BOT_MAKER;VELVETFRUIT_EXTRACT;XIRECS;5269.0;5
40100;BOT_TAKER;BOT_MAKER;VEV_6500;XIRECS;1.0;3
40200;BOT_MAKER;BOT_TAKER;ASH_COATED_OSMIUM;XIRECS;9991.0;5
40300;BOT_TAKER;BOT_MAKER;ASH_COATED_OSMIUM;XIRECS;10007.0;4
40300;BOT_TAKER;BOT_MAKER;HYDROGEL_PACK;XIRECS;9985.0;4
40400;BOT_MAKER;BOT_TAKER;HYDROGEL_PACK;XIRECS;9969.0;3
40500;BOT_MAKER;BOT_TAKER;HYDROGEL_PACK;XIRECS;9968.0;6
40500;SUBMISSION;BOT_TAKER;VEV_4000;XIRECS;1243.0;1
40600;BOT_MAKER;BOT_TAKER;VEV_4000;XIRECS;1243.0;2
40700;BOT_MAKER;BOT_TAKER;HYDROGEL_PACK;XIRECS;9969.0;6
40700;BOT_TAKER;SUBMISSION;VEV_4000;XIRECS;1262.0;2
40800;BOT_TAKER;BOT_MAKER;INTARIAN_PEPPER_ROOT;XIRECS;13148.0;7
40900;BOT_TAKER;BOT_MAKER;HYDROGEL_PACK;XIRECS;9983.0;5
40900;BOT_MAKER;BOT_TAKER;VEV_5400;XIRECS;10.0;4
41000;BOT_MAKER;BOT_TAKER;VEV_4000;XIRECS;1242.0;2
41100;BOT;SUBMISSION;ASH_COATED_OSMIUM;XIRECS;10002.0;9
41200;BOT_TAKER;BOT_MAKER;HYDROGEL_PACK;XIRECS;9983.0;5
41300;BOT_TAKER;BOT_MAKER;HYDROGEL_PACK;XIRECS;9982.0;5
41300;BOT_TAKER;BOT_MAKER;VELVETFRUIT_EXTRACT;XIRECS;5270.0;8
41300;BOT_MAKER;BOT_TAKER;VEV_5500;XIRECS;7.0;5
41400;BOT_TAKER;BOT_MAKER;HYDROGEL_PACK;XIRECS;9982.0;3
41600;BOT;SUBMISSION;ASH_COATED_OSMIUM;XIRECS;10000.0;6
41700;BOT_TAKER;BOT_MAKER;VELVETFRUIT_EXTRACT;XIRECS;5269.0;3
41700;BOT_TAKER;BOT_MAKER;VEV_5400;XIRECS;12.0;4
41800;BOT_TAKER;BOT_MAKER;VELVETFRUIT_EXTRACT;XIRECS;5271.0;8
41900;BOT_MAKER;BOT_TAKER;HYDROGEL_PACK;XIRECS;9958.0;2
42100;BOT_MAKER;BOT_TAKER;HYDROGEL_PACK;XIRECS;9964.0;4
42100;BOT_MAKER;BOT_TAKER;VELVETFRUIT_EXTRACT;XIRECS;5267.0;6
42100;BOT_TAKER;BOT_MAKER;VEV_5400;XIRECS;11.0;2
42200;BOT_MAKER;BOT_TAKER;ASH_COATED_OSMIUM;XIRECS;9991.0;4
42200;BOT_TAKER;BOT_MAKER;VELVETFRUIT_EXTRACT;XIRECS;5272.0;6
42500;BOT_MAKER;BOT_TAKER;ASH_COATED_OSMIUM;XIRECS;9991.0;2
42500;BOT_MAKER;BOT_TAKER;VELVETFRUIT_EXTRACT;XIRECS;5267.0;4
42500;BOT_TAKER;BOT_MAKER;VEV_5300;XIRECS;50.0;5
42700;BOT_TAKER;BOT_MAKER;HYDROGEL_PACK;XIRECS;9983.0;4
42700;BOT_TAKER;BOT_MAKER;VEV_5300;XIRECS;51.0;2
42700;BOT_MAKER;BOT_TAKER;VEV_5500;XIRECS;7.0;2
42800;BOT_TAKER;BOT_MAKER;HYDROGEL_PACK;XIRECS;9979.0;2
42800;BOT_TAKER;SUBMISSION;VELVETFRUIT_EXTRACT;XIRECS;5270.0;5
42800;BOT_TAKER;BOT_MAKER;VELVETFRUIT_EXTRACT;XIRECS;5271.0;3
42900;BOT_TAKER;BOT_MAKER;VELVETFRUIT_EXTRACT;XIRECS;5272.0;3
42900;BOT_MAKER;BOT_TAKER;VEV_5500;XIRECS;7.0;5
42900;SUBMISSION;BOT_TAKER;VELVETFRUIT_EXTRACT;XIRECS;5267.0;5
42900;BOT_MAKER;BOT_TAKER;VELVETFRUIT_EXTRACT;XIRECS;5266.0;1
43000;BOT_MAKER;BOT_TAKER;HYDROGEL_PACK;XIRECS;9960.0;3
43100;BOT_TAKER;BOT_MAKER;VELVETFRUIT_EXTRACT;XIRECS;5270.0;7
43200;BOT_TAKER;BOT_MAKER;VELVETFRUIT_EXTRACT;XIRECS;5271.0;5
43400;BOT_MAKER;BOT_TAKER;VELVETFRUIT_EXTRACT;XIRECS;5264.0;8
43500;BOT_MAKER;BOT_TAKER;VELVETFRUIT_EXTRACT;XIRECS;5264.0;8
43600;BOT_MAKER;BOT_TAKER;HYDROGEL_PACK;XIRECS;9958.0;4
43700;BOT_MAKER;BOT_TAKER;HYDROGEL_PACK;XIRECS;9956.0;6
43700;BOT_TAKER;SUBMISSION;ASH_COATED_OSMIUM;XIRECS;10008.0;2
43800;BOT_TAKER;BOT_MAKER;HYDROGEL_PACK;XIRECS;9972.0;5
43800;BOT_TAKER;BOT_MAKER;VELVETFRUIT_EXTRACT;XIRECS;5266.0;5
43800;BOT_TAKER;BOT_MAKER;VEV_4000;XIRECS;1258.0;3
43800;BOT_MAKER;BOT_TAKER;VEV_5500;XIRECS;7.0;3
43900;BOT_MAKER;BOT_TAKER;HYDROGEL_PACK;XIRECS;9956.0;6
44000;BOT_MAKER;BOT_TAKER;HYDROGEL_PACK;XIRECS;9958.0;6
44000;BOT_MAKER;BOT_TAKER;VEV_5400;XIRECS;10.0;3
44000;BOT_TAKER;BOT_MAKER;VEV_5500;XIRECS;9.0;4
44100;BOT_TAKER;BOT_MAKER;INTARIAN_PEPPER_ROOT;XIRECS;13151.0;3
44200;BOT_MAKER;BOT_TAKER;ASH_COATED_OSMIUM;XIRECS;9991.0;10
44400;BOT_TAKER;BOT_MAKER;VELVETFRUIT_EXTRACT;XIRECS;5268.0;3
44400;BOT_TAKER;BOT_MAKER;VEV_6500;XIRECS;1.0;5
44500;BOT_TAKER;BOT_MAKER;VELVETFRUIT_EXTRACT;XIRECS;5267.0;3
44500;BOT_TAKER;BOT_MAKER;VEV_4000;XIRECS;1260.0;1
44500;SUBMISSION;BOT_TAKER;HYDROGEL_PACK;XIRECS;9960.0;3
44600;BOT_TAKER;BOT_MAKER;VELVETFRUIT_EXTRACT;XIRECS;5268.0;5
44700;BOT_MAKER;BOT_TAKER;VELVETFRUIT_EXTRACT;XIRECS;5262.0;7
44700;BOT_TAKER;BOT_MAKER;VEV_6500;XIRECS;1.0;5
44800;BOT_TAKER;BOT_MAKER;VELVETFRUIT_EXTRACT;XIRECS;5266.0;8
44800;BOT_MAKER;BOT_TAKER;VEV_5500;XIRECS;8.0;5
44900;BOT_TAKER;BOT_MAKER;VEV_5400;XIRECS;10.0;5
44900;BOT_TAKER;SUBMISSION;HYDROGEL_PACK;XIRECS;9980.0;4
45000;BOT_MAKER;BOT_TAKER;HYDROGEL_PACK;XIRECS;9965.0;6
45000;BOT_MAKER;BOT_TAKER;VEV_4000;XIRECS;1240.0;1
45000;BOT_TAKER;SUBMISSION;HYDROGEL_PACK;XIRECS;9980.0;5
45100;BOT_MAKER;BOT_TAKER;HYDROGEL_PACK;XIRECS;9967.0;3
45100;BOT_TAKER;BOT_MAKER;VELVETFRUIT_EXTRACT;XIRECS;5269.0;9
45100;BOT_MAKER;BOT_TAKER;VEV_4000;XIRECS;1240.0;2
45200;BOT_TAKER;SUBMISSION;HYDROGEL_PACK;XIRECS;9979.0;5
45300;BOT_MAKER;BOT_TAKER;ASH_COATED_OSMIUM;XIRECS;9997.0;3
45500;BOT_MAKER;BOT_TAKER;HYDROGEL_PACK;XIRECS;9967.0;4
45500;BOT_TAKER;BOT_MAKER;VEV_4000;XIRECS;1261.0;2
45500;BOT_TAKER;SUBMISSION;HYDROGEL_PACK;XIRECS;9984.0;2
45600;BOT_TAKER;BOT_MAKER;VELVETFRUIT_EXTRACT;XIRECS;5269.0;9
45600;BOT_TAKER;BOT_MAKER;VEV_6500;XIRECS;1.0;5
45700;BOT_TAKER;BOT_MAKER;VEV_4000;XIRECS;1260.0;2
45800;BOT_MAKER;BOT_TAKER;VELVETFRUIT_EXTRACT;XIRECS;5264.0;5
45900;BOT_TAKER;BOT_MAKER;INTARIAN_PEPPER_ROOT;XIRECS;13153.0;7
45900;BOT_MAKER;BOT_TAKER;VELVETFRUIT_EXTRACT;XIRECS;5264.0;7
45900;BOT_MAKER;BOT_TAKER;VEV_5500;XIRECS;8.0;5
46000;BOT_TAKER;BOT_MAKER;HYDROGEL_PACK;XIRECS;9986.0;6
46000;BOT_TAKER;BOT_MAKER;VELVETFRUIT_EXTRACT;XIRECS;5267.0;6
46100;BOT_MAKER;BOT_TAKER;VELVETFRUIT_EXTRACT;XIRECS;5261.0;4
46100;BOT_MAKER;BOT_TAKER;VEV_5500;XIRECS;7.0;5
46100;BOT_TAKER;BOT_MAKER;VEV_6000;XIRECS;1.0;5
46100;BOT_MAKER;BOT_TAKER;VEV_6000;XIRECS;0.0;3
46100;SUBMISSION;BOT_TAKER;HYDROGEL_PACK;XIRECS;9973.0;2
46200;BOT_MAKER;BOT_TAKER;HYDROGEL_PACK;XIRECS;9970.0;3
46200;BOT_MAKER;BOT_TAKER;VELVETFRUIT_EXTRACT;XIRECS;5261.0;3
46300;BOT_MAKER;BOT_TAKER;HYDROGEL_PACK;XIRECS;9971.0;6
46300;BOT;SUBMISSION;ASH_COATED_OSMIUM;XIRECS;9999.0;7
46300;SUBMISSION;BOT_TAKER;ASH_COATED_OSMIUM;XIRECS;9988.0;7
46400;BOT_TAKER;BOT_MAKER;VELVETFRUIT_EXTRACT;XIRECS;5266.0;11
46500;BOT_TAKER;BOT_MAKER;HYDROGEL_PACK;XIRECS;9984.0;3
46500;BOT_MAKER;BOT_TAKER;VEV_5500;XIRECS;7.0;2
46500;BOT_MAKER;BOT_TAKER;VEV_6500;XIRECS;0.0;3
46600;BOT_MAKER;BOT_TAKER;ASH_COATED_OSMIUM;XIRECS;9990.0;6
46700;BOT_TAKER;BOT_MAKER;HYDROGEL_PACK;XIRECS;9981.0;4
46800;BOT_TAKER;BOT_MAKER;VELVETFRUIT_EXTRACT;XIRECS;5268.0;8
46800;BOT_TAKER;SUBMISSION;VELVETFRUIT_EXTRACT;XIRECS;5267.0;5
46800;BOT_TAKER;BOT_MAKER;VELVETFRUIT_EXTRACT;XIRECS;5268.0;2
47000;BOT_MAKER;BOT_TAKER;VELVETFRUIT_EXTRACT;XIRECS;5264.0;6
47000;BOT_TAKER;SUBMISSION;VELVETFRUIT_EXTRACT;XIRECS;5268.0;5
47000;BOT_TAKER;BOT_MAKER;VELVETFRUIT_EXTRACT;XIRECS;5269.0;1
47100;BOT_MAKER;BOT_TAKER;VELVETFRUIT_EXTRACT;XIRECS;5264.0;7
47200;BOT_TAKER;BOT_MAKER;HYDROGEL_PACK;XIRECS;9974.0;2
47200;BOT_TAKER;BOT_MAKER;VELVETFRUIT_EXTRACT;XIRECS;5269.0;3
47300;BOT_MAKER;BOT_TAKER;HYDROGEL_PACK;XIRECS;9957.0;5
47300;BOT_MAKER;BOT_TAKER;VELVETFRUIT_EXTRACT;XIRECS;5263.0;5
47300;BOT_TAKER;BOT_MAKER;VELVETFRUIT_EXTRACT;XIRECS;5267.0;7
47300;BOT_TAKER;SUBMISSION;ASH_COATED_OSMIUM;XIRECS;10005.0;6
47500;BOT_TAKER;BOT_MAKER;ASH_COATED_OSMIUM;XIRECS;10006.0;6
47500;BOT_MAKER;BOT_TAKER;HYDROGEL_PACK;XIRECS;9957.0;6
47500;BOT_MAKER;BOT_TAKER;INTARIAN_PEPPER_ROOT;XIRECS;13140.0;5
47500;BOT_MAKER;BOT_TAKER;VELVETFRUIT_EXTRACT;XIRECS;5262.0;6
47500;BOT_TAKER;BOT_MAKER;VEV_5400;XIRECS;10.0;3
47600;BOT_MAKER;BOT_TAKER;VEV_4000;XIRECS;1242.0;1
47600;BOT_TAKER;BOT_MAKER;VEV_6000;XIRECS;1.0;2
47700;BOT_TAKER;BOT_MAKER;VELVETFRUIT_EXTRACT;XIRECS;5268.0;5
47700;BOT_TAKER;SUBMISSION;ASH_COATED_OSMIUM;XIRECS;10006.0;7
47800;SUBMISSION;BOT_TAKER;VELVETFRUIT_EXTRACT;XIRECS;5265.0;5
47900;BOT_TAKER;BOT_MAKER;VELVETFRUIT_EXTRACT;XIRECS;5271.0;5
48000;BOT_MAKER;BOT_TAKER;VELVETFRUIT_EXTRACT;XIRECS;5265.0;8
48000;BOT_MAKER;BOT_TAKER;VEV_6000;XIRECS;0.0;3
48100;BOT_TAKER;BOT_MAKER;VELVETFRUIT_EXTRACT;XIRECS;5268.0;6
48100;BOT_TAKER;SUBMISSION;INTARIAN_PEPPER_ROOT;XIRECS;13156.0;5
48200;SUBMISSION;BOT;INTARIAN_PEPPER_ROOT;XIRECS;13155.0;5
48300;BOT_TAKER;BOT_MAKER;HYDROGEL_PACK;XIRECS;9976.0;6
48300;BOT_TAKER;BOT_MAKER;VEV_4000;XIRECS;1268.0;1
48400;BOT_TAKER;BOT_MAKER;VELVETFRUIT_EXTRACT;XIRECS;5265.0;8
48500;BOT_MAKER;BOT_TAKER;HYDROGEL_PACK;XIRECS;9957.0;4
48500;BOT_MAKER;BOT_TAKER;VELVETFRUIT_EXTRACT;XIRECS;5260.0;5
48500;BOT_TAKER;BOT_MAKER;VEV_6500;XIRECS;1.0;5
48600;BOT_TAKER;BOT_MAKER;HYDROGEL_PACK;XIRECS;9972.0;5
48700;BOT_TAKER;BOT_MAKER;ASH_COATED_OSMIUM;XIRECS;10006.0;6
48700;BOT_MAKER;BOT_TAKER;HYDROGEL_PACK;XIRECS;9958.0;6
48700;BOT_TAKER;BOT_MAKER;VELVETFRUIT_EXTRACT;XIRECS;5264.0;9
48700;BOT_TAKER;BOT_MAKER;VEV_5400;XIRECS;10.0;2
48800;BOT_MAKER;BOT_TAKER;HYDROGEL_PACK;XIRECS;9958.0;2
48800;BOT_TAKER;BOT_MAKER;INTARIAN_PEPPER_ROOT;XIRECS;13156.0;6
48800;BOT_TAKER;SUBMISSION;HYDROGEL_PACK;XIRECS;9973.0;4
48900;BOT_MAKER;BOT_TAKER;VEV_4000;XIRECS;1250.0;1
48900;BOT_MAKER;BOT_TAKER;VEV_5400;XIRECS;8.0;4
48900;SUBMISSION;BOT_TAKER;HYDROGEL_PACK;XIRECS;9956.0;5
48900;BOT_MAKER;BOT_TAKER;HYDROGEL_PACK;XIRECS;9955.0;1
49000;BOT_MAKER;BOT_TAKER;VELVETFRUIT_EXTRACT;XIRECS;5256.0;5
49000;BOT_MAKER;BOT_TAKER;VEV_4000;XIRECS;1250.0;1
49100;BOT_TAKER;BOT_MAKER;HYDROGEL_PACK;XIRECS;9967.0;6
49100;BOT_TAKER;BOT_MAKER;VEV_4000;XIRECS;1271.0;2
49200;BOT_TAKER;BOT_MAKER;VEV_5300;XIRECS;52.0;4
49200;BOT_TAKER;BOT_MAKER;VEV_6500;XIRECS;1.0;2
49300;BOT_MAKER;BOT_TAKER;VEV_5500;XIRECS;7.0;3
49300;BOT_MAKER;BOT_TAKER;VEV_6000;XIRECS;0.0;2
49300;BOT_TAKER;SUBMISSION;HYDROGEL_PACK;XIRECS;9963.0;5
49500;BOT_MAKER;BOT_TAKER;VELVETFRUIT_EXTRACT;XIRECS;5257.0;7
49500;BOT_TAKER;BOT_MAKER;VEV_6000;XIRECS;1.0;4
49600;BOT_TAKER;BOT_MAKER;VEV_4000;XIRECS;1270.0;1
49600;BOT_MAKER;BOT_TAKER;VEV_6000;XIRECS;0.0;2
49700;BOT_MAKER;BOT_TAKER;INTARIAN_PEPPER_ROOT;XIRECS;13143.0;6
49800;BOT_TAKER;BOT_MAKER;ASH_COATED_OSMIUM;XIRECS;10007.0;2
49900;BOT_MAKER;BOT_TAKER;HYDROGEL_PACK;XIRECS;9949.0;5
49900;BOT_MAKER;BOT_TAKER;VEV_6000;XIRECS;0.0;2
50000;BOT_TAKER;BOT_MAKER;VELVETFRUIT_EXTRACT;XIRECS;5266.0;4
50100;BOT_TAKER;BOT_MAKER;HYDROGEL_PACK;XIRECS;9963.0;4
50200;BOT_TAKER;BOT_MAKER;VEV_6500;XIRECS;1.0;3
50300;BOT_MAKER;BOT_TAKER;VELVETFRUIT_EXTRACT;XIRECS;5262.0;8
50400;BOT_TAKER;BOT_MAKER;HYDROGEL_PACK;XIRECS;9963.0;3
50400;BOT_TAKER;SUBMISSION;VELVETFRUIT_EXTRACT;XIRECS;5265.0;5
50400;BOT_TAKER;BOT_MAKER;VELVETFRUIT_EXTRACT;XIRECS;5266.0;1
50500;BOT_TAKER;BOT_MAKER;VELVETFRUIT_EXTRACT;XIRECS;5266.0;7
50600;BOT_MAKER;BOT_TAKER;HYDROGEL_PACK;XIRECS;9954.0;5
50700;BOT_TAKER;BOT_MAKER;HYDROGEL_PACK;XIRECS;9970.0;2
50700;BOT_MAKER;BOT_TAKER;VELVETFRUIT_EXTRACT;XIRECS;5262.0;5
50700;BOT_TAKER;BOT_MAKER;VEV_6500;XIRECS;1.0;5
50700;BOT_TAKER;SUBMISSION;HYDROGEL_PACK;XIRECS;9969.0;4
51000;BOT_TAKER;BOT_MAKER;VEV_4000;XIRECS;1269.0;2
51100;BOT_TAKER;BOT_MAKER;HYDROGEL_PACK;XIRECS;9974.0;2
51100;BOT_TAKER;BOT_MAKER;VELVETFRUIT_EXTRACT;XIRECS;5265.0;10
51100;BOT_TAKER;BOT_MAKER;VEV_4000;XIRECS;1269.0;1
51100;BOT_TAKER;BOT_MAKER;VEV_6000;XIRECS;1.0;2
51100;BOT_TAKER;BOT_MAKER;VEV_6500;XIRECS;1.0;3
51100;BOT_TAKER;SUBMISSION;VELVETFRUIT_EXTRACT;XIRECS;5264.0;3
51300;BOT_TAKER;BOT_MAKER;HYDROGEL_PACK;XIRECS;9974.0;6
51300;BOT_MAKER;BOT_TAKER;VELVETFRUIT_EXTRACT;XIRECS;5259.0;5
51300;BOT_TAKER;SUBMISSION;VELVETFRUIT_EXTRACT;XIRECS;5263.0;3
51400;BOT_TAKER;BOT_MAKER;HYDROGEL_PACK;XIRECS;9975.0;6
51400;BOT_MAKER;BOT_TAKER;VELVETFRUIT_EXTRACT;XIRECS;5260.0;3
51400;BOT_MAKER;BOT_TAKER;VEV_5300;XIRECS;51.0;3
51400;BOT;SUBMISSION;ASH_COATED_OSMIUM;XIRECS;9999.0;4
51500;BOT_MAKER;BOT_TAKER;VELVETFRUIT_EXTRACT;XIRECS;5260.0;3
51500;BOT_MAKER;BOT_TAKER;VEV_4000;XIRECS;1247.0;1
51500;BOT_MAKER;BOT_TAKER;VEV_5400;XIRECS;7.0;4
51500;BOT_MAKER;BOT_TAKER;VEV_5500;XIRECS;7.0;4
51500;SUBMISSION;BOT;ASH_COATED_OSMIUM;XIRECS;9995.0;10
51500;BOT_TAKER;SUBMISSION;HYDROGEL_PACK;XIRECS;9972.0;5
51600;BOT_MAKER;BOT_TAKER;VEV_6500;XIRECS;0.0;2
51800;BOT_TAKER;BOT_MAKER;VELVETFRUIT_EXTRACT;XIRECS;5262.0;6
52000;BOT_MAKER;BOT_TAKER;VELVETFRUIT_EXTRACT;XIRECS;5257.0;7
52000;BOT_TAKER;BOT_MAKER;VEV_5500;XIRECS;8.0;4
52100;BOT_MAKER;BOT_TAKER;INTARIAN_PEPPER_ROOT;XIRECS;13142.0;4
52300;BOT_MAKER;BOT_TAKER;HYDROGEL_PACK;XIRECS;9955.0;6
52300;BOT_MAKER;BOT_TAKER;VELVETFRUIT_EXTRACT;XIRECS;5256.0;5
52400;BOT_MAKER;BOT_TAKER;HYDROGEL_PACK;XIRECS;9957.0;5
52400;BOT_TAKER;BOT_MAKER;VELVETFRUIT_EXTRACT;XIRECS;5261.0;8
52500;BOT_MAKER;BOT_TAKER;VELVETFRUIT_EXTRACT;XIRECS;5256.0;7
52700;BOT_MAKER;BOT_TAKER;VELVETFRUIT_EXTRACT;XIRECS;5255.0;7
52700;BOT_TAKER;SUBMISSION;VELVETFRUIT_EXTRACT;XIRECS;5259.0;3
52800;BOT_MAKER;BOT_TAKER;VELVETFRUIT_EXTRACT;XIRECS;5255.0;13
52800;BOT_TAKER;BOT_MAKER;VEV_5500;XIRECS;8.0;4
52900;BOT_MAKER;BOT_TAKER;HYDROGEL_PACK;XIRECS;9954.0;4
52900;BOT_TAKER;BOT_MAKER;VELVETFRUIT_EXTRACT;XIRECS;5261.0;5
53100;BOT_MAKER;BOT_TAKER;HYDROGEL_PACK;XIRECS;9953.0;4
53200;BOT_MAKER;BOT_TAKER;HYDROGEL_PACK;XIRECS;9953.0;4
53200;BOT_TAKER;BOT_MAKER;VELVETFRUIT_EXTRACT;XIRECS;5261.0;3
53300;BOT_MAKER;BOT_TAKER;VELVETFRUIT_EXTRACT;XIRECS;5258.0;7
53300;BOT_MAKER;BOT_TAKER;VEV_6500;XIRECS;0.0;4
53400;BOT_MAKER;BOT_TAKER;VELVETFRUIT_EXTRACT;XIRECS;5259.0;6
53600;BOT_MAKER;BOT_TAKER;HYDROGEL_PACK;XIRECS;9958.0;4
53600;BOT_TAKER;BOT_MAKER;VEV_4000;XIRECS;1273.0;2
53600;BOT_MAKER;BOT_TAKER;VEV_6500;XIRECS;0.0;2
53600;SUBMISSION;BOT;ASH_COATED_OSMIUM;XIRECS;9994.0;8
53700;BOT_MAKER;BOT_TAKER;HYDROGEL_PACK;XIRECS;9958.0;6
53700;BOT_MAKER;BOT_TAKER;VELVETFRUIT_EXTRACT;XIRECS;5257.0;4
53800;BOT_MAKER;BOT_TAKER;HYDROGEL_PACK;XIRECS;9958.0;6
53800;BOT_MAKER;BOT_TAKER;VEV_6000;XIRECS;0.0;2
53800;SUBMISSION;BOT_TAKER;VELVETFRUIT_EXTRACT;XIRECS;5259.0;4
53900;BOT_TAKER;BOT_MAKER;HYDROGEL_PACK;XIRECS;9974.0;4
53900;BOT_MAKER;BOT_TAKER;VELVETFRUIT_EXTRACT;XIRECS;5258.0;4
53900;BOT_MAKER;BOT_TAKER;VEV_6000;XIRECS;0.0;2
54000;BOT_TAKER;BOT_MAKER;HYDROGEL_PACK;XIRECS;9972.0;5
54000;BOT_TAKER;BOT_MAKER;VEV_5400;XIRECS;8.0;3
54300;BOT_TAKER;BOT_MAKER;HYDROGEL_PACK;XIRECS;9975.0;6
54300;BOT_MAKER;BOT_TAKER;VEV_6000;XIRECS;0.0;3
54400;BOT_TAKER;BOT_MAKER;VEV_4000;XIRECS;1275.0;3
54400;BOT_TAKER;SUBMISSION;VEV_4000;XIRECS;1274.0;2
54500;BOT_TAKER;BOT_MAKER;HYDROGEL_PACK;XIRECS;9974.0;2
54500;BOT_TAKER;BOT_MAKER;VELVETFRUIT_EXTRACT;XIRECS;5267.0;7
54600;BOT_TAKER;BOT_MAKER;HYDROGEL_PACK;XIRECS;9977.0;2
54600;SUBMISSION;BOT_TAKER;ASH_COATED_OSMIUM;XIRECS;9988.0;10
54700;BOT_MAKER;BOT_TAKER;VELVETFRUIT_EXTRACT;XIRECS;5262.0;5
54700;BOT_MAKER;BOT_TAKER;VEV_4000;XIRECS;1255.0;2
54700;BOT_MAKER;BOT_TAKER;VEV_5500;XIRECS;7.0;4
54700;SUBMISSION;BOT_TAKER;VEV_4000;XIRECS;1256.0;1
54800;BOT_TAKER;BOT_MAKER;HYDROGEL_PACK;XIRECS;9980.0;5
54800;BOT_TAKER;BOT_MAKER;INTARIAN_PEPPER_ROOT;XIRECS;13162.0;4
54800;BOT_MAKER;BOT_TAKER;VELVETFRUIT_EXTRACT;XIRECS;5260.0;6
54800;BOT_MAKER;BOT_TAKER;VEV_4000;XIRECS;1256.0;2
54800;BOT_MAKER;BOT_TAKER;VEV_5500;XIRECS;7.0;5
54800;BOT_TAKER;SUBMISSION;ASH_COATED_OSMIUM;XIRECS;10004.0;10
54900;BOT_TAKER;SUBMISSION;VEV_4000;XIRECS;1276.0;1
55000;BOT_TAKER;BOT_MAKER;VELVETFRUIT_EXTRACT;XIRECS;5263.0;7
55000;BOT_TAKER;BOT_MAKER;VEV_4000;XIRECS;1277.0;3
55100;BOT_TAKER;BOT_MAKER;VELVETFRUIT_EXTRACT;XIRECS;5263.0;3
55200;BOT_MAKER;BOT_TAKER;HYDROGEL_PACK;XIRECS;9959.0;2
55200;BOT_TAKER;BOT_MAKER;VEV_5400;XIRECS;8.0;2
55200;BOT;SUBMISSION;ASH_COATED_OSMIUM;XIRECS;9998.0;4
55300;BOT_TAKER;BOT_MAKER;VELVETFRUIT_EXTRACT;XIRECS;5262.0;5
55300;SUBMISSION;BOT;ASH_COATED_OSMIUM;XIRECS;9994.0;6
55400;BOT_MAKER;BOT_TAKER;VELVETFRUIT_EXTRACT;XIRECS;5257.0;7
55400;BOT_TAKER;BOT_MAKER;VEV_6500;XIRECS;1.0;2
55400;BOT_TAKER;SUBMISSION;HYDROGEL_PACK;XIRECS;9976.0;5
55400;BOT_TAKER;BOT_MAKER;HYDROGEL_PACK;XIRECS;9977.0;1
55500;BOT_MAKER;BOT_TAKER;HYDROGEL_PACK;XIRECS;9960.0;3
55500;BOT_TAKER;BOT_MAKER;VELVETFRUIT_EXTRACT;XIRECS;5261.0;8
55500;BOT_MAKER;BOT_TAKER;VELVETFRUIT_EXTRACT;XIRECS;5256.0;7
55600;BOT_MAKER;BOT_TAKER;HYDROGEL_PACK;XIRECS;9959.0;5
55600;BOT_MAKER;BOT_TAKER;VEV_4000;XIRECS;1252.0;2
55700;BOT_MAKER;BOT_TAKER;HYDROGEL_PACK;XIRECS;9956.0;5
55700;BOT_TAKER;BOT_MAKER;VEV_6500;XIRECS;1.0;4
55800;BOT_MAKER;BOT_TAKER;VEV_4000;XIRECS;1251.0;3
55800;BOT_TAKER;BOT_MAKER;VEV_5500;XIRECS;8.0;3
55800;BOT_TAKER;SUBMISSION;VELVETFRUIT_EXTRACT;XIRECS;5261.0;5
55800;BOT_TAKER;BOT_MAKER;VELVETFRUIT_EXTRACT;XIRECS;5262.0;8
55900;BOT_TAKER;BOT_MAKER;HYDROGEL_PACK;XIRECS;9971.0;2
55900;BOT_TAKER;BOT_MAKER;VELVETFRUIT_EXTRACT;XIRECS;5261.0;7
55900;BOT_MAKER;BOT_TAKER;VEV_6000;XIRECS;0.0;2
55900;SUBMISSION;BOT_TAKER;HYDROGEL_PACK;XIRECS;9956.0;4
56000;BOT_TAKER;BOT_MAKER;VELVETFRUIT_EXTRACT;XIRECS;5261.0;4
56000;SUBMISSION;BOT_TAKER;HYDROGEL_PACK;XIRECS;9957.0;2
56100;BOT_TAKER;BOT_MAKER;HYDROGEL_PACK;XIRECS;9971.0;4
56100;BOT_TAKER;BOT_MAKER;VELVETFRUIT_EXTRACT;XIRECS;5257.0;3
56100;BOT_TAKER;BOT_MAKER;VEV_4000;XIRECS;1272.0;3
56100;BOT_TAKER;BOT_MAKER;VEV_5500;XIRECS;9.0;5
56200;BOT_MAKER;BOT_TAKER;VEV_4000;XIRECS;1250.0;1
56200;BOT_TAKER;BOT_MAKER;VEV_6000;XIRECS;1.0;5
56200;SUBMISSION;BOT_TAKER;ASH_COATED_OSMIUM;XIRECS;9989.0;3
56300;BOT_TAKER;BOT_MAKER;HYDROGEL_PACK;XIRECS;9974.0;6
56300;BOT_TAKER;BOT_MAKER;VELVETFRUIT_EXTRACT;XIRECS;5259.0;5
56300;BOT_MAKER;BOT_TAKER;VEV_6000;XIRECS;0.0;2
56400;BOT_TAKER;BOT_MAKER;VEV_5500;XIRECS;9.0;2
56500;BOT_MAKER;BOT_TAKER;HYDROGEL_PACK;XIRECS;9959.0;6
56500;BOT_TAKER;BOT_MAKER;VELVETFRUIT_EXTRACT;XIRECS;5260.0;5
56500;BOT_TAKER;BOT_MAKER;VEV_4000;XIRECS;1273.0;1
56500;SUBMISSION;BOT_TAKER;VELVETFRUIT_EXTRACT;XIRECS;5255.0;5
56600;BOT_MAKER;BOT_TAKER;VELVETFRUIT_EXTRACT;XIRECS;5252.0;7
56700;BOT_TAKER;BOT_MAKER;HYDROGEL_PACK;XIRECS;9973.0;2
56700;BOT_TAKER;BOT_MAKER;VELVETFRUIT_EXTRACT;XIRECS;5258.0;9
56700;BOT_TAKER;BOT_MAKER;VELVETFRUIT_EXTRACT;XIRECS;5258.0;4
56800;SUBMISSION;BOT_TAKER;VELVETFRUIT_EXTRACT;XIRECS;5252.0;4
56900;BOT_MAKER;BOT_TAKER;HYDROGEL_PACK;XIRECS;9953.0;4
56900;BOT_MAKER;BOT_TAKER;VELVETFRUIT_EXTRACT;XIRECS;5251.0;5
57000;BOT_TAKER;BOT_MAKER;VELVETFRUIT_EXTRACT;XIRECS;5258.0;8
57000;SUBMISSION;BOT_TAKER;VEV_4000;XIRECS;1251.0;2
57100;BOT_TAKER;BOT_MAKER;VEV_6000;XIRECS;1.0;5
57100;BOT_TAKER;SUBMISSION;HYDROGEL_PACK;XIRECS;9974.0;5
57100;BOT_TAKER;SUBMISSION;VELVETFRUIT_EXTRACT;XIRECS;5256.0;5
57200;BOT_TAKER;BOT_MAKER;VEV_4000;XIRECS;1275.0;2
57200;BOT_MAKER;BOT_TAKER;VEV_5300;XIRECS;46.0;4
57200;BOT_TAKER;SUBMISSION;ASH_COATED_OSMIUM;XIRECS;10008.0;10
57300;BOT_MAKER;BOT_TAKER;HYDROGEL_PACK;XIRECS;9957.0;3
57400;BOT_TAKER;BOT_MAKER;ASH_COATED_OSMIUM;XIRECS;10009.0;2
57400;BOT_MAKER;BOT_TAKER;VELVETFRUIT_EXTRACT;XIRECS;5249.0;8
57400;SUBMISSION;BOT_TAKER;HYDROGEL_PACK;XIRECS;9962.0;5
57700;BOT_MAKER;BOT_TAKER;HYDROGEL_PACK;XIRECS;9964.0;5
57700;SUBMISSION;BOT_TAKER;HYDROGEL_PACK;XIRECS;9965.0;5
57900;BOT_TAKER;BOT_MAKER;HYDROGEL_PACK;XIRECS;9980.0;4
57900;BOT_MAKER;BOT_TAKER;VEV_4000;XIRECS;1248.0;1
57900;BOT_TAKER;BOT_MAKER;VEV_5500;XIRECS;9.0;4
58000;BOT_TAKER;BOT_MAKER;VELVETFRUIT_EXTRACT;XIRECS;5256.0;5
58000;BOT_TAKER;SUBMISSION;HYDROGEL_PACK;XIRECS;9979.0;5
58000;SUBMISSION;BOT_TAKER;VEV_4000;XIRECS;1248.0;1
58100;BOT_MAKER;BOT_TAKER;VELVETFRUIT_EXTRACT;XIRECS;5248.0;3
58200;BOT_MAKER;BOT_TAKER;HYDROGEL_PACK;XIRECS;9957.0;5
58200;BOT_MAKER;BOT_TAKER;VELVETFRUIT_EXTRACT;XIRECS;5248.0;13
58200;BOT_TAKER;BOT_MAKER;VEV_4000;XIRECS;1267.0;1
58200;BOT_TAKER;BOT_MAKER;VEV_5500;XIRECS;8.0;2
58200;BOT_TAKER;SUBMISSION;ASH_COATED_OSMIUM;XIRECS;10006.0;7
58400;BOT_TAKER;BOT_MAKER;VEV_5500;XIRECS;8.0;4
58500;BOT_MAKER;BOT_TAKER;VELVETFRUIT_EXTRACT;XIRECS;5247.0;6
58500;SUBMISSION;BOT_TAKER;VEV_4000;XIRECS;1248.0;2
58600;BOT_MAKER;BOT_TAKER;VELVETFRUIT_EXTRACT;XIRECS;5249.0;13
58700;BOT_MAKER;BOT_TAKER;VELVETFRUIT_EXTRACT;XIRECS;5247.0;4
58700;BOT_TAKER;BOT_MAKER;VEV_6500;XIRECS;1.0;2
58800;BOT_TAKER;BOT_MAKER;HYDROGEL_PACK;XIRECS;9970.0;6
58800;BOT_MAKER;BOT_TAKER;VELVETFRUIT_EXTRACT;XIRECS;5247.0;7
58800;BOT_MAKER;BOT_TAKER;VELVETFRUIT_EXTRACT;XIRECS;5247.0;4
58800;SUBMISSION;BOT_TAKER;HYDROGEL_PACK;XIRECS;9955.0;2
58900;BOT_MAKER;BOT_TAKER;ASH_COATED_OSMIUM;XIRECS;9991.0;2
58900;BOT_TAKER;BOT_MAKER;VELVETFRUIT_EXTRACT;XIRECS;5253.0;7
59000;BOT_MAKER;BOT_TAKER;HYDROGEL_PACK;XIRECS;9956.0;5
59000;BOT_TAKER;BOT_MAKER;VEV_6000;XIRECS;1.0;5
59100;BOT_MAKER;BOT_TAKER;VEV_4000;XIRECS;1247.0;2
59100;BOT_MAKER;BOT_TAKER;VEV_5500;XIRECS;7.0;5
59200;BOT_MAKER;BOT_TAKER;HYDROGEL_PACK;XIRECS;9957.0;2
59200;BOT_MAKER;BOT_TAKER;VEV_6500;XIRECS;0.0;4
59200;SUBMISSION;BOT_TAKER;ASH_COATED_OSMIUM;XIRECS;9992.0;4
59300;BOT_MAKER;BOT_TAKER;HYDROGEL_PACK;XIRECS;9958.0;6
59300;BOT_MAKER;BOT_TAKER;VEV_4000;XIRECS;1244.0;2
59300;BOT_TAKER;BOT_MAKER;VEV_6500;XIRECS;1.0;4
59500;BOT_TAKER;BOT_MAKER;HYDROGEL_PACK;XIRECS;9976.0;5
59600;BOT_TAKER;BOT_MAKER;VELVETFRUIT_EXTRACT;XIRECS;5254.0;4
59700;BOT_TAKER;BOT_MAKER;VELVETFRUIT_EXTRACT;XIRECS;5252.0;7
59800;BOT_MAKER;BOT_TAKER;HYDROGEL_PACK;XIRECS;9960.0;5
59800;BOT_MAKER;BOT_TAKER;VELVETFRUIT_EXTRACT;XIRECS;5245.0;7
59800;SUBMISSION;BOT_TAKER;ASH_COATED_OSMIUM;XIRECS;9992.0;2
59900;BOT_TAKER;BOT_MAKER;VEV_6500;XIRECS;1.0;4
60000;BOT_MAKER;BOT_TAKER;VELVETFRUIT_EXTRACT;XIRECS;5244.0;6
60000;BOT_TAKER;BOT_MAKER;VEV_4000;XIRECS;1265.0;1
60200;BOT_TAKER;BOT_MAKER;VELVETFRUIT_EXTRACT;XIRECS;5252.0;7
60200;BOT_TAKER;BOT_MAKER;VEV_5400;XIRECS;8.0;5
60300;BOT_MAKER;BOT_TAKER;INTARIAN_PEPPER_ROOT;XIRECS;13150.0;4
60300;BOT_MAKER;BOT_TAKER;VELVETFRUIT_EXTRACT;XIRECS;5246.0;10
60300;BOT;SUBMISSION;ASH_COATED_OSMIUM;XIRECS;10000.0;4
60400;BOT_TAKER;BOT_MAKER;VELVETFRUIT_EXTRACT;XIRECS;5251.0;4
60400;BOT_MAKER;BOT_TAKER;VEV_4000;XIRECS;1247.0;1
60500;BOT_TAKER;BOT_MAKER;HYDROGEL_PACK;XIRECS;9972.0;3
60500;BOT_TAKER;BOT_MAKER;VEV_5500;XIRECS;8.0;3
60600;BOT_TAKER;BOT_MAKER;VELVETFRUIT_EXTRACT;XIRECS;5249.0;5
60600;BOT_TAKER;SUBMISSION;HYDROGEL_PACK;XIRECS;9973.0;3
60700;BOT_TAKER;BOT_MAKER;VELVETFRUIT_EXTRACT;XIRECS;5251.0;7
60800;BOT_MAKER;BOT_TAKER;VELVETFRUIT_EXTRACT;XIRECS;5246.0;3
60800;BOT_MAKER;BOT_TAKER;VEV_6500;XIRECS;0.0;4
61000;BOT_MAKER;BOT_TAKER;VELVETFRUIT_EXTRACT;XIRECS;5248.0;5
61000;BOT_TAKER;BOT_MAKER;VEV_4000;XIRECS;1269.0;2
61100;BOT_TAKER;BOT_MAKER;VELVETFRUIT_EXTRACT;XIRECS;5253.0;3
61100;BOT_TAKER;BOT_MAKER;VEV_5500;XIRECS;9.0;2
61100;BOT_TAKER;SUBMISSION;HYDROGEL_PACK;XIRECS;9976.0;5
61100;BOT_TAKER;SUBMISSION;VELVETFRUIT_EXTRACT;XIRECS;5252.0;5
61100;BOT_TAKER;BOT_MAKER;VELVETFRUIT_EXTRACT;XIRECS;5253.0;2
61200;BOT_TAKER;BOT_MAKER;HYDROGEL_PACK;XIRECS;9978.0;2
61200;SUBMISSION;BOT_TAKER;ASH_COATED_OSMIUM;XIRECS;9993.0;4
61200;BOT_TAKER;SUBMISSION;VEV_4000;XIRECS;1267.0;2
61300;BOT_MAKER;BOT_TAKER;HYDROGEL_PACK;XIRECS;9962.0;3
61300;SUBMISSION;BOT;ASH_COATED_OSMIUM;XIRECS;9997.0;7
61300;BOT_TAKER;SUBMISSION;VELVETFRUIT_EXTRACT;XIRECS;5250.0;5
61300;BOT_TAKER;BOT_MAKER;VELVETFRUIT_EXTRACT;XIRECS;5251.0;3
61400;BOT_TAKER;BOT_MAKER;HYDROGEL_PACK;XIRECS;9978.0;5
61600;BOT_TAKER;BOT_MAKER;HYDROGEL_PACK;XIRECS;9974.0;3
61600;BOT_MAKER;BOT_TAKER;VELVETFRUIT_EXTRACT;XIRECS;5245.0;4
61600;BOT_MAKER;BOT_TAKER;VEV_4000;XIRECS;1247.0;3
61700;BOT;SUBMISSION;ASH_COATED_OSMIUM;XIRECS;10002.0;10
61800;SUBMISSION;BOT_TAKER;VEV_4000;XIRECS;1246.0;2
61900;BOT_TAKER;BOT_MAKER;VEV_4000;XIRECS;1266.0;1
61900;BOT_TAKER;BOT_MAKER;ASH_COATED_OSMIUM;XIRECS;10000.0;3
61900;BOT_TAKER;SUBMISSION;ASH_COATED_OSMIUM;XIRECS;10006.0;1
61900;BOT_TAKER;SUBMISSION;VELVETFRUIT_EXTRACT;XIRECS;5248.0;5
61900;BOT_TAKER;BOT_MAKER;VELVETFRUIT_EXTRACT;XIRECS;5249.0;2
62000;BOT_TAKER;BOT_MAKER;VEV_5400;XIRECS;9.0;4
62000;BOT_TAKER;SUBMISSION;VELVETFRUIT_EXTRACT;XIRECS;5248.0;5
62000;BOT_TAKER;BOT_MAKER;VELVETFRUIT_EXTRACT;XIRECS;5249.0;2
62200;BOT_MAKER;BOT_TAKER;HYDROGEL_PACK;XIRECS;9952.0;6
62400;BOT_MAKER;BOT_TAKER;VEV_4000;XIRECS;1243.0;2
62500;BOT_TAKER;BOT_MAKER;HYDROGEL_PACK;XIRECS;9966.0;4
62500;BOT_TAKER;BOT_MAKER;VEV_5500;XIRECS;9.0;5
62600;BOT_TAKER;BOT_MAKER;HYDROGEL_PACK;XIRECS;9967.0;5
62600;BOT_TAKER;BOT_MAKER;VELVETFRUIT_EXTRACT;XIRECS;5247.0;4
62700;BOT_TAKER;BOT_MAKER;VEV_4000;XIRECS;1262.0;3
62800;BOT_MAKER;BOT_TAKER;VEV_5400;XIRECS;7.0;5
62900;BOT_MAKER;BOT_TAKER;HYDROGEL_PACK;XIRECS;9953.0;4
62900;BOT_TAKER;SUBMISSION;VELVETFRUIT_EXTRACT;XIRECS;5243.0;5
63000;BOT_MAKER;BOT_TAKER;VELVETFRUIT_EXTRACT;XIRECS;5241.0;8
63000;BOT_TAKER;SUBMISSION;HYDROGEL_PACK;XIRECS;9967.0;5
63100;BOT_MAKER;BOT_TAKER;HYDROGEL_PACK;XIRECS;9956.0;5
63100;BOT_MAKER;BOT_TAKER;VEV_5400;XIRECS;7.0;2
63100;BOT_MAKER;BOT_TAKER;VEV_6500;XIRECS;0.0;5
63300;BOT_MAKER;BOT_TAKER;VELVETFRUIT_EXTRACT;XIRECS;5240.0;7
63400;BOT_TAKER;BOT_MAKER;HYDROGEL_PACK;XIRECS;9971.0;6
63500;BOT_TAKER;BOT_MAKER;VELVETFRUIT_EXTRACT;XIRECS;5246.0;3
63500;BOT_MAKER;BOT_TAKER;VEV_6500;XIRECS;0.0;2
63500;BOT_TAKER;SUBMISSION;VELVETFRUIT_EXTRACT;XIRECS;5245.0;5
63600;BOT_MAKER;BOT_TAKER;HYDROGEL_PACK;XIRECS;9961.0;6
63700;BOT_TAKER;SUBMISSION;HYDROGEL_PACK;XIRECS;9978.0;4
63800;BOT_MAKER;BOT_TAKER;VELVETFRUIT_EXTRACT;XIRECS;5241.0;5
63900;BOT_MAKER;BOT_TAKER;VEV_4000;XIRECS;1238.0;3
64000;BOT_TAKER;BOT_MAKER;VELVETFRUIT_EXTRACT;XIRECS;5249.0;13
64100;BOT_TAKER;BOT_MAKER;VEV_6500;XIRECS;1.0;5
64200;BOT_TAKER;BOT_MAKER;VEV_5300;XIRECS;45.0;3
64300;BOT_MAKER;BOT_TAKER;VELVETFRUIT_EXTRACT;XIRECS;5245.0;5
64300;BOT_MAKER;BOT_TAKER;VEV_6500;XIRECS;0.0;3
64300;BOT_TAKER;SUBMISSION;VELVETFRUIT_EXTRACT;XIRECS;5249.0;3
64400;BOT_MAKER;BOT_TAKER;VELVETFRUIT_EXTRACT;XIRECS;5245.0;7
64400;BOT_MAKER;BOT_TAKER;VEV_5300;XIRECS;42.0;4
64400;BOT_TAKER;BOT_MAKER;VEV_5500;XIRECS;9.0;4
64500;BOT_MAKER;BOT_TAKER;HYDROGEL_PACK;XIRECS;9976.0;5
64500;BOT_MAKER;BOT_TAKER;VELVETFRUIT_EXTRACT;XIRECS;5244.0;4
64600;SUBMISSION;BOT_TAKER;HYDROGEL_PACK;XIRECS;9979.0;3
64700;BOT_TAKER;BOT_MAKER;HYDROGEL_PACK;XIRECS;9993.0;3
64800;BOT_MAKER;BOT_TAKER;VELVETFRUIT_EXTRACT;XIRECS;5244.0;3
64800;BOT_MAKER;BOT_TAKER;VEV_4000;XIRECS;1235.0;3
64800;BOT_MAKER;BOT_TAKER;VEV_5500;XIRECS;8.0;3
64900;BOT_MAKER;BOT_TAKER;HYDROGEL_PACK;XIRECS;9975.0;2
64900;BOT_TAKER;BOT_MAKER;VELVETFRUIT_EXTRACT;XIRECS;5250.0;8
64900;BOT_MAKER;BOT_TAKER;VEV_5500;XIRECS;8.0;2
64900;BOT_TAKER;BOT_MAKER;VEV_6000;XIRECS;1.0;4
65000;BOT_MAKER;BOT_TAKER;VEV_4000;XIRECS;1236.0;2
65100;BOT_TAKER;BOT_MAKER;VELVETFRUIT_EXTRACT;XIRECS;5250.0;8
65200;BOT_TAKER;BOT_MAKER;VEV_5300;XIRECS;45.0;5
65300;BOT_TAKER;BOT_MAKER;VELVETFRUIT_EXTRACT;XIRECS;5249.0;9
65300;BOT_TAKER;BOT_MAKER;VEV_4000;XIRECS;1259.0;2
65300;BOT_MAKER;BOT_TAKER;VEV_5400;XIRECS;6.0;2
65400;BOT_TAKER;BOT_MAKER;VELVETFRUIT_EXTRACT;XIRECS;5249.0;5
65400;BOT_TAKER;BOT_MAKER;VEV_6000;XIRECS;1.0;5
65500;BOT_TAKER;BOT_MAKER;HYDROGEL_PACK;XIRECS;9993.0;2
65500;BOT_TAKER;BOT_MAKER;VEV_5500;XIRECS;9.0;2
65600;BOT_MAKER;BOT_TAKER;HYDROGEL_PACK;XIRECS;9973.0;6
65600;BOT_TAKER;BOT_MAKER;VELVETFRUIT_EXTRACT;XIRECS;5249.0;4
65600;BOT_TAKER;BOT_MAKER;VELVETFRUIT_EXTRACT;XIRECS;5249.0;8
65600;SUBMISSION;BOT_TAKER;ASH_COATED_OSMIUM;XIRECS;9994.0;10
65800;BOT_TAKER;BOT_MAKER;VELVETFRUIT_EXTRACT;XIRECS;5247.0;8
65800;BOT_MAKER;BOT_TAKER;VEV_4000;XIRECS;1236.0;3
65800;BOT_TAKER;BOT_MAKER;VEV_5400;XIRECS;8.0;3
65900;BOT_TAKER;BOT_MAKER;INTARIAN_PEPPER_ROOT;XIRECS;13173.0;3
66000;BOT_TAKER;BOT_MAKER;HYDROGEL_PACK;XIRECS;9988.0;3
66000;BOT_TAKER;BOT_MAKER;VEV_5500;XIRECS;9.0;5
66200;BOT_TAKER;BOT_MAKER;VELVETFRUIT_EXTRACT;XIRECS;5248.0;9
66200;BOT_TAKER;BOT_MAKER;VELVETFRUIT_EXTRACT;XIRECS;5248.0;5
66300;BOT_MAKER;BOT_TAKER;VEV_5300;XIRECS;46.0;3
66400;BOT_TAKER;SUBMISSION;HYDROGEL_PACK;XIRECS;9990.0;3
66500;BOT_MAKER;BOT_TAKER;HYDROGEL_PACK;XIRECS;9977.0;4
66500;BOT_MAKER;BOT_TAKER;VELVETFRUIT_EXTRACT;XIRECS;5243.0;6
66500;BOT_MAKER;BOT_TAKER;VEV_5300;XIRECS;45.0;5
66600;BOT_TAKER;BOT_MAKER;ASH_COATED_OSMIUM;XIRECS;10008.0;5
66600;BOT_TAKER;BOT_MAKER;VEV_5500;XIRECS;9.0;2
66700;BOT_TAKER;BOT_MAKER;VEV_5400;XIRECS;8.0;4
66700;BOT_TAKER;BOT_MAKER;VEV_6500;XIRECS;1.0;5
66800;BOT_TAKER;BOT_MAKER;VELVETFRUIT_EXTRACT;XIRECS;5249.0;8
66800;BOT_TAKER;BOT_MAKER;VEV_5300;XIRECS;47.0;5
66800;BOT_TAKER;SUBMISSION;HYDROGEL_PACK;XIRECS;9988.0;2
67000;BOT_MAKER;BOT_TAKER;HYDROGEL_PACK;XIRECS;9976.0;6
67000;SUBMISSION;BOT_TAKER;ASH_COATED_OSMIUM;XIRECS;9994.0;5
67100;BOT_TAKER;BOT_MAKER;VELVETFRUIT_EXTRACT;XIRECS;5251.0;8
67100;BOT_TAKER;BOT_MAKER;INTARIAN_PEPPER_ROOT;XIRECS;13174.0;4
67200;SUBMISSION;BOT_TAKER;VELVETFRUIT_EXTRACT;XIRECS;5244.0;5
67200;BOT_MAKER;BOT_TAKER;VELVETFRUIT_EXTRACT;XIRECS;5243.0;1
67300;BOT_MAKER;BOT_TAKER;HYDROGEL_PACK;XIRECS;9978.0;6
67300;BOT_MAKER;BOT_TAKER;INTARIAN_PEPPER_ROOT;XIRECS;13160.0;6
67500;BOT_TAKER;BOT_MAKER;VELVETFRUIT_EXTRACT;XIRECS;5246.0;3
67500;BOT_TAKER;SUBMISSION;HYDROGEL_PACK;XIRECS;9993.0;4
67600;BOT_TAKER;BOT_MAKER;HYDROGEL_PACK;XIRECS;9992.0;2
67700;BOT_TAKER;BOT_MAKER;VELVETFRUIT_EXTRACT;XIRECS;5246.0;8
68000;BOT_MAKER;BOT_TAKER;VELVETFRUIT_EXTRACT;XIRECS;5238.0;3
68000;BOT_TAKER;BOT_MAKER;VEV_4000;XIRECS;1250.0;1
68100;BOT_TAKER;BOT_MAKER;VEV_6000;XIRECS;1.0;2
68200;BOT_MAKER;BOT_TAKER;VEV_5500;XIRECS;9.0;2
68200;BOT_MAKER;BOT_TAKER;VEV_6000;XIRECS;0.0;4
68200;BOT_TAKER;BOT_MAKER;VEV_6500;XIRECS;1.0;3
68200;BOT_TAKER;SUBMISSION;HYDROGEL_PACK;XIRECS;9990.0;5
68200;BOT_TAKER;BOT_MAKER;HYDROGEL_PACK;XIRECS;9991.0;1
68300;BOT_MAKER;BOT_TAKER;VELVETFRUIT_EXTRACT;XIRECS;5237.0;5
68400;BOT_TAKER;BOT_MAKER;HYDROGEL_PACK;XIRECS;9992.0;3
68400;BOT_TAKER;BOT_MAKER;VELVETFRUIT_EXTRACT;XIRECS;5241.0;7
68400;BOT_MAKER;BOT_TAKER;VEV_5500;XIRECS;9.0;3
68500;BOT_TAKER;BOT_MAKER;HYDROGEL_PACK;XIRECS;9991.0;5
68600;BOT_TAKER;BOT_MAKER;VELVETFRUIT_EXTRACT;XIRECS;5243.0;5
68600;BOT_TAKER;SUBMISSION;HYDROGEL_PACK;XIRECS;9991.0;5
68600;BOT_TAKER;BOT_MAKER;HYDROGEL_PACK;XIRECS;9992.0;1
68800;BOT_MAKER;BOT_TAKER;VELVETFRUIT_EXTRACT;XIRECS;5237.0;6
68800;BOT_TAKER;BOT_MAKER;VEV_6500;XIRECS;1.0;5
68900;BOT_TAKER;BOT_MAKER;VELVETFRUIT_EXTRACT;XIRECS;5243.0;5
68900;BOT_MAKER;BOT_TAKER;VEV_6500;XIRECS;0.0;5
69000;BOT_MAKER;BOT_TAKER;HYDROGEL_PACK;XIRECS;9975.0;4
69000;BOT_MAKER;BOT_TAKER;VELVETFRUIT_EXTRACT;XIRECS;5237.0;8
69000;BOT_MAKER;BOT_TAKER;VEV_4000;XIRECS;1231.0;2
69200;BOT_MAKER;BOT_TAKER;VELVETFRUIT_EXTRACT;XIRECS;5240.0;3
69200;BOT_MAKER;BOT_TAKER;VEV_4000;XIRECS;1229.0;1
69200;BOT_TAKER;SUBMISSION;ASH_COATED_OSMIUM;XIRECS;10009.0;8
69300;BOT_MAKER;BOT_TAKER;INTARIAN_PEPPER_ROOT;XIRECS;13162.0;3
69300;BOT_MAKER;BOT_TAKER;VELVETFRUIT_EXTRACT;XIRECS;5241.0;3
69400;BOT_TAKER;BOT_MAKER;VELVETFRUIT_EXTRACT;XIRECS;5246.0;8
69400;BOT_MAKER;BOT_TAKER;VEV_4000;XIRECS;1229.0;1
69500;BOT_MAKER;BOT_TAKER;VELVETFRUIT_EXTRACT;XIRECS;5242.0;7
69600;BOT_MAKER;BOT_TAKER;HYDROGEL_PACK;XIRECS;9973.0;5
69600;BOT_TAKER;BOT_MAKER;VEV_6000;XIRECS;1.0;3
69900;BOT_MAKER;BOT_TAKER;VEV_5400;XIRECS;4.0;5
69900;BOT_MAKER;BOT_TAKER;VEV_5500;XIRECS;8.0;4
69900;BOT_MAKER;BOT_TAKER;VEV_5500;XIRECS;8.0;5
70000;BOT_TAKER;BOT_MAKER;HYDROGEL_PACK;XIRECS;9986.0;5
70000;BOT_MAKER;BOT_TAKER;VEV_6500;XIRECS;0.0;5
70100;BOT_MAKER;BOT_TAKER;HYDROGEL_PACK;XIRECS;9969.0;3
70100;BOT_TAKER;BOT_MAKER;VEV_5500;XIRECS;9.0;5
70200;BOT_TAKER;BOT_MAKER;VEV_5400;XIRECS;4.0;4
70300;BOT_TAKER;BOT_MAKER;VELVETFRUIT_EXTRACT;XIRECS;5245.0;8
70400;BOT_MAKER;BOT_TAKER;VEV_6000;XIRECS;0.0;4
70500;BOT_TAKER;BOT_MAKER;VELVETFRUIT_EXTRACT;XIRECS;5244.0;5
70500;BOT_MAKER;BOT_TAKER;VEV_4000;XIRECS;1232.0;1
70600;BOT_TAKER;BOT_MAKER;INTARIAN_PEPPER_ROOT;XIRECS;13178.0;5
70600;BOT_MAKER;BOT_TAKER;VELVETFRUIT_EXTRACT;XIRECS;5238.0;4
70600;BOT_TAKER;BOT_MAKER;VEV_4000;XIRECS;1252.0;1
70700;BOT_TAKER;BOT_MAKER;HYDROGEL_PACK;XIRECS;9977.0;3
70700;BOT_TAKER;BOT_MAKER;VEV_5300;XIRECS;49.0;4
70700;BOT_TAKER;SUBMISSION;ASH_COATED_OSMIUM;XIRECS;10009.0;3
70800;BOT_TAKER;BOT_MAKER;HYDROGEL_PACK;XIRECS;9980.0;2
70800;BOT_MAKER;BOT_TAKER;VEV_6000;XIRECS;0.0;3
70800;BOT_TAKER;BOT_MAKER;VEV_6500;XIRECS;1.0;5
70800;SUBMISSION;BOT_TAKER;VELVETFRUIT_EXTRACT;XIRECS;5236.0;3
71000;BOT_TAKER;BOT_MAKER;HYDROGEL_PACK;XIRECS;9982.0;4
71000;BOT_TAKER;BOT_MAKER;VELVETFRUIT_EXTRACT;XIRECS;5240.0;4
71000;SUBMISSION;BOT_TAKER;ASH_COATED_OSMIUM;XIRECS;9993.0;9
71100;BOT_TAKER;BOT_MAKER;HYDROGEL_PACK;XIRECS;9982.0;2
71100;BOT_TAKER;BOT_MAKER;HYDROGEL_PACK;XIRECS;9982.0;2
71100;BOT_TAKER;BOT_MAKER;VELVETFRUIT_EXTRACT;XIRECS;5241.0;6
71200;BOT_TAKER;BOT_MAKER;VELVETFRUIT_EXTRACT;XIRECS;5238.0;4
71300;BOT_TAKER;BOT_MAKER;HYDROGEL_PACK;XIRECS;9986.0;6
71300;BOT_MAKER;BOT_TAKER;VELVETFRUIT_EXTRACT;XIRECS;5235.0;5
71300;BOT_TAKER;BOT_MAKER;VEV_4000;XIRECS;1249.0;1
71400;BOT_MAKER;BOT_TAKER;VELVETFRUIT_EXTRACT;XIRECS;5234.0;6
71400;BOT;SUBMISSION;ASH_COATED_OSMIUM;XIRECS;10002.0;6
71500;BOT_TAKER;BOT_MAKER;ASH_COATED_OSMIUM;XIRECS;10008.0;8
71500;BOT_TAKER;BOT_MAKER;HYDROGEL_PACK;XIRECS;9988.0;4
71500;BOT_MAKER;BOT_TAKER;HYDROGEL_PACK;XIRECS;9972.0;6
71600;BOT_TAKER;BOT_MAKER;HYDROGEL_PACK;XIRECS;9990.0;2
71700;BOT_MAKER;BOT_TAKER;VELVETFRUIT_EXTRACT;XIRECS;5231.0;7
71800;BOT_MAKER;BOT_TAKER;VELVETFRUIT_EXTRACT;XIRECS;5232.0;4
71900;BOT_MAKER;BOT_TAKER;HYDROGEL_PACK;XIRECS;9972.0;3
72100;BOT_MAKER;BOT_TAKER;HYDROGEL_PACK;XIRECS;9970.0;6
72100;BOT_MAKER;BOT_TAKER;HYDROGEL_PACK;XIRECS;9970.0;2
72100;BOT_TAKER;BOT_MAKER;VEV_6500;XIRECS;1.0;3
72100;SUBMISSION;BOT_TAKER;VELVETFRUIT_EXTRACT;XIRECS;5232.0;5
72100;BOT_MAKER;BOT_TAKER;VELVETFRUIT_EXTRACT;XIRECS;5231.0;2
72200;BOT_TAKER;BOT_MAKER;HYDROGEL_PACK;XIRECS;9983.0;2
72200;BOT_TAKER;BOT_MAKER;INTARIAN_PEPPER_ROOT;XIRECS;13179.0;8
72200;BOT_MAKER;BOT_TAKER;VEV_4000;XIRECS;1226.0;3
72200;BOT_MAKER;BOT_TAKER;VEV_5400;XIRECS;4.0;4
72300;BOT_MAKER;BOT_TAKER;VELVETFRUIT_EXTRACT;XIRECS;5229.0;4
72400;BOT_TAKER;BOT_MAKER;VELVETFRUIT_EXTRACT;XIRECS;5235.0;4
72400;BOT_TAKER;BOT_MAKER;VEV_4000;XIRECS;1246.0;3
72400;BOT_MAKER;BOT_TAKER;VEV_6000;XIRECS;0.0;5
72500;BOT_MAKER;BOT_TAKER;ASH_COATED_OSMIUM;XIRECS;9994.0;6
72500;BOT_TAKER;BOT_MAKER;HYDROGEL_PACK;XIRECS;9985.0;4
72500;BOT_MAKER;BOT_TAKER;VELVETFRUIT_EXTRACT;XIRECS;5228.0;7
72600;BOT_TAKER;BOT_MAKER;HYDROGEL_PACK;XIRECS;9983.0;6
72600;BOT_MAKER;BOT_TAKER;VELVETFRUIT_EXTRACT;XIRECS;5228.0;8
72800;BOT_TAKER;SUBMISSION;VELVETFRUIT_EXTRACT;XIRECS;5235.0;5
72800;BOT_TAKER;BOT_MAKER;VELVETFRUIT_EXTRACT;XIRECS;5236.0;2
72900;BOT_TAKER;BOT_MAKER;VEV_4000;XIRECS;1248.0;1
73000;BOT_TAKER;BOT_MAKER;HYDROGEL_PACK;XIRECS;9982.0;2
73100;BOT_TAKER;BOT_MAKER;ASH_COATED_OSMIUM;XIRECS;10010.0;6
73100;BOT;SUBMISSION;ASH_COATED_OSMIUM;XIRECS;10004.0;4
73200;BOT_TAKER;BOT_MAKER;VEV_5500;XIRECS;9.0;5
73300;BOT_MAKER;BOT_TAKER;HYDROGEL_PACK;XIRECS;9970.0;2
73400;BOT_TAKER;BOT_MAKER;VEV_4000;XIRECS;1246.0;2
73400;BOT_MAKER;BOT_TAKER;VEV_6000;XIRECS;0.0;2
73400;BOT_TAKER;SUBMISSION;VEV_4000;XIRECS;1245.0;2
73500;BOT_MAKER;BOT_TAKER;HYDROGEL_PACK;XIRECS;9969.0;4
73500;BOT_TAKER;SUBMISSION;HYDROGEL_PACK;XIRECS;9984.0;3
73600;BOT_MAKER;BOT_TAKER;VEV_5500;XIRECS;8.0;2
73700;BOT_TAKER;BOT_MAKER;ASH_COATED_OSMIUM;XIRECS;10009.0;6
73700;BOT_MAKER;BOT_TAKER;HYDROGEL_PACK;XIRECS;9969.0;5
73700;BOT_TAKER;BOT_MAKER;VELVETFRUIT_EXTRACT;XIRECS;5234.0;8
73700;BOT_TAKER;BOT_MAKER;VEV_4000;XIRECS;1245.0;1
73700;BOT_TAKER;SUBMISSION;HYDROGEL_PACK;XIRECS;9984.0;2
73800;BOT_MAKER;BOT_TAKER;HYDROGEL_PACK;XIRECS;9967.0;6
73800;BOT_MAKER;BOT_TAKER;VELVETFRUIT_EXTRACT;XIRECS;5228.0;6
73800;BOT_TAKER;BOT_MAKER;VEV_4000;XIRECS;1246.0;2
73900;BOT_MAKER;BOT_TAKER;VELVETFRUIT_EXTRACT;XIRECS;5229.0;5
74000;BOT_MAKER;BOT_TAKER;HYDROGEL_PACK;XIRECS;9965.0;6
74000;BOT_TAKER;SUBMISSION;HYDROGEL_PACK;XIRECS;9980.0;3
74200;BOT_TAKER;BOT_MAKER;INTARIAN_PEPPER_ROOT;XIRECS;13185.0;3
74300;BOT_TAKER;BOT_MAKER;VELVETFRUIT_EXTRACT;XIRECS;5233.0;3
74500;BOT_TAKER;BOT_MAKER;VELVETFRUIT_EXTRACT;XIRECS;5233.0;4
74600;BOT_MAKER;BOT_TAKER;VEV_4000;XIRECS;1225.0;1
74700;BOT_MAKER;BOT_TAKER;HYDROGEL_PACK;XIRECS;9957.0;6
74800;BOT_MAKER;BOT_TAKER;HYDROGEL_PACK;XIRECS;9954.0;5
74800;BOT_MAKER;BOT_TAKER;VELVETFRUIT_EXTRACT;XIRECS;5225.0;3
74800;BOT_TAKER;BOT_MAKER;VEV_4000;XIRECS;1247.0;2
74800;BOT_MAKER;BOT_TAKER;VEV_6000;XIRECS;0.0;4
74800;BOT_MAKER;BOT_TAKER;VEV_6000;XIRECS;0.0;2
74900;BOT_MAKER;BOT_TAKER;VELVETFRUIT_EXTRACT;XIRECS;5225.0;8
75000;BOT_MAKER;BOT_TAKER;HYDROGEL_PACK;XIRECS;9949.0;5
75000;BOT_MAKER;BOT_TAKER;VELVETFRUIT_EXTRACT;XIRECS;5225.0;6
75000;BOT_TAKER;BOT_MAKER;VEV_4000;XIRECS;1245.0;1
75100;BOT_TAKER;BOT_MAKER;HYDROGEL_PACK;XIRECS;9964.0;2
75100;BOT_MAKER;BOT_TAKER;VEV_5400;XIRECS;5.0;4
75200;BOT_MAKER;BOT_TAKER;HYDROGEL_PACK;XIRECS;9949.0;6
75200;BOT_TAKER;BOT_MAKER;VELVETFRUIT_EXTRACT;XIRECS;5231.0;8
75200;BOT_MAKER;BOT_TAKER;VELVETFRUIT_EXTRACT;XIRECS;5225.0;5
75200;BOT_MAKER;BOT_TAKER;VEV_5500;XIRECS;8.0;3
75300;BOT_TAKER;SUBMISSION;HYDROGEL_PACK;XIRECS;9968.0;4
75400;BOT_TAKER;BOT_MAKER;ASH_COATED_OSMIUM;XIRECS;9999.0;4
75400;BOT_TAKER;BOT_MAKER;VELVETFRUIT_EXTRACT;XIRECS;5230.0;6
75400;SUBMISSION;BOT;ASH_COATED_OSMIUM;XIRECS;9999.0;5
75500;BOT_MAKER;BOT_TAKER;VELVETFRUIT_EXTRACT;XIRECS;5226.0;3
75600;BOT_MAKER;BOT_TAKER;VEV_6500;XIRECS;0.0;5
75700;BOT_TAKER;BOT_MAKER;VELVETFRUIT_EXTRACT;XIRECS;5231.0;4
75800;BOT_TAKER;BOT_MAKER;VELVETFRUIT_EXTRACT;XIRECS;5230.0;7
75900;BOT_TAKER;BOT_MAKER;HYDROGEL_PACK;XIRECS;9966.0;6
75900;BOT_MAKER;BOT_TAKER;VEV_5200;XIRECS;100.0;5
75900;BOT_TAKER;SUBMISSION;VELVETFRUIT_EXTRACT;XIRECS;5229.0;4
76000;BOT_MAKER;BOT_TAKER;VELVETFRUIT_EXTRACT;XIRECS;5225.0;4
76000;BOT_MAKER;BOT_TAKER;VEV_6500;XIRECS;0.0;2
76100;BOT_TAKER;BOT_MAKER;VEV_4000;XIRECS;1247.0;2
76100;BOT_TAKER;BOT_MAKER;VEV_5500;XIRECS;9.0;5
76200;BOT_MAKER;BOT_TAKER;VEV_6500;XIRECS;0.0;4
76300;BOT_MAKER;BOT_TAKER;HYDROGEL_PACK;XIRECS;9955.0;2
76300;BOT_TAKER;BOT_MAKER;VELVETFRUIT_EXTRACT;XIRECS;5228.0;5
76400;BOT_MAKER;BOT_TAKER;HYDROGEL_PACK;XIRECS;9955.0;3
76400;BOT_TAKER;BOT_MAKER;INTARIAN_PEPPER_ROOT;XIRECS;13183.0;8
76500;BOT_MAKER;BOT_TAKER;HYDROGEL_PACK;XIRECS;9957.0;3
76600;BOT_TAKER;BOT_MAKER;VELVETFRUIT_EXTRACT;XIRECS;5230.0;8
76600;BOT_TAKER;BOT_MAKER;VEV_4000;XIRECS;1246.0;3
76700;BOT_TAKER;BOT_MAKER;VELVETFRUIT_EXTRACT;XIRECS;5230.0;5
76800;BOT_TAKER;BOT_MAKER;HYDROGEL_PACK;XIRECS;9969.0;6
76800;BOT_TAKER;BOT_MAKER;VEV_5500;XIRECS;9.0;5
76800;SUBMISSION;BOT_TAKER;VELVETFRUIT_EXTRACT;XIRECS;5225.0;5
76800;BOT_MAKER;BOT_TAKER;VELVETFRUIT_EXTRACT;XIRECS;5224.0;3
76900;BOT_TAKER;BOT_MAKER;HYDROGEL_PACK;XIRECS;9969.0;2
77000;SUBMISSION;BOT_TAKER;HYDROGEL_PACK;XIRECS;9952.0;2
77200;BOT_TAKER;BOT_MAKER;VEV_5400;XIRECS;7.0;4
77300;BOT_TAKER;BOT_MAKER;HYDROGEL_PACK;XIRECS;9964.0;4
77400;BOT_TAKER;BOT_MAKER;HYDROGEL_PACK;XIRECS;9960.0;4
77400;BOT_TAKER;BOT_MAKER;VELVETFRUIT_EXTRACT;XIRECS;5232.0;4
77500;BOT_MAKER;BOT_TAKER;HYDROGEL_PACK;XIRECS;9947.0;4
77500;BOT_TAKER;BOT_MAKER;VEV_6500;XIRECS;1.0;5
77600;BOT_TAKER;BOT_MAKER;VELVETFRUIT_EXTRACT;XIRECS;5232.0;5
77800;BOT_TAKER;BOT_MAKER;VELVETFRUIT_EXTRACT;XIRECS;5231.0;5
77900;BOT_MAKER;BOT_TAKER;HYDROGEL_PACK;XIRECS;9950.0;4
77900;BOT_MAKER;BOT_TAKER;VELVETFRUIT_EXTRACT;XIRECS;5227.0;4
78000;BOT_MAKER;BOT_TAKER;HYDROGEL_PACK;XIRECS;9950.0;3
78100;BOT_MAKER;BOT_TAKER;ASH_COATED_OSMIUM;XIRECS;9993.0;6
78100;BOT_TAKER;BOT_MAKER;VELVETFRUIT_EXTRACT;XIRECS;5233.0;3
78100;BOT_MAKER;BOT_TAKER;VELVETFRUIT_EXTRACT;XIRECS;5228.0;12
78100;BOT_MAKER;BOT_TAKER;VEV_4000;XIRECS;1225.0;3
78200;BOT_MAKER;BOT_TAKER;VELVETFRUIT_EXTRACT;XIRECS;5228.0;5
78300;BOT_TAKER;BOT_MAKER;VELVETFRUIT_EXTRACT;XIRECS;5233.0;3
78300;BOT_MAKER;BOT_TAKER;VEV_6000;XIRECS;0.0;4
78300;BOT_TAKER;SUBMISSION;HYDROGEL_PACK;XIRECS;9966.0;4
78400;BOT_TAKER;BOT_MAKER;VEV_6500;XIRECS;1.0;3
78400;BOT_TAKER;SUBMISSION;VEV_4000;XIRECS;1245.0;3
78500;BOT_MAKER;BOT_TAKER;VEV_4000;XIRECS;1227.0;3
78600;BOT_TAKER;BOT_MAKER;VELVETFRUIT_EXTRACT;XIRECS;5233.0;5
78700;BOT_MAKER;BOT_TAKER;HYDROGEL_PACK;XIRECS;9951.0;3
78800;BOT_TAKER;BOT_MAKER;HYDROGEL_PACK;XIRECS;9966.0;3
78800;BOT_TAKER;BOT_MAKER;VELVETFRUIT_EXTRACT;XIRECS;5231.0;7
78800;BOT_TAKER;BOT_MAKER;VEV_6500;XIRECS;1.0;4
78900;BOT_TAKER;BOT_MAKER;VEV_5400;XIRECS;6.0;5
79000;BOT_TAKER;BOT_MAKER;VELVETFRUIT_EXTRACT;XIRECS;5233.0;3
79100;BOT_TAKER;BOT_MAKER;VELVETFRUIT_EXTRACT;XIRECS;5232.0;8
79100;BOT_TAKER;BOT_MAKER;VELVETFRUIT_EXTRACT;XIRECS;5232.0;3
79100;BOT_TAKER;SUBMISSION;VELVETFRUIT_EXTRACT;XIRECS;5231.0;5
79100;BOT_TAKER;BOT_MAKER;VELVETFRUIT_EXTRACT;XIRECS;5232.0;1
79200;BOT_TAKER;BOT_MAKER;VEV_6000;XIRECS;1.0;5
79200;BOT;SUBMISSION;ASH_COATED_OSMIUM;XIRECS;10005.0;6
79200;SUBMISSION;BOT_TAKER;ASH_COATED_OSMIUM;XIRECS;9996.0;3
79300;BOT_MAKER;BOT_TAKER;VELVETFRUIT_EXTRACT;XIRECS;5224.0;6
79300;BOT_MAKER;BOT_TAKER;VELVETFRUIT_EXTRACT;XIRECS;5224.0;4
79300;BOT_TAKER;BOT_MAKER;VEV_6500;XIRECS;1.0;5
79500;BOT_MAKER;BOT_TAKER;HYDROGEL_PACK;XIRECS;9953.0;5
79500;BOT_MAKER;BOT_TAKER;VEV_5400;XIRECS;3.0;3
79700;BOT_MAKER;BOT_TAKER;HYDROGEL_PACK;XIRECS;9953.0;3
79700;BOT_MAKER;BOT_TAKER;VELVETFRUIT_EXTRACT;XIRECS;5223.0;5
79700;BOT_TAKER;BOT_MAKER;INTARIAN_PEPPER_ROOT;XIRECS;13187.0;7
79800;BOT_TAKER;BOT_MAKER;VEV_5400;XIRECS;5.0;5
79800;BOT_TAKER;SUBMISSION;VELVETFRUIT_EXTRACT;XIRECS;5227.0;5
79800;BOT_TAKER;BOT_MAKER;VELVETFRUIT_EXTRACT;XIRECS;5228.0;1
79900;BOT_MAKER;BOT_TAKER;VEV_6500;XIRECS;0.0;4
80000;BOT_MAKER;BOT_TAKER;HYDROGEL_PACK;XIRECS;9953.0;6
80000;BOT_MAKER;BOT_TAKER;VELVETFRUIT_EXTRACT;XIRECS;5220.0;4
80100;BOT_MAKER;BOT_TAKER;HYDROGEL_PACK;XIRECS;9953.0;4
80200;BOT_TAKER;BOT_MAKER;HYDROGEL_PACK;XIRECS;9969.0;3
80300;BOT_TAKER;BOT_MAKER;VEV_6500;XIRECS;1.0;5
80400;BOT_MAKER;BOT_TAKER;HYDROGEL_PACK;XIRECS;9955.0;3
80400;BOT_TAKER;BOT_MAKER;VEV_4000;XIRECS;1243.0;2
80700;BOT_TAKER;BOT_MAKER;VELVETFRUIT_EXTRACT;XIRECS;5227.0;7
80800;BOT_MAKER;BOT_TAKER;HYDROGEL_PACK;XIRECS;9951.0;5
80800;BOT_MAKER;BOT_TAKER;VELVETFRUIT_EXTRACT;XIRECS;5221.0;3
80800;BOT_TAKER;BOT_MAKER;VELVETFRUIT_EXTRACT;XIRECS;5227.0;5
80800;SUBMISSION;BOT_TAKER;VELVETFRUIT_EXTRACT;XIRECS;5222.0;5
80800;BOT_MAKER;BOT_TAKER;VELVETFRUIT_EXTRACT;XIRECS;5221.0;2
80900;BOT_MAKER;BOT_TAKER;HYDROGEL_PACK;XIRECS;9953.0;4
81000;BOT_TAKER;BOT_MAKER;HYDROGEL_PACK;XIRECS;9968.0;3
81000;BOT_TAKER;SUBMISSION;HYDROGEL_PACK;XIRECS;9967.0;5
81000;SUBMISSION;BOT_TAKER;VELVETFRUIT_EXTRACT;XIRECS;5221.0;3
81000;BOT_TAKER;SUBMISSION;VEV_4000;XIRECS;1241.0;3
81200;BOT_TAKER;BOT_MAKER;VELVETFRUIT_EXTRACT;XIRECS;5223.0;8
81200;BOT;SUBMISSION;ASH_COATED_OSMIUM;XIRECS;10003.0;5
81200;SUBMISSION;BOT_TAKER;VELVETFRUIT_EXTRACT;XIRECS;5219.0;5
81200;BOT_MAKER;BOT_TAKER;VELVETFRUIT_EXTRACT;XIRECS;5218.0;1
81300;BOT_TAKER;BOT_MAKER;HYDROGEL_PACK;XIRECS;9961.0;5
81300;BOT_TAKER;BOT_MAKER;VELVETFRUIT_EXTRACT;XIRECS;5224.0;6
81500;BOT_TAKER;BOT_MAKER;ASH_COATED_OSMIUM;XIRECS;10010.0;5
81500;BOT_TAKER;BOT_MAKER;HYDROGEL_PACK;XIRECS;9958.0;3
81500;BOT_TAKER;BOT_MAKER;VELVETFRUIT_EXTRACT;XIRECS;5222.0;6
81600;BOT_TAKER;BOT_MAKER;HYDROGEL_PACK;XIRECS;9957.0;4
81600;BOT_MAKER;BOT_TAKER;VELVETFRUIT_EXTRACT;XIRECS;5218.0;7
81600;BOT_TAKER;BOT_MAKER;VELVETFRUIT_EXTRACT;XIRECS;5222.0;8
81600;BOT_MAKER;BOT_TAKER;VEV_5300;XIRECS;46.0;5
81600;BOT_TAKER;BOT_MAKER;VEV_6500;XIRECS;1.0;4
81700;BOT_TAKER;BOT_MAKER;VELVETFRUIT_EXTRACT;XIRECS;5225.0;5
81800;BOT_MAKER;BOT_TAKER;VEV_6000;XIRECS;0.0;4
81900;BOT_TAKER;BOT_MAKER;VELVETFRUIT_EXTRACT;XIRECS;5221.0;3
81900;SUBMISSION;BOT_TAKER;VEV_4000;XIRECS;1228.0;1
82000;BOT_TAKER;BOT_MAKER;VEV_5500;XIRECS;9.0;3
82100;BOT_MAKER;BOT_TAKER;VELVETFRUIT_EXTRACT;XIRECS;5214.0;8
82200;BOT_TAKER;BOT_MAKER;HYDROGEL_PACK;XIRECS;9959.0;2
82200;BOT_TAKER;SUBMISSION;VEV_4000;XIRECS;1247.0;3
82300;BOT_TAKER;BOT_MAKER;ASH_COATED_OSMIUM;XIRECS;10013.0;4
82400;BOT_MAKER;BOT_TAKER;VELVETFRUIT_EXTRACT;XIRECS;5214.0;4
82400;BOT_TAKER;SUBMISSION;VELVETFRUIT_EXTRACT;XIRECS;5217.0;5
82500;BOT_TAKER;BOT_MAKER;HYDROGEL_PACK;XIRECS;9960.0;4
82500;BOT_MAKER;BOT_TAKER;VELVETFRUIT_EXTRACT;XIRECS;5214.0;4
82700;BOT_TAKER;BOT_MAKER;VELVETFRUIT_EXTRACT;XIRECS;5222.0;3
82700;BOT_TAKER;BOT_MAKER;VEV_6000;XIRECS;1.0;4
82700;BOT_TAKER;SUBMISSION;VEV_4000;XIRECS;1249.0;3
82800;BOT_TAKER;BOT_MAKER;VELVETFRUIT_EXTRACT;XIRECS;5221.0;6
82800;BOT_MAKER;BOT_TAKER;VEV_6000;XIRECS;0.0;5
82900;BOT_TAKER;BOT_MAKER;VELVETFRUIT_EXTRACT;XIRECS;5221.0;8
82900;BOT_TAKER;BOT_MAKER;VEV_6000;XIRECS;1.0;3
83000;BOT_MAKER;BOT_TAKER;VEV_5400;XIRECS;3.0;2
83000;BOT_TAKER;SUBMISSION;HYDROGEL_PACK;XIRECS;9955.0;5
83000;BOT_TAKER;BOT_MAKER;HYDROGEL_PACK;XIRECS;9956.0;1
83100;BOT_TAKER;BOT_MAKER;HYDROGEL_PACK;XIRECS;9955.0;6
83100;BOT_TAKER;BOT_MAKER;INTARIAN_PEPPER_ROOT;XIRECS;13190.0;6
83100;BOT_TAKER;BOT_MAKER;VELVETFRUIT_EXTRACT;XIRECS;5219.0;7
83200;BOT_MAKER;BOT_TAKER;VELVETFRUIT_EXTRACT;XIRECS;5214.0;5
83200;SUBMISSION;BOT_TAKER;HYDROGEL_PACK;XIRECS;9939.0;5
83300;BOT_MAKER;BOT_TAKER;HYDROGEL_PACK;XIRECS;9938.0;6
83300;BOT_TAKER;BOT_MAKER;VELVETFRUIT_EXTRACT;XIRECS;5220.0;6
83300;BOT_TAKER;BOT_MAKER;VELVETFRUIT_EXTRACT;XIRECS;5220.0;10
83300;SUBMISSION;BOT_TAKER;VELVETFRUIT_EXTRACT;XIRECS;5215.0;5
83300;BOT_MAKER;BOT_TAKER;VELVETFRUIT_EXTRACT;XIRECS;5214.0;2
83400;BOT_TAKER;BOT_MAKER;VELVETFRUIT_EXTRACT;XIRECS;5220.0;7
83400;SUBMISSION;BOT_TAKER;HYDROGEL_PACK;XIRECS;9940.0;5
83500;BOT_TAKER;SUBMISSION;VELVETFRUIT_EXTRACT;XIRECS;5219.0;5
83500;BOT_TAKER;BOT_MAKER;VELVETFRUIT_EXTRACT;XIRECS;5220.0;1
83600;BOT_MAKER;BOT_TAKER;VELVETFRUIT_EXTRACT;XIRECS;5215.0;4
83700;BOT_TAKER;BOT_MAKER;HYDROGEL_PACK;XIRECS;9951.0;5
83800;BOT_MAKER;BOT_TAKER;VEV_5400;XIRECS;3.0;4
83900;BOT_TAKER;BOT_MAKER;HYDROGEL_PACK;XIRECS;9950.0;5
84000;BOT_TAKER;BOT_MAKER;VELVETFRUIT_EXTRACT;XIRECS;5221.0;6
84000;BOT_MAKER;BOT_TAKER;VEV_4000;XIRECS;1230.0;2
84200;BOT_TAKER;BOT_MAKER;VELVETFRUIT_EXTRACT;XIRECS;5221.0;8
84300;BOT_TAKER;BOT_MAKER;HYDROGEL_PACK;XIRECS;9951.0;3
84300;BOT_MAKER;BOT_TAKER;VELVETFRUIT_EXTRACT;XIRECS;5215.0;5
84300;BOT_TAKER;BOT_MAKER;VEV_5400;XIRECS;5.0;5
84300;BOT_MAKER;BOT_TAKER;VEV_5400;XIRECS;3.0;5
84500;BOT_MAKER;BOT_TAKER;HYDROGEL_PACK;XIRECS;9933.0;5
84700;BOT_TAKER;BOT_MAKER;VELVETFRUIT_EXTRACT;XIRECS;5220.0;8
84700;BOT_MAKER;BOT_TAKER;VEV_4000;XIRECS;1231.0;1
84700;BOT_TAKER;SUBMISSION;HYDROGEL_PACK;XIRECS;9945.0;4
84800;BOT_MAKER;BOT_TAKER;VELVETFRUIT_EXTRACT;XIRECS;5216.0;7
84800;SUBMISSION;BOT_TAKER;ASH_COATED_OSMIUM;XIRECS;9995.0;8
84900;SUBMISSION;BOT_TAKER;VELVETFRUIT_EXTRACT;XIRECS;5217.0;5
84900;BOT_MAKER;BOT_TAKER;VELVETFRUIT_EXTRACT;XIRECS;5216.0;2
85000;BOT_TAKER;BOT_MAKER;VELVETFRUIT_EXTRACT;XIRECS;5221.0;6
85000;BOT;SUBMISSION;ASH_COATED_OSMIUM;XIRECS;10003.0;4
85100;BOT_MAKER;BOT_TAKER;VEV_6500;XIRECS;0.0;4
85100;SUBMISSION;BOT_TAKER;HYDROGEL_PACK;XIRECS;9932.0;3
85200;BOT_TAKER;BOT_MAKER;VELVETFRUIT_EXTRACT;XIRECS;5221.0;5
85200;BOT_MAKER;BOT_TAKER;VEV_5300;XIRECS;46.0;4
85400;BOT_MAKER;BOT_TAKER;HYDROGEL_PACK;XIRECS;9936.0;3
85400;BOT_MAKER;BOT_TAKER;VELVETFRUIT_EXTRACT;XIRECS;5215.0;6
85500;SUBMISSION;BOT_TAKER;VEV_4000;XIRECS;1236.0;1
85600;BOT_MAKER;BOT_TAKER;VELVETFRUIT_EXTRACT;XIRECS;5214.0;7
85700;BOT_MAKER;BOT_TAKER;HYDROGEL_PACK;XIRECS;9935.0;5
85700;BOT_TAKER;SUBMISSION;VEV_4000;XIRECS;1255.0;2
85800;BOT_MAKER;BOT_TAKER;VEV_6500;XIRECS;0.0;5
85900;BOT_TAKER;BOT_MAKER;HYDROGEL_PACK;XIRECS;9955.0;3
85900;BOT_TAKER;SUBMISSION;VELVETFRUIT_EXTRACT;XIRECS;5221.0;5
85900;BOT_TAKER;BOT_MAKER;VELVETFRUIT_EXTRACT;XIRECS;5222.0;2
86000;BOT_TAKER;BOT_MAKER;VELVETFRUIT_EXTRACT;XIRECS;5222.0;5
86100;BOT_TAKER;BOT_MAKER;VEV_6500;XIRECS;1.0;4
86100;SUBMISSION;BOT_TAKER;VEV_4000;XIRECS;1236.0;2
86200;BOT_MAKER;BOT_TAKER;VEV_6500;XIRECS;0.0;3
86200;SUBMISSION;BOT_TAKER;HYDROGEL_PACK;XIRECS;9944.0;3
86300;BOT_MAKER;BOT_TAKER;VELVETFRUIT_EXTRACT;XIRECS;5217.0;7
86300;BOT_TAKER;BOT_MAKER;VEV_6500;XIRECS;1.0;5
86300;BOT_TAKER;SUBMISSION;ASH_COATED_OSMIUM;XIRECS;10007.0;2
86400;BOT_TAKER;BOT_MAKER;VELVETFRUIT_EXTRACT;XIRECS;5222.0;6
86400;BOT_MAKER;BOT_TAKER;VEV_5500;XIRECS;7.0;2
86400;BOT_MAKER;BOT_TAKER;VEV_6000;XIRECS;0.0;2
86500;BOT_MAKER;BOT_TAKER;HYDROGEL_PACK;XIRECS;9937.0;5
86500;BOT_MAKER;BOT_TAKER;VEV_4000;XIRECS;1239.0;1
86700;BOT_TAKER;BOT_MAKER;VELVETFRUIT_EXTRACT;XIRECS;5224.0;7
86700;BOT_MAKER;BOT_TAKER;VEV_5500;XIRECS;7.0;2
86700;BOT_TAKER;SUBMISSION;HYDROGEL_PACK;XIRECS;9953.0;2
86700;BOT_TAKER;SUBMISSION;VEV_4000;XIRECS;1257.0;2
86800;BOT_TAKER;BOT_MAKER;VELVETFRUIT_EXTRACT;XIRECS;5224.0;3
86800;BOT_TAKER;BOT_MAKER;VEV_4000;XIRECS;1256.0;1
87000;BOT_TAKER;BOT_MAKER;HYDROGEL_PACK;XIRECS;9954.0;5
87100;BOT_TAKER;BOT_MAKER;VELVETFRUIT_EXTRACT;XIRECS;5223.0;4
87100;BOT_TAKER;BOT_MAKER;VEV_4000;XIRECS;1259.0;2
87200;BOT_TAKER;BOT_MAKER;VEV_6000;XIRECS;1.0;3
87300;BOT_TAKER;BOT_MAKER;VELVETFRUIT_EXTRACT;XIRECS;5222.0;7
87300;BOT_MAKER;BOT_TAKER;VELVETFRUIT_EXTRACT;XIRECS;5217.0;6
87300;BOT_MAKER;BOT_TAKER;VEV_5500;XIRECS;7.0;2
87400;BOT_MAKER;BOT_TAKER;HYDROGEL_PACK;XIRECS;9943.0;5
87400;BOT_MAKER;BOT_TAKER;VELVETFRUIT_EXTRACT;XIRECS;5217.0;8
87400;SUBMISSION;BOT_TAKER;HYDROGEL_PACK;XIRECS;9944.0;4
87500;BOT_MAKER;BOT_TAKER;VELVETFRUIT_EXTRACT;XIRECS;5217.0;6
87600;BOT_TAKER;BOT_MAKER;HYDROGEL_PACK;XIRECS;9962.0;6
87700;BOT_MAKER;BOT_TAKER;HYDROGEL_PACK;XIRECS;9942.0;2
87700;BOT_TAKER;BOT_MAKER;VEV_4000;XIRECS;1257.0;1
87700;BOT_MAKER;BOT_TAKER;VEV_5400;XIRECS;1.0;2
87800;BOT_TAKER;BOT_MAKER;HYDROGEL_PACK;XIRECS;9956.0;4
87900;BOT_TAKER;BOT_MAKER;VEV_4000;XIRECS;1257.0;1
87900;BOT_TAKER;BOT_MAKER;VEV_6000;XIRECS;1.0;3
88000;BOT_TAKER;BOT_MAKER;HYDROGEL_PACK;XIRECS;9964.0;6
88200;BOT_TAKER;BOT_MAKER;HYDROGEL_PACK;XIRECS;9962.0;6
88300;BOT_MAKER;BOT_TAKER;HYDROGEL_PACK;XIRECS;9948.0;4
88300;BOT_TAKER;BOT_MAKER;INTARIAN_PEPPER_ROOT;XIRECS;13195.0;3
88300;BOT_MAKER;BOT_TAKER;VELVETFRUIT_EXTRACT;XIRECS;5218.0;6
88300;BOT_MAKER;BOT_TAKER;VEV_4000;XIRECS;1236.0;1
88400;BOT_MAKER;BOT_TAKER;HYDROGEL_PACK;XIRECS;9948.0;4
88600;BOT_MAKER;BOT_TAKER;VEV_6000;XIRECS;0.0;2
88700;BOT_MAKER;BOT_TAKER;VELVETFRUIT_EXTRACT;XIRECS;5220.0;8
88800;BOT_TAKER;SUBMISSION;HYDROGEL_PACK;XIRECS;9966.0;3
88900;BOT_TAKER;BOT_MAKER;VELVETFRUIT_EXTRACT;XIRECS;5224.0;8
88900;BOT_TAKER;BOT_MAKER;VEV_6000;XIRECS;1.0;4
88900;SUBMISSION;BOT_TAKER;HYDROGEL_PACK;XIRECS;9950.0;3
89100;BOT_MAKER;BOT_TAKER;VELVETFRUIT_EXTRACT;XIRECS;5218.0;7
89100;BOT_TAKER;SUBMISSION;HYDROGEL_PACK;XIRECS;9963.0;5
89100;BOT_TAKER;BOT_MAKER;HYDROGEL_PACK;XIRECS;9964.0;1
89100;SUBMISSION;BOT_TAKER;VEV_4000;XIRECS;1236.0;2
89200;BOT_TAKER;BOT_MAKER;VELVETFRUIT_EXTRACT;XIRECS;5223.0;3
89500;BOT_MAKER;BOT_TAKER;HYDROGEL_PACK;XIRECS;9953.0;5
89500;BOT_TAKER;BOT_MAKER;VEV_5500;XIRECS;9.0;4
89500;BOT_TAKER;SUBMISSION;VELVETFRUIT_EXTRACT;XIRECS;5221.0;5
89500;BOT_TAKER;BOT_MAKER;VELVETFRUIT_EXTRACT;XIRECS;5222.0;3
89600;BOT_MAKER;BOT_TAKER;VEV_5500;XIRECS;8.0;2
89800;BOT_MAKER;BOT_TAKER;HYDROGEL_PACK;XIRECS;9948.0;4
89800;BOT_TAKER;BOT_MAKER;VEV_6000;XIRECS;1.0;4
89800;BOT_TAKER;BOT_MAKER;VEV_6500;XIRECS;1.0;3
89900;BOT_TAKER;BOT_MAKER;INTARIAN_PEPPER_ROOT;XIRECS;13197.0;6
90000;BOT_MAKER;BOT_TAKER;HYDROGEL_PACK;XIRECS;9947.0;5
90000;BOT_TAKER;BOT_MAKER;VELVETFRUIT_EXTRACT;XIRECS;5222.0;7
90000;BOT_TAKER;BOT_MAKER;VEV_5400;XIRECS;1.0;2
90100;BOT_TAKER;BOT_MAKER;HYDROGEL_PACK;XIRECS;9962.0;4
90200;BOT_MAKER;BOT_TAKER;HYDROGEL_PACK;XIRECS;9945.0;6
90200;BOT_MAKER;BOT_TAKER;VEV_5400;XIRECS;0.0;2
90200;BOT_TAKER;BOT_MAKER;VEV_6000;XIRECS;1.0;4
90300;BOT_TAKER;BOT_MAKER;VEV_5500;XIRECS;9.0;2
90400;BOT_TAKER;BOT_MAKER;VELVETFRUIT_EXTRACT;XIRECS;5224.0;7
90400;SUBMISSION;BOT_TAKER;HYDROGEL_PACK;XIRECS;9944.0;5
90500;BOT_MAKER;BOT_TAKER;VEV_4000;XIRECS;1229.0;2
90500;BOT_MAKER;BOT_TAKER;VEV_6000;XIRECS;0.0;2
90500;BOT;SUBMISSION;ASH_COATED_OSMIUM;XIRECS;10000.0;2
90600;BOT_MAKER;BOT_TAKER;HYDROGEL_PACK;XIRECS;9942.0;6
90600;BOT_TAKER;BOT_MAKER;VELVETFRUIT_EXTRACT;XIRECS;5226.0;6
90700;BOT_TAKER;BOT_MAKER;HYDROGEL_PACK;XIRECS;9960.0;3
90800;BOT_MAKER;BOT_TAKER;VEV_5500;XIRECS;7.0;5
90900;BOT_TAKER;BOT_MAKER;VEV_5500;XIRECS;9.0;5
91000;BOT_TAKER;BOT_MAKER;ASH_COATED_OSMIUM;XIRECS;10007.0;6
91000;BOT_TAKER;BOT_MAKER;INTARIAN_PEPPER_ROOT;XIRECS;13201.0;7
91000;BOT_TAKER;BOT_MAKER;VELVETFRUIT_EXTRACT;XIRECS;5224.0;6
91200;BOT_TAKER;BOT_MAKER;VEV_4000;XIRECS;1251.0;3
91400;BOT_TAKER;BOT_MAKER;VEV_5500;XIRECS;8.0;4
91400;BOT_MAKER;BOT_TAKER;VEV_6500;XIRECS;0.0;5
91500;BOT_MAKER;BOT_TAKER;HYDROGEL_PACK;XIRECS;9935.0;2
91500;BOT_TAKER;BOT_MAKER;VELVETFRUIT_EXTRACT;XIRECS;5224.0;10
91600;BOT_TAKER;BOT_MAKER;VELVETFRUIT_EXTRACT;XIRECS;5225.0;4
91600;SUBMISSION;BOT_TAKER;HYDROGEL_PACK;XIRECS;9934.0;5
91600;BOT_MAKER;BOT_TAKER;HYDROGEL_PACK;XIRECS;9933.0;1
91700;BOT_TAKER;BOT_MAKER;HYDROGEL_PACK;XIRECS;9949.0;6
91800;BOT_TAKER;BOT_MAKER;VELVETFRUIT_EXTRACT;XIRECS;5227.0;10
91900;BOT_TAKER;BOT_MAKER;INTARIAN_PEPPER_ROOT;XIRECS;13199.0;5
91900;BOT_MAKER;BOT_TAKER;VEV_5300;XIRECS;47.0;2
91900;BOT_TAKER;SUBMISSION;ASH_COATED_OSMIUM;XIRECS;10007.0;3
92000;BOT_TAKER;BOT_MAKER;VELVETFRUIT_EXTRACT;XIRECS;5227.0;6
92000;BOT_MAKER;BOT_TAKER;VEV_6000;XIRECS;0.0;5
92100;BOT_MAKER;BOT_TAKER;HYDROGEL_PACK;XIRECS;9933.0;6
92100;BOT_MAKER;BOT_TAKER;VELVETFRUIT_EXTRACT;XIRECS;5223.0;5
92100;SUBMISSION;BOT_TAKER;VEV_4000;XIRECS;1230.0;1
92200;BOT_TAKER;BOT_MAKER;VELVETFRUIT_EXTRACT;XIRECS;5228.0;6
92200;BOT_MAKER;BOT_TAKER;VEV_6500;XIRECS;0.0;2
92200;BOT_TAKER;SUBMISSION;HYDROGEL_PACK;XIRECS;9949.0;3
92400;BOT_MAKER;BOT_TAKER;VELVETFRUIT_EXTRACT;XIRECS;5221.0;9
92400;BOT_MAKER;BOT_TAKER;VEV_4000;XIRECS;1227.0;3
92500;BOT_TAKER;BOT_MAKER;VEV_5500;XIRECS;8.0;4
92600;BOT_MAKER;BOT_TAKER;HYDROGEL_PACK;XIRECS;9928.0;2
92600;BOT_MAKER;BOT_TAKER;INTARIAN_PEPPER_ROOT;XIRECS;13186.0;5
92600;SUBMISSION;BOT_TAKER;VEV_4000;XIRECS;1227.0;2
92700;BOT_MAKER;BOT_TAKER;HYDROGEL_PACK;XIRECS;9926.0;6
92700;BOT_MAKER;BOT_TAKER;VEV_4000;XIRECS;1225.0;1
92800;BOT_TAKER;BOT_MAKER;HYDROGEL_PACK;XIRECS;9944.0;3
92800;BOT_TAKER;BOT_MAKER;VELVETFRUIT_EXTRACT;XIRECS;5229.0;7
92800;BOT_MAKER;BOT_TAKER;VELVETFRUIT_EXTRACT;XIRECS;5223.0;10
92800;BOT_MAKER;BOT_TAKER;VEV_4000;XIRECS;1225.0;1
92900;BOT_TAKER;BOT_MAKER;VELVETFRUIT_EXTRACT;XIRECS;5229.0;8
93000;BOT_TAKER;BOT_MAKER;VELVETFRUIT_EXTRACT;XIRECS;5229.0;6
93200;BOT_TAKER;BOT_MAKER;HYDROGEL_PACK;XIRECS;9946.0;5
93200;BOT_MAKER;BOT_TAKER;VELVETFRUIT_EXTRACT;XIRECS;5222.0;6
93400;BOT_MAKER;BOT_TAKER;VELVETFRUIT_EXTRACT;XIRECS;5222.0;5
93400;BOT_TAKER;BOT_MAKER;VEV_4000;XIRECS;1246.0;2
93600;BOT_MAKER;BOT_TAKER;VEV_6000;XIRECS;0.0;4
93700;BOT_TAKER;BOT_MAKER;HYDROGEL_PACK;XIRECS;9942.0;2
93700;BOT_TAKER;BOT_MAKER;VEV_4000;XIRECS;1247.0;3
93800;BOT_TAKER;BOT_MAKER;VELVETFRUIT_EXTRACT;XIRECS;5226.0;5
93900;BOT_TAKER;BOT_MAKER;VELVETFRUIT_EXTRACT;XIRECS;5225.0;3
93900;BOT_TAKER;SUBMISSION;HYDROGEL_PACK;XIRECS;9941.0;5
93900;BOT_TAKER;BOT_MAKER;HYDROGEL_PACK;XIRECS;9942.0;1
94000;BOT_TAKER;BOT_MAKER;VELVETFRUIT_EXTRACT;XIRECS;5226.0;5
94200;BOT_TAKER;BOT_MAKER;VELVETFRUIT_EXTRACT;XIRECS;5225.0;5
94200;BOT_TAKER;BOT_MAKER;VEV_5300;XIRECS;49.0;4
94200;BOT_TAKER;SUBMISSION;VELVETFRUIT_EXTRACT;XIRECS;5224.0;5
94200;BOT_TAKER;BOT_MAKER;VELVETFRUIT_EXTRACT;XIRECS;5225.0;1
94300;BOT_MAKER;BOT_TAKER;HYDROGEL_PACK;XIRECS;9925.0;2
94300;BOT_TAKER;BOT_MAKER;VELVETFRUIT_EXTRACT;XIRECS;5225.0;7
94300;BOT_TAKER;BOT_MAKER;VEV_4000;XIRECS;1246.0;1
94400;BOT_TAKER;BOT_MAKER;HYDROGEL_PACK;XIRECS;9943.0;3
94400;BOT_MAKER;BOT_TAKER;VELVETFRUIT_EXTRACT;XIRECS;5221.0;3
94600;BOT_MAKER;BOT_TAKER;HYDROGEL_PACK;XIRECS;9930.0;3
94600;BOT_TAKER;BOT_MAKER;VEV_6000;XIRECS;1.0;5
94700;BOT_MAKER;BOT_TAKER;VEV_5500;XIRECS;7.0;5
94800;BOT_TAKER;SUBMISSION;VEV_4000;XIRECS;1247.0;3
95000;SUBMISSION;BOT_TAKER;HYDROGEL_PACK;XIRECS;9927.0;3
95000;SUBMISSION;BOT_TAKER;VELVETFRUIT_EXTRACT;XIRECS;5224.0;5
95000;BOT_MAKER;BOT_TAKER;VELVETFRUIT_EXTRACT;XIRECS;5223.0;3
95100;BOT_MAKER;BOT_TAKER;HYDROGEL_PACK;XIRECS;9920.0;6
95100;BOT_MAKER;BOT_TAKER;VELVETFRUIT_EXTRACT;XIRECS;5223.0;3
95100;BOT_MAKER;BOT_TAKER;VEV_5400;XIRECS;0.0;2
95200;BOT_TAKER;BOT_MAKER;HYDROGEL_PACK;XIRECS;9935.0;4
95200;BOT_MAKER;BOT_TAKER;VEV_5500;XIRECS;7.0;3
95300;BOT_TAKER;BOT_MAKER;ASH_COATED_OSMIUM;XIRECS;10010.0;5
95300;BOT_MAKER;BOT_TAKER;HYDROGEL_PACK;XIRECS;9918.0;6
95300;BOT_TAKER;BOT_MAKER;VEV_5400;XIRECS;0.0;2
95300;BOT_MAKER;BOT_TAKER;VEV_6000;XIRECS;0.0;2
95400;BOT_TAKER;BOT_MAKER;VELVETFRUIT_EXTRACT;XIRECS;5228.0;7
95500;BOT_MAKER;BOT_TAKER;VELVETFRUIT_EXTRACT;XIRECS;5222.0;6
95500;BOT_TAKER;SUBMISSION;VELVETFRUIT_EXTRACT;XIRECS;5226.0;5
95500;BOT_TAKER;BOT_MAKER;VELVETFRUIT_EXTRACT;XIRECS;5227.0;1
95600;BOT_MAKER;BOT_TAKER;VELVETFRUIT_EXTRACT;XIRECS;5221.0;7
95600;BOT_TAKER;BOT_MAKER;VEV_6000;XIRECS;1.0;2
95700;BOT_TAKER;BOT_MAKER;VEV_5300;XIRECS;48.0;5
95700;BOT_TAKER;BOT_MAKER;VEV_5400;XIRECS;1.0;3
95800;BOT_TAKER;BOT_MAKER;HYDROGEL_PACK;XIRECS;9932.0;5
95800;BOT_TAKER;BOT_MAKER;VELVETFRUIT_EXTRACT;XIRECS;5227.0;8
95900;BOT_MAKER;BOT_TAKER;VEV_6000;XIRECS;0.0;5
96000;BOT_MAKER;BOT_TAKER;HYDROGEL_PACK;XIRECS;9914.0;5
96100;BOT_TAKER;SUBMISSION;VEV_4000;XIRECS;1250.0;1
96200;BOT_TAKER;BOT_MAKER;HYDROGEL_PACK;XIRECS;9928.0;4
96300;BOT_TAKER;BOT_MAKER;VEV_6500;XIRECS;1.0;2
96400;BOT_TAKER;BOT_MAKER;HYDROGEL_PACK;XIRECS;9926.0;2
96400;BOT_MAKER;BOT_TAKER;VEV_5400;XIRECS;-1.0;4
96500;BOT_TAKER;BOT_MAKER;VELVETFRUIT_EXTRACT;XIRECS;5228.0;6
96500;BOT_TAKER;SUBMISSION;ASH_COATED_OSMIUM;XIRECS;10004.0;2
96600;BOT_TAKER;BOT_MAKER;VELVETFRUIT_EXTRACT;XIRECS;5228.0;8
96600;BOT_TAKER;BOT_MAKER;VEV_5500;XIRECS;8.0;2
96600;BOT_TAKER;SUBMISSION;ASH_COATED_OSMIUM;XIRECS;10005.0;2
96700;BOT_MAKER;BOT_TAKER;VELVETFRUIT_EXTRACT;XIRECS;5221.0;5
96700;BOT_TAKER;BOT_MAKER;VEV_5500;XIRECS;8.0;4
96800;BOT_MAKER;BOT_TAKER;ASH_COATED_OSMIUM;XIRECS;9990.0;4
96800;BOT_TAKER;BOT_MAKER;HYDROGEL_PACK;XIRECS;9926.0;5
96800;BOT_TAKER;BOT_MAKER;VELVETFRUIT_EXTRACT;XIRECS;5225.0;6
96900;BOT_TAKER;BOT_MAKER;ASH_COATED_OSMIUM;XIRECS;10006.0;3
96900;BOT_TAKER;BOT_MAKER;VEV_6000;XIRECS;1.0;2
97000;BOT_MAKER;BOT_TAKER;VELVETFRUIT_EXTRACT;XIRECS;5220.0;3
97000;BOT_TAKER;BOT_MAKER;VEV_5500;XIRECS;8.0;3
97100;BOT_TAKER;BOT_MAKER;VEV_5300;XIRECS;49.0;5
97200;BOT_MAKER;BOT_TAKER;HYDROGEL_PACK;XIRECS;9910.0;5
97200;BOT_TAKER;BOT_MAKER;VEV_4000;XIRECS;1248.0;2
97200;BOT_TAKER;BOT_MAKER;VEV_5500;XIRECS;8.0;4
97200;SUBMISSION;BOT_TAKER;HYDROGEL_PACK;XIRECS;9911.0;5
97200;BOT_MAKER;BOT_TAKER;HYDROGEL_PACK;XIRECS;9910.0;1
97300;BOT_TAKER;BOT_MAKER;HYDROGEL_PACK;XIRECS;9926.0;4
97300;BOT_TAKER;BOT_MAKER;VELVETFRUIT_EXTRACT;XIRECS;5227.0;3
97400;BOT_MAKER;BOT_TAKER;HYDROGEL_PACK;XIRECS;9914.0;2
97400;BOT_TAKER;BOT_MAKER;INTARIAN_PEPPER_ROOT;XIRECS;13204.0;4
97400;BOT_MAKER;BOT_TAKER;VEV_4000;XIRECS;1227.0;3
97500;BOT_MAKER;BOT_TAKER;HYDROGEL_PACK;XIRECS;9914.0;5
97500;BOT_TAKER;BOT_MAKER;VELVETFRUIT_EXTRACT;XIRECS;5230.0;8
97500;BOT_MAKER;BOT_TAKER;VEV_6000;XIRECS;0.0;3
97600;SUBMISSION;BOT_TAKER;VEV_4000;XIRECS;1226.0;2
97700;BOT_MAKER;BOT_TAKER;HYDROGEL_PACK;XIRECS;9917.0;6
97700;BOT_TAKER;BOT_MAKER;VELVETFRUIT_EXTRACT;XIRECS;5233.0;8
97800;BOT_MAKER;BOT_TAKER;VELVETFRUIT_EXTRACT;XIRECS;5227.0;14
97900;BOT_TAKER;BOT_MAKER;VEV_5500;XIRECS;9.0;2
98100;SUBMISSION;BOT_TAKER;VELVETFRUIT_EXTRACT;XIRECS;5229.0;5
98100;BOT_MAKER;BOT_TAKER;VELVETFRUIT_EXTRACT;XIRECS;5228.0;2
98300;BOT_TAKER;BOT_MAKER;HYDROGEL_PACK;XIRECS;9931.0;3
98300;BOT_MAKER;BOT_TAKER;VELVETFRUIT_EXTRACT;XIRECS;5228.0;4
98300;BOT_MAKER;BOT_TAKER;VEV_6500;XIRECS;0.0;4
98400;BOT_MAKER;BOT_TAKER;INTARIAN_PEPPER_ROOT;XIRECS;13191.0;5
98400;BOT_TAKER;BOT_MAKER;VEV_6500;XIRECS;1.0;5
98500;BOT_MAKER;BOT_TAKER;HYDROGEL_PACK;XIRECS;9918.0;6
98500;BOT_MAKER;BOT_TAKER;VELVETFRUIT_EXTRACT;XIRECS;5230.0;3
98500;BOT_MAKER;BOT_TAKER;VEV_5300;XIRECS;46.0;3
98600;BOT_TAKER;BOT_MAKER;VELVETFRUIT_EXTRACT;XIRECS;5235.0;6
98600;BOT_TAKER;BOT_MAKER;VEV_4000;XIRECS;1245.0;1
98600;BOT_TAKER;BOT_MAKER;VEV_6500;XIRECS;1.0;2
98700;BOT_MAKER;BOT_TAKER;ASH_COATED_OSMIUM;XIRECS;9992.0;4
98700;BOT_TAKER;BOT_MAKER;HYDROGEL_PACK;XIRECS;9938.0;6
98700;BOT_MAKER;BOT_TAKER;VELVETFRUIT_EXTRACT;XIRECS;5230.0;8
98700;BOT_TAKER;BOT_MAKER;VEV_6500;XIRECS;1.0;2
98800;BOT_MAKER;BOT_TAKER;VELVETFRUIT_EXTRACT;XIRECS;5231.0;4
98900;BOT_TAKER;BOT_MAKER;VEV_4000;XIRECS;1242.0;1
98900;BOT_TAKER;BOT_MAKER;VEV_5400;XIRECS;0.0;3
98900;BOT_TAKER;BOT_MAKER;VEV_6000;XIRECS;1.0;2
99000;BOT_MAKER;BOT_TAKER;HYDROGEL_PACK;XIRECS;9919.0;4
99000;BOT_MAKER;BOT_TAKER;VELVETFRUIT_EXTRACT;XIRECS;5232.0;4
99200;BOT_TAKER;BOT_MAKER;VEV_5400;XIRECS;1.0;4
