timestamp;buyer;seller;symbol;currency;price;quantity
0;BOT_TAKER;BOT_MAKER;HYDROGEL_PACK;XIRECS;9987.0;3
0;BOT_MAKER;BOT_TAKER;VEV_4000;XIRECS;1252.0;3
100;BOT_MAKER;BOT_TAKER;VELVETFRUIT_EXTRACT;XIRECS;5259.0;8
100;BOT_TAKER;BOT_MAKER;VEV_4000;XIRECS;1274.0;3
200;BOT_TAKER;BOT_MAKER;VEV_5200;XIRECS;104.0;3
300;BOT_TAKER;BOT_MAKER;HYDROGEL_PACK;XIRECS;9990.0;3
300;BOT_MAKER;BOT_TAKER;VELVETFRUIT_EXTRACT;XIRECS;5258.0;5
300;BOT_TAKER;BOT_MAKER;VEV_6500;XIRECS;1.0;5
400;BOT_MAKER;BOT_TAKER;VELVETFRUIT_EXTRACT;XIRECS;5259.0;6
500;BOT_MAKER;BOT_TAKER;HYDROGEL_PACK;XIRECS;9972.0;4
500;BOT_MAKER;BOT_TAKER;VEV_6500;XIRECS;0.0;2
700;BOT_MAKER;BOT_TAKER;HYDROGEL_PACK;XIRECS;9970.0;6
700;BOT_MAKER;BOT_TAKER;VEV_6500;XIRECS;0.0;5
900;BOT_MAKER;BOT_TAKER;HYDROGEL_PACK;XIRECS;9971.0;5
900;BOT_MAKER;BOT_TAKER;VELVETFRUIT_EXTRACT;XIRECS;5260.0;5
1000;BOT_MAKER;BOT_TAKER;HYDROGEL_PACK;XIRECS;9969.0;6
1000;BOT_MAKER;BOT_TAKER;VEV_5500;XIRECS;6.0;3
1100;BOT_MAKER;BOT_TAKER;VEV_6000;XIRECS;0.0;2
1200;BOT_TAKER;BOT_MAKER;HYDROGEL_PACK;XIRECS;9987.0;6
1200;BOT_MAKER;BOT_TAKER;VEV_5400;XIRECS;15.0;4
1300;BOT_TAKER;BOT_MAKER;VEV_4000;XIRECS;1279.0;3
1500;BOT_TAKER;BOT_MAKER;HYDROGEL_PACK;XIRECS;9982.0;2
1600;BOT_MAKER;BOT_TAKER;VELVETFRUIT_EXTRACT;XIRECS;5258.0;5
1700;BOT_MAKER;BOT_TAKER;HYDROGEL_PACK;XIRECS;9965.0;4
1700;BOT_TAKER;BOT_MAKER;VEV_6000;XIRECS;1.0;2
1800;BOT_MAKER;BOT_TAKER;HYDROGEL_PACK;XIRECS;9966.0;5
1800;BOT_TAKER;BOT_MAKER;VEV_4000;XIRECS;1276.0;3
1900;BOT_TAKER;BOT_MAKER;VEV_5300;XIRECS;49.0;4
2000;BOT_TAKER;BOT_MAKER;HYDROGEL_PACK;XIRECS;9981.0;6
2000;BOT_TAKER;BOT_MAKER;VEV_6500;XIRECS;1.0;3
2300;BOT_TAKER;BOT_MAKER;HYDROGEL_PACK;XIRECS;9973.0;3
2300;BOT_TAKER;BOT_MAKER;VEV_6000;XIRECS;1.0;5
2400;BOT_TAKER;BOT_MAKER;HYDROGEL_PACK;XIRECS;9974.0;4
2500;BOT_TAKER;BOT_MAKER;VEV_4000;XIRECS;1277.0;3
2600;BOT_MAKER;BOT_TAKER;VEV_4000;XIRECS;1255.0;3
2600;BOT_TAKER;BOT_MAKER;VEV_5300;XIRECS;48.0;2
2700;BOT_TAKER;BOT_MAKER;HYDROGEL_PACK;XIRECS;9974.0;4
2700;BOT_MAKER;BOT_TAKER;VEV_4000;XIRECS;1256.0;1
2800;BOT_MAKER;BOT_TAKER;HYDROGEL_PACK;XIRECS;9955.0;2
2900;BOT_TAKER;BOT_MAKER;VELVETFRUIT_EXTRACT;XIRECS;5264.0;10
3000;BOT_MAKER;BOT_TAKER;HYDROGEL_PACK;XIRECS;9954.0;5
3000;BOT_MAKER;BOT_TAKER;VELVETFRUIT_EXTRACT;XIRECS;5260.0;6
3100;BOT_TAKER;BOT_MAKER;HYDROGEL_PACK;XIRECS;9974.0;2
3200;BOT_MAKER;BOT_TAKER;VELVETFRUIT_EXTRACT;XIRECS;5260.0;5
3300;BOT_MAKER;BOT_TAKER;VELVETFRUIT_EXTRACT;XIRECS;5263.0;3
3300;BOT_TAKER;BOT_MAKER;VEV_4000;XIRECS;1276.0;3
3400;BOT_TAKER;BOT_MAKER;HYDROGEL_PACK;XIRECS;9967.0;4
3400;BOT_TAKER;BOT_MAKER;VEV_6500;XIRECS;1.0;5
3500;BOT_MAKER;BOT_TAKER;HYDROGEL_PACK;XIRECS;9951.0;5
3600;BOT_TAKER;BOT_MAKER;HYDROGEL_PACK;XIRECS;9971.0;6
3600;BOT_TAKER;BOT_MAKER;VELVETFRUIT_EXTRACT;XIRECS;5269.0;3
3600;BOT_TAKER;BOT_MAKER;VEV_4000;XIRECS;1278.0;3
3700;BOT_MAKER;BOT_TAKER;VEV_4000;XIRECS;1258.0;3
3800;BOT_MAKER;BOT_TAKER;VELVETFRUIT_EXTRACT;XIRECS;5265.0;4
3900;BOT_MAKER;BOT_TAKER;HYDROGEL_PACK;XIRECS;9954.0;3
3900;BOT_MAKER;BOT_TAKER;VELVETFRUIT_EXTRACT;XIRECS;5263.0;6
3900;BOT_MAKER;BOT_TAKER;VEV_5400;XIRECS;15.0;4
3900;BOT_MAKER;BOT_TAKER;VEV_5500;XIRECS;6.0;2
3900;BOT_TAKER;BOT_MAKER;VEV_5500;XIRECS;7.0;2
4100;BOT_MAKER;BOT_TAKER;HYDROGEL_PACK;XIRECS;9955.0;4
4200;BOT_TAKER;BOT_MAKER;HYDROGEL_PACK;XIRECS;9972.0;4
4300;BOT_TAKER;BOT_MAKER;VELVETFRUIT_EXTRACT;XIRECS;5267.0;6
4300;BOT_MAKER;BOT_TAKER;VEV_6500;XIRECS;0.0;2
4400;BOT_MAKER;BOT_TAKER;HYDROGEL_PACK;XIRECS;9958.0;4
4600;BOT_TAKER;BOT_MAKER;HYDROGEL_PACK;XIRECS;9974.0;6
4600;BOT_MAKER;BOT_TAKER;VEV_5300;XIRECS;46.0;2
4700;BOT_MAKER;BOT_TAKER;HYDROGEL_PACK;XIRECS;9959.0;6
4700;BOT_MAKER;BOT_TAKER;VELVETFRUIT_EXTRACT;XIRECS;5264.0;4
4700;BOT_TAKER;BOT_MAKER;VEV_6000;XIRECS;1.0;2
4800;BOT_MAKER;BOT_TAKER;HYDROGEL_PACK;XIRECS;9956.0;5
4800;BOT_MAKER;BOT_TAKER;VELVETFRUIT_EXTRACT;XIRECS;5264.0;7
4800;BOT_MAKER;BOT_TAKER;VEV_5300;XIRECS;46.0;2
4900;BOT_MAKER;BOT_TAKER;VEV_6500;XIRECS;0.0;4
5200;BOT_TAKER;BOT_MAKER;VEV_5500;XIRECS;7.0;2
5300;BOT_MAKER;BOT_TAKER;HYDROGEL_PACK;XIRECS;9950.0;5
5300;BOT_TAKER;BOT_MAKER;VELVETFRUIT_EXTRACT;XIRECS;5269.0;6
5400;BOT_MAKER;BOT_TAKER;VELVETFRUIT_EXTRACT;XIRECS;5263.0;6
5400;BOT_MAKER;BOT_TAKER;VEV_4000;XIRECS;1256.0;1
5600;BOT_MAKER;BOT_TAKER;VEV_4000;XIRECS;1257.0;3
5700;BOT_TAKER;BOT_MAKER;VELVETFRUIT_EXTRACT;XIRECS;5269.0;5
5700;BOT_TAKER;BOT_MAKER;VEV_5400;XIRECS;15.0;5
5800;BOT_TAKER;BOT_MAKER;VEV_5400;XIRECS;15.0;4
5900;BOT_MAKER;BOT_TAKER;VELVETFRUIT_EXTRACT;XIRECS;5265.0;8
5900;BOT_MAKER;BOT_TAKER;VEV_4000;XIRECS;1257.0;2
6000;BOT_MAKER;BOT_TAKER;VEV_4000;XIRECS;1256.0;1
6200;BOT_MAKER;BOT_TAKER;VELVETFRUIT_EXTRACT;XIRECS;5264.0;6
6400;BOT_TAKER;BOT_MAKER;HYDROGEL_PACK;XIRECS;9964.0;5
6400;BOT_MAKER;BOT_TAKER;VELVETFRUIT_EXTRACT;XIRECS;5265.0;8
6400;BOT_MAKER;BOT_TAKER;VEV_6000;XIRECS;0.0;3
6500;BOT_TAKER;BOT_MAKER;HYDROGEL_PACK;XIRECS;9962.0;6
6500;BOT_TAKER;BOT_MAKER;VEV_6000;XIRECS;1.0;2
6600;BOT_MAKER;BOT_TAKER;HYDROGEL_PACK;XIRECS;9947.0;5
6600;BOT_TAKER;BOT_MAKER;VEV_5500;XIRECS;7.0;3
6600;BOT_MAKER;BOT_TAKER;VEV_5500;XIRECS;6.0;5
6600;BOT_TAKER;BOT_MAKER;VEV_6000;XIRECS;1.0;5
6700;BOT_MAKER;BOT_TAKER;VELVETFRUIT_EXTRACT;XIRECS;5267.0;6
6700;BOT_TAKER;BOT_MAKER;VEV_4000;XIRECS;1277.0;1
6700;BOT_MAKER;BOT_TAKER;VEV_6000;XIRECS;0.0;4
6900;BOT_TAKER;BOT_MAKER;VEV_5500;XIRECS;7.0;3
7000;BOT_MAKER;BOT_TAKER;HYDROGEL_PACK;XIRECS;9950.0;4
7000;BOT_MAKER;BOT_TAKER;VEV_5400;XIRECS;14.0;4
7100;BOT_TAKER;BOT_MAKER;HYDROGEL_PACK;XIRECS;9968.0;6
7200;BOT_MAKER;BOT_TAKER;HYDROGEL_PACK;XIRECS;9957.0;3
7200;BOT_TAKER;BOT_MAKER;VELVETFRUIT_EXTRACT;XIRECS;5270.0;8
7200;BOT_MAKER;BOT_TAKER;VEV_4000;XIRECS;1257.0;3
7300;BOT_MAKER;BOT_TAKER;HYDROGEL_PACK;XIRECS;9956.0;2
7300;BOT_TAKER;BOT_MAKER;VEV_4000;XIRECS;1278.0;2
7300;BOT_MAKER;BOT_TAKER;VEV_5400;XIRECS;13.0;5
7400;BOT_MAKER;BOT_TAKER;VELVETFRUIT_EXTRACT;XIRECS;5267.0;7
7400;BOT_MAKER;BOT_TAKER;VEV_4000;XIRECS;1258.0;2
7600;BOT_TAKER;BOT_MAKER;VEV_4000;XIRECS;1280.0;3
7700;BOT_TAKER;BOT_MAKER;VEV_6000;XIRECS;1.0;3
7800;BOT_MAKER;BOT_TAKER;VELVETFRUIT_EXTRACT;XIRECS;5268.0;8
7900;BOT_TAKER;BOT_MAKER;HYDROGEL_PACK;XIRECS;9970.0;6
8100;BOT_MAKER;BOT_TAKER;HYDROGEL_PACK;XIRECS;9951.0;3
8100;BOT_TAKER;BOT_MAKER;VELVETFRUIT_EXTRACT;XIRECS;5274.0;7
8200;BOT_TAKER;BOT_MAKER;VELVETFRUIT_EXTRACT;XIRECS;5272.0;8
8200;BOT_MAKER;BOT_TAKER;VEV_5400;XIRECS;14.0;2
8200;BOT_TAKER;BOT_MAKER;VEV_6500;XIRECS;1.0;3
8400;BOT_TAKER;BOT_MAKER;HYDROGEL_PACK;XIRECS;9967.0;5
8500;BOT_TAKER;BOT_MAKER;VEV_4000;XIRECS;1285.0;1
8500;BOT_TAKER;BOT_MAKER;VEV_5500;XIRECS;7.0;4
8600;BOT_MAKER;BOT_TAKER;VELVETFRUIT_EXTRACT;XIRECS;5271.0;6
8700;BOT_TAKER;BOT_MAKER;VELVETFRUIT_EXTRACT;XIRECS;5275.0;5
9000;BOT_TAKER;BOT_MAKER;HYDROGEL_PACK;XIRECS;9960.0;5
9000;BOT_MAKER;BOT_TAKER;VELVETFRUIT_EXTRACT;XIRECS;5270.0;5
9200;BOT_MAKER;BOT_TAKER;VEV_5300;XIRECS;39.0;4
9300;BOT_TAKER;BOT_MAKER;VEV_4000;XIRECS;1285.0;3
9400;BOT_MAKER;BOT_TAKER;VELVETFRUIT_EXTRACT;XIRECS;5271.0;4
9400;BOT_MAKER;BOT_TAKER;VEV_5500;XIRECS;5.0;3
9500;BOT_TAKER;BOT_MAKER;VEV_5500;XIRECS;7.0;4
9700;BOT_TAKER;BOT_MAKER;HYDROGEL_PACK;XIRECS;9964.0;5
9700;BOT_MAKER;BOT_TAKER;VELVETFRUIT_EXTRACT;XIRECS;5271.0;10
9800;BOT_MAKER;BOT_TAKER;HYDROGEL_PACK;XIRECS;9948.0;2
9800;BOT_TAKER;BOT_MAKER;VEV_6500;XIRECS;1.0;4
9900;BOT_MAKER;BOT_TAKER;VELVETFRUIT_EXTRACT;XIRECS;5271.0;7
9900;BOT_TAKER;BOT_MAKER;VEV_4000;XIRECS;1285.0;2
9900;BOT_TAKER;BOT_MAKER;VEV_6500;XIRECS;1.0;2
10100;BOT_TAKER;BOT_MAKER;VELVETFRUIT_EXTRACT;XIRECS;5274.0;7
10100;BOT_TAKER;BOT_MAKER;VEV_4000;XIRECS;1284.0;1
10200;BOT_TAKER;BOT_MAKER;HYDROGEL_PACK;XIRECS;9969.0;2
10200;BOT_MAKER;BOT_TAKER;VELVETFRUIT_EXTRACT;XIRECS;5270.0;4
10300;BOT_TAKER;BOT_MAKER;VELVETFRUIT_EXTRACT;XIRECS;5275.0;3
10400;BOT_MAKER;BOT_TAKER;VEV_4000;XIRECS;1261.0;3
10500;BOT_TAKER;BOT_MAKER;VELVETFRUIT_EXTRACT;XIRECS;5275.0;12
10600;BOT_MAKER;BOT_TAKER;HYDROGEL_PACK;XIRECS;9950.0;6
10600;BOT_TAKER;BOT_MAKER;VEV_5400;XIRECS;14.0;4
10600;BOT_MAKER;BOT_TAKER;VEV_6000;XIRECS;0.0;4
10800;BOT_TAKER;BOT_MAKER;HYDROGEL_PACK;XIRECS;9965.0;5
10800;BOT_MAKER;BOT_TAKER;VEV_4000;XIRECS;1255.0;2
10900;BOT_MAKER;BOT_TAKER;VEV_5500;XIRECS;5.0;5
11000;BOT_MAKER;BOT_TAKER;HYDROGEL_PACK;XIRECS;9950.0;2
11000;BOT_MAKER;BOT_TAKER;VELVETFRUIT_EXTRACT;XIRECS;5268.0;10
11000;BOT_MAKER;BOT_TAKER;VEV_4000;XIRECS;1252.0;1
11100;BOT_TAKER;BOT_MAKER;VELVETFRUIT_EXTRACT;XIRECS;5271.0;8
11100;BOT_TAKER;BOT_MAKER;VEV_4000;XIRECS;1273.0;3
11200;BOT_MAKER;BOT_TAKER;VELVETFRUIT_EXTRACT;XIRECS;5265.0;5
11300;BOT_MAKER;BOT_TAKER;VELVETFRUIT_EXTRACT;XIRECS;5266.0;6
11300;BOT_MAKER;BOT_TAKER;VELVETFRUIT_EXTRACT;XIRECS;5266.0;9
11300;BOT_TAKER;BOT_MAKER;VEV_4000;XIRECS;1272.0;1
11400;BOT_TAKER;BOT_MAKER;VELVETFRUIT_EXTRACT;XIRECS;5273.0;7
11400;BOT_MAKER;BOT_TAKER;VEV_5300;XIRECS;42.0;2
11400;BOT_TAKER;BOT_MAKER;VEV_5500;XIRECS;6.0;3
11500;BOT_MAKER;BOT_TAKER;HYDROGEL_PACK;XIRECS;9950.0;3
11600;BOT_MAKER;BOT_TAKER;VELVETFRUIT_EXTRACT;XIRECS;5268.0;6
11700;BOT_TAKER;BOT_MAKER;HYDROGEL_PACK;XIRECS;9969.0;2
11700;BOT_TAKER;BOT_MAKER;VEV_4000;XIRECS;1275.0;1
11700;BOT_TAKER;BOT_MAKER;VEV_6500;XIRECS;1.0;2
11900;BOT_MAKER;BOT_TAKER;VELVETFRUIT_EXTRACT;XIRECS;5265.0;5
12000;BOT_TAKER;BOT_MAKER;HYDROGEL_PACK;XIRECS;9972.0;3
12000;BOT_TAKER;BOT_MAKER;VELVETFRUIT_EXTRACT;XIRECS;5269.0;4
12100;BOT_MAKER;BOT_TAKER;HYDROGEL_PACK;XIRECS;9957.0;6
12400;BOT_TAKER;BOT_MAKER;VELVETFRUIT_EXTRACT;XIRECS;5268.0;3
12500;BOT_TAKER;BOT_MAKER;VELVETFRUIT_EXTRACT;XIRECS;5269.0;11
12500;BOT_TAKER;BOT_MAKER;VEV_6500;XIRECS;1.0;5
12600;BOT_TAKER;BOT_MAKER;HYDROGEL_PACK;XIRECS;9971.0;2
12600;BOT_MAKER;BOT_TAKER;VELVETFRUIT_EXTRACT;XIRECS;5265.0;4
12600;BOT_TAKER;BOT_MAKER;VEV_6500;XIRECS;1.0;2
12700;BOT_MAKER;BOT_TAKER;HYDROGEL_PACK;XIRECS;9952.0;5
12800;BOT_MAKER;BOT_TAKER;HYDROGEL_PACK;XIRECS;9954.0;6
13200;BOT_TAKER;BOT_MAKER;VELVETFRUIT_EXTRACT;XIRECS;5270.0;5
13300;BOT_MAKER;BOT_TAKER;VEV_6500;XIRECS;0.0;2
13400;BOT_MAKER;BOT_TAKER;HYDROGEL_PACK;XIRECS;9955.0;2
13500;BOT_TAKER;BOT_MAKER;VELVETFRUIT_EXTRACT;XIRECS;5273.0;8
13600;BOT_MAKER;BOT_TAKER;VEV_4000;XIRECS;1260.0;2
13700;BOT_MAKER;BOT_TAKER;VELVETFRUIT_EXTRACT;XIRECS;5269.0;15
13800;BOT_MAKER;BOT_TAKER;VELVETFRUIT_EXTRACT;XIRECS;5270.0;3
14000;BOT_TAKER;BOT_MAKER;HYDROGEL_PACK;XIRECS;9972.0;5
14100;BOT_MAKER;BOT_TAKER;HYDROGEL_PACK;XIRECS;9958.0;6
14200;BOT_TAKER;BOT_MAKER;VEV_4000;XIRECS;1283.0;3
14300;BOT_MAKER;BOT_TAKER;VEV_5500;XIRECS;4.0;3
14400;BOT_MAKER;BOT_TAKER;VELVETFRUIT_EXTRACT;XIRECS;5269.0;6
14400;BOT_TAKER;BOT_MAKER;VEV_6500;XIRECS;1.0;2
14600;BOT_TAKER;BOT_MAKER;HYDROGEL_PACK;XIRECS;9974.0;3
14600;BOT_MAKER;BOT_TAKER;VEV_4000;XIRECS;1263.0;3
14700;BOT_MAKER;BOT_TAKER;VELVETFRUIT_EXTRACT;XIRECS;5270.0;7
14900;BOT_MAKER;BOT_TAKER;VELVETFRUIT_EXTRACT;XIRECS;5272.0;8
14900;BOT_TAKER;BOT_MAKER;VEV_4000;XIRECS;1286.0;1
15000;BOT_TAKER;BOT_MAKER;VELVETFRUIT_EXTRACT;XIRECS;5277.0;7
15200;BOT_TAKER;BOT_MAKER;HYDROGEL_PACK;XIRECS;9965.0;2
15300;BOT_TAKER;BOT_MAKER;VEV_5500;XIRECS;5.0;5
15400;BOT_MAKER;BOT_TAKER;VEV_4000;XIRECS;1261.0;2
15500;BOT_MAKER;BOT_TAKER;VELVETFRUIT_EXTRACT;XIRECS;5273.0;4
15700;BOT_MAKER;BOT_TAKER;VELVETFRUIT_EXTRACT;XIRECS;5274.0;4
15800;BOT_TAKER;BOT_MAKER;HYDROGEL_PACK;XIRECS;9958.0;4
15800;BOT_MAKER;BOT_TAKER;VELVETFRUIT_EXTRACT;XIRECS;5274.0;14
16000;BOT_MAKER;BOT_TAKER;VEV_4000;XIRECS;1260.0;2
16000;BOT_TAKER;BOT_MAKER;VEV_5500;XIRECS;4.0;2
16100;BOT_MAKER;BOT_TAKER;HYDROGEL_PACK;XIRECS;9942.0;5
16200;BOT_TAKER;BOT_MAKER;VELVETFRUIT_EXTRACT;XIRECS;5282.0;6
16200;BOT_MAKER;BOT_TAKER;VEV_6000;XIRECS;0.0;5
16300;BOT_MAKER;BOT_TAKER;HYDROGEL_PACK;XIRECS;9944.0;5
16400;BOT_MAKER;BOT_TAKER;HYDROGEL_PACK;XIRECS;9944.0;6
16400;BOT_MAKER;BOT_TAKER;VEV_5400;XIRECS;10.0;3
16600;BOT_TAKER;BOT_MAKER;HYDROGEL_PACK;XIRECS;9959.0;6
16900;BOT_MAKER;BOT_TAKER;VEV_5300;XIRECS;40.0;5
16900;BOT_MAKER;BOT_TAKER;VEV_5400;XIRECS;10.0;3
17000;BOT_MAKER;BOT_TAKER;VELVETFRUIT_EXTRACT;XIRECS;5281.0;6
17100;BOT_TAKER;BOT_MAKER;VEV_5500;XIRECS;4.0;3
17200;BOT_MAKER;BOT_TAKER;HYDROGEL_PACK;XIRECS;9944.0;2
17200;BOT_MAKER;BOT_TAKER;VELVETFRUIT_EXTRACT;XIRECS;5282.0;7
17200;BOT_TAKER;BOT_MAKER;VEV_5500;XIRECS;4.0;4
17300;BOT_MAKER;BOT_TAKER;VELVETFRUIT_EXTRACT;XIRECS;5284.0;3
17300;BOT_TAKER;BOT_MAKER;VELVETFRUIT_EXTRACT;XIRECS;5289.0;6
17400;BOT_TAKER;BOT_MAKER;HYDROGEL_PACK;XIRECS;9962.0;6
17400;BOT_MAKER;BOT_TAKER;VELVETFRUIT_EXTRACT;XIRECS;5283.0;6
17500;BOT_MAKER;BOT_TAKER;VEV_6000;XIRECS;0.0;5
17500;BOT_TAKER;BOT_MAKER;VEV_6500;XIRECS;1.0;5
17600;BOT_TAKER;BOT_MAKER;VELVETFRUIT_EXTRACT;XIRECS;5287.0;4
17800;BOT_TAKER;BOT_MAKER;VELVETFRUIT_EXTRACT;XIRECS;5284.0;13
17900;BOT_MAKER;BOT_TAKER;HYDROGEL_PACK;XIRECS;9946.0;6
18000;BOT_MAKER;BOT_TAKER;VELVETFRUIT_EXTRACT;XIRECS;5281.0;3
18100;BOT_TAKER;BOT_MAKER;VEV_6500;XIRECS;1.0;4
18200;BOT_MAKER;BOT_TAKER;VELVETFRUIT_EXTRACT;XIRECS;5283.0;6
18300;BOT_TAKER;BOT_MAKER;HYDROGEL_PACK;XIRECS;9969.0;4
18300;BOT_MAKER;BOT_TAKER;VEV_5300;XIRECS;39.0;4
18300;BOT_MAKER;BOT_TAKER;VEV_5500;XIRECS;3.0;2
18500;BOT_TAKER;BOT_MAKER;HYDROGEL_PACK;XIRECS;9970.0;6
18500;BOT_MAKER;BOT_TAKER;VELVETFRUIT_EXTRACT;XIRECS;5286.0;5
18600;BOT_MAKER;BOT_TAKER;HYDROGEL_PACK;XIRECS;9956.0;3
18600;BOT_TAKER;BOT_MAKER;VEV_5500;XIRECS;4.0;5
18800;BOT_MAKER;BOT_TAKER;VEV_4000;XIRECS;1256.0;3
18900;BOT_TAKER;BOT_MAKER;HYDROGEL_PACK;XIRECS;9973.0;4
19000;BOT_TAKER;BOT_MAKER;VEV_4000;XIRECS;1277.0;1
19000;BOT_TAKER;BOT_MAKER;VEV_5300;XIRECS;42.0;2
19000;BOT_MAKER;BOT_TAKER;VEV_5500;XIRECS;3.0;4
19100;BOT_TAKER;BOT_MAKER;VELVETFRUIT_EXTRACT;XIRECS;5289.0;3
19200;BOT_MAKER;BOT_TAKER;HYDROGEL_PACK;XIRECS;9953.0;6
19200;BOT_TAKER;BOT_MAKER;VEV_5300;XIRECS;42.0;4
19200;BOT_TAKER;BOT_MAKER;VEV_6000;XIRECS;1.0;2
19300;BOT_TAKER;BOT_MAKER;HYDROGEL_PACK;XIRECS;9968.0;2
19300;BOT_TAKER;BOT_MAKER;VELVETFRUIT_EXTRACT;XIRECS;5287.0;3
19300;BOT_MAKER;BOT_TAKER;VEV_4000;XIRECS;1259.0;3
19400;BOT_MAKER;BOT_TAKER;HYDROGEL_PACK;XIRECS;9951.0;2
19400;BOT_MAKER;BOT_TAKER;VEV_6000;XIRECS;0.0;5
19500;BOT_TAKER;BOT_MAKER;VELVETFRUIT_EXTRACT;XIRECS;5287.0;5
19500;BOT_MAKER;BOT_TAKER;VEV_6500;XIRECS;0.0;3
19600;BOT_MAKER;BOT_TAKER;HYDROGEL_PACK;XIRECS;9952.0;5
19800;BOT_MAKER;BOT_TAKER;HYDROGEL_PACK;XIRECS;9948.0;5
19800;BOT_MAKER;BOT_TAKER;VEV_4000;XIRECS;1259.0;3
19800;BOT_MAKER;BOT_TAKER;VEV_5500;XIRECS;3.0;2
19900;BOT_MAKER;BOT_TAKER;HYDROGEL_PACK;XIRECS;9953.0;6
19900;BOT_TAKER;BOT_MAKER;VELVETFRUIT_EXTRACT;XIRECS;5286.0;3
19900;BOT_MAKER;BOT_TAKER;VELVETFRUIT_EXTRACT;XIRECS;5280.0;8
19900;BOT_MAKER;BOT_TAKER;VEV_5400;XIRECS;11.0;4
20000;BOT_TAKER;BOT_MAKER;VELVETFRUIT_EXTRACT;XIRECS;5284.0;8
20000;BOT_MAKER;BOT_TAKER;VEV_5300;XIRECS;40.0;2
20000;BOT_TAKER;BOT_MAKER;VEV_6500;XIRECS;1.0;2
20100;BOT_TAKER;BOT_MAKER;HYDROGEL_PACK;XIRECS;9968.0;6
20100;BOT_TAKER;BOT_MAKER;VEV_5400;XIRECS;13.0;3
20200;BOT_MAKER;BOT_TAKER;HYDROGEL_PACK;XIRECS;9950.0;2
20200;BOT_TAKER;BOT_MAKER;VELVETFRUIT_EXTRACT;XIRECS;5284.0;7
20200;BOT_MAKER;BOT_TAKER;VELVETFRUIT_EXTRACT;XIRECS;5278.0;10
20200;BOT_TAKER;BOT_MAKER;VEV_5300;XIRECS;41.0;2
20200;BOT_MAKER;BOT_TAKER;VEV_5500;XIRECS;3.0;3
20300;BOT_MAKER;BOT_TAKER;VELVETFRUIT_EXTRACT;XIRECS;5278.0;8
20500;BOT_MAKER;BOT_TAKER;HYDROGEL_PACK;XIRECS;9949.0;3
20500;BOT_TAKER;BOT_MAKER;VELVETFRUIT_EXTRACT;XIRECS;5284.0;5
20700;BOT_TAKER;BOT_MAKER;VEV_5200;XIRECS;101.0;5
20800;BOT_TAKER;BOT_MAKER;HYDROGEL_PACK;XIRECS;9963.0;6
20800;BOT_MAKER;BOT_TAKER;VELVETFRUIT_EXTRACT;XIRECS;5276.0;6
21000;BOT_TAKER;BOT_MAKER;VELVETFRUIT_EXTRACT;XIRECS;5282.0;4
21100;BOT_TAKER;BOT_MAKER;VELVETFRUIT_EXTRACT;XIRECS;5283.0;8
21200;BOT_TAKER;BOT_MAKER;HYDROGEL_PACK;XIRECS;9963.0;3
21300;BOT_TAKER;BOT_MAKER;HYDROGEL_PACK;XIRECS;9965.0;2
21300;BOT_MAKER;BOT_TAKER;VELVETFRUIT_EXTRACT;XIRECS;5276.0;5
21600;BOT_TAKER;BOT_MAKER;HYDROGEL_PACK;XIRECS;9964.0;3
21600;BOT_TAKER;BOT_MAKER;VEV_6000;XIRECS;1.0;2
21600;BOT_MAKER;BOT_TAKER;VEV_6500;XIRECS;0.0;5
21700;BOT_MAKER;BOT_TAKER;VEV_6000;XIRECS;0.0;5
21800;BOT_MAKER;BOT_TAKER;VEV_5500;XIRECS;3.0;4
21900;BOT_TAKER;BOT_MAKER;HYDROGEL_PACK;XIRECS;9965.0;6
21900;BOT_TAKER;BOT_MAKER;VEV_4000;XIRECS;1280.0;3
22000;BOT_MAKER;BOT_TAKER;VELVETFRUIT_EXTRACT;XIRECS;5269.0;7
22100;BOT_MAKER;BOT_TAKER;HYDROGEL_PACK;XIRECS;9946.0;3
22200;BOT_MAKER;BOT_TAKER;VELVETFRUIT_EXTRACT;XIRECS;5268.0;13
22300;BOT_MAKER;BOT_TAKER;HYDROGEL_PACK;XIRECS;9949.0;5
22300;BOT_MAKER;BOT_TAKER;VEV_5400;XIRECS;12.0;3
22400;BOT_TAKER;BOT_MAKER;VEV_4000;XIRECS;1285.0;3
22500;BOT_MAKER;BOT_TAKER;HYDROGEL_PACK;XIRECS;9953.0;3
22700;BOT_TAKER;BOT_MAKER;VELVETFRUIT_EXTRACT;XIRECS;5273.0;9
22700;BOT_TAKER;BOT_MAKER;VEV_4000;XIRECS;1289.0;3
22700;BOT_TAKER;BOT_MAKER;VEV_6500;XIRECS;1.0;2
22900;BOT_TAKER;BOT_MAKER;VEV_6000;XIRECS;1.0;2
23000;BOT_TAKER;BOT_MAKER;HYDROGEL_PACK;XIRECS;9969.0;6
23000;BOT_MAKER;BOT_TAKER;VELVETFRUIT_EXTRACT;XIRECS;5266.0;7
23000;BOT_MAKER;BOT_TAKER;VEV_6500;XIRECS;0.0;5
23100;BOT_MAKER;BOT_TAKER;HYDROGEL_PACK;XIRECS;9955.0;4
23200;BOT_MAKER;BOT_TAKER;HYDROGEL_PACK;XIRECS;9954.0;4
23400;BOT_TAKER;BOT_MAKER;HYDROGEL_PACK;XIRECS;9964.0;6
23400;BOT_TAKER;BOT_MAKER;VELVETFRUIT_EXTRACT;XIRECS;5271.0;8
23400;BOT_TAKER;BOT_MAKER;VEV_5400;XIRECS;15.0;2
23600;BOT_MAKER;BOT_TAKER;HYDROGEL_PACK;XIRECS;9946.0;6
23600;BOT_MAKER;BOT_TAKER;VELVETFRUIT_EXTRACT;XIRECS;5268.0;8
23800;BOT_MAKER;BOT_TAKER;HYDROGEL_PACK;XIRECS;9950.0;3
23800;BOT_MAKER;BOT_TAKER;VEV_5500;XIRECS;4.0;3
23900;BOT_TAKER;BOT_MAKER;VELVETFRUIT_EXTRACT;XIRECS;5275.0;7
23900;BOT_TAKER;BOT_MAKER;VEV_4000;XIRECS;1285.0;3
24000;BOT_MAKER;BOT_TAKER;VELVETFRUIT_EXTRACT;XIRECS;5270.0;7
24100;BOT_TAKER;BOT_MAKER;VELVETFRUIT_EXTRACT;XIRECS;5276.0;3
24200;BOT_TAKER;BOT_MAKER;HYDROGEL_PACK;XIRECS;9971.0;4
24300;BOT_MAKER;BOT_TAKER;HYDROGEL_PACK;XIRECS;9955.0;3
24400;BOT_MAKER;BOT_TAKER;VELVETFRUIT_EXTRACT;XIRECS;5272.0;5
24500;BOT_MAKER;BOT_TAKER;VELVETFRUIT_EXTRACT;XIRECS;5272.0;6
24500;BOT_TAKER;BOT_MAKER;VEV_6000;XIRECS;1.0;5
24600;BOT_TAKER;BOT_MAKER;HYDROGEL_PACK;XIRECS;9976.0;5
24700;BOT_TAKER;BOT_MAKER;HYDROGEL_PACK;XIRECS;9974.0;6
24700;BOT_MAKER;BOT_TAKER;HYDROGEL_PACK;XIRECS;9958.0;2
24800;BOT_TAKER;BOT_MAKER;HYDROGEL_PACK;XIRECS;9976.0;6
24900;BOT_MAKER;BOT_TAKER;HYDROGEL_PACK;XIRECS;9958.0;4
24900;BOT_MAKER;BOT_TAKER;VEV_4000;XIRECS;1263.0;1
25000;BOT_TAKER;BOT_MAKER;HYDROGEL_PACK;XIRECS;9972.0;5
25000;BOT_MAKER;BOT_TAKER;VELVETFRUIT_EXTRACT;XIRECS;5270.0;4
25000;BOT_TAKER;BOT_MAKER;VEV_4000;XIRECS;1284.0;2
25100;BOT_TAKER;BOT_MAKER;VELVETFRUIT_EXTRACT;XIRECS;5275.0;3
25100;BOT_MAKER;BOT_TAKER;VEV_4000;XIRECS;1263.0;3
25200;BOT_MAKER;BOT_TAKER;VELVETFRUIT_EXTRACT;XIRECS;5270.0;4
25300;BOT_MAKER;BOT_TAKER;HYDROGEL_PACK;XIRECS;9955.0;5
25300;BOT_TAKER;BOT_MAKER;HYDROGEL_PACK;XIRECS;9971.0;2
25300;BOT_MAKER;BOT_TAKER;VELVETFRUIT_EXTRACT;XIRECS;5270.0;8
25500;BOT_TAKER;BOT_MAKER;HYDROGEL_PACK;XIRECS;9973.0;5
25500;BOT_MAKER;BOT_TAKER;VELVETFRUIT_EXTRACT;XIRECS;5272.0;4
25500;BOT_TAKER;BOT_MAKER;VEV_4000;XIRECS;1288.0;1
25500;BOT_MAKER;BOT_TAKER;VEV_6000;XIRECS;0.0;4
25600;BOT_MAKER;BOT_TAKER;VELVETFRUIT_EXTRACT;XIRECS;5274.0;4
25700;BOT_TAKER;BOT_MAKER;VEV_5400;XIRECS;13.0;3
25900;BOT_MAKER;BOT_TAKER;VELVETFRUIT_EXTRACT;XIRECS;5274.0;8
26000;BOT_TAKER;BOT_MAKER;VELVETFRUIT_EXTRACT;XIRECS;5276.0;3
26100;BOT_MAKER;BOT_TAKER;VEV_5500;XIRECS;4.0;5
26100;BOT_MAKER;BOT_TAKER;VEV_6000;XIRECS;0.0;4
26200;BOT_TAKER;BOT_MAKER;HYDROGEL_PACK;XIRECS;9972.0;3
26300;BOT_MAKER;BOT_TAKER;VEV_5500;XIRECS;5.0;4
26300;BOT_MAKER;BOT_TAKER;VEV_6500;XIRECS;0.0;3
26500;BOT_TAKER;BOT_MAKER;VEV_6000;XIRECS;1.0;5
26600;BOT_TAKER;BOT_MAKER;HYDROGEL_PACK;XIRECS;9972.0;4
26600;BOT_MAKER;BOT_TAKER;VELVETFRUIT_EXTRACT;XIRECS;5268.0;3
26700;BOT_TAKER;BOT_MAKER;VELVETFRUIT_EXTRACT;XIRECS;5274.0;10
26700;BOT_TAKER;BOT_MAKER;VEV_5300;XIRECS;42.0;5
26800;BOT_MAKER;BOT_TAKER;HYDROGEL_PACK;XIRECS;9956.0;5
26800;BOT_MAKER;BOT_TAKER;VELVETFRUIT_EXTRACT;XIRECS;5268.0;6
26900;BOT_MAKER;BOT_TAKER;VELVETFRUIT_EXTRACT;XIRECS;5269.0;6
27300;BOT_MAKER;BOT_TAKER;HYDROGEL_PACK;XIRECS;9958.0;5
27300;BOT_TAKER;BOT_MAKER;VELVETFRUIT_EXTRACT;XIRECS;5276.0;5
27300;BOT_MAKER;BOT_TAKER;VEV_4000;XIRECS;1267.0;3
27400;BOT_TAKER;BOT_MAKER;HYDROGEL_PACK;XIRECS;9975.0;5
27600;BOT_TAKER;BOT_MAKER;VEV_5400;XIRECS;14.0;2
27700;BOT_MAKER;BOT_TAKER;VELVETFRUIT_EXTRACT;XIRECS;5269.0;11
27800;BOT_TAKER;BOT_MAKER;HYDROGEL_PACK;XIRECS;9976.0;3
27800;BOT_TAKER;BOT_MAKER;VELVETFRUIT_EXTRACT;XIRECS;5273.0;6
27900;BOT_TAKER;BOT_MAKER;HYDROGEL_PACK;XIRECS;9972.0;6
28000;BOT_MAKER;BOT_TAKER;VELVETFRUIT_EXTRACT;XIRECS;5270.0;8
28000;BOT_TAKER;BOT_MAKER;VEV_5400;XIRECS;14.0;3
28100;BOT_MAKER;BOT_TAKER;VELVETFRUIT_EXTRACT;XIRECS;5268.0;7
28300;BOT_TAKER;BOT_MAKER;HYDROGEL_PACK;XIRECS;9973.0;4
28300;BOT_TAKER;BOT_MAKER;VELVETFRUIT_EXTRACT;XIRECS;5273.0;6
28400;BOT_TAKER;BOT_MAKER;VEV_6500;XIRECS;1.0;2
28500;BOT_MAKER;BOT_TAKER;HYDROGEL_PACK;XIRECS;9958.0;5
28500;BOT_TAKER;BOT_MAKER;VEV_4000;XIRECS;1281.0;3
28600;BOT_MAKER;BOT_TAKER;VEV_5500;XIRECS;4.0;5
28700;BOT_TAKER;BOT_MAKER;HYDROGEL_PACK;XIRECS;9973.0;2
28700;BOT_TAKER;BOT_MAKER;VELVETFRUIT_EXTRACT;XIRECS;5275.0;4
28700;BOT_MAKER;BOT_TAKER;VEV_4000;XIRECS;1260.0;3
28800;BOT_MAKER;BOT_TAKER;HYDROGEL_PACK;XIRECS;9955.0;5
28800;BOT_MAKER;BOT_TAKER;VEV_5300;XIRECS;36.0;5
28800;BOT_TAKER;BOT_MAKER;VEV_6500;XIRECS;1.0;4
28900;BOT_TAKER;BOT_MAKER;HYDROGEL_PACK;XIRECS;9969.0;6
28900;BOT_MAKER;BOT_TAKER;VELVETFRUIT_EXTRACT;XIRECS;5267.0;6
29000;BOT_MAKER;BOT_TAKER;VEV_5500;XIRECS;4.0;5
29100;BOT_TAKER;BOT_MAKER;HYDROGEL_PACK;XIRECS;9969.0;2
29100;BOT_MAKER;BOT_TAKER;VELVETFRUIT_EXTRACT;XIRECS;5269.0;8
29100;BOT_TAKER;BOT_MAKER;VEV_5500;XIRECS;5.0;3
29200;BOT_TAKER;BOT_MAKER;VEV_4000;XIRECS;1280.0;3
29200;BOT_MAKER;BOT_TAKER;VEV_6500;XIRECS;0.0;3
29300;BOT_MAKER;BOT_TAKER;VELVETFRUIT_EXTRACT;XIRECS;5268.0;14
29400;BOT_TAKER;BOT_MAKER;VELVETFRUIT_EXTRACT;XIRECS;5275.0;3
29400;BOT_TAKER;BOT_MAKER;VELVETFRUIT_EXTRACT;XIRECS;5275.0;7
29400;BOT_MAKER;BOT_TAKER;VEV_4000;XIRECS;1259.0;1
29500;BOT_TAKER;BOT_MAKER;VEV_4000;XIRECS;1279.0;3
29600;BOT_MAKER;BOT_TAKER;HYDROGEL_PACK;XIRECS;9954.0;4
29600;BOT_MAKER;BOT_TAKER;VEV_6000;XIRECS;0.0;3
29800;BOT_TAKER;BOT_MAKER;HYDROGEL_PACK;XIRECS;9970.0;3
29800;BOT_TAKER;BOT_MAKER;VEV_4000;XIRECS;1278.0;2
29800;BOT_MAKER;BOT_TAKER;VEV_5500;XIRECS;4.0;2
29900;BOT_MAKER;BOT_TAKER;VELVETFRUIT_EXTRACT;XIRECS;5272.0;5
29900;BOT_MAKER;BOT_TAKER;VEV_4000;XIRECS;1256.0;3
30000;BOT_TAKER;BOT_MAKER;HYDROGEL_PACK;XIRECS;9965.0;2
30000;BOT_TAKER;BOT_MAKER;HYDROGEL_PACK;XIRECS;9965.0;3
30000;BOT_MAKER;BOT_TAKER;VEV_5300;XIRECS;37.0;4
30100;BOT_TAKER;BOT_MAKER;VELVETFRUIT_EXTRACT;XIRECS;5277.0;8
30100;BOT_TAKER;BOT_MAKER;VEV_4000;XIRECS;1277.0;2
30100;BOT_MAKER;BOT_TAKER;VEV_6500;XIRECS;0.0;2
30200;BOT_TAKER;BOT_MAKER;HYDROGEL_PACK;XIRECS;9962.0;4
30200;BOT_MAKER;BOT_TAKER;VELVETFRUIT_EXTRACT;XIRECS;5273.0;4
30300;BOT_TAKER;BOT_MAKER;VELVETFRUIT_EXTRACT;XIRECS;5278.0;5
30400;BOT_MAKER;BOT_TAKER;VEV_6000;XIRECS;0.0;5
30500;BOT_TAKER;BOT_MAKER;VELVETFRUIT_EXTRACT;XIRECS;5279.0;4
30600;BOT_MAKER;BOT_TAKER;HYDROGEL_PACK;XIRECS;9947.0;5
30800;BOT_MAKER;BOT_TAKER;HYDROGEL_PACK;XIRECS;9944.0;3
30900;BOT_MAKER;BOT_TAKER;HYDROGEL_PACK;XIRECS;9943.0;2
31000;BOT_MAKER;BOT_TAKER;HYDROGEL_PACK;XIRECS;9941.0;2
31000;BOT_TAKER;BOT_MAKER;VELVETFRUIT_EXTRACT;XIRECS;5277.0;3
31100;BOT_TAKER;BOT_MAKER;HYDROGEL_PACK;XIRECS;9954.0;2
31100;BOT_MAKER;BOT_TAKER;VELVETFRUIT_EXTRACT;XIRECS;5274.0;7
31300;BOT_MAKER;BOT_TAKER;HYDROGEL_PACK;XIRECS;9937.0;4
31300;BOT_MAKER;BOT_TAKER;VELVETFRUIT_EXTRACT;XIRECS;5277.0;3
31300;BOT_TAKER;BOT_MAKER;VELVETFRUIT_EXTRACT;XIRECS;5283.0;4
31300;BOT_MAKER;BOT_TAKER;VEV_6000;XIRECS;0.0;4
31400;BOT_MAKER;BOT_TAKER;HYDROGEL_PACK;XIRECS;9936.0;3
31400;BOT_MAKER;BOT_TAKER;VEV_4000;XIRECS;1260.0;3
31500;BOT_MAKER;BOT_TAKER;VELVETFRUIT_EXTRACT;XIRECS;5278.0;6
31600;BOT_TAKER;BOT_MAKER;HYDROGEL_PACK;XIRECS;9951.0;6
31600;BOT_TAKER;BOT_MAKER;VELVETFRUIT_EXTRACT;XIRECS;5284.0;7
31700;BOT_MAKER;BOT_TAKER;VEV_6000;XIRECS;0.0;5
31800;BOT_TAKER;BOT_MAKER;VELVETFRUIT_EXTRACT;XIRECS;5284.0;6
31900;BOT_MAKER;BOT_TAKER;VELVETFRUIT_EXTRACT;XIRECS;5279.0;6
31900;BOT_MAKER;BOT_TAKER;VEV_5500;XIRECS;4.0;3
32000;BOT_MAKER;BOT_TAKER;HYDROGEL_PACK;XIRECS;9927.0;2
32000;BOT_MAKER;BOT_TAKER;HYDROGEL_PACK;XIRECS;9927.0;5
32000;BOT_TAKER;BOT_MAKER;VEV_6000;XIRECS;1.0;5
32100;BOT_MAKER;BOT_TAKER;VELVETFRUIT_EXTRACT;XIRECS;5279.0;4
32200;BOT_MAKER;BOT_TAKER;HYDROGEL_PACK;XIRECS;9931.0;4
32200;BOT_TAKER;BOT_MAKER;VELVETFRUIT_EXTRACT;XIRECS;5285.0;9
32300;BOT_TAKER;BOT_MAKER;HYDROGEL_PACK;XIRECS;9945.0;4
32400;BOT_MAKER;BOT_TAKER;VEV_6500;XIRECS;0.0;2
32500;BOT_TAKER;BOT_MAKER;HYDROGEL_PACK;XIRECS;9946.0;4
32500;BOT_MAKER;BOT_TAKER;VELVETFRUIT_EXTRACT;XIRECS;5278.0;4
32600;BOT_TAKER;BOT_MAKER;VELVETFRUIT_EXTRACT;XIRECS;5281.0;6
32700;BOT_MAKER;BOT_TAKER;HYDROGEL_PACK;XIRECS;9926.0;2
32700;BOT_TAKER;BOT_MAKER;VELVETFRUIT_EXTRACT;XIRECS;5280.0;3
32800;BOT_TAKER;BOT_MAKER;VELVETFRUIT_EXTRACT;XIRECS;5280.0;5
33100;BOT_TAKER;BOT_MAKER;VELVETFRUIT_EXTRACT;XIRECS;5279.0;13
33100;BOT_MAKER;BOT_TAKER;VEV_6000;XIRECS;0.0;4
33200;BOT_TAKER;BOT_MAKER;HYDROGEL_PACK;XIRECS;9951.0;3
33200;BOT_MAKER;BOT_TAKER;VEV_5300;XIRECS;38.0;2
33200;BOT_TAKER;BOT_MAKER;VEV_6000;XIRECS;1.0;4
33300;BOT_MAKER;BOT_TAKER;VELVETFRUIT_EXTRACT;XIRECS;5274.0;8
33300;BOT_TAKER;BOT_MAKER;VEV_6500;XIRECS;1.0;4
33400;BOT_TAKER;BOT_MAKER;HYDROGEL_PACK;XIRECS;9948.0;6
33500;BOT_MAKER;BOT_TAKER;HYDROGEL_PACK;XIRECS;9933.0;6
33500;BOT_TAKER;BOT_MAKER;VELVETFRUIT_EXTRACT;XIRECS;5276.0;5
33600;BOT_MAKER;BOT_TAKER;VELVETFRUIT_EXTRACT;XIRECS;5269.0;3
33600;BOT_MAKER;BOT_TAKER;VEV_6500;XIRECS;0.0;4
33700;BOT_MAKER;BOT_TAKER;VEV_4000;XIRECS;1258.0;2
33800;BOT_TAKER;BOT_MAKER;HYDROGEL_PACK;XIRECS;9950.0;6
33800;BOT_MAKER;BOT_TAKER;VEV_6500;XIRECS;0.0;3
33900;BOT_MAKER;BOT_TAKER;VELVETFRUIT_EXTRACT;XIRECS;5271.0;4
34000;BOT_TAKER;BOT_MAKER;HYDROGEL_PACK;XIRECS;9948.0;5
34200;BOT_MAKER;BOT_TAKER;HYDROGEL_PACK;XIRECS;9931.0;3
34200;BOT_TAKER;BOT_MAKER;VEV_5400;XIRECS;11.0;2
34200;BOT_TAKER;BOT_MAKER;VEV_6500;XIRECS;1.0;2
34400;BOT_TAKER;BOT_MAKER;VELVETFRUIT_EXTRACT;XIRECS;5276.0;8
34500;BOT_TAKER;BOT_MAKER;HYDROGEL_PACK;XIRECS;9944.0;5
34500;BOT_TAKER;BOT_MAKER;VEV_4000;XIRECS;1279.0;2
34600;BOT_TAKER;BOT_MAKER;VELVETFRUIT_EXTRACT;XIRECS;5274.0;6
34600;BOT_MAKER;BOT_TAKER;VEV_6000;XIRECS;0.0;4
34700;BOT_MAKER;BOT_TAKER;VELVETFRUIT_EXTRACT;XIRECS;5269.0;6
34800;BOT_TAKER;BOT_MAKER;VEV_5300;XIRECS;40.0;2
34900;BOT_TAKER;BOT_MAKER;HYDROGEL_PACK;XIRECS;9939.0;5
35000;BOT_MAKER;BOT_TAKER;VELVETFRUIT_EXTRACT;XIRECS;5266.0;8
35100;BOT_TAKER;BOT_MAKER;VELVETFRUIT_EXTRACT;XIRECS;5271.0;13
35100;BOT_MAKER;BOT_TAKER;VEV_6000;XIRECS;0.0;3
35100;BOT_TAKER;BOT_MAKER;VEV_6500;XIRECS;1.0;2
35200;BOT_TAKER;BOT_MAKER;VEV_4000;XIRECS;1277.0;3
35300;BOT_MAKER;BOT_TAKER;VEV_5400;XIRECS;9.0;4
35300;BOT_TAKER;BOT_MAKER;VEV_6000;XIRECS;1.0;4
35400;BOT_MAKER;BOT_TAKER;VELVETFRUIT_EXTRACT;XIRECS;5266.0;8
35400;BOT_TAKER;BOT_MAKER;VEV_5400;XIRECS;11.0;4
35400;BOT_MAKER;BOT_TAKER;VEV_6000;XIRECS;0.0;2
35600;BOT_MAKER;BOT_TAKER;HYDROGEL_PACK;XIRECS;9918.0;5
35700;BOT_MAKER;BOT_TAKER;VEV_4000;XIRECS;1260.0;3
35900;BOT_MAKER;BOT_TAKER;VELVETFRUIT_EXTRACT;XIRECS;5265.0;5
36300;BOT_MAKER;BOT_TAKER;VEV_6500;XIRECS;0.0;4
36400;BOT_MAKER;BOT_TAKER;VELVETFRUIT_EXTRACT;XIRECS;5265.0;5
36400;BOT_MAKER;BOT_TAKER;VEV_4000;XIRECS;1258.0;3
36500;BOT_MAKER;BOT_TAKER;VELVETFRUIT_EXTRACT;XIRECS;5266.0;6
36600;BOT_MAKER;BOT_TAKER;VEV_4000;XIRECS;1255.0;2
36700;BOT_TAKER;BOT_MAKER;HYDROGEL_PACK;XIRECS;9929.0;2
36700;BOT_TAKER;BOT_MAKER;VELVETFRUIT_EXTRACT;XIRECS;5270.0;6
36800;BOT_TAKER;BOT_MAKER;VELVETFRUIT_EXTRACT;XIRECS;5271.0;7
36900;BOT_TAKER;BOT_MAKER;VELVETFRUIT_EXTRACT;XIRECS;5270.0;12
37000;BOT_MAKER;BOT_TAKER;HYDROGEL_PACK;XIRECS;9910.0;5
37000;BOT_TAKER;BOT_MAKER;VEV_4000;XIRECS;1277.0;3
37100;BOT_MAKER;BOT_TAKER;VELVETFRUIT_EXTRACT;XIRECS;5266.0;5
37100;BOT_MAKER;BOT_TAKER;VEV_5300;XIRECS;41.0;2
37100;BOT_MAKER;BOT_TAKER;VEV_6000;XIRECS;0.0;5
37200;BOT_MAKER;BOT_TAKER;HYDROGEL_PACK;XIRECS;9913.0;6
37200;BOT_TAKER;BOT_MAKER;VELVETFRUIT_EXTRACT;XIRECS;5271.0;6
37400;BOT_MAKER;BOT_TAKER;VELVETFRUIT_EXTRACT;XIRECS;5265.0;3
37400;BOT_TAKER;BOT_MAKER;VEV_4000;XIRECS;1277.0;2
37500;BOT_MAKER;BOT_TAKER;HYDROGEL_PACK;XIRECS;9911.0;5
37500;BOT_MAKER;BOT_TAKER;VELVETFRUIT_EXTRACT;XIRECS;5263.0;8
37600;BOT_TAKER;BOT_MAKER;VELVETFRUIT_EXTRACT;XIRECS;5269.0;6
37600;BOT_MAKER;BOT_TAKER;VEV_5400;XIRECS;9.0;2
37700;BOT_MAKER;BOT_TAKER;VELVETFRUIT_EXTRACT;XIRECS;5264.0;5
37800;BOT_TAKER;BOT_MAKER;VELVETFRUIT_EXTRACT;XIRECS;5270.0;6
37900;BOT_MAKER;BOT_TAKER;VELVETFRUIT_EXTRACT;XIRECS;5265.0;6
37900;BOT_MAKER;BOT_TAKER;VEV_5500;XIRECS;4.0;5
38100;BOT_TAKER;BOT_MAKER;HYDROGEL_PACK;XIRECS;9930.0;2
38100;BOT_MAKER;BOT_TAKER;VEV_6000;XIRECS;0.0;3
38200;BOT_TAKER;BOT_MAKER;VELVETFRUIT_EXTRACT;XIRECS;5272.0;8
38400;BOT_MAKER;BOT_TAKER;HYDROGEL_PACK;XIRECS;9910.0;5
38400;BOT_TAKER;BOT_MAKER;VELVETFRUIT_EXTRACT;XIRECS;5272.0;3
38500;BOT_MAKER;BOT_TAKER;VEV_5400;XIRECS;9.0;4
38600;BOT_TAKER;BOT_MAKER;VELVETFRUIT_EXTRACT;XIRECS;5272.0;4
38700;BOT_MAKER;BOT_TAKER;VELVETFRUIT_EXTRACT;XIRECS;5268.0;3
38700;BOT_TAKER;BOT_MAKER;VEV_6500;XIRECS;1.0;4
38800;BOT_TAKER;BOT_MAKER;VEV_6000;XIRECS;1.0;3
38900;BOT_MAKER;BOT_TAKER;HYDROGEL_PACK;XIRECS;9908.0;3
38900;BOT_TAKER;BOT_MAKER;VELVETFRUIT_EXTRACT;XIRECS;5274.0;8
38900;BOT_TAKER;BOT_MAKER;VEV_5500;XIRECS;5.0;2
39000;BOT_TAKER;BOT_MAKER;HYDROGEL_PACK;XIRECS;9926.0;2
39000;BOT_MAKER;BOT_TAKER;VEV_4000;XIRECS;1262.0;3
39000;BOT_TAKER;BOT_MAKER;VEV_6500;XIRECS;1.0;2
39100;BOT_MAKER;BOT_TAKER;HYDROGEL_PACK;XIRECS;9911.0;4
39200;BOT_TAKER;BOT_MAKER;VEV_4000;XIRECS;1284.0;3
39300;BOT_TAKER;BOT_MAKER;VELVETFRUIT_EXTRACT;XIRECS;5277.0;7
39400;BOT_TAKER;BOT_MAKER;HYDROGEL_PACK;XIRECS;9921.0;2
39400;BOT_MAKER;BOT_TAKER;VELVETFRUIT_EXTRACT;XIRECS;5271.0;8
39500;BOT_TAKER;BOT_MAKER;VELVETFRUIT_EXTRACT;XIRECS;5277.0;5
39500;BOT_MAKER;BOT_TAKER;VEV_5400;XIRECS;10.0;4
39800;BOT_TAKER;BOT_MAKER;VEV_5400;XIRECS;11.0;2
39900;BOT_TAKER;BOT_MAKER;HYDROGEL_PACK;XIRECS;9909.0;2
39900;BOT_MAKER;BOT_TAKER;VELVETFRUIT_EXTRACT;XIRECS;5270.0;3
40100;BOT_MAKER;BOT_TAKER;VEV_5500;XIRECS;4.0;4
40300;BOT_TAKER;BOT_MAKER;HYDROGEL_PACK;XIRECS;9909.0;6
40300;BOT_MAKER;BOT_TAKER;VEV_5300;XIRECS;40.0;3
40400;BOT_MAKER;BOT_TAKER;HYDROGEL_PACK;XIRECS;9893.0;3
40500;BOT_TAKER;BOT_MAKER;VEV_4000;XIRECS;1280.0;1
40600;BOT_TAKER;BOT_MAKER;VELVETFRUIT_EXTRACT;XIRECS;5280.0;6
40600;BOT_MAKER;BOT_TAKER;VELVETFRUIT_EXTRACT;XIRECS;5276.0;8
40600;BOT_MAKER;BOT_TAKER;VEV_6500;XIRECS;0.0;4
40700;BOT_MAKER;BOT_TAKER;HYDROGEL_PACK;XIRECS;9892.0;6
40700;BOT_TAKER;BOT_MAKER;VELVETFRUIT_EXTRACT;XIRECS;5282.0;7
40700;BOT_MAKER;BOT_TAKER;VEV_6500;XIRECS;0.0;4
40800;BOT_TAKER;BOT_MAKER;HYDROGEL_PACK;XIRECS;9911.0;5
40900;BOT_TAKER;BOT_MAKER;VEV_4000;XIRECS;1277.0;1
41000;BOT_TAKER;BOT_MAKER;VEV_5400;XIRECS;10.0;4
41200;BOT_MAKER;BOT_TAKER;HYDROGEL_PACK;XIRECS;9892.0;2
41300;BOT_TAKER;BOT_MAKER;VEV_6000;XIRECS;1.0;5
41400;BOT_MAKER;BOT_TAKER;VELVETFRUIT_EXTRACT;XIRECS;5277.0;7
41500;BOT_MAKER;BOT_TAKER;HYDROGEL_PACK;XIRECS;9891.0;5
41500;BOT_MAKER;BOT_TAKER;VELVETFRUIT_EXTRACT;XIRECS;5277.0;10
41500;BOT_TAKER;BOT_MAKER;VEV_5400;XIRECS;10.0;5
41600;BOT_MAKER;BOT_TAKER;HYDROGEL_PACK;XIRECS;9891.0;4
41700;BOT_MAKER;BOT_TAKER;VELVETFRUIT_EXTRACT;XIRECS;5277.0;6
41700;BOT_MAKER;BOT_TAKER;VEV_5300;XIRECS;42.0;5
41800;BOT_MAKER;BOT_TAKER;VEV_5400;XIRECS;8.0;2
41900;BOT_TAKER;BOT_MAKER;HYDROGEL_PACK;XIRECS;9907.0;4
41900;BOT_MAKER;BOT_TAKER;VELVETFRUIT_EXTRACT;XIRECS;5278.0;5
42100;BOT_MAKER;BOT_TAKER;VELVETFRUIT_EXTRACT;XIRECS;5278.0;6
42200;BOT_TAKER;BOT_MAKER;VELVETFRUIT_EXTRACT;XIRECS;5283.0;14
42400;BOT_MAKER;BOT_TAKER;VEV_6000;XIRECS;0.0;2
42600;BOT_MAKER;BOT_TAKER;HYDROGEL_PACK;XIRECS;9894.0;5
42600;BOT_TAKER;BOT_MAKER;VELVETFRUIT_EXTRACT;XIRECS;5284.0;9
42600;BOT_MAKER;BOT_TAKER;VEV_5400;XIRECS;8.0;3
42700;BOT_TAKER;BOT_MAKER;VEV_4000;XIRECS;1282.0;2
42900;BOT_MAKER;BOT_TAKER;VELVETFRUIT_EXTRACT;XIRECS;5276.0;5
43000;BOT_TAKER;BOT_MAKER;HYDROGEL_PACK;XIRECS;9908.0;3
43100;BOT_MAKER;BOT_TAKER;HYDROGEL_PACK;XIRECS;9896.0;4
43100;BOT_MAKER;BOT_TAKER;HYDROGEL_PACK;XIRECS;9896.0;5
43100;BOT_TAKER;BOT_MAKER;VEV_4000;XIRECS;1283.0;2
43200;BOT_MAKER;BOT_TAKER;VEV_6000;XIRECS;0.0;4
43200;BOT_TAKER;BOT_MAKER;VEV_6500;XIRECS;1.0;2
43400;BOT_TAKER;BOT_MAKER;HYDROGEL_PACK;XIRECS;9911.0;6
43400;BOT_MAKER;BOT_TAKER;VELVETFRUIT_EXTRACT;XIRECS;5277.0;10
43500;BOT_TAKER;BOT_MAKER;VELVETFRUIT_EXTRACT;XIRECS;5284.0;6
43700;BOT_MAKER;BOT_TAKER;HYDROGEL_PACK;XIRECS;9894.0;6
43800;BOT_TAKER;BOT_MAKER;HYDROGEL_PACK;XIRECS;9907.0;3
43800;BOT_MAKER;BOT_TAKER;VEV_5500;XIRECS;5.0;5
44100;BOT_TAKER;BOT_MAKER;VELVETFRUIT_EXTRACT;XIRECS;5284.0;5
44200;BOT_MAKER;BOT_TAKER;VELVETFRUIT_EXTRACT;XIRECS;5278.0;3
44200;BOT_TAKER;BOT_MAKER;VEV_5400;XIRECS;10.0;5
44300;BOT_MAKER;BOT_TAKER;VELVETFRUIT_EXTRACT;XIRECS;5279.0;7
44500;BOT_MAKER;BOT_TAKER;VELVETFRUIT_EXTRACT;XIRECS;5281.0;4
44700;BOT_TAKER;BOT_MAKER;VELVETFRUIT_EXTRACT;XIRECS;5286.0;3
44700;BOT_MAKER;BOT_TAKER;VEV_5500;XIRECS;4.0;3
44800;BOT_TAKER;BOT_MAKER;VEV_5300;XIRECS;46.0;2
44800;BOT_MAKER;BOT_TAKER;VEV_5500;XIRECS;4.0;3
44900;BOT_MAKER;BOT_TAKER;HYDROGEL_PACK;XIRECS;9891.0;5
44900;BOT_TAKER;BOT_MAKER;VELVETFRUIT_EXTRACT;XIRECS;5285.0;6
45000;BOT_MAKER;BOT_TAKER;VELVETFRUIT_EXTRACT;XIRECS;5279.0;3
45000;BOT_TAKER;BOT_MAKER;VEV_6000;XIRECS;1.0;3
45100;BOT_MAKER;BOT_TAKER;VEV_4000;XIRECS;1264.0;3
45200;BOT_TAKER;BOT_MAKER;HYDROGEL_PACK;XIRECS;9906.0;2
45200;BOT_MAKER;BOT_TAKER;VELVETFRUIT_EXTRACT;XIRECS;5279.0;8
45200;BOT_MAKER;BOT_TAKER;VELVETFRUIT_EXTRACT;XIRECS;5279.0;7
45300;BOT_MAKER;BOT_TAKER;HYDROGEL_PACK;XIRECS;9889.0;5
45400;BOT_MAKER;BOT_TAKER;HYDROGEL_PACK;XIRECS;9888.0;5
45500;BOT_TAKER;BOT_MAKER;VEV_4000;XIRECS;1287.0;1
45600;BOT_MAKER;BOT_TAKER;VEV_5500;XIRECS;5.0;5
45700;BOT_MAKER;BOT_TAKER;HYDROGEL_PACK;XIRECS;9890.0;3
45700;BOT_MAKER;BOT_TAKER;VELVETFRUIT_EXTRACT;XIRECS;5277.0;4
45700;BOT_MAKER;BOT_TAKER;VEV_4000;XIRECS;1265.0;2
45800;BOT_TAKER;BOT_MAKER;VEV_5500;XIRECS;6.0;2
45800;BOT_TAKER;BOT_MAKER;VEV_6500;XIRECS;1.0;5
46000;BOT_MAKER;BOT_TAKER;HYDROGEL_PACK;XIRECS;9890.0;2
46000;BOT_MAKER;BOT_TAKER;HYDROGEL_PACK;XIRECS;9890.0;3
46000;BOT_MAKER;BOT_TAKER;VELVETFRUIT_EXTRACT;XIRECS;5278.0;8
46000;BOT_MAKER;BOT_TAKER;VEV_6500;XIRECS;0.0;4
46100;BOT_MAKER;BOT_TAKER;VELVETFRUIT_EXTRACT;XIRECS;5278.0;3
46200;BOT_TAKER;BOT_MAKER;VELVETFRUIT_EXTRACT;XIRECS;5282.0;4
46200;BOT_TAKER;BOT_MAKER;VEV_5300;XIRECS;48.0;3
46300;BOT_TAKER;BOT_MAKER;VEV_5400;XIRECS;8.0;4
46300;BOT_TAKER;BOT_MAKER;VEV_5500;XIRECS;6.0;4
46400;BOT_MAKER;BOT_TAKER;HYDROGEL_PACK;XIRECS;9890.0;2
46400;BOT_MAKER;BOT_TAKER;VELVETFRUIT_EXTRACT;XIRECS;5275.0;6
46400;BOT_MAKER;BOT_TAKER;VEV_4000;XIRECS;1266.0;2
46500;BOT_MAKER;BOT_TAKER;VELVETFRUIT_EXTRACT;XIRECS;5275.0;3
46700;BOT_TAKER;BOT_MAKER;HYDROGEL_PACK;XIRECS;9906.0;5
46700;BOT_TAKER;BOT_MAKER;VELVETFRUIT_EXTRACT;XIRECS;5282.0;4
46700;BOT_MAKER;BOT_TAKER;VEV_4000;XIRECS;1268.0;1
46700;BOT_MAKER;BOT_TAKER;VEV_5500;XIRECS;5.0;5
46800;BOT_TAKER;BOT_MAKER;VEV_5200;XIRECS;117.0;1
46900;BOT_MAKER;BOT_TAKER;HYDROGEL_PACK;XIRECS;9884.0;2
46900;BOT_TAKER;BOT_MAKER;VELVETFRUIT_EXTRACT;XIRECS;5280.0;8
46900;BOT_MAKER;BOT_TAKER;VEV_5300;XIRECS;44.0;4
47100;BOT_TAKER;BOT_MAKER;HYDROGEL_PACK;XIRECS;9898.0;6
47100;BOT_MAKER;BOT_TAKER;VELVETFRUIT_EXTRACT;XIRECS;5274.0;7
47200;BOT_MAKER;BOT_TAKER;VELVETFRUIT_EXTRACT;XIRECS;5275.0;7
47300;BOT_MAKER;BOT_TAKER;HYDROGEL_PACK;XIRECS;9883.0;6
47300;BOT_TAKER;BOT_MAKER;VEV_5500;XIRECS;6.0;4
47400;BOT_TAKER;BOT_MAKER;VELVETFRUIT_EXTRACT;XIRECS;5280.0;5
47500;BOT_MAKER;BOT_TAKER;HYDROGEL_PACK;XIRECS;9883.0;3
47500;BOT_TAKER;BOT_MAKER;VELVETFRUIT_EXTRACT;XIRECS;5280.0;8
47600;BOT_TAKER;BOT_MAKER;HYDROGEL_PACK;XIRECS;9899.0;5
47600;BOT_MAKER;BOT_TAKER;VELVETFRUIT_EXTRACT;XIRECS;5274.0;6
47600;BOT_TAKER;BOT_MAKER;VEV_5400;XIRECS;9.0;5
47700;BOT_TAKER;BOT_MAKER;VELVETFRUIT_EXTRACT;XIRECS;5279.0;5
47800;BOT_MAKER;BOT_TAKER;VEV_4000;XIRECS;1265.0;1
47900;BOT_TAKER;BOT_MAKER;HYDROGEL_PACK;XIRECS;9901.0;6
48000;BOT_TAKER;BOT_MAKER;VEV_6500;XIRECS;1.0;2
48100;BOT_MAKER;BOT_TAKER;HYDROGEL_PACK;XIRECS;9883.0;5
48100;BOT_MAKER;BOT_TAKER;VEV_6000;XIRECS;0.0;3
48200;BOT_TAKER;BOT_MAKER;VELVETFRUIT_EXTRACT;XIRECS;5282.0;8
48200;BOT_MAKER;BOT_TAKER;VELVETFRUIT_EXTRACT;XIRECS;5278.0;5
48200;BOT_TAKER;BOT_MAKER;VEV_6000;XIRECS;1.0;4
48200;BOT_MAKER;BOT_TAKER;VEV_6000;XIRECS;0.0;5
48300;BOT_TAKER;BOT_MAKER;VELVETFRUIT_EXTRACT;XIRECS;5284.0;8
48300;BOT_MAKER;BOT_TAKER;VEV_4000;XIRECS;1263.0;3
48300;BOT_MAKER;BOT_TAKER;VEV_5500;XIRECS;5.0;3
48400;BOT_TAKER;BOT_MAKER;HYDROGEL_PACK;XIRECS;9899.0;3
48400;BOT_MAKER;BOT_TAKER;VELVETFRUIT_EXTRACT;XIRECS;5278.0;3
48500;BOT_MAKER;BOT_TAKER;VELVETFRUIT_EXTRACT;XIRECS;5279.0;6
48600;BOT_TAKER;BOT_MAKER;VEV_6500;XIRECS;1.0;5
48700;BOT_TAKER;BOT_MAKER;VEV_4000;XIRECS;1286.0;1
48900;BOT_MAKER;BOT_TAKER;VELVETFRUIT_EXTRACT;XIRECS;5278.0;8
49100;BOT_MAKER;BOT_TAKER;VELVETFRUIT_EXTRACT;XIRECS;5279.0;8
49100;BOT_MAKER;BOT_TAKER;VEV_5500;XIRECS;5.0;4
49500;BOT_TAKER;BOT_MAKER;HYDROGEL_PACK;XIRECS;9892.0;6
49500;BOT_MAKER;BOT_TAKER;VELVETFRUIT_EXTRACT;XIRECS;5280.0;6
49600;BOT_TAKER;BOT_MAKER;VELVETFRUIT_EXTRACT;XIRECS;5284.0;8
49700;BOT_MAKER;BOT_TAKER;VELVETFRUIT_EXTRACT;XIRECS;5279.0;5
49800;BOT_MAKER;BOT_TAKER;HYDROGEL_PACK;XIRECS;9876.0;3
49900;BOT_MAKER;BOT_TAKER;HYDROGEL_PACK;XIRECS;9878.0;3
49900;BOT_MAKER;BOT_TAKER;VEV_4000;XIRECS;1272.0;3
49900;BOT_TAKER;BOT_MAKER;VEV_6500;XIRECS;1.0;5
50100;BOT_MAKER;BOT_TAKER;HYDROGEL_PACK;XIRECS;9879.0;2
50200;BOT_MAKER;BOT_TAKER;VEV_6000;XIRECS;0.0;5
50300;BOT_MAKER;BOT_TAKER;VELVETFRUIT_EXTRACT;XIRECS;5281.0;5
50400;BOT_MAKER;BOT_TAKER;HYDROGEL_PACK;XIRECS;9876.0;5
50500;BOT_TAKER;BOT_MAKER;HYDROGEL_PACK;XIRECS;9893.0;5
50500;BOT_MAKER;BOT_TAKER;VELVETFRUIT_EXTRACT;XIRECS;5282.0;3
50700;BOT_TAKER;BOT_MAKER;HYDROGEL_PACK;XIRECS;9896.0;5
50700;BOT_MAKER;BOT_TAKER;VEV_4000;XIRECS;1275.0;3
51000;BOT_TAKER;BOT_MAKER;VELVETFRUIT_EXTRACT;XIRECS;5284.0;7
51000;BOT_MAKER;BOT_TAKER;VEV_6500;XIRECS;0.0;2
51100;BOT_TAKER;BOT_MAKER;VEV_6000;XIRECS;1.0;5
51200;BOT_TAKER;BOT_MAKER;HYDROGEL_PACK;XIRECS;9898.0;2
51300;BOT_TAKER;BOT_MAKER;VELVETFRUIT_EXTRACT;XIRECS;5282.0;6
51500;BOT_MAKER;BOT_TAKER;VELVETFRUIT_EXTRACT;XIRECS;5277.0;8
51500;BOT_TAKER;BOT_MAKER;VEV_5500;XIRECS;6.0;4
51700;BOT_TAKER;BOT_MAKER;HYDROGEL_PACK;XIRECS;9901.0;4
51700;BOT_MAKER;BOT_TAKER;VELVETFRUIT_EXTRACT;XIRECS;5276.0;8
51700;BOT_TAKER;BOT_MAKER;VEV_5400;XIRECS;9.0;5
51800;BOT_MAKER;BOT_TAKER;HYDROGEL_PACK;XIRECS;9887.0;4
51900;BOT_MAKER;BOT_TAKER;HYDROGEL_PACK;XIRECS;9887.0;5
52200;BOT_MAKER;BOT_TAKER;HYDROGEL_PACK;XIRECS;9882.0;3
52200;BOT_TAKER;BOT_MAKER;VELVETFRUIT_EXTRACT;XIRECS;5279.0;3
52200;BOT_TAKER;BOT_MAKER;VEV_6500;XIRECS;1.0;2
52300;BOT_MAKER;BOT_TAKER;VELVETFRUIT_EXTRACT;XIRECS;5273.0;8
52400;BOT_MAKER;BOT_TAKER;HYDROGEL_PACK;XIRECS;9878.0;4
52500;BOT_MAKER;BOT_TAKER;HYDROGEL_PACK;XIRECS;9878.0;3
52500;BOT_MAKER;BOT_TAKER;VEV_6500;XIRECS;0.0;2
52600;BOT_TAKER;BOT_MAKER;HYDROGEL_PACK;XIRECS;9890.0;4
52600;BOT_TAKER;BOT_MAKER;VELVETFRUIT_EXTRACT;XIRECS;5278.0;4
52800;BOT_TAKER;BOT_MAKER;VELVETFRUIT_EXTRACT;XIRECS;5276.0;4
52800;BOT_MAKER;BOT_TAKER;VEV_5500;XIRECS;5.0;4
53000;BOT_TAKER;BOT_MAKER;VELVETFRUIT_EXTRACT;XIRECS;5279.0;7
53200;BOT_MAKER;BOT_TAKER;HYDROGEL_PACK;XIRECS;9871.0;2
53200;BOT_TAKER;BOT_MAKER;VEV_4000;XIRECS;1293.0;2
53200;BOT_TAKER;BOT_MAKER;VEV_5500;XIRECS;6.0;4
53300;BOT_MAKER;BOT_TAKER;VELVETFRUIT_EXTRACT;XIRECS;5273.0;7
53400;BOT_MAKER;BOT_TAKER;HYDROGEL_PACK;XIRECS;9871.0;4
53400;BOT_TAKER;BOT_MAKER;VELVETFRUIT_EXTRACT;XIRECS;5280.0;4
53400;BOT_TAKER;BOT_MAKER;VEV_4000;XIRECS;1291.0;3
53400;BOT_MAKER;BOT_TAKER;VEV_5400;XIRECS;9.0;2
53500;BOT_TAKER;BOT_MAKER;VEV_5400;XIRECS;10.0;4
53500;BOT_MAKER;BOT_TAKER;VEV_5400;XIRECS;8.0;4
53600;BOT_MAKER;BOT_TAKER;VEV_5500;XIRECS;4.0;3
53700;BOT_MAKER;BOT_TAKER;VELVETFRUIT_EXTRACT;XIRECS;5272.0;3
53700;BOT_MAKER;BOT_TAKER;VELVETFRUIT_EXTRACT;XIRECS;5272.0;4
53700;BOT_MAKER;BOT_TAKER;VEV_4000;XIRECS;1269.0;1
53900;BOT_TAKER;BOT_MAKER;VEV_5500;XIRECS;5.0;4
54000;BOT_TAKER;BOT_MAKER;VEV_6500;XIRECS;1.0;4
54100;BOT_TAKER;BOT_MAKER;VEV_4000;XIRECS;1285.0;2
54100;BOT_MAKER;BOT_TAKER;VEV_4000;XIRECS;1263.0;2
54200;BOT_MAKER;BOT_TAKER;HYDROGEL_PACK;XIRECS;9879.0;4
54200;BOT_MAKER;BOT_TAKER;VEV_5400;XIRECS;9.0;3
54200;BOT_TAKER;BOT_MAKER;VEV_5500;XIRECS;5.0;3
54300;BOT_MAKER;BOT_TAKER;VEV_6000;XIRECS;0.0;3
54300;BOT_MAKER;BOT_TAKER;VEV_6500;XIRECS;0.0;4
54400;BOT_MAKER;BOT_TAKER;HYDROGEL_PACK;XIRECS;9876.0;3
54400;BOT_MAKER;BOT_TAKER;VEV_4000;XIRECS;1266.0;1
54600;BOT_TAKER;BOT_MAKER;HYDROGEL_PACK;XIRECS;9894.0;2
54600;BOT_MAKER;BOT_TAKER;VELVETFRUIT_EXTRACT;XIRECS;5270.0;4
54700;BOT_MAKER;BOT_TAKER;VELVETFRUIT_EXTRACT;XIRECS;5269.0;4
54800;BOT_TAKER;BOT_MAKER;HYDROGEL_PACK;XIRECS;9892.0;5
54900;BOT_MAKER;BOT_TAKER;HYDROGEL_PACK;XIRECS;9875.0;3
54900;BOT_TAKER;BOT_MAKER;VEV_4000;XIRECS;1286.0;1
55000;BOT_MAKER;BOT_TAKER;HYDROGEL_PACK;XIRECS;9876.0;3
55000;BOT_MAKER;BOT_TAKER;VELVETFRUIT_EXTRACT;XIRECS;5271.0;5
55100;BOT_MAKER;BOT_TAKER;HYDROGEL_PACK;XIRECS;9875.0;6
55100;BOT_MAKER;BOT_TAKER;VELVETFRUIT_EXTRACT;XIRECS;5269.0;8
55300;BOT_TAKER;BOT_MAKER;VELVETFRUIT_EXTRACT;XIRECS;5276.0;5
55300;BOT_TAKER;BOT_MAKER;VEV_6000;XIRECS;1.0;2
55400;BOT_MAKER;BOT_TAKER;HYDROGEL_PACK;XIRECS;9875.0;2
55400;BOT_TAKER;BOT_MAKER;VELVETFRUIT_EXTRACT;XIRECS;5275.0;6
55500;BOT_TAKER;BOT_MAKER;HYDROGEL_PACK;XIRECS;9893.0;6
55500;BOT_TAKER;BOT_MAKER;VELVETFRUIT_EXTRACT;XIRECS;5273.0;5
55600;BOT_MAKER;BOT_TAKER;VELVETFRUIT_EXTRACT;XIRECS;5268.0;14
55600;BOT_TAKER;BOT_MAKER;VELVETFRUIT_EXTRACT;XIRECS;5273.0;3
55600;BOT_TAKER;BOT_MAKER;VEV_5300;XIRECS;42.0;3
55700;BOT_MAKER;BOT_TAKER;HYDROGEL_PACK;XIRECS;9879.0;2
55700;BOT_TAKER;BOT_MAKER;VEV_6500;XIRECS;1.0;3
55800;BOT_TAKER;BOT_MAKER;VELVETFRUIT_EXTRACT;XIRECS;5276.0;3
56000;BOT_MAKER;BOT_TAKER;VEV_4000;XIRECS;1261.0;2
56100;BOT_MAKER;BOT_TAKER;VELVETFRUIT_EXTRACT;XIRECS;5274.0;6
56100;BOT_MAKER;BOT_TAKER;VEV_4000;XIRECS;1261.0;3
56200;BOT_TAKER;BOT_MAKER;VELVETFRUIT_EXTRACT;XIRECS;5279.0;7
56200;BOT_MAKER;BOT_TAKER;VEV_4000;XIRECS;1261.0;3
56300;BOT_TAKER;BOT_MAKER;VELVETFRUIT_EXTRACT;XIRECS;5277.0;6
56400;BOT_MAKER;BOT_TAKER;VELVETFRUIT_EXTRACT;XIRECS;5272.0;3
56500;BOT_TAKER;BOT_MAKER;VELVETFRUIT_EXTRACT;XIRECS;5276.0;3
56500;BOT_TAKER;BOT_MAKER;VEV_4000;XIRECS;1283.0;3
56600;BOT_MAKER;BOT_TAKER;VEV_6000;XIRECS;0.0;5
56700;BOT_MAKER;BOT_TAKER;HYDROGEL_PACK;XIRECS;9883.0;2
56800;BOT_TAKER;BOT_MAKER;VEV_5500;XIRECS;6.0;2
56800;BOT_TAKER;BOT_MAKER;VEV_6000;XIRECS;1.0;5
56900;BOT_MAKER;BOT_TAKER;HYDROGEL_PACK;XIRECS;9886.0;5
56900;BOT_TAKER;BOT_MAKER;VEV_6000;XIRECS;1.0;4
57000;BOT_MAKER;BOT_TAKER;VEV_6500;XIRECS;0.0;3
57100;BOT_TAKER;BOT_MAKER;VEV_4000;XIRECS;1276.0;3
57200;BOT_MAKER;BOT_TAKER;HYDROGEL_PACK;XIRECS;9882.0;4
57300;BOT_TAKER;BOT_MAKER;HYDROGEL_PACK;XIRECS;9900.0;3
57300;BOT_MAKER;BOT_TAKER;VELVETFRUIT_EXTRACT;XIRECS;5273.0;4
57300;BOT_MAKER;BOT_TAKER;VEV_5300;XIRECS;40.0;3
57400;BOT_MAKER;BOT_TAKER;HYDROGEL_PACK;XIRECS;9886.0;6
57400;BOT_MAKER;BOT_TAKER;VEV_5500;XIRECS;5.0;5
57400;BOT_TAKER;BOT_MAKER;VEV_5500;XIRECS;6.0;2
57500;BOT_MAKER;BOT_TAKER;VELVETFRUIT_EXTRACT;XIRECS;5269.0;3
57500;BOT_TAKER;BOT_MAKER;VEV_6500;XIRECS;1.0;2
57700;BOT_TAKER;BOT_MAKER;VEV_4000;XIRECS;1279.0;1
57800;BOT_TAKER;BOT_MAKER;HYDROGEL_PACK;XIRECS;9904.0;5
57800;BOT_MAKER;BOT_TAKER;VELVETFRUIT_EXTRACT;XIRECS;5271.0;6
57800;BOT_TAKER;BOT_MAKER;VEV_4000;XIRECS;1280.0;2
57900;BOT_TAKER;BOT_MAKER;HYDROGEL_PACK;XIRECS;9902.0;5
58100;BOT_TAKER;BOT_MAKER;HYDROGEL_PACK;XIRECS;9899.0;2
58100;BOT_MAKER;BOT_TAKER;VEV_4000;XIRECS;1259.0;1
58300;BOT_MAKER;BOT_TAKER;HYDROGEL_PACK;XIRECS;9881.0;4
58400;BOT_MAKER;BOT_TAKER;VEV_5500;XIRECS;4.0;3
58600;BOT_MAKER;BOT_TAKER;VELVETFRUIT_EXTRACT;XIRECS;5268.0;3
58600;BOT_TAKER;BOT_MAKER;VEV_6000;XIRECS;1.0;5
58700;BOT_TAKER;BOT_MAKER;VELVETFRUIT_EXTRACT;XIRECS;5274.0;3
58800;BOT_TAKER;BOT_MAKER;VELVETFRUIT_EXTRACT;XIRECS;5275.0;5
58800;BOT_TAKER;BOT_MAKER;VEV_6000;XIRECS;1.0;5
58900;BOT_MAKER;BOT_TAKER;VELVETFRUIT_EXTRACT;XIRECS;5268.0;4
59000;BOT_MAKER;BOT_TAKER;HYDROGEL_PACK;XIRECS;9879.0;3
59000;BOT_MAKER;BOT_TAKER;VELVETFRUIT_EXTRACT;XIRECS;5268.0;3
59100;BOT_MAKER;BOT_TAKER;VELVETFRUIT_EXTRACT;XIRECS;5269.0;3
59100;BOT_MAKER;BOT_TAKER;VEV_6000;XIRECS;0.0;5
59100;BOT_TAKER;BOT_MAKER;VEV_6000;XIRECS;1.0;2
59200;BOT_TAKER;BOT_MAKER;VELVETFRUIT_EXTRACT;XIRECS;5273.0;8
59200;BOT_TAKER;BOT_MAKER;VEV_6500;XIRECS;1.0;4
59300;BOT_MAKER;BOT_TAKER;HYDROGEL_PACK;XIRECS;9881.0;6
59300;BOT_MAKER;BOT_TAKER;VEV_4000;XIRECS;1262.0;3
59400;BOT_MAKER;BOT_TAKER;HYDROGEL_PACK;XIRECS;9882.0;5
59400;BOT_TAKER;BOT_MAKER;VEV_6500;XIRECS;1.0;5
59500;BOT_MAKER;BOT_TAKER;VELVETFRUIT_EXTRACT;XIRECS;5267.0;9
59600;BOT_MAKER;BOT_TAKER;VEV_5400;XIRECS;8.0;2
59600;BOT_TAKER;BOT_MAKER;VEV_5500;XIRECS;5.0;3
59700;BOT_MAKER;BOT_TAKER;HYDROGEL_PACK;XIRECS;9887.0;2
59700;BOT_MAKER;BOT_TAKER;VELVETFRUIT_EXTRACT;XIRECS;5266.0;3
59800;BOT_TAKER;BOT_MAKER;HYDROGEL_PACK;XIRECS;9903.0;6
59900;BOT_TAKER;BOT_MAKER;HYDROGEL_PACK;XIRECS;9904.0;2
59900;BOT_TAKER;BOT_MAKER;VEV_6000;XIRECS;1.0;5
60000;BOT_MAKER;BOT_TAKER;HYDROGEL_PACK;XIRECS;9889.0;6
60100;BOT_MAKER;BOT_TAKER;VELVETFRUIT_EXTRACT;XIRECS;5270.0;5
60100;BOT_MAKER;BOT_TAKER;VEV_6000;XIRECS;0.0;3
60200;BOT_MAKER;BOT_TAKER;VEV_6000;XIRECS;0.0;2
60300;BOT_TAKER;BOT_MAKER;VELVETFRUIT_EXTRACT;XIRECS;5276.0;5
60500;BOT_MAKER;BOT_TAKER;HYDROGEL_PACK;XIRECS;9895.0;2
60500;BOT_TAKER;BOT_MAKER;VELVETFRUIT_EXTRACT;XIRECS;5275.0;6
60600;BOT_MAKER;BOT_TAKER;VELVETFRUIT_EXTRACT;XIRECS;5269.0;5
60600;BOT_MAKER;BOT_TAKER;VEV_4000;XIRECS;1265.0;1
60700;BOT_MAKER;BOT_TAKER;HYDROGEL_PACK;XIRECS;9896.0;4
60800;BOT_TAKER;BOT_MAKER;HYDROGEL_PACK;XIRECS;9908.0;5
60800;BOT_TAKER;BOT_MAKER;VEV_4000;XIRECS;1287.0;3
61000;BOT_MAKER;BOT_TAKER;HYDROGEL_PACK;XIRECS;9898.0;2
61000;BOT_MAKER;BOT_TAKER;VELVETFRUIT_EXTRACT;XIRECS;5267.0;4
61000;BOT_MAKER;BOT_TAKER;VEV_5500;XIRECS;3.0;5
61100;BOT_TAKER;BOT_MAKER;VEV_6000;XIRECS;1.0;4
61200;BOT_TAKER;BOT_MAKER;HYDROGEL_PACK;XIRECS;9913.0;6
61400;BOT_MAKER;BOT_TAKER;VELVETFRUIT_EXTRACT;XIRECS;5269.0;8
61500;BOT_TAKER;BOT_MAKER;VELVETFRUIT_EXTRACT;XIRECS;5276.0;4
61600;BOT_TAKER;BOT_MAKER;VEV_6500;XIRECS;1.0;5
61700;BOT_MAKER;BOT_TAKER;HYDROGEL_PACK;XIRECS;9901.0;5
61700;BOT_TAKER;BOT_MAKER;VEV_6000;XIRECS;1.0;5
61900;BOT_TAKER;BOT_MAKER;HYDROGEL_PACK;XIRECS;9915.0;3
61900;BOT_MAKER;BOT_TAKER;VELVETFRUIT_EXTRACT;XIRECS;5272.0;4
61900;BOT_MAKER;BOT_TAKER;VEV_6000;XIRECS;0.0;4
62000;BOT_TAKER;BOT_MAKER;HYDROGEL_PACK;XIRECS;9915.0;3
62000;BOT_TAKER;BOT_MAKER;VELVETFRUIT_EXTRACT;XIRECS;5278.0;9
62000;BOT_TAKER;BOT_MAKER;VEV_5500;XIRECS;4.0;5
62100;BOT_MAKER;BOT_TAKER;HYDROGEL_PACK;XIRECS;9900.0;4
62200;BOT_MAKER;BOT_TAKER;VEV_6500;XIRECS;0.0;5
62300;BOT_TAKER;BOT_MAKER;HYDROGEL_PACK;XIRECS;9918.0;4
62300;BOT_TAKER;BOT_MAKER;VELVETFRUIT_EXTRACT;XIRECS;5280.0;5
62400;BOT_MAKER;BOT_TAKER;VEV_4000;XIRECS;1272.0;2
62700;BOT_MAKER;BOT_TAKER;VEV_4000;XIRECS;1271.0;3
62700;BOT_TAKER;BOT_MAKER;VEV_4000;XIRECS;1293.0;2
62800;BOT_TAKER;BOT_MAKER;HYDROGEL_PACK;XIRECS;9918.0;2
62800;BOT_TAKER;BOT_MAKER;VEV_5500;XIRECS;4.0;5
63000;BOT_TAKER;BOT_MAKER;HYDROGEL_PACK;XIRECS;9917.0;5
63100;BOT_MAKER;BOT_TAKER;HYDROGEL_PACK;XIRECS;9901.0;4
63100;BOT_TAKER;BOT_MAKER;VELVETFRUIT_EXTRACT;XIRECS;5278.0;6
63200;BOT_MAKER;BOT_TAKER;HYDROGEL_PACK;XIRECS;9900.0;4
63300;BOT_TAKER;BOT_MAKER;HYDROGEL_PACK;XIRECS;9915.0;5
63300;BOT_TAKER;BOT_MAKER;VELVETFRUIT_EXTRACT;XIRECS;5278.0;7
63400;BOT_TAKER;BOT_MAKER;VEV_6000;XIRECS;1.0;4
63500;BOT_TAKER;BOT_MAKER;HYDROGEL_PACK;XIRECS;9913.0;6
63600;BOT_TAKER;BOT_MAKER;HYDROGEL_PACK;XIRECS;9911.0;5
63600;BOT_TAKER;BOT_MAKER;VEV_5400;XIRECS;10.0;4
63600;BOT_TAKER;BOT_MAKER;VEV_5500;XIRECS;4.0;3
63700;BOT_MAKER;BOT_TAKER;HYDROGEL_PACK;XIRECS;9891.0;6
63700;BOT_TAKER;BOT_MAKER;VEV_5500;XIRECS;4.0;2
64000;BOT_TAKER;BOT_MAKER;HYDROGEL_PACK;XIRECS;9903.0;3
64000;BOT_MAKER;BOT_TAKER;VEV_5500;XIRECS;3.0;4
64000;BOT_TAKER;BOT_MAKER;VEV_6500;XIRECS;1.0;5
64100;BOT_TAKER;BOT_MAKER;HYDROGEL_PACK;XIRECS;9905.0;3
64400;BOT_MAKER;BOT_TAKER;HYDROGEL_PACK;XIRECS;9887.0;4
64500;BOT_TAKER;BOT_MAKER;VELVETFRUIT_EXTRACT;XIRECS;5275.0;4
64600;BOT_MAKER;BOT_TAKER;VEV_4000;XIRECS;1272.0;2
64900;BOT_MAKER;BOT_TAKER;HYDROGEL_PACK;XIRECS;9889.0;4
65000;BOT_TAKER;BOT_MAKER;HYDROGEL_PACK;XIRECS;9904.0;2
65000;BOT_MAKER;BOT_TAKER;VEV_4000;XIRECS;1273.0;3
65100;BOT_MAKER;BOT_TAKER;HYDROGEL_PACK;XIRECS;9890.0;6
65100;BOT_TAKER;BOT_MAKER;VEV_6500;XIRECS;1.0;3
65200;BOT_TAKER;BOT_MAKER;HYDROGEL_PACK;XIRECS;9905.0;2
65200;BOT_TAKER;BOT_MAKER;VEV_4000;XIRECS;1295.0;2
65200;BOT_MAKER;BOT_TAKER;VEV_5500;XIRECS;3.0;4
65300;BOT_TAKER;BOT_MAKER;VEV_6500;XIRECS;1.0;4
65400;BOT_MAKER;BOT_TAKER;VELVETFRUIT_EXTRACT;XIRECS;5264.0;8
65500;BOT_MAKER;BOT_TAKER;VEV_5400;XIRECS;6.0;4
65600;BOT_MAKER;BOT_TAKER;HYDROGEL_PACK;XIRECS;9897.0;4
65700;BOT_TAKER;BOT_MAKER;HYDROGEL_PACK;XIRECS;9916.0;6
65700;BOT_MAKER;BOT_TAKER;VELVETFRUIT_EXTRACT;XIRECS;5265.0;3
65700;BOT_TAKER;BOT_MAKER;VEV_5400;XIRECS;8.0;2
65800;BOT_TAKER;BOT_MAKER;VELVETFRUIT_EXTRACT;XIRECS;5270.0;6
65800;BOT_TAKER;BOT_MAKER;VEV_5300;XIRECS;34.0;2
65800;BOT_TAKER;BOT_MAKER;VEV_5400;XIRECS;8.0;2
65900;BOT_TAKER;BOT_MAKER;VEV_5500;XIRECS;5.0;5
66000;BOT_MAKER;BOT_TAKER;HYDROGEL_PACK;XIRECS;9899.0;2
66100;BOT_TAKER;BOT_MAKER;HYDROGEL_PACK;XIRECS;9913.0;3
66100;BOT_MAKER;BOT_TAKER;VELVETFRUIT_EXTRACT;XIRECS;5264.0;8
66200;BOT_TAKER;BOT_MAKER;VELVETFRUIT_EXTRACT;XIRECS;5271.0;6
66300;BOT_TAKER;BOT_MAKER;HYDROGEL_PACK;XIRECS;9910.0;6
66300;BOT_TAKER;BOT_MAKER;VEV_4000;XIRECS;1290.0;2
66400;BOT_TAKER;BOT_MAKER;VELVETFRUIT_EXTRACT;XIRECS;5271.0;7
66500;BOT_TAKER;BOT_MAKER;VELVETFRUIT_EXTRACT;XIRECS;5270.0;3
66600;BOT_MAKER;BOT_TAKER;VEV_6500;XIRECS;0.0;3
66700;BOT_MAKER;BOT_TAKER;HYDROGEL_PACK;XIRECS;9894.0;6
66700;BOT_MAKER;BOT_TAKER;VELVETFRUIT_EXTRACT;XIRECS;5268.0;4
66700;BOT_TAKER;BOT_MAKER;VEV_4000;XIRECS;1292.0;3
66700;BOT_TAKER;BOT_MAKER;VEV_5500;XIRECS;5.0;2
66800;BOT_MAKER;BOT_TAKER;HYDROGEL_PACK;XIRECS;9891.0;3
66800;BOT_TAKER;BOT_MAKER;VEV_5400;XIRECS;8.0;4
67000;BOT_TAKER;BOT_MAKER;HYDROGEL_PACK;XIRECS;9908.0;5
67000;BOT_TAKER;BOT_MAKER;VELVETFRUIT_EXTRACT;XIRECS;5272.0;6
67100;BOT_MAKER;BOT_TAKER;HYDROGEL_PACK;XIRECS;9888.0;5
67100;BOT_MAKER;BOT_TAKER;VEV_4000;XIRECS;1269.0;3
67100;BOT_TAKER;BOT_MAKER;VEV_5500;XIRECS;5.0;3
67200;BOT_TAKER;BOT_MAKER;HYDROGEL_PACK;XIRECS;9904.0;6
67200;BOT_TAKER;BOT_MAKER;HYDROGEL_PACK;XIRECS;9904.0;6
67200;BOT_TAKER;BOT_MAKER;VELVETFRUIT_EXTRACT;XIRECS;5272.0;7
67200;BOT_TAKER;BOT_MAKER;VEV_4000;XIRECS;1289.0;3
67200;BOT_MAKER;BOT_TAKER;VEV_6500;XIRECS;0.0;2
67300;BOT_TAKER;BOT_MAKER;VELVETFRUIT_EXTRACT;XIRECS;5270.0;5
67400;BOT_MAKER;BOT_TAKER;VELVETFRUIT_EXTRACT;XIRECS;5266.0;5
67500;BOT_TAKER;BOT_MAKER;VEV_4000;XIRECS;1288.0;1
67700;BOT_MAKER;BOT_TAKER;HYDROGEL_PACK;XIRECS;9893.0;2
67700;BOT_TAKER;BOT_MAKER;VEV_4000;XIRECS;1286.0;2
67900;BOT_TAKER;BOT_MAKER;VELVETFRUIT_EXTRACT;XIRECS;5275.0;14
68100;BOT_MAKER;BOT_TAKER;VEV_5500;XIRECS;4.0;5
68200;BOT_MAKER;BOT_TAKER;VELVETFRUIT_EXTRACT;XIRECS;5266.0;3
68300;BOT_TAKER;BOT_MAKER;VELVETFRUIT_EXTRACT;XIRECS;5269.0;5
68300;BOT_MAKER;BOT_TAKER;VEV_6000;XIRECS;0.0;5
68300;BOT_MAKER;BOT_TAKER;VEV_6000;XIRECS;0.0;4
68400;BOT_MAKER;BOT_TAKER;HYDROGEL_PACK;XIRECS;9890.0;6
68500;BOT_TAKER;BOT_MAKER;HYDROGEL_PACK;XIRECS;9907.0;4
68900;BOT_TAKER;BOT_MAKER;VELVETFRUIT_EXTRACT;XIRECS;5269.0;5
69100;BOT_MAKER;BOT_TAKER;HYDROGEL_PACK;XIRECS;9893.0;4
69200;BOT_MAKER;BOT_TAKER;VEV_5300;XIRECS;35.0;4
69300;BOT_TAKER;BOT_MAKER;VEV_4000;XIRECS;1281.0;3
69400;BOT_TAKER;BOT_MAKER;HYDROGEL_PACK;XIRECS;9909.0;5
69400;BOT_TAKER;BOT_MAKER;VELVETFRUIT_EXTRACT;XIRECS;5267.0;5
69500;BOT_MAKER;BOT_TAKER;VEV_5500;XIRECS;4.0;5
69700;BOT_MAKER;BOT_TAKER;HYDROGEL_PACK;XIRECS;9895.0;3
69900;BOT_TAKER;BOT_MAKER;VELVETFRUIT_EXTRACT;XIRECS;5268.0;3
69900;BOT_TAKER;BOT_MAKER;VEV_6500;XIRECS;1.0;5
70000;BOT_MAKER;BOT_TAKER;HYDROGEL_PACK;XIRECS;9890.0;5
70000;BOT_TAKER;BOT_MAKER;VELVETFRUIT_EXTRACT;XIRECS;5269.0;5
70000;BOT_TAKER;BOT_MAKER;VEV_5400;XIRECS;8.0;4
70100;BOT_MAKER;BOT_TAKER;VELVETFRUIT_EXTRACT;XIRECS;5264.0;4
70500;BOT_MAKER;BOT_TAKER;HYDROGEL_PACK;XIRECS;9886.0;4
70500;BOT_MAKER;BOT_TAKER;VELVETFRUIT_EXTRACT;XIRECS;5265.0;5
70500;BOT_MAKER;BOT_TAKER;VELVETFRUIT_EXTRACT;XIRECS;5265.0;3
70600;BOT_MAKER;BOT_TAKER;HYDROGEL_PACK;XIRECS;9887.0;4
70700;BOT_MAKER;BOT_TAKER;HYDROGEL_PACK;XIRECS;9888.0;4
70700;BOT_MAKER;BOT_TAKER;VEV_6000;XIRECS;0.0;2
70700;BOT_TAKER;BOT_MAKER;VEV_6500;XIRECS;1.0;4
70900;BOT_MAKER;BOT_TAKER;HYDROGEL_PACK;XIRECS;9888.0;2
71000;BOT_TAKER;BOT_MAKER;HYDROGEL_PACK;XIRECS;9902.0;2
71000;BOT_TAKER;BOT_MAKER;VELVETFRUIT_EXTRACT;XIRECS;5275.0;6
71100;BOT_MAKER;BOT_TAKER;HYDROGEL_PACK;XIRECS;9886.0;2
71100;BOT_TAKER;BOT_MAKER;VELVETFRUIT_EXTRACT;XIRECS;5274.0;6
71100;BOT_TAKER;BOT_MAKER;VEV_5400;XIRECS;8.0;5
71200;BOT_TAKER;BOT_MAKER;HYDROGEL_PACK;XIRECS;9904.0;3
71300;BOT_TAKER;BOT_MAKER;VELVETFRUIT_EXTRACT;XIRECS;5274.0;5
71300;BOT_TAKER;BOT_MAKER;VEV_5400;XIRECS;8.0;3
71400;BOT_MAKER;BOT_TAKER;VEV_4000;XIRECS;1256.0;2
71600;BOT_TAKER;BOT_MAKER;VELVETFRUIT_EXTRACT;XIRECS;5276.0;15
71600;BOT_MAKER;BOT_TAKER;VEV_4000;XIRECS;1257.0;1
71600;BOT_TAKER;BOT_MAKER;VEV_5400;XIRECS;7.0;4
71700;BOT_MAKER;BOT_TAKER;VEV_4000;XIRECS;1258.0;3
71700;BOT_TAKER;BOT_MAKER;VEV_4000;XIRECS;1279.0;2
71700;BOT_MAKER;BOT_TAKER;VEV_5500;XIRECS;4.0;4
71800;BOT_MAKER;BOT_TAKER;VEV_4000;XIRECS;1256.0;3
71900;BOT_MAKER;BOT_TAKER;HYDROGEL_PACK;XIRECS;9888.0;4
72000;BOT_TAKER;BOT_MAKER;VELVETFRUIT_EXTRACT;XIRECS;5280.0;7
72200;BOT_MAKER;BOT_TAKER;HYDROGEL_PACK;XIRECS;9885.0;2
72200;BOT_TAKER;BOT_MAKER;VEV_6000;XIRECS;1.0;3
72400;BOT_TAKER;BOT_MAKER;HYDROGEL_PACK;XIRECS;9897.0;5
72400;BOT_MAKER;BOT_TAKER;VELVETFRUIT_EXTRACT;XIRECS;5273.0;3
72400;BOT_MAKER;BOT_TAKER;VEV_5400;XIRECS;6.0;4
72500;BOT_MAKER;BOT_TAKER;VEV_5500;XIRECS;4.0;3
72600;BOT_MAKER;BOT_TAKER;HYDROGEL_PACK;XIRECS;9878.0;4
72700;BOT_MAKER;BOT_TAKER;HYDROGEL_PACK;XIRECS;9875.0;4
72800;BOT_TAKER;BOT_MAKER;VELVETFRUIT_EXTRACT;XIRECS;5274.0;5
72900;BOT_MAKER;BOT_TAKER;VELVETFRUIT_EXTRACT;XIRECS;5269.0;15
72900;BOT_MAKER;BOT_TAKER;VEV_4000;XIRECS;1258.0;1
73100;BOT_TAKER;BOT_MAKER;VEV_4000;XIRECS;1282.0;3
73200;BOT_MAKER;BOT_TAKER;VEV_4000;XIRECS;1259.0;1
73300;BOT_MAKER;BOT_TAKER;VELVETFRUIT_EXTRACT;XIRECS;5269.0;4
73300;BOT_TAKER;BOT_MAKER;VEV_6000;XIRECS;1.0;5
73400;BOT_TAKER;BOT_MAKER;VEV_6000;XIRECS;1.0;4
73500;BOT_TAKER;BOT_MAKER;VEV_5400;XIRECS;8.0;5
73500;BOT_MAKER;BOT_TAKER;VEV_5400;XIRECS;6.0;4
73500;BOT_MAKER;BOT_TAKER;VEV_5500;XIRECS;4.0;3
73600;BOT_TAKER;BOT_MAKER;VELVETFRUIT_EXTRACT;XIRECS;5273.0;7
73700;BOT_TAKER;BOT_MAKER;HYDROGEL_PACK;XIRECS;9893.0;3
73700;BOT_TAKER;BOT_MAKER;VELVETFRUIT_EXTRACT;XIRECS;5272.0;9
73800;BOT_TAKER;BOT_MAKER;VEV_6000;XIRECS;1.0;5
73900;BOT_TAKER;BOT_MAKER;HYDROGEL_PACK;XIRECS;9891.0;5
73900;BOT_TAKER;BOT_MAKER;VELVETFRUIT_EXTRACT;XIRECS;5269.0;15
73900;BOT_TAKER;BOT_MAKER;VEV_5500;XIRECS;5.0;4
74000;BOT_MAKER;BOT_TAKER;VELVETFRUIT_EXTRACT;XIRECS;5264.0;4
74100;BOT_MAKER;BOT_TAKER;VEV_5400;XIRECS;7.0;5
74100;BOT_TAKER;BOT_MAKER;VEV_6000;XIRECS;1.0;2
74100;BOT_MAKER;BOT_TAKER;VEV_6500;XIRECS;0.0;3
74200;BOT_MAKER;BOT_TAKER;VELVETFRUIT_EXTRACT;XIRECS;5264.0;8
74300;BOT_MAKER;BOT_TAKER;VELVETFRUIT_EXTRACT;XIRECS;5265.0;13
74300;BOT_TAKER;BOT_MAKER;VEV_5500;XIRECS;5.0;4
74400;BOT_TAKER;BOT_MAKER;VELVETFRUIT_EXTRACT;XIRECS;5269.0;6
74400;BOT_MAKER;BOT_TAKER;VEV_6500;XIRECS;0.0;5
74500;BOT_MAKER;BOT_TAKER;VEV_6000;XIRECS;0.0;2
74500;BOT_TAKER;BOT_MAKER;VEV_6500;XIRECS;1.0;3
74600;BOT_MAKER;BOT_TAKER;HYDROGEL_PACK;XIRECS;9873.0;3
74600;BOT_TAKER;BOT_MAKER;VEV_5400;XIRECS;7.0;3
74700;BOT_MAKER;BOT_TAKER;VEV_5500;XIRECS;5.0;4
74800;BOT_TAKER;BOT_MAKER;HYDROGEL_PACK;XIRECS;9890.0;4
74800;BOT_TAKER;BOT_MAKER;VEV_4000;XIRECS;1284.0;2
74900;BOT_TAKER;BOT_MAKER;HYDROGEL_PACK;XIRECS;9887.0;5
75100;BOT_TAKER;BOT_MAKER;VELVETFRUIT_EXTRACT;XIRECS;5267.0;6
75200;BOT_TAKER;BOT_MAKER;VEV_4000;XIRECS;1282.0;3
75200;BOT_MAKER;BOT_TAKER;VEV_5500;XIRECS;5.0;5
75200;BOT_MAKER;BOT_TAKER;VEV_6500;XIRECS;0.0;2
75400;BOT_MAKER;BOT_TAKER;VELVETFRUIT_EXTRACT;XIRECS;5259.0;8
75400;BOT_MAKER;BOT_TAKER;VEV_5300;XIRECS;34.0;4
75400;BOT_MAKER;BOT_TAKER;VEV_6500;XIRECS;0.0;4
75600;BOT_MAKER;BOT_TAKER;HYDROGEL_PACK;XIRECS;9864.0;3
75700;BOT_MAKER;BOT_TAKER;VELVETFRUIT_EXTRACT;XIRECS;5256.0;3
75700;BOT_MAKER;BOT_TAKER;VEV_6000;XIRECS;0.0;3
75800;BOT_TAKER;BOT_MAKER;HYDROGEL_PACK;XIRECS;9880.0;5
75800;BOT_MAKER;BOT_TAKER;VEV_5500;XIRECS;5.0;2
75900;BOT_TAKER;BOT_MAKER;VELVETFRUIT_EXTRACT;XIRECS;5262.0;8
76000;BOT_MAKER;BOT_TAKER;VELVETFRUIT_EXTRACT;XIRECS;5257.0;6
76100;BOT_MAKER;BOT_TAKER;VELVETFRUIT_EXTRACT;XIRECS;5258.0;4
76200;BOT_TAKER;BOT_MAKER;VELVETFRUIT_EXTRACT;XIRECS;5262.0;7
76200;BOT_TAKER;BOT_MAKER;VEV_5500;XIRECS;6.0;4
76400;BOT_TAKER;BOT_MAKER;VELVETFRUIT_EXTRACT;XIRECS;5262.0;4
76600;BOT_MAKER;BOT_TAKER;VELVETFRUIT_EXTRACT;XIRECS;5258.0;4
76600;BOT_TAKER;BOT_MAKER;VEV_4000;XIRECS;1278.0;3
76700;BOT_MAKER;BOT_TAKER;VEV_4000;XIRECS;1256.0;2
76800;BOT_TAKER;BOT_MAKER;VEV_5500;XIRECS;6.0;3
76900;BOT_TAKER;BOT_MAKER;HYDROGEL_PACK;XIRECS;9885.0;2
77000;BOT_MAKER;BOT_TAKER;HYDROGEL_PACK;XIRECS;9873.0;4
77200;BOT_MAKER;BOT_TAKER;VELVETFRUIT_EXTRACT;XIRECS;5258.0;9
77300;BOT_TAKER;BOT_MAKER;VEV_4000;XIRECS;1280.0;2
77400;BOT_MAKER;BOT_TAKER;VELVETFRUIT_EXTRACT;XIRECS;5259.0;6
77600;BOT_TAKER;BOT_MAKER;VEV_5500;XIRECS;6.0;4
77700;BOT_MAKER;BOT_TAKER;HYDROGEL_PACK;XIRECS;9865.0;4
77800;BOT_MAKER;BOT_TAKER;HYDROGEL_PACK;XIRECS;9864.0;5
77900;BOT_TAKER;BOT_MAKER;HYDROGEL_PACK;XIRECS;9879.0;3
78000;BOT_TAKER;BOT_MAKER;VELVETFRUIT_EXTRACT;XIRECS;5266.0;7
78100;BOT_MAKER;BOT_TAKER;VELVETFRUIT_EXTRACT;XIRECS;5260.0;4
78200;BOT_MAKER;BOT_TAKER;HYDROGEL_PACK;XIRECS;9854.0;5
78200;BOT_TAKER;BOT_MAKER;VELVETFRUIT_EXTRACT;XIRECS;5264.0;5
78200;BOT_TAKER;BOT_MAKER;VEV_4000;XIRECS;1276.0;3
78200;BOT_TAKER;BOT_MAKER;VEV_6000;XIRECS;1.0;3
78300;BOT_TAKER;BOT_MAKER;VEV_5300;XIRECS;40.0;5
78300;BOT_MAKER;BOT_TAKER;VEV_6000;XIRECS;0.0;4
78400;BOT_TAKER;BOT_MAKER;HYDROGEL_PACK;XIRECS;9866.0;5
78500;BOT_MAKER;BOT_TAKER;VELVETFRUIT_EXTRACT;XIRECS;5258.0;6
78700;BOT_MAKER;BOT_TAKER;VELVETFRUIT_EXTRACT;XIRECS;5259.0;6
78700;BOT_TAKER;BOT_MAKER;VEV_6500;XIRECS;1.0;2
78800;BOT_MAKER;BOT_TAKER;VELVETFRUIT_EXTRACT;XIRECS;5260.0;7
78900;BOT_MAKER;BOT_TAKER;VEV_6500;XIRECS;0.0;3
79000;BOT_TAKER;BOT_MAKER;VELVETFRUIT_EXTRACT;XIRECS;5264.0;6
79100;BOT_MAKER;BOT_TAKER;HYDROGEL_PACK;XIRECS;9836.0;3
79100;BOT_MAKER;BOT_TAKER;VELVETFRUIT_EXTRACT;XIRECS;5257.0;4
79100;BOT_MAKER;BOT_TAKER;VEV_6500;XIRECS;0.0;2
79400;BOT_TAKER;BOT_MAKER;HYDROGEL_PACK;XIRECS;9854.0;2
79400;BOT_MAKER;BOT_TAKER;VELVETFRUIT_EXTRACT;XIRECS;5260.0;5
79500;BOT_TAKER;BOT_MAKER;VELVETFRUIT_EXTRACT;XIRECS;5266.0;8
79600;BOT_MAKER;BOT_TAKER;VELVETFRUIT_EXTRACT;XIRECS;5262.0;7
79700;BOT_MAKER;BOT_TAKER;HYDROGEL_PACK;XIRECS;9838.0;5
79700;BOT_MAKER;BOT_TAKER;VELVETFRUIT_EXTRACT;XIRECS;5261.0;7
79800;BOT_MAKER;BOT_TAKER;VELVETFRUIT_EXTRACT;XIRECS;5258.0;10
79900;BOT_TAKER;BOT_MAKER;VELVETFRUIT_EXTRACT;XIRECS;5263.0;5
79900;BOT_TAKER;BOT_MAKER;VELVETFRUIT_EXTRACT;XIRECS;5263.0;4
79900;BOT_TAKER;BOT_MAKER;VEV_4000;XIRECS;1283.0;1
79900;BOT_TAKER;BOT_MAKER;VEV_5500;XIRECS;6.0;5
80000;BOT_MAKER;BOT_TAKER;HYDROGEL_PACK;XIRECS;9842.0;6
80000;BOT_TAKER;BOT_MAKER;VEV_5500;XIRECS;6.0;5
80100;BOT_MAKER;BOT_TAKER;VEV_5500;XIRECS;5.0;4
80200;BOT_TAKER;BOT_MAKER;HYDROGEL_PACK;XIRECS;9861.0;3
80200;BOT_TAKER;BOT_MAKER;VELVETFRUIT_EXTRACT;XIRECS;5267.0;7
80400;BOT_MAKER;BOT_TAKER;VEV_5500;XIRECS;5.0;4
80500;BOT_TAKER;BOT_MAKER;VELVETFRUIT_EXTRACT;XIRECS;5267.0;7
80600;BOT_TAKER;BOT_MAKER;VELVETFRUIT_EXTRACT;XIRECS;5267.0;3
81100;BOT_MAKER;BOT_TAKER;HYDROGEL_PACK;XIRECS;9848.0;4
81100;BOT_TAKER;BOT_MAKER;VELVETFRUIT_EXTRACT;XIRECS;5261.0;5
81100;BOT_MAKER;BOT_TAKER;VEV_6000;XIRECS;0.0;2
81400;BOT_MAKER;BOT_TAKER;VELVETFRUIT_EXTRACT;XIRECS;5256.0;8
81500;BOT_MAKER;BOT_TAKER;HYDROGEL_PACK;XIRECS;9851.0;3
81600;BOT_MAKER;BOT_TAKER;VELVETFRUIT_EXTRACT;XIRECS;5256.0;3
81600;BOT_MAKER;BOT_TAKER;VEV_5400;XIRECS;4.0;4
81700;BOT_TAKER;BOT_MAKER;VELVETFRUIT_EXTRACT;XIRECS;5262.0;4
81700;BOT_TAKER;BOT_MAKER;VEV_6000;XIRECS;1.0;5
81800;BOT_MAKER;BOT_TAKER;VELVETFRUIT_EXTRACT;XIRECS;5257.0;8
81800;BOT_TAKER;BOT_MAKER;VEV_5300;XIRECS;43.0;2
82000;BOT_TAKER;BOT_MAKER;VEV_4000;XIRECS;1280.0;2
82100;BOT_MAKER;BOT_TAKER;VELVETFRUIT_EXTRACT;XIRECS;5255.0;3
82200;BOT_TAKER;BOT_MAKER;VELVETFRUIT_EXTRACT;XIRECS;5260.0;6
82300;BOT_TAKER;BOT_MAKER;VEV_6000;XIRECS;1.0;2
82400;BOT_MAKER;BOT_TAKER;VEV_4000;XIRECS;1260.0;1
82500;BOT_MAKER;BOT_TAKER;HYDROGEL_PACK;XIRECS;9861.0;5
82500;BOT_MAKER;BOT_TAKER;VELVETFRUIT_EXTRACT;XIRECS;5254.0;8
82500;BOT_MAKER;BOT_TAKER;VEV_4000;XIRECS;1261.0;3
82600;BOT_TAKER;BOT_MAKER;VEV_5400;XIRECS;6.0;5
82600;BOT_TAKER;BOT_MAKER;VEV_6500;XIRECS;1.0;4
82700;BOT_MAKER;BOT_TAKER;VELVETFRUIT_EXTRACT;XIRECS;5256.0;8
82700;BOT_TAKER;BOT_MAKER;VELVETFRUIT_EXTRACT;XIRECS;5261.0;5
82800;BOT_TAKER;BOT_MAKER;VELVETFRUIT_EXTRACT;XIRECS;5261.0;4
82800;BOT_MAKER;BOT_TAKER;VEV_4000;XIRECS;1261.0;2
82900;BOT_TAKER;BOT_MAKER;HYDROGEL_PACK;XIRECS;9876.0;3
82900;BOT_MAKER;BOT_TAKER;VEV_6000;XIRECS;0.0;5
83000;BOT_TAKER;BOT_MAKER;HYDROGEL_PACK;XIRECS;9875.0;4
83000;BOT_MAKER;BOT_TAKER;VELVETFRUIT_EXTRACT;XIRECS;5256.0;5
83100;BOT_TAKER;BOT_MAKER;HYDROGEL_PACK;XIRECS;9872.0;5
83100;BOT_TAKER;BOT_MAKER;VEV_4000;XIRECS;1282.0;1
83200;BOT_MAKER;BOT_TAKER;HYDROGEL_PACK;XIRECS;9855.0;5
83200;BOT_TAKER;BOT_MAKER;VELVETFRUIT_EXTRACT;XIRECS;5262.0;7
83300;BOT_TAKER;BOT_MAKER;VELVETFRUIT_EXTRACT;XIRECS;5262.0;5
83300;BOT_MAKER;BOT_TAKER;VEV_4000;XIRECS;1264.0;3
83400;BOT_MAKER;BOT_TAKER;HYDROGEL_PACK;XIRECS;9857.0;4
83400;BOT_MAKER;BOT_TAKER;VELVETFRUIT_EXTRACT;XIRECS;5257.0;3
83500;BOT_TAKER;BOT_MAKER;VELVETFRUIT_EXTRACT;XIRECS;5262.0;4
83500;BOT_TAKER;BOT_MAKER;VEV_5300;XIRECS;43.0;4
83500;BOT_TAKER;BOT_MAKER;VEV_6500;XIRECS;1.0;4
83500;BOT_TAKER;BOT_MAKER;VEV_6500;XIRECS;1.0;5
83600;BOT_TAKER;BOT_MAKER;VELVETFRUIT_EXTRACT;XIRECS;5265.0;4
83600;BOT_TAKER;BOT_MAKER;VEV_5300;XIRECS;43.0;2
83700;BOT_MAKER;BOT_TAKER;VELVETFRUIT_EXTRACT;XIRECS;5259.0;8
83900;BOT_MAKER;BOT_TAKER;VEV_4000;XIRECS;1263.0;1
84200;BOT_MAKER;BOT_TAKER;HYDROGEL_PACK;XIRECS;9854.0;5
84300;BOT_TAKER;BOT_MAKER;VELVETFRUIT_EXTRACT;XIRECS;5265.0;6
84300;BOT_MAKER;BOT_TAKER;VEV_4000;XIRECS;1264.0;1
84500;BOT_TAKER;BOT_MAKER;VELVETFRUIT_EXTRACT;XIRECS;5267.0;7
84600;BOT_MAKER;BOT_TAKER;HYDROGEL_PACK;XIRECS;9859.0;6
84600;BOT_MAKER;BOT_TAKER;VEV_5300;XIRECS;41.0;4
84700;BOT_TAKER;BOT_MAKER;HYDROGEL_PACK;XIRECS;9876.0;2
84700;BOT_MAKER;BOT_TAKER;VEV_4000;XIRECS;1264.0;2
84800;BOT_MAKER;BOT_TAKER;VELVETFRUIT_EXTRACT;XIRECS;5258.0;8
84800;BOT_TAKER;BOT_MAKER;VEV_5500;XIRECS;6.0;2
84900;BOT_TAKER;BOT_MAKER;HYDROGEL_PACK;XIRECS;9877.0;5
84900;BOT_TAKER;BOT_MAKER;VELVETFRUIT_EXTRACT;XIRECS;5262.0;4
84900;BOT_TAKER;BOT_MAKER;VEV_6000;XIRECS;1.0;4
85000;BOT_TAKER;BOT_MAKER;VEV_5500;XIRECS;6.0;4
85100;BOT_TAKER;BOT_MAKER;VELVETFRUIT_EXTRACT;XIRECS;5263.0;7
85200;BOT_MAKER;BOT_TAKER;VELVETFRUIT_EXTRACT;XIRECS;5258.0;5
85200;BOT_MAKER;BOT_TAKER;VEV_5300;XIRECS;42.0;4
85300;BOT_TAKER;BOT_MAKER;HYDROGEL_PACK;XIRECS;9878.0;3
85300;BOT_MAKER;BOT_TAKER;VEV_5500;XIRECS;5.0;2
85400;BOT_TAKER;BOT_MAKER;VELVETFRUIT_EXTRACT;XIRECS;5263.0;5
85500;BOT_MAKER;BOT_TAKER;VEV_6000;XIRECS;0.0;5
85700;BOT_MAKER;BOT_TAKER;VELVETFRUIT_EXTRACT;XIRECS;5257.0;3
85900;BOT_MAKER;BOT_TAKER;VEV_6000;XIRECS;0.0;2
86000;BOT_MAKER;BOT_TAKER;HYDROGEL_PACK;XIRECS;9856.0;6
86200;BOT_TAKER;BOT_MAKER;VELVETFRUIT_EXTRACT;XIRECS;5261.0;5
86300;BOT_TAKER;BOT_MAKER;HYDROGEL_PACK;XIRECS;9873.0;6
86400;BOT_TAKER;BOT_MAKER;VELVETFRUIT_EXTRACT;XIRECS;5263.0;13
86600;BOT_TAKER;BOT_MAKER;HYDROGEL_PACK;XIRECS;9871.0;4
86700;BOT_TAKER;BOT_MAKER;HYDROGEL_PACK;XIRECS;9870.0;3
86700;BOT_TAKER;BOT_MAKER;VELVETFRUIT_EXTRACT;XIRECS;5264.0;8
86700;BOT_MAKER;BOT_TAKER;VEV_5300;XIRECS;43.0;4
86700;BOT_MAKER;BOT_TAKER;VEV_6500;XIRECS;0.0;5
86800;BOT_TAKER;BOT_MAKER;HYDROGEL_PACK;XIRECS;9868.0;5
86800;BOT_MAKER;BOT_TAKER;VEV_6000;XIRECS;0.0;2
86900;BOT_TAKER;BOT_MAKER;HYDROGEL_PACK;XIRECS;9864.0;5
87000;BOT_TAKER;BOT_MAKER;HYDROGEL_PACK;XIRECS;9861.0;3
87000;BOT_MAKER;BOT_TAKER;VELVETFRUIT_EXTRACT;XIRECS;5256.0;15
87100;BOT_TAKER;BOT_MAKER;HYDROGEL_PACK;XIRECS;9860.0;4
87100;BOT_TAKER;BOT_MAKER;VEV_6000;XIRECS;1.0;4
87200;BOT_MAKER;BOT_TAKER;VELVETFRUIT_EXTRACT;XIRECS;5259.0;5
87200;BOT_MAKER;BOT_TAKER;VEV_6000;XIRECS;0.0;2
87300;BOT_TAKER;BOT_MAKER;VEV_5300;XIRECS;46.0;4
87400;BOT_TAKER;BOT_MAKER;HYDROGEL_PACK;XIRECS;9862.0;4
87400;BOT_MAKER;BOT_TAKER;VELVETFRUIT_EXTRACT;XIRECS;5258.0;6
87500;BOT_MAKER;BOT_TAKER;VEV_4000;XIRECS;1265.0;3
87600;BOT_TAKER;BOT_MAKER;VEV_5500;XIRECS;5.0;4
87700;BOT_MAKER;BOT_TAKER;VEV_6000;XIRECS;0.0;5
87900;BOT_MAKER;BOT_TAKER;VELVETFRUIT_EXTRACT;XIRECS;5261.0;3
87900;BOT_TAKER;BOT_MAKER;VEV_4000;XIRECS;1287.0;2
88000;BOT_MAKER;BOT_TAKER;VEV_4000;XIRECS;1264.0;3
88100;BOT_MAKER;BOT_TAKER;HYDROGEL_PACK;XIRECS;9844.0;6
88200;BOT_TAKER;BOT_MAKER;VELVETFRUIT_EXTRACT;XIRECS;5268.0;4
88400;BOT_MAKER;BOT_TAKER;VEV_5100;XIRECS;154.0;1
88500;BOT_MAKER;BOT_TAKER;HYDROGEL_PACK;XIRECS;9849.0;2
88500;BOT_TAKER;BOT_MAKER;VELVETFRUIT_EXTRACT;XIRECS;5266.0;4
88600;BOT_MAKER;BOT_TAKER;HYDROGEL_PACK;XIRECS;9851.0;6
88600;BOT_MAKER;BOT_TAKER;VELVETFRUIT_EXTRACT;XIRECS;5262.0;3
88700;BOT_TAKER;BOT_MAKER;VELVETFRUIT_EXTRACT;XIRECS;5264.0;6
88900;BOT_TAKER;BOT_MAKER;VELVETFRUIT_EXTRACT;XIRECS;5264.0;10
89000;BOT_TAKER;BOT_MAKER;HYDROGEL_PACK;XIRECS;9862.0;6
89000;BOT_TAKER;BOT_MAKER;VEV_4000;XIRECS;1289.0;3
89000;BOT_MAKER;BOT_TAKER;VEV_6000;XIRECS;0.0;2
89200;BOT_TAKER;BOT_MAKER;VELVETFRUIT_EXTRACT;XIRECS;5265.0;6
89300;BOT_MAKER;BOT_TAKER;VEV_4000;XIRECS;1266.0;2
89300;BOT_TAKER;BOT_MAKER;VEV_5400;XIRECS;5.0;5
89500;BOT_TAKER;BOT_MAKER;VEV_4000;XIRECS;1289.0;2
89600;BOT_TAKER;BOT_MAKER;HYDROGEL_PACK;XIRECS;9863.0;4
89700;BOT_TAKER;BOT_MAKER;HYDROGEL_PACK;XIRECS;9860.0;5
89700;BOT_MAKER;BOT_TAKER;VEV_4000;XIRECS;1266.0;2
89900;BOT_TAKER;BOT_MAKER;VELVETFRUIT_EXTRACT;XIRECS;5268.0;6
89900;BOT_TAKER;BOT_MAKER;VEV_4000;XIRECS;1287.0;2
90000;BOT_TAKER;BOT_MAKER;VELVETFRUIT_EXTRACT;XIRECS;5268.0;8
90100;BOT_MAKER;BOT_TAKER;HYDROGEL_PACK;XIRECS;9841.0;2
90100;BOT_MAKER;BOT_TAKER;VEV_5500;XIRECS;5.0;3
90200;BOT_TAKER;BOT_MAKER;HYDROGEL_PACK;XIRECS;9857.0;2
90200;BOT_MAKER;BOT_TAKER;VELVETFRUIT_EXTRACT;XIRECS;5262.0;4
90200;BOT_TAKER;BOT_MAKER;VEV_5500;XIRECS;6.0;4
90300;BOT_MAKER;BOT_TAKER;VEV_4000;XIRECS;1264.0;1
90400;BOT_MAKER;BOT_TAKER;HYDROGEL_PACK;XIRECS;9843.0;5
90400;BOT_MAKER;BOT_TAKER;VELVETFRUIT_EXTRACT;XIRECS;5261.0;4
90500;BOT_MAKER;BOT_TAKER;VELVETFRUIT_EXTRACT;XIRECS;5262.0;13
90600;BOT_MAKER;BOT_TAKER;HYDROGEL_PACK;XIRECS;9842.0;3
90600;BOT_MAKER;BOT_TAKER;VELVETFRUIT_EXTRACT;XIRECS;5262.0;7
90600;BOT_TAKER;BOT_MAKER;VEV_4000;XIRECS;1285.0;3
90700;BOT_MAKER;BOT_TAKER;VEV_5300;XIRECS;43.0;4
90800;BOT_MAKER;BOT_TAKER;VELVETFRUIT_EXTRACT;XIRECS;5260.0;6
90900;BOT_TAKER;BOT_MAKER;HYDROGEL_PACK;XIRECS;9858.0;6
91000;BOT_MAKER;BOT_TAKER;HYDROGEL_PACK;XIRECS;9843.0;4
91300;BOT_MAKER;BOT_TAKER;HYDROGEL_PACK;XIRECS;9845.0;5
91300;BOT_MAKER;BOT_TAKER;VEV_6500;XIRECS;0.0;4
91400;BOT_MAKER;BOT_TAKER;HYDROGEL_PACK;XIRECS;9848.0;2
91500;BOT_TAKER;BOT_MAKER;HYDROGEL_PACK;XIRECS;9861.0;6
91700;BOT_TAKER;BOT_MAKER;VEV_5400;XIRECS;3.0;4
91800;BOT_MAKER;BOT_TAKER;VELVETFRUIT_EXTRACT;XIRECS;5260.0;6
91800;BOT_MAKER;BOT_TAKER;VEV_5500;XIRECS;4.0;3
91900;BOT_MAKER;BOT_TAKER;VELVETFRUIT_EXTRACT;XIRECS;5260.0;4
91900;BOT_TAKER;BOT_MAKER;VEV_5500;XIRECS;5.0;5
92100;BOT_MAKER;BOT_TAKER;VEV_4000;XIRECS;1266.0;2
92300;BOT_TAKER;BOT_MAKER;HYDROGEL_PACK;XIRECS;9856.0;3
92300;BOT_MAKER;BOT_TAKER;VELVETFRUIT_EXTRACT;XIRECS;5261.0;5
92400;BOT_MAKER;BOT_TAKER;VELVETFRUIT_EXTRACT;XIRECS;5262.0;7
92500;BOT_MAKER;BOT_TAKER;HYDROGEL_PACK;XIRECS;9842.0;4
92500;BOT_MAKER;BOT_TAKER;VEV_6000;XIRECS;0.0;2
92600;BOT_MAKER;BOT_TAKER;HYDROGEL_PACK;XIRECS;9845.0;5
92600;BOT_TAKER;BOT_MAKER;VEV_5500;XIRECS;5.0;5
92600;BOT_TAKER;BOT_MAKER;VEV_6500;XIRECS;1.0;2
92700;BOT_TAKER;BOT_MAKER;VELVETFRUIT_EXTRACT;XIRECS;5270.0;5
92800;BOT_MAKER;BOT_TAKER;VELVETFRUIT_EXTRACT;XIRECS;5265.0;10
92900;BOT_TAKER;BOT_MAKER;HYDROGEL_PACK;XIRECS;9862.0;5
93000;BOT_TAKER;BOT_MAKER;VELVETFRUIT_EXTRACT;XIRECS;5269.0;7
93100;BOT_MAKER;BOT_TAKER;VELVETFRUIT_EXTRACT;XIRECS;5264.0;6
93100;BOT_TAKER;BOT_MAKER;VEV_6500;XIRECS;1.0;3
93200;BOT_TAKER;BOT_MAKER;VEV_4000;XIRECS;1288.0;3
93300;BOT_MAKER;BOT_TAKER;HYDROGEL_PACK;XIRECS;9851.0;5
93300;BOT_TAKER;BOT_MAKER;VELVETFRUIT_EXTRACT;XIRECS;5271.0;7
93400;BOT_TAKER;BOT_MAKER;VEV_4000;XIRECS;1288.0;3
93500;BOT_MAKER;BOT_TAKER;VELVETFRUIT_EXTRACT;XIRECS;5264.0;7
93600;BOT_TAKER;BOT_MAKER;VELVETFRUIT_EXTRACT;XIRECS;5268.0;5
93700;BOT_MAKER;BOT_TAKER;VEV_6500;XIRECS;0.0;4
93800;BOT_MAKER;BOT_TAKER;HYDROGEL_PACK;XIRECS;9851.0;5
93800;BOT_MAKER;BOT_TAKER;VEV_6500;XIRECS;0.0;5
93900;BOT_TAKER;BOT_MAKER;HYDROGEL_PACK;XIRECS;9868.0;6
94000;BOT_TAKER;BOT_MAKER;VELVETFRUIT_EXTRACT;XIRECS;5271.0;8
94000;BOT_TAKER;BOT_MAKER;VELVETFRUIT_EXTRACT;XIRECS;5271.0;3
94000;BOT_TAKER;BOT_MAKER;VEV_4000;XIRECS;1284.0;3
94000;BOT_TAKER;BOT_MAKER;VEV_5500;XIRECS;5.0;3
94100;BOT_MAKER;BOT_TAKER;VELVETFRUIT_EXTRACT;XIRECS;5265.0;13
94300;BOT_MAKER;BOT_TAKER;VELVETFRUIT_EXTRACT;XIRECS;5265.0;4
94300;BOT_TAKER;BOT_MAKER;VEV_5500;XIRECS;6.0;2
94400;BOT_MAKER;BOT_TAKER;HYDROGEL_PACK;XIRECS;9849.0;4
94400;BOT_MAKER;BOT_TAKER;VEV_5500;XIRECS;5.0;3
94700;BOT_MAKER;BOT_TAKER;HYDROGEL_PACK;XIRECS;9845.0;5
94700;BOT_TAKER;BOT_MAKER;VEV_4000;XIRECS;1286.0;1
94700;BOT_TAKER;BOT_MAKER;VEV_5500;XIRECS;6.0;2
95000;BOT_MAKER;BOT_TAKER;HYDROGEL_PACK;XIRECS;9847.0;6
95200;BOT_MAKER;BOT_TAKER;VEV_5500;XIRECS;4.0;3
95200;BOT_MAKER;BOT_TAKER;VEV_6500;XIRECS;0.0;2
95300;BOT_MAKER;BOT_TAKER;HYDROGEL_PACK;XIRECS;9849.0;2
95400;BOT_TAKER;BOT_MAKER;VELVETFRUIT_EXTRACT;XIRECS;5275.0;8
95600;BOT_MAKER;BOT_TAKER;VEV_4000;XIRECS;1262.0;2
95700;BOT_TAKER;BOT_MAKER;HYDROGEL_PACK;XIRECS;9867.0;3
95800;BOT_MAKER;BOT_TAKER;HYDROGEL_PACK;XIRECS;9851.0;3
95800;BOT_TAKER;BOT_MAKER;VEV_5400;XIRECS;5.0;5
95900;BOT_TAKER;BOT_MAKER;HYDROGEL_PACK;XIRECS;9871.0;6
95900;BOT_MAKER;BOT_TAKER;VEV_6000;XIRECS;0.0;5
96100;BOT_MAKER;BOT_TAKER;HYDROGEL_PACK;XIRECS;9852.0;6
96200;BOT_MAKER;BOT_TAKER;VEV_5500;XIRECS;5.0;2
96200;BOT_MAKER;BOT_TAKER;VEV_5500;XIRECS;5.0;5
96400;BOT_MAKER;BOT_TAKER;HYDROGEL_PACK;XIRECS;9856.0;4
96400;BOT_TAKER;BOT_MAKER;VELVETFRUIT_EXTRACT;XIRECS;5276.0;5
96500;BOT_TAKER;BOT_MAKER;VEV_6000;XIRECS;1.0;5
96600;BOT_MAKER;BOT_TAKER;VELVETFRUIT_EXTRACT;XIRECS;5268.0;4
96700;BOT_TAKER;BOT_MAKER;VEV_4000;XIRECS;1286.0;2
96700;BOT_TAKER;BOT_MAKER;VEV_5400;XIRECS;5.0;4
96800;BOT_TAKER;BOT_MAKER;VELVETFRUIT_EXTRACT;XIRECS;5272.0;4
96900;BOT_TAKER;BOT_MAKER;HYDROGEL_PACK;XIRECS;9874.0;3
96900;BOT_TAKER;BOT_MAKER;VELVETFRUIT_EXTRACT;XIRECS;5274.0;6
96900;BOT_TAKER;BOT_MAKER;VEV_5300;XIRECS;45.0;5
97000;BOT_MAKER;BOT_TAKER;VEV_6000;XIRECS;0.0;3
97100;BOT_TAKER;BOT_MAKER;VELVETFRUIT_EXTRACT;XIRECS;5272.0;8
97100;BOT_TAKER;BOT_MAKER;VEV_6000;XIRECS;1.0;4
97200;BOT_MAKER;BOT_TAKER;VELVETFRUIT_EXTRACT;XIRECS;5268.0;5
97300;BOT_MAKER;BOT_TAKER;VEV_6000;XIRECS;0.0;4
97400;BOT_TAKER;BOT_MAKER;VELVETFRUIT_EXTRACT;XIRECS;5275.0;10
97500;BOT_MAKER;BOT_TAKER;HYDROGEL_PACK;XIRECS;9859.0;4
97500;BOT_TAKER;BOT_MAKER;VELVETFRUIT_EXTRACT;XIRECS;5276.0;14
97500;BOT_MAKER;BOT_TAKER;VEV_5400;XIRECS;4.0;2
97500;BOT_MAKER;BOT_TAKER;VEV_5500;XIRECS;4.0;5
97500;BOT_MAKER;BOT_TAKER;VEV_5500;XIRECS;4.0;4
97600;BOT_TAKER;BOT_MAKER;VELVETFRUIT_EXTRACT;XIRECS;5275.0;3
97700;BOT_TAKER;BOT_MAKER;VELVETFRUIT_EXTRACT;XIRECS;5276.0;7
97800;BOT_MAKER;BOT_TAKER;VEV_6500;XIRECS;0.0;2
97900;BOT_TAKER;BOT_MAKER;VEV_6000;XIRECS;1.0;5
98100;BOT_MAKER;BOT_TAKER;VEV_4000;XIRECS;1265.0;1
98200;BOT_MAKER;BOT_TAKER;VEV_4000;XIRECS;1266.0;2
98300;BOT_TAKER;BOT_MAKER;VELVETFRUIT_EXTRACT;XIRECS;5275.0;3
98500;BOT_MAKER;BOT_TAKER;VEV_5300;XIRECS;44.0;3
98600;BOT_TAKER;BOT_MAKER;VELVETFRUIT_EXTRACT;XIRECS;5278.0;4
98700;BOT_TAKER;BOT_MAKER;VELVETFRUIT_EXTRACT;XIRECS;5277.0;15
98800;BOT_TAKER;BOT_MAKER;VEV_4000;XIRECS;1285.0;1
98800;BOT_MAKER;BOT_TAKER;VEV_5300;XIRECS;44.0;5
98900;BOT_TAKER;BOT_MAKER;VELVETFRUIT_EXTRACT;XIRECS;5278.0;7
99000;BOT_TAKER;BOT_MAKER;HYDROGEL_PACK;XIRECS;9858.0;5
99000;BOT_TAKER;BOT_MAKER;VELVETFRUIT_EXTRACT;XIRECS;5278.0;6
99100;BOT_TAKER;BOT_MAKER;HYDROGEL_PACK;XIRECS;9859.0;4
99100;BOT_MAKER;BOT_TAKER;VEV_6000;XIRECS;0.0;2
99200;BOT_TAKER;BOT_MAKER;HYDROGEL_PACK;XIRECS;9865.0;5
99200;BOT_TAKER;BOT_MAKER;VELVETFRUIT_EXTRACT;XIRECS;5277.0;8
99300;BOT_TAKER;BOT_MAKER;HYDROGEL_PACK;XIRECS;9865.0;5
99600;BOT_MAKER;BOT_TAKER;VELVETFRUIT_EXTRACT;XIRECS;5272.0;10
99800;BOT_TAKER;BOT_MAKER;VELVETFRUIT_EXTRACT;XIRECS;5275.0;7
99800;BOT_MAKER;BOT_TAKER;VEV_5400;XIRECS;4.0;4
99800;BOT_MAKER;BOT_TAKER;VEV_5500;XIRECS;4.0;3
99900;BOT_TAKER;BOT_MAKER;VELVETFRUIT_EXTRACT;XIRECS;5273.0;8
100200;BOT_TAKER;BOT_MAKER;HYDROGEL_PACK;XIRECS;9872.0;3
100200;BOT_TAKER;BOT_MAKER;VELVETFRUIT_EXTRACT;XIRECS;5272.0;7
100300;BOT_TAKER;BOT_MAKER;VEV_4000;XIRECS;1283.0;2
100300;BOT_MAKER;BOT_TAKER;VEV_6500;XIRECS;0.0;2
100400;BOT_MAKER;BOT_TAKER;VEV_6500;XIRECS;0.0;3
100500;BOT_MAKER;BOT_TAKER;VELVETFRUIT_EXTRACT;XIRECS;5265.0;7
100500;BOT_TAKER;BOT_MAKER;VEV_4000;XIRECS;1284.0;1
100600;BOT_MAKER;BOT_TAKER;VEV_4000;XIRECS;1262.0;2
100700;BOT_MAKER;BOT_TAKER;HYDROGEL_PACK;XIRECS;9858.0;2
100900;BOT_TAKER;BOT_MAKER;VEV_4000;XIRECS;1287.0;2
100900;BOT_TAKER;BOT_MAKER;VEV_6000;XIRECS;1.0;5
101000;BOT_TAKER;BOT_MAKER;VEV_5300;XIRECS;47.0;2
101100;BOT_MAKER;BOT_TAKER;HYDROGEL_PACK;XIRECS;9856.0;6
101100;BOT_TAKER;BOT_MAKER;VELVETFRUIT_EXTRACT;XIRECS;5273.0;6
101300;BOT_MAKER;BOT_TAKER;HYDROGEL_PACK;XIRECS;9854.0;6
101300;BOT_TAKER;BOT_MAKER;VELVETFRUIT_EXTRACT;XIRECS;5272.0;8
101300;BOT_TAKER;BOT_MAKER;VEV_5300;XIRECS;48.0;4
101300;BOT_TAKER;BOT_MAKER;VEV_5400;XIRECS;5.0;4
101300;BOT_TAKER;BOT_MAKER;VEV_5400;XIRECS;5.0;2
101400;BOT_MAKER;BOT_TAKER;HYDROGEL_PACK;XIRECS;9851.0;6
101400;BOT_MAKER;BOT_TAKER;VEV_5200;XIRECS;128.0;5
101600;BOT_MAKER;BOT_TAKER;HYDROGEL_PACK;XIRECS;9849.0;2
101600;BOT_TAKER;BOT_MAKER;VELVETFRUIT_EXTRACT;XIRECS;5272.0;5
101600;BOT_TAKER;BOT_MAKER;VEV_6500;XIRECS;1.0;2
101700;BOT_MAKER;BOT_TAKER;HYDROGEL_PACK;XIRECS;9850.0;2
101700;BOT_TAKER;BOT_MAKER;VELVETFRUIT_EXTRACT;XIRECS;5273.0;6
101800;BOT_TAKER;BOT_MAKER;VELVETFRUIT_EXTRACT;XIRECS;5275.0;5
101900;BOT_TAKER;BOT_MAKER;HYDROGEL_PACK;XIRECS;9867.0;4
101900;BOT_TAKER;BOT_MAKER;VEV_6500;XIRECS;1.0;4
102000;BOT_MAKER;BOT_TAKER;VEV_4000;XIRECS;1269.0;2
102000;BOT_TAKER;BOT_MAKER;VEV_6500;XIRECS;1.0;3
102100;BOT_TAKER;BOT_MAKER;VELVETFRUIT_EXTRACT;XIRECS;5276.0;4
102200;BOT_TAKER;BOT_MAKER;VELVETFRUIT_EXTRACT;XIRECS;5275.0;8
102300;BOT_TAKER;BOT_MAKER;VELVETFRUIT_EXTRACT;XIRECS;5274.0;4
102400;BOT_TAKER;BOT_MAKER;VEV_4000;XIRECS;1292.0;3
102500;BOT_TAKER;BOT_MAKER;VEV_5500;XIRECS;5.0;2
102500;BOT_TAKER;BOT_MAKER;VEV_6500;XIRECS;1.0;5
102600;BOT_TAKER;BOT_MAKER;VEV_4000;XIRECS;1292.0;2
102800;BOT_MAKER;BOT_TAKER;VELVETFRUIT_EXTRACT;XIRECS;5267.0;5
102800;BOT_TAKER;BOT_MAKER;VEV_5400;XIRECS;6.0;5
102800;BOT_MAKER;BOT_TAKER;VEV_6500;XIRECS;0.0;2
103300;BOT_TAKER;BOT_MAKER;VELVETFRUIT_EXTRACT;XIRECS;5272.0;7
103300;BOT_MAKER;BOT_TAKER;VEV_4000;XIRECS;1272.0;3
103400;BOT_MAKER;BOT_TAKER;HYDROGEL_PACK;XIRECS;9847.0;6
103400;BOT_MAKER;BOT_TAKER;VEV_4000;XIRECS;1273.0;2
103700;BOT_MAKER;BOT_TAKER;VELVETFRUIT_EXTRACT;XIRECS;5266.0;4
103800;BOT_MAKER;BOT_TAKER;HYDROGEL_PACK;XIRECS;9851.0;3
103800;BOT_MAKER;BOT_TAKER;VELVETFRUIT_EXTRACT;XIRECS;5268.0;8
103800;BOT_TAKER;BOT_MAKER;VEV_5500;XIRECS;5.0;3
103900;BOT_TAKER;BOT_MAKER;HYDROGEL_PACK;XIRECS;9867.0;6
104000;BOT_MAKER;BOT_TAKER;HYDROGEL_PACK;XIRECS;9848.0;6
104000;BOT_TAKER;BOT_MAKER;VELVETFRUIT_EXTRACT;XIRECS;5271.0;7
104100;BOT_MAKER;BOT_TAKER;VELVETFRUIT_EXTRACT;XIRECS;5266.0;7
104100;BOT_TAKER;BOT_MAKER;VEV_5300;XIRECS;45.0;5
104200;BOT_TAKER;BOT_MAKER;HYDROGEL_PACK;XIRECS;9869.0;6
104200;BOT_MAKER;BOT_TAKER;VELVETFRUIT_EXTRACT;XIRECS;5264.0;8
104400;BOT_MAKER;BOT_TAKER;HYDROGEL_PACK;XIRECS;9852.0;2
104700;BOT_MAKER;BOT_TAKER;HYDROGEL_PACK;XIRECS;9853.0;2
104700;BOT_TAKER;BOT_MAKER;VELVETFRUIT_EXTRACT;XIRECS;5270.0;8
104800;BOT_TAKER;BOT_MAKER;HYDROGEL_PACK;XIRECS;9867.0;6
104800;BOT_MAKER;BOT_TAKER;VELVETFRUIT_EXTRACT;XIRECS;5263.0;5
104900;BOT_MAKER;BOT_TAKER;HYDROGEL_PACK;XIRECS;9853.0;4
104900;BOT_MAKER;BOT_TAKER;VELVETFRUIT_EXTRACT;XIRECS;5263.0;5
104900;BOT_TAKER;BOT_MAKER;VELVETFRUIT_EXTRACT;XIRECS;5269.0;6
105000;BOT_TAKER;BOT_MAKER;VEV_5500;XIRECS;5.0;5
105100;BOT_TAKER;BOT_MAKER;VELVETFRUIT_EXTRACT;XIRECS;5266.0;8
105200;BOT_MAKER;BOT_TAKER;VELVETFRUIT_EXTRACT;XIRECS;5261.0;8
105200;BOT_MAKER;BOT_TAKER;VEV_5400;XIRECS;5.0;5
105400;BOT_MAKER;BOT_TAKER;VELVETFRUIT_EXTRACT;XIRECS;5259.0;5
105400;BOT_MAKER;BOT_TAKER;VELVETFRUIT_EXTRACT;XIRECS;5259.0;6
105500;BOT_TAKER;BOT_MAKER;HYDROGEL_PACK;XIRECS;9875.0;6
105500;BOT_MAKER;BOT_TAKER;VEV_4000;XIRECS;1271.0;3
105500;BOT_MAKER;BOT_TAKER;VEV_5500;XIRECS;4.0;2
105600;BOT_TAKER;BOT_MAKER;HYDROGEL_PACK;XIRECS;9875.0;5
105600;BOT_TAKER;BOT_MAKER;VELVETFRUIT_EXTRACT;XIRECS;5263.0;4
105700;BOT_TAKER;BOT_MAKER;VELVETFRUIT_EXTRACT;XIRECS;5261.0;3
105700;BOT_TAKER;BOT_MAKER;VEV_4000;XIRECS;1293.0;1
105800;BOT_MAKER;BOT_TAKER;VELVETFRUIT_EXTRACT;XIRECS;5257.0;7
105800;BOT_MAKER;BOT_TAKER;VEV_4000;XIRECS;1271.0;2
105900;BOT_TAKER;BOT_MAKER;HYDROGEL_PACK;XIRECS;9876.0;3
105900;BOT_MAKER;BOT_TAKER;VELVETFRUIT_EXTRACT;XIRECS;5255.0;8
106100;BOT_MAKER;BOT_TAKER;HYDROGEL_PACK;XIRECS;9856.0;2
106100;BOT_TAKER;BOT_MAKER;VEV_6000;XIRECS;1.0;5
106200;BOT_TAKER;BOT_MAKER;HYDROGEL_PACK;XIRECS;9873.0;5
106400;BOT_MAKER;BOT_TAKER;VELVETFRUIT_EXTRACT;XIRECS;5255.0;4
106400;BOT_MAKER;BOT_TAKER;VELVETFRUIT_EXTRACT;XIRECS;5255.0;8
106500;BOT_TAKER;BOT_MAKER;VELVETFRUIT_EXTRACT;XIRECS;5261.0;6
106600;BOT_TAKER;BOT_MAKER;HYDROGEL_PACK;XIRECS;9874.0;2
106600;BOT_TAKER;BOT_MAKER;VEV_4000;XIRECS;1292.0;2
106600;BOT_TAKER;BOT_MAKER;VEV_6500;XIRECS;1.0;4
106800;BOT_MAKER;BOT_TAKER;HYDROGEL_PACK;XIRECS;9859.0;2
106800;BOT_TAKER;BOT_MAKER;VEV_6500;XIRECS;1.0;3
106900;BOT_TAKER;BOT_MAKER;HYDROGEL_PACK;XIRECS;9873.0;2
106900;BOT_MAKER;BOT_TAKER;VELVETFRUIT_EXTRACT;XIRECS;5258.0;7
107000;BOT_TAKER;BOT_MAKER;VELVETFRUIT_EXTRACT;XIRECS;5263.0;5
107000;BOT_TAKER;BOT_MAKER;VEV_4000;XIRECS;1292.0;1
107100;BOT_TAKER;BOT_MAKER;HYDROGEL_PACK;XIRECS;9873.0;3
107100;BOT_MAKER;BOT_TAKER;VELVETFRUIT_EXTRACT;XIRECS;5257.0;5
107200;BOT_MAKER;BOT_TAKER;VELVETFRUIT_EXTRACT;XIRECS;5259.0;5
107200;BOT_TAKER;BOT_MAKER;VEV_4000;XIRECS;1293.0;3
107400;BOT_TAKER;BOT_MAKER;HYDROGEL_PACK;XIRECS;9872.0;4
107400;BOT_MAKER;BOT_TAKER;VEV_4000;XIRECS;1271.0;2
107500;BOT_MAKER;BOT_TAKER;HYDROGEL_PACK;XIRECS;9856.0;2
107500;BOT_MAKER;BOT_TAKER;VEV_5500;XIRECS;4.0;3
107500;BOT_TAKER;BOT_MAKER;VEV_5500;XIRECS;5.0;5
107600;BOT_MAKER;BOT_TAKER;VEV_6000;XIRECS;0.0;5
107800;BOT_TAKER;BOT_MAKER;VEV_4000;XIRECS;1293.0;3
107900;BOT_TAKER;BOT_MAKER;VEV_5500;XIRECS;5.0;2
108000;BOT_TAKER;BOT_MAKER;HYDROGEL_PACK;XIRECS;9870.0;3
108000;BOT_TAKER;BOT_MAKER;VEV_4000;XIRECS;1297.0;2
108100;BOT_MAKER;BOT_TAKER;VELVETFRUIT_EXTRACT;XIRECS;5256.0;6
108200;BOT_TAKER;BOT_MAKER;VELVETFRUIT_EXTRACT;XIRECS;5262.0;7
108300;BOT_TAKER;BOT_MAKER;VELVETFRUIT_EXTRACT;XIRECS;5261.0;8
108300;BOT_TAKER;BOT_MAKER;VEV_5300;XIRECS;49.0;5
108400;BOT_TAKER;BOT_MAKER;VELVETFRUIT_EXTRACT;XIRECS;5258.0;11
108400;BOT_TAKER;BOT_MAKER;VEV_4000;XIRECS;1295.0;1
108500;BOT_TAKER;BOT_MAKER;HYDROGEL_PACK;XIRECS;9868.0;2
108500;BOT_MAKER;BOT_TAKER;VELVETFRUIT_EXTRACT;XIRECS;5253.0;3
108700;BOT_TAKER;BOT_MAKER;HYDROGEL_PACK;XIRECS;9868.0;3
108900;BOT_TAKER;BOT_MAKER;VEV_5300;XIRECS;50.0;3
108900;BOT_TAKER;BOT_MAKER;VEV_6000;XIRECS;1.0;4
109000;BOT_TAKER;BOT_MAKER;HYDROGEL_PACK;XIRECS;9867.0;2
109200;BOT_TAKER;BOT_MAKER;VEV_5300;XIRECS;50.0;1
109300;BOT_TAKER;BOT_MAKER;VELVETFRUIT_EXTRACT;XIRECS;5260.0;4
109300;BOT_MAKER;BOT_TAKER;VEV_5400;XIRECS;4.0;2
109400;BOT_TAKER;BOT_MAKER;VELVETFRUIT_EXTRACT;XIRECS;5259.0;7
109400;BOT_MAKER;BOT_TAKER;VEV_5300;XIRECS;48.0;5
109500;BOT_TAKER;BOT_MAKER;VELVETFRUIT_EXTRACT;XIRECS;5257.0;5
109500;BOT_TAKER;BOT_MAKER;VEV_5500;XIRECS;5.0;5
109500;BOT_TAKER;BOT_MAKER;VEV_6500;XIRECS;1.0;3
109700;BOT_MAKER;BOT_TAKER;VEV_6500;XIRECS;0.0;2
109800;BOT_TAKER;BOT_MAKER;HYDROGEL_PACK;XIRECS;9871.0;2
109800;BOT_TAKER;BOT_MAKER;VELVETFRUIT_EXTRACT;XIRECS;5260.0;7
109900;BOT_MAKER;BOT_TAKER;VELVETFRUIT_EXTRACT;XIRECS;5254.0;4
109900;BOT_TAKER;BOT_MAKER;VEV_4000;XIRECS;1299.0;2
109900;BOT_TAKER;BOT_MAKER;VEV_5300;XIRECS;50.0;5
110000;BOT_MAKER;BOT_TAKER;VEV_5400;XIRECS;4.0;2
110100;BOT_MAKER;BOT_TAKER;HYDROGEL_PACK;XIRECS;9854.0;5
110100;BOT_TAKER;BOT_MAKER;VELVETFRUIT_EXTRACT;XIRECS;5257.0;8
110100;BOT_TAKER;BOT_MAKER;VEV_4000;XIRECS;1297.0;3
110200;BOT_TAKER;BOT_MAKER;VEV_6000;XIRECS;1.0;3
110300;BOT_TAKER;BOT_MAKER;VELVETFRUIT_EXTRACT;XIRECS;5257.0;4
110400;BOT_TAKER;BOT_MAKER;VELVETFRUIT_EXTRACT;XIRECS;5257.0;6
110500;BOT_MAKER;BOT_TAKER;VELVETFRUIT_EXTRACT;XIRECS;5251.0;7
110500;BOT_TAKER;BOT_MAKER;VEV_4000;XIRECS;1297.0;1
110600;BOT_MAKER;BOT_TAKER;HYDROGEL_PACK;XIRECS;9859.0;6
110600;BOT_TAKER;BOT_MAKER;VELVETFRUIT_EXTRACT;XIRECS;5257.0;7
110900;BOT_TAKER;BOT_MAKER;HYDROGEL_PACK;XIRECS;9874.0;5
110900;BOT_MAKER;BOT_TAKER;VEV_4000;XIRECS;1276.0;2
111000;BOT_MAKER;BOT_TAKER;HYDROGEL_PACK;XIRECS;9858.0;5
111000;BOT_TAKER;BOT_MAKER;VELVETFRUIT_EXTRACT;XIRECS;5261.0;7
111100;BOT_MAKER;BOT_TAKER;HYDROGEL_PACK;XIRECS;9858.0;4
111100;BOT_TAKER;BOT_MAKER;VEV_5400;XIRECS;5.0;4
111100;BOT_MAKER;BOT_TAKER;VEV_6000;XIRECS;0.0;3
111200;BOT_MAKER;BOT_TAKER;VELVETFRUIT_EXTRACT;XIRECS;5256.0;7
111300;BOT_TAKER;BOT_MAKER;VELVETFRUIT_EXTRACT;XIRECS;5263.0;3
111300;BOT_TAKER;BOT_MAKER;VEV_6000;XIRECS;1.0;2
111500;BOT_MAKER;BOT_TAKER;VELVETFRUIT_EXTRACT;XIRECS;5259.0;3
111500;BOT_MAKER;BOT_TAKER;VEV_4000;XIRECS;1275.0;1
111600;BOT_MAKER;BOT_TAKER;HYDROGEL_PACK;XIRECS;9857.0;3
111600;BOT_MAKER;BOT_TAKER;VELVETFRUIT_EXTRACT;XIRECS;5259.0;5
111600;BOT_TAKER;BOT_MAKER;VELVETFRUIT_EXTRACT;XIRECS;5265.0;3
111700;BOT_TAKER;BOT_MAKER;VEV_6000;XIRECS;1.0;5
111800;BOT_MAKER;BOT_TAKER;HYDROGEL_PACK;XIRECS;9856.0;2
111800;BOT_MAKER;BOT_TAKER;VEV_5500;XIRECS;4.0;4
111900;BOT_TAKER;BOT_MAKER;VELVETFRUIT_EXTRACT;XIRECS;5269.0;6
112000;BOT_TAKER;BOT_MAKER;HYDROGEL_PACK;XIRECS;9870.0;6
112000;BOT_MAKER;BOT_TAKER;HYDROGEL_PACK;XIRECS;9854.0;6
112200;BOT_MAKER;BOT_TAKER;VEV_5400;XIRECS;4.0;5
112200;BOT_MAKER;BOT_TAKER;VEV_5500;XIRECS;4.0;5
112300;BOT_TAKER;BOT_MAKER;VEV_6500;XIRECS;1.0;4
112400;BOT_MAKER;BOT_TAKER;HYDROGEL_PACK;XIRECS;9851.0;5
112500;BOT_TAKER;BOT_MAKER;HYDROGEL_PACK;XIRECS;9870.0;6
112600;BOT_TAKER;BOT_MAKER;VELVETFRUIT_EXTRACT;XIRECS;5270.0;8
112700;BOT_MAKER;BOT_TAKER;VELVETFRUIT_EXTRACT;XIRECS;5265.0;12
112800;BOT_MAKER;BOT_TAKER;VEV_6000;XIRECS;0.0;5
113000;BOT_TAKER;BOT_MAKER;VEV_6500;XIRECS;1.0;5
113100;BOT_TAKER;BOT_MAKER;VELVETFRUIT_EXTRACT;XIRECS;5272.0;5
113100;BOT_TAKER;BOT_MAKER;VEV_6500;XIRECS;1.0;3
113200;BOT_MAKER;BOT_TAKER;HYDROGEL_PACK;XIRECS;9850.0;5
113300;BOT_MAKER;BOT_TAKER;VELVETFRUIT_EXTRACT;XIRECS;5268.0;5
113300;BOT_MAKER;BOT_TAKER;VEV_4000;XIRECS;1268.0;3
113400;BOT_TAKER;BOT_MAKER;VELVETFRUIT_EXTRACT;XIRECS;5273.0;5
113500;BOT_MAKER;BOT_TAKER;HYDROGEL_PACK;XIRECS;9856.0;5
113500;BOT_TAKER;BOT_MAKER;VEV_6500;XIRECS;1.0;3
113600;BOT_TAKER;BOT_MAKER;VEV_6000;XIRECS;1.0;4
113700;BOT_MAKER;BOT_TAKER;HYDROGEL_PACK;XIRECS;9855.0;3
113700;BOT_MAKER;BOT_TAKER;VEV_5500;XIRECS;3.0;5
114000;BOT_TAKER;BOT_MAKER;VELVETFRUIT_EXTRACT;XIRECS;5274.0;5
114100;BOT_MAKER;BOT_TAKER;VELVETFRUIT_EXTRACT;XIRECS;5268.0;6
114100;BOT_MAKER;BOT_TAKER;VEV_6000;XIRECS;0.0;3
114200;BOT_TAKER;BOT_MAKER;HYDROGEL_PACK;XIRECS;9871.0;3
114200;BOT_MAKER;BOT_TAKER;VELVETFRUIT_EXTRACT;XIRECS;5268.0;3
114300;BOT_MAKER;BOT_TAKER;HYDROGEL_PACK;XIRECS;9853.0;4
114300;BOT_MAKER;BOT_TAKER;VELVETFRUIT_EXTRACT;XIRECS;5266.0;8
114600;BOT_MAKER;BOT_TAKER;HYDROGEL_PACK;XIRECS;9856.0;3
114600;BOT_MAKER;BOT_TAKER;VEV_5400;XIRECS;4.0;2
114700;BOT_MAKER;BOT_TAKER;HYDROGEL_PACK;XIRECS;9854.0;3
114800;BOT_MAKER;BOT_TAKER;HYDROGEL_PACK;XIRECS;9854.0;4
114900;BOT_MAKER;BOT_TAKER;VEV_4000;XIRECS;1267.0;1
115000;BOT_MAKER;BOT_TAKER;HYDROGEL_PACK;XIRECS;9853.0;2
115000;BOT_TAKER;BOT_MAKER;VELVETFRUIT_EXTRACT;XIRECS;5273.0;5
115100;BOT_MAKER;BOT_TAKER;VEV_5300;XIRECS;42.0;4
115300;BOT_TAKER;BOT_MAKER;VELVETFRUIT_EXTRACT;XIRECS;5271.0;5
115400;BOT_TAKER;BOT_MAKER;VELVETFRUIT_EXTRACT;XIRECS;5271.0;8
115800;BOT_MAKER;BOT_TAKER;HYDROGEL_PACK;XIRECS;9846.0;4
115800;BOT_TAKER;BOT_MAKER;VELVETFRUIT_EXTRACT;XIRECS;5271.0;3
115800;BOT_TAKER;BOT_MAKER;VELVETFRUIT_EXTRACT;XIRECS;5271.0;6
116000;BOT_TAKER;BOT_MAKER;HYDROGEL_PACK;XIRECS;9860.0;2
116000;BOT_TAKER;BOT_MAKER;VELVETFRUIT_EXTRACT;XIRECS;5270.0;6
116000;BOT_TAKER;BOT_MAKER;VEV_6000;XIRECS;1.0;2
116100;BOT_MAKER;BOT_TAKER;VELVETFRUIT_EXTRACT;XIRECS;5265.0;4
116100;BOT_MAKER;BOT_TAKER;VEV_4000;XIRECS;1271.0;1
116100;BOT_MAKER;BOT_TAKER;VEV_6500;XIRECS;0.0;3
116200;BOT_TAKER;BOT_MAKER;VEV_6500;XIRECS;1.0;4
116300;BOT_MAKER;BOT_TAKER;VEV_4000;XIRECS;1272.0;2
116400;BOT_MAKER;BOT_TAKER;HYDROGEL_PACK;XIRECS;9843.0;2
116400;BOT_MAKER;BOT_TAKER;VELVETFRUIT_EXTRACT;XIRECS;5265.0;4
116500;BOT_TAKER;BOT_MAKER;HYDROGEL_PACK;XIRECS;9859.0;4
116500;BOT_TAKER;BOT_MAKER;VEV_5400;XIRECS;5.0;2
116500;BOT_MAKER;BOT_TAKER;VEV_6500;XIRECS;0.0;2
116700;BOT_MAKER;BOT_TAKER;VELVETFRUIT_EXTRACT;XIRECS;5264.0;7
116700;BOT_MAKER;BOT_TAKER;VEV_6000;XIRECS;0.0;2
116800;BOT_TAKER;BOT_MAKER;VELVETFRUIT_EXTRACT;XIRECS;5269.0;5
116900;BOT_TAKER;BOT_MAKER;VELVETFRUIT_EXTRACT;XIRECS;5269.0;9
117000;BOT_MAKER;BOT_TAKER;HYDROGEL_PACK;XIRECS;9840.0;4
117000;BOT_MAKER;BOT_TAKER;VELVETFRUIT_EXTRACT;XIRECS;5264.0;7
117000;BOT_TAKER;BOT_MAKER;VEV_4000;XIRECS;1292.0;2
117000;BOT_MAKER;BOT_TAKER;VEV_6000;XIRECS;0.0;5
117000;BOT_MAKER;BOT_TAKER;VEV_6500;XIRECS;0.0;2
117100;BOT_TAKER;BOT_MAKER;VELVETFRUIT_EXTRACT;XIRECS;5269.0;3
117100;BOT_TAKER;BOT_MAKER;VEV_5400;XIRECS;6.0;2
117200;BOT_MAKER;BOT_TAKER;HYDROGEL_PACK;XIRECS;9843.0;5
117300;BOT_TAKER;BOT_MAKER;VELVETFRUIT_EXTRACT;XIRECS;5269.0;4
117400;BOT_TAKER;BOT_MAKER;HYDROGEL_PACK;XIRECS;9863.0;5
117500;BOT_MAKER;BOT_TAKER;VEV_4000;XIRECS;1271.0;3
117700;BOT_MAKER;BOT_TAKER;VELVETFRUIT_EXTRACT;XIRECS;5263.0;7
117800;BOT_TAKER;BOT_MAKER;VELVETFRUIT_EXTRACT;XIRECS;5267.0;3
117900;BOT_MAKER;BOT_TAKER;VELVETFRUIT_EXTRACT;XIRECS;5264.0;4
117900;BOT_TAKER;BOT_MAKER;VEV_5400;XIRECS;5.0;2
118000;BOT_TAKER;BOT_MAKER;VELVETFRUIT_EXTRACT;XIRECS;5271.0;4
118000;BOT_TAKER;BOT_MAKER;VEV_4000;XIRECS;1294.0;1
118100;BOT_TAKER;BOT_MAKER;VELVETFRUIT_EXTRACT;XIRECS;5271.0;8
118100;BOT_MAKER;BOT_TAKER;VELVETFRUIT_EXTRACT;XIRECS;5265.0;5
118200;BOT_TAKER;BOT_MAKER;VELVETFRUIT_EXTRACT;XIRECS;5272.0;8
118400;BOT_MAKER;BOT_TAKER;HYDROGEL_PACK;XIRECS;9847.0;3
118400;BOT_TAKER;BOT_MAKER;VELVETFRUIT_EXTRACT;XIRECS;5272.0;3
118500;BOT_TAKER;BOT_MAKER;VEV_4000;XIRECS;1293.0;3
118600;BOT_TAKER;BOT_MAKER;VELVETFRUIT_EXTRACT;XIRECS;5276.0;3
118700;BOT_MAKER;BOT_TAKER;VELVETFRUIT_EXTRACT;XIRECS;5271.0;4
119000;BOT_TAKER;BOT_MAKER;VELVETFRUIT_EXTRACT;XIRECS;5277.0;3
119100;BOT_TAKER;BOT_MAKER;HYDROGEL_PACK;XIRECS;9856.0;3
119100;BOT_MAKER;BOT_TAKER;VEV_6000;XIRECS;0.0;2
119300;BOT_TAKER;BOT_MAKER;VELVETFRUIT_EXTRACT;XIRECS;5276.0;7
119400;BOT_TAKER;BOT_MAKER;HYDROGEL_PACK;XIRECS;9857.0;2
119400;BOT_TAKER;BOT_MAKER;VEV_5500;XIRECS;4.0;2
119500;BOT_MAKER;BOT_TAKER;VEV_6500;XIRECS;0.0;4
119600;BOT_MAKER;BOT_TAKER;VEV_4000;XIRECS;1274.0;3
119700;BOT_TAKER;BOT_MAKER;HYDROGEL_PACK;XIRECS;9850.0;5
119700;BOT_TAKER;BOT_MAKER;VELVETFRUIT_EXTRACT;XIRECS;5278.0;5
119800;BOT_MAKER;BOT_TAKER;HYDROGEL_PACK;XIRECS;9836.0;3
119800;BOT_MAKER;BOT_TAKER;VEV_6000;XIRECS;0.0;3
119900;BOT_MAKER;BOT_TAKER;VELVETFRUIT_EXTRACT;XIRECS;5273.0;6
120000;BOT_MAKER;BOT_TAKER;VELVETFRUIT_EXTRACT;XIRECS;5274.0;7
120000;BOT_MAKER;BOT_TAKER;VEV_5400;XIRECS;5.0;4
120100;BOT_TAKER;BOT_MAKER;HYDROGEL_PACK;XIRECS;9846.0;2
120100;BOT_TAKER;BOT_MAKER;VELVETFRUIT_EXTRACT;XIRECS;5280.0;6
120100;BOT_MAKER;BOT_TAKER;VELVETFRUIT_EXTRACT;XIRECS;5274.0;5
120100;BOT_MAKER;BOT_TAKER;VEV_4000;XIRECS;1272.0;3
120100;BOT_TAKER;BOT_MAKER;VEV_6500;XIRECS;1.0;4
120200;BOT_MAKER;BOT_TAKER;HYDROGEL_PACK;XIRECS;9829.0;6
120300;BOT_TAKER;BOT_MAKER;VELVETFRUIT_EXTRACT;XIRECS;5279.0;8
120400;BOT_TAKER;BOT_MAKER;VELVETFRUIT_EXTRACT;XIRECS;5278.0;4
120400;BOT_TAKER;BOT_MAKER;VEV_5200;XIRECS;122.0;4
120700;BOT_TAKER;BOT_MAKER;VELVETFRUIT_EXTRACT;XIRECS;5277.0;10
120800;BOT_TAKER;BOT_MAKER;VELVETFRUIT_EXTRACT;XIRECS;5277.0;5
120900;BOT_MAKER;BOT_TAKER;VEV_4000;XIRECS;1274.0;1
121000;BOT_MAKER;BOT_TAKER;VELVETFRUIT_EXTRACT;XIRECS;5274.0;4
121000;BOT_TAKER;BOT_MAKER;VEV_4000;XIRECS;1295.0;1
121100;BOT_TAKER;BOT_MAKER;VELVETFRUIT_EXTRACT;XIRECS;5280.0;3
121300;BOT_TAKER;BOT_MAKER;HYDROGEL_PACK;XIRECS;9850.0;4
121300;BOT_MAKER;BOT_TAKER;VEV_4000;XIRECS;1273.0;1
121400;BOT_TAKER;BOT_MAKER;HYDROGEL_PACK;XIRECS;9852.0;3
121400;BOT_TAKER;BOT_MAKER;VEV_5300;XIRECS;45.0;5
121500;BOT_TAKER;BOT_MAKER;VEV_6000;XIRECS;1.0;4
121600;BOT_TAKER;BOT_MAKER;VELVETFRUIT_EXTRACT;XIRECS;5275.0;8
121700;BOT_MAKER;BOT_TAKER;VELVETFRUIT_EXTRACT;XIRECS;5270.0;5
121700;BOT_MAKER;BOT_TAKER;VEV_6000;XIRECS;0.0;3
121800;BOT_MAKER;BOT_TAKER;VELVETFRUIT_EXTRACT;XIRECS;5270.0;5
121800;BOT_TAKER;BOT_MAKER;VEV_4000;XIRECS;1296.0;3
121900;BOT_MAKER;BOT_TAKER;VELVETFRUIT_EXTRACT;XIRECS;5271.0;6
121900;BOT_TAKER;BOT_MAKER;VEV_6000;XIRECS;1.0;5
121900;BOT_TAKER;BOT_MAKER;VEV_6500;XIRECS;1.0;4
122000;BOT_TAKER;BOT_MAKER;HYDROGEL_PACK;XIRECS;9845.0;6
122000;BOT_MAKER;BOT_TAKER;VELVETFRUIT_EXTRACT;XIRECS;5270.0;6
122000;BOT_MAKER;BOT_TAKER;VEV_6500;XIRECS;0.0;3
122100;BOT_TAKER;BOT_MAKER;HYDROGEL_PACK;XIRECS;9844.0;3
122100;BOT_TAKER;BOT_MAKER;VEV_4000;XIRECS;1295.0;2
122100;BOT_MAKER;BOT_TAKER;VEV_5400;XIRECS;4.0;4
122200;BOT_MAKER;BOT_TAKER;VELVETFRUIT_EXTRACT;XIRECS;5269.0;3
122200;BOT_TAKER;BOT_MAKER;VEV_6500;XIRECS;1.0;5
122300;BOT_TAKER;BOT_MAKER;VELVETFRUIT_EXTRACT;XIRECS;5275.0;6
122400;BOT_MAKER;BOT_TAKER;VEV_6000;XIRECS;0.0;5
122500;BOT_TAKER;BOT_MAKER;VELVETFRUIT_EXTRACT;XIRECS;5273.0;6
122600;BOT_MAKER;BOT_TAKER;VEV_4000;XIRECS;1274.0;3
122700;BOT_MAKER;BOT_TAKER;HYDROGEL_PACK;XIRECS;9833.0;2
122700;BOT_MAKER;BOT_TAKER;VELVETFRUIT_EXTRACT;XIRECS;5270.0;4
122800;BOT_TAKER;BOT_MAKER;HYDROGEL_PACK;XIRECS;9848.0;3
122900;BOT_MAKER;BOT_TAKER;HYDROGEL_PACK;XIRECS;9834.0;4
123000;BOT_MAKER;BOT_TAKER;VEV_4000;XIRECS;1274.0;1
123000;BOT_MAKER;BOT_TAKER;VEV_6500;XIRECS;0.0;3
123100;BOT_TAKER;BOT_MAKER;VEV_6500;XIRECS;1.0;5
123200;BOT_MAKER;BOT_TAKER;VEV_6500;XIRECS;0.0;3
123400;BOT_MAKER;BOT_TAKER;VELVETFRUIT_EXTRACT;XIRECS;5275.0;5
123400;BOT_MAKER;BOT_TAKER;VEV_6000;XIRECS;0.0;5
123500;BOT_TAKER;BOT_MAKER;HYDROGEL_PACK;XIRECS;9854.0;2
123500;BOT_MAKER;BOT_TAKER;VELVETFRUIT_EXTRACT;XIRECS;5274.0;8
123500;BOT_MAKER;BOT_TAKER;VEV_5500;XIRECS;3.0;4
123600;BOT_MAKER;BOT_TAKER;HYDROGEL_PACK;XIRECS;9839.0;3
123600;BOT_TAKER;BOT_MAKER;VELVETFRUIT_EXTRACT;XIRECS;5282.0;7
123700;BOT_TAKER;BOT_MAKER;VELVETFRUIT_EXTRACT;XIRECS;5282.0;3
123700;BOT_TAKER;BOT_MAKER;VEV_4000;XIRECS;1294.0;1
123700;BOT_TAKER;BOT_MAKER;VEV_5300;XIRECS;46.0;2
123700;BOT_MAKER;BOT_TAKER;VEV_5300;XIRECS;44.0;5
123800;BOT_MAKER;BOT_TAKER;HYDROGEL_PACK;XIRECS;9836.0;3
123800;BOT_TAKER;BOT_MAKER;HYDROGEL_PACK;XIRECS;9852.0;4
123900;BOT_MAKER;BOT_TAKER;VELVETFRUIT_EXTRACT;XIRECS;5278.0;4
123900;BOT_MAKER;BOT_TAKER;VELVETFRUIT_EXTRACT;XIRECS;5278.0;6
123900;BOT_MAKER;BOT_TAKER;VEV_5500;XIRECS;3.0;5
124000;BOT_TAKER;BOT_MAKER;HYDROGEL_PACK;XIRECS;9854.0;3
124200;BOT_MAKER;BOT_TAKER;HYDROGEL_PACK;XIRECS;9833.0;4
124300;BOT_TAKER;BOT_MAKER;HYDROGEL_PACK;XIRECS;9850.0;2
124300;BOT_TAKER;BOT_MAKER;VELVETFRUIT_EXTRACT;XIRECS;5287.0;6
124400;BOT_TAKER;BOT_MAKER;HYDROGEL_PACK;XIRECS;9852.0;5
124400;BOT_TAKER;BOT_MAKER;VEV_5500;XIRECS;4.0;4
124500;BOT_MAKER;BOT_TAKER;HYDROGEL_PACK;XIRECS;9838.0;5
124600;BOT_TAKER;BOT_MAKER;HYDROGEL_PACK;XIRECS;9854.0;4
124600;BOT_TAKER;BOT_MAKER;VELVETFRUIT_EXTRACT;XIRECS;5287.0;8
124700;BOT_TAKER;BOT_MAKER;HYDROGEL_PACK;XIRECS;9856.0;4
124900;BOT_MAKER;BOT_TAKER;HYDROGEL_PACK;XIRECS;9841.0;3
125000;BOT_TAKER;BOT_MAKER;HYDROGEL_PACK;XIRECS;9861.0;6
125100;BOT_TAKER;BOT_MAKER;VELVETFRUIT_EXTRACT;XIRECS;5287.0;8
125100;BOT_TAKER;BOT_MAKER;VEV_5300;XIRECS;46.0;5
125200;BOT_MAKER;BOT_TAKER;VELVETFRUIT_EXTRACT;XIRECS;5284.0;6
125400;BOT_MAKER;BOT_TAKER;VELVETFRUIT_EXTRACT;XIRECS;5286.0;6
125500;BOT_MAKER;BOT_TAKER;VEV_5300;XIRECS;44.0;4
125500;BOT_TAKER;BOT_MAKER;VEV_6500;XIRECS;1.0;4
125600;BOT_TAKER;BOT_MAKER;VELVETFRUIT_EXTRACT;XIRECS;5291.0;4
125700;BOT_TAKER;BOT_MAKER;HYDROGEL_PACK;XIRECS;9863.0;5
125700;BOT_TAKER;BOT_MAKER;VELVETFRUIT_EXTRACT;XIRECS;5292.0;5
125700;BOT_TAKER;BOT_MAKER;VEV_6000;XIRECS;1.0;3
125700;BOT_MAKER;BOT_TAKER;VEV_6500;XIRECS;0.0;3
125800;BOT_MAKER;BOT_TAKER;HYDROGEL_PACK;XIRECS;9844.0;2
125800;BOT_MAKER;BOT_TAKER;VELVETFRUIT_EXTRACT;XIRECS;5286.0;5
125800;BOT_MAKER;BOT_TAKER;VEV_4000;XIRECS;1267.0;2
125900;BOT_MAKER;BOT_TAKER;VELVETFRUIT_EXTRACT;XIRECS;5287.0;4
125900;BOT_TAKER;BOT_MAKER;VEV_5500;XIRECS;5.0;4
126100;BOT_TAKER;BOT_MAKER;VEV_6500;XIRECS;1.0;4
126200;BOT_TAKER;BOT_MAKER;HYDROGEL_PACK;XIRECS;9856.0;2
126200;BOT_TAKER;BOT_MAKER;VEV_6500;XIRECS;1.0;4
126300;BOT_TAKER;BOT_MAKER;HYDROGEL_PACK;XIRECS;9854.0;5
126300;BOT_TAKER;BOT_MAKER;VELVETFRUIT_EXTRACT;XIRECS;5289.0;8
126400;BOT_TAKER;BOT_MAKER;VELVETFRUIT_EXTRACT;XIRECS;5289.0;4
126400;BOT_MAKER;BOT_TAKER;VEV_5300;XIRECS;47.0;4
126400;BOT_TAKER;BOT_MAKER;VEV_5500;XIRECS;5.0;5
126500;BOT_MAKER;BOT_TAKER;VEV_4000;XIRECS;1272.0;2
126700;BOT_TAKER;BOT_MAKER;VELVETFRUIT_EXTRACT;XIRECS;5289.0;4
126800;BOT_MAKER;BOT_TAKER;VELVETFRUIT_EXTRACT;XIRECS;5284.0;8
126900;BOT_MAKER;BOT_TAKER;HYDROGEL_PACK;XIRECS;9834.0;2
127000;BOT_MAKER;BOT_TAKER;HYDROGEL_PACK;XIRECS;9835.0;4
127000;BOT_TAKER;BOT_MAKER;VELVETFRUIT_EXTRACT;XIRECS;5287.0;8
127300;BOT_TAKER;BOT_MAKER;VEV_6500;XIRECS;1.0;3
127400;BOT_TAKER;BOT_MAKER;HYDROGEL_PACK;XIRECS;9859.0;6
127400;BOT_MAKER;BOT_TAKER;VEV_5400;XIRECS;2.0;4
127500;BOT_MAKER;BOT_TAKER;HYDROGEL_PACK;XIRECS;9846.0;2
127700;BOT_MAKER;BOT_TAKER;VELVETFRUIT_EXTRACT;XIRECS;5279.0;13
127800;BOT_MAKER;BOT_TAKER;VELVETFRUIT_EXTRACT;XIRECS;5280.0;5
127900;BOT_MAKER;BOT_TAKER;HYDROGEL_PACK;XIRECS;9854.0;6
127900;BOT_MAKER;BOT_TAKER;VEV_6000;XIRECS;0.0;5
128000;BOT_TAKER;BOT_MAKER;HYDROGEL_PACK;XIRECS;9868.0;2
128100;BOT_TAKER;BOT_MAKER;HYDROGEL_PACK;XIRECS;9867.0;2
128100;BOT_TAKER;BOT_MAKER;VEV_4000;XIRECS;1293.0;1
128200;BOT_TAKER;BOT_MAKER;HYDROGEL_PACK;XIRECS;9867.0;2
128400;BOT_MAKER;BOT_TAKER;VEV_4000;XIRECS;1269.0;3
128600;BOT_MAKER;BOT_TAKER;VELVETFRUIT_EXTRACT;XIRECS;5278.0;8
128700;BOT_TAKER;BOT_MAKER;VEV_6500;XIRECS;1.0;3
128900;BOT_MAKER;BOT_TAKER;HYDROGEL_PACK;XIRECS;9844.0;6
128900;BOT_TAKER;BOT_MAKER;VELVETFRUIT_EXTRACT;XIRECS;5281.0;7
128900;BOT_TAKER;BOT_MAKER;VEV_5500;XIRECS;4.0;2
129100;BOT_TAKER;BOT_MAKER;VEV_5500;XIRECS;4.0;5
129300;BOT_MAKER;BOT_TAKER;VELVETFRUIT_EXTRACT;XIRECS;5277.0;5
129400;BOT_MAKER;BOT_TAKER;VEV_6500;XIRECS;0.0;2
129500;BOT_TAKER;BOT_MAKER;HYDROGEL_PACK;XIRECS;9863.0;5
129600;BOT_MAKER;BOT_TAKER;VELVETFRUIT_EXTRACT;XIRECS;5278.0;4
129700;BOT_TAKER;BOT_MAKER;VELVETFRUIT_EXTRACT;XIRECS;5283.0;10
129800;BOT_MAKER;BOT_TAKER;VELVETFRUIT_EXTRACT;XIRECS;5276.0;8
129800;BOT_TAKER;BOT_MAKER;VEV_5500;XIRECS;4.0;5
129900;BOT_TAKER;BOT_MAKER;VELVETFRUIT_EXTRACT;XIRECS;5283.0;7
129900;BOT_TAKER;BOT_MAKER;VEV_5300;XIRECS;47.0;3
130200;BOT_MAKER;BOT_TAKER;HYDROGEL_PACK;XIRECS;9842.0;5
130200;BOT_MAKER;BOT_TAKER;VEV_4000;XIRECS;1274.0;3
130500;BOT_TAKER;BOT_MAKER;VELVETFRUIT_EXTRACT;XIRECS;5286.0;3
130500;BOT_MAKER;BOT_TAKER;VEV_4000;XIRECS;1273.0;2
130600;BOT_MAKER;BOT_TAKER;VELVETFRUIT_EXTRACT;XIRECS;5280.0;6
130700;BOT_MAKER;BOT_TAKER;HYDROGEL_PACK;XIRECS;9835.0;6
130800;BOT_MAKER;BOT_TAKER;HYDROGEL_PACK;XIRECS;9835.0;3
130900;BOT_MAKER;BOT_TAKER;HYDROGEL_PACK;XIRECS;9832.0;5
130900;BOT_TAKER;BOT_MAKER;VELVETFRUIT_EXTRACT;XIRECS;5285.0;4
131100;BOT_TAKER;BOT_MAKER;HYDROGEL_PACK;XIRECS;9849.0;3
131100;BOT_TAKER;BOT_MAKER;VELVETFRUIT_EXTRACT;XIRECS;5284.0;6
131200;BOT_TAKER;BOT_MAKER;VEV_6000;XIRECS;1.0;2
131300;BOT_MAKER;BOT_TAKER;VELVETFRUIT_EXTRACT;XIRECS;5279.0;8
131300;BOT_TAKER;BOT_MAKER;VEV_6000;XIRECS;1.0;4
131400;BOT_MAKER;BOT_TAKER;VELVETFRUIT_EXTRACT;XIRECS;5279.0;5
131400;BOT_TAKER;BOT_MAKER;VEV_4000;XIRECS;1294.0;1
131500;BOT_MAKER;BOT_TAKER;HYDROGEL_PACK;XIRECS;9842.0;6
131500;BOT_TAKER;BOT_MAKER;VELVETFRUIT_EXTRACT;XIRECS;5284.0;9
131600;BOT_TAKER;BOT_MAKER;VEV_5500;XIRECS;4.0;5
131700;BOT_MAKER;BOT_TAKER;HYDROGEL_PACK;XIRECS;9842.0;5
131800;BOT_TAKER;BOT_MAKER;VEV_6000;XIRECS;1.0;2
131900;BOT_MAKER;BOT_TAKER;VEV_5400;XIRECS;1.0;2
131900;BOT_MAKER;BOT_TAKER;VEV_6000;XIRECS;0.0;2
132000;BOT_MAKER;BOT_TAKER;VEV_5300;XIRECS;43.0;2
132200;BOT_TAKER;BOT_MAKER;HYDROGEL_PACK;XIRECS;9853.0;3
132300;BOT_TAKER;BOT_MAKER;VEV_6500;XIRECS;1.0;3
132400;BOT_MAKER;BOT_TAKER;HYDROGEL_PACK;XIRECS;9837.0;6
132400;BOT_TAKER;BOT_MAKER;VEV_6000;XIRECS;1.0;2
132600;BOT_MAKER;BOT_TAKER;VELVETFRUIT_EXTRACT;XIRECS;5280.0;7
132700;BOT_MAKER;BOT_TAKER;VEV_6000;XIRECS;0.0;2
132800;BOT_MAKER;BOT_TAKER;VEV_5200;XIRECS;115.0;5
132900;BOT_MAKER;BOT_TAKER;VELVETFRUIT_EXTRACT;XIRECS;5280.0;5
133000;BOT_TAKER;BOT_MAKER;VELVETFRUIT_EXTRACT;XIRECS;5287.0;5
133000;BOT_TAKER;BOT_MAKER;VEV_4000;XIRECS;1292.0;1
133200;BOT_TAKER;BOT_MAKER;VEV_5500;XIRECS;3.0;5
133200;BOT_MAKER;BOT_TAKER;VEV_5500;XIRECS;2.0;4
133300;BOT_TAKER;BOT_MAKER;HYDROGEL_PACK;XIRECS;9850.0;6
133300;BOT_TAKER;BOT_MAKER;VEV_4000;XIRECS;1291.0;1
133400;BOT_TAKER;BOT_MAKER;HYDROGEL_PACK;XIRECS;9848.0;2
133400;BOT_TAKER;BOT_MAKER;VELVETFRUIT_EXTRACT;XIRECS;5288.0;8
133500;BOT_MAKER;BOT_TAKER;HYDROGEL_PACK;XIRECS;9832.0;6
133600;BOT_TAKER;BOT_MAKER;VELVETFRUIT_EXTRACT;XIRECS;5286.0;7
133600;BOT_MAKER;BOT_TAKER;VELVETFRUIT_EXTRACT;XIRECS;5280.0;7
133700;BOT_MAKER;BOT_TAKER;VEV_5300;XIRECS;43.0;3
134000;BOT_MAKER;BOT_TAKER;VELVETFRUIT_EXTRACT;XIRECS;5280.0;8
134100;BOT_MAKER;BOT_TAKER;VEV_4000;XIRECS;1271.0;3
134100;BOT_TAKER;BOT_MAKER;VEV_5400;XIRECS;3.0;3
134200;BOT_MAKER;BOT_TAKER;VEV_5300;XIRECS;43.0;5
134200;BOT_MAKER;BOT_TAKER;VEV_6000;XIRECS;0.0;2
134200;BOT_MAKER;BOT_TAKER;VEV_6000;XIRECS;0.0;2
134300;BOT_TAKER;BOT_MAKER;VELVETFRUIT_EXTRACT;XIRECS;5286.0;4
134300;BOT_TAKER;BOT_MAKER;VEV_6500;XIRECS;1.0;2
134400;BOT_TAKER;BOT_MAKER;VELVETFRUIT_EXTRACT;XIRECS;5286.0;3
134500;BOT_MAKER;BOT_TAKER;HYDROGEL_PACK;XIRECS;9830.0;6
134500;BOT_MAKER;BOT_TAKER;VELVETFRUIT_EXTRACT;XIRECS;5279.0;6
134500;BOT_MAKER;BOT_TAKER;VEV_4000;XIRECS;1273.0;2
134500;BOT_TAKER;BOT_MAKER;VEV_5300;XIRECS;45.0;3
134600;BOT_TAKER;BOT_MAKER;VELVETFRUIT_EXTRACT;XIRECS;5286.0;6
134600;BOT_MAKER;BOT_TAKER;VEV_5500;XIRECS;2.0;3
134600;BOT_TAKER;BOT_MAKER;VEV_6000;XIRECS;1.0;3
134700;BOT_TAKER;BOT_MAKER;HYDROGEL_PACK;XIRECS;9851.0;6
134700;BOT_MAKER;BOT_TAKER;VEV_6500;XIRECS;0.0;5
134900;BOT_TAKER;BOT_MAKER;HYDROGEL_PACK;XIRECS;9852.0;5
134900;BOT_TAKER;BOT_MAKER;VELVETFRUIT_EXTRACT;XIRECS;5289.0;7
135000;BOT_MAKER;BOT_TAKER;VEV_4000;XIRECS;1275.0;3
135100;BOT_TAKER;BOT_MAKER;HYDROGEL_PACK;XIRECS;9850.0;5
135200;BOT_TAKER;BOT_MAKER;VEV_4000;XIRECS;1297.0;2
135300;BOT_MAKER;BOT_TAKER;VELVETFRUIT_EXTRACT;XIRECS;5283.0;7
135400;BOT_TAKER;BOT_MAKER;VELVETFRUIT_EXTRACT;XIRECS;5289.0;6
135700;BOT_TAKER;BOT_MAKER;VEV_4000;XIRECS;1299.0;3
135700;BOT_TAKER;BOT_MAKER;VEV_5400;XIRECS;4.0;4
135800;BOT_TAKER;BOT_MAKER;VEV_5500;XIRECS;3.0;3
136100;BOT_TAKER;BOT_MAKER;VEV_5500;XIRECS;3.0;4
136200;BOT_MAKER;BOT_TAKER;HYDROGEL_PACK;XIRECS;9831.0;5
136200;BOT_TAKER;BOT_MAKER;VELVETFRUIT_EXTRACT;XIRECS;5289.0;4
136300;BOT_MAKER;BOT_TAKER;HYDROGEL_PACK;XIRECS;9831.0;4
136400;BOT_MAKER;BOT_TAKER;VELVETFRUIT_EXTRACT;XIRECS;5285.0;5
136400;BOT_MAKER;BOT_TAKER;VEV_6500;XIRECS;0.0;3
136500;BOT_TAKER;BOT_MAKER;HYDROGEL_PACK;XIRECS;9843.0;6
136500;BOT_MAKER;BOT_TAKER;VELVETFRUIT_EXTRACT;XIRECS;5286.0;5
136600;BOT_TAKER;BOT_MAKER;HYDROGEL_PACK;XIRECS;9843.0;2
136600;BOT_TAKER;BOT_MAKER;VELVETFRUIT_EXTRACT;XIRECS;5291.0;7
136600;BOT_TAKER;BOT_MAKER;VEV_4000;XIRECS;1296.0;3
136700;BOT_MAKER;BOT_TAKER;VELVETFRUIT_EXTRACT;XIRECS;5287.0;4
136700;BOT_MAKER;BOT_TAKER;VEV_5500;XIRECS;1.0;3
136900;BOT_MAKER;BOT_TAKER;VEV_6500;XIRECS;0.0;2
137000;BOT_TAKER;BOT_MAKER;VELVETFRUIT_EXTRACT;XIRECS;5290.0;5
