timestamp;buyer;seller;symbol;currency;price;quantity
100;BOT_MAKER;BOT_TAKER;VEV_4000;XIRECS;1252.0;3
100;BOT_TAKER;BOT_MAKER;VEV_5400;XIRECS;17.0;5
300;BOT_MAKER;BOT_TAKER;HYDROGEL_PACK;XIRECS;9967.0;3
300;BOT_TAKER;BOT_MAKER;VELVETFRUIT_EXTRACT;XIRECS;5269.0;7
400;BOT_TAKER;BOT_MAKER;VELVETFRUIT_EXTRACT;XIRECS;5268.0;7
600;BOT_TAKER;BOT_MAKER;HYDROGEL_PACK;XIRECS;9978.0;6
700;BOT_TAKER;BOT_MAKER;VELVETFRUIT_EXTRACT;XIRECS;5269.0;6
900;BOT_MAKER;BOT_TAKER;HYDROGEL_PACK;XIRECS;9961.0;3
1000;BOT_MAKER;BOT_TAKER;HYDROGEL_PACK;XIRECS;9962.0;3
1100;BOT_MAKER;BOT_TAKER;VEV_5500;XIRECS;5.0;5
1200;BOT_MAKER;BOT_TAKER;HYDROGEL_PACK;XIRECS;9965.0;3
1200;BOT_TAKER;BOT_MAKER;VEV_5400;XIRECS;16.0;2
1200;BOT_MAKER;BOT_TAKER;VEV_6500;XIRECS;0.0;5
1300;BOT_MAKER;BOT_TAKER;VELVETFRUIT_EXTRACT;XIRECS;5263.0;5
1300;BOT_MAKER;BOT_TAKER;VEV_5500;XIRECS;5.0;4
1300;BOT_TAKER;BOT_MAKER;VEV_6500;XIRECS;1.0;5
1500;BOT_MAKER;BOT_TAKER;HYDROGEL_PACK;XIRECS;9966.0;4
1500;BOT_MAKER;BOT_TAKER;VELVETFRUIT_EXTRACT;XIRECS;5263.0;8
1500;BOT_TAKER;BOT_MAKER;VEV_5500;XIRECS;6.0;4
1600;BOT_MAKER;BOT_TAKER;VELVETFRUIT_EXTRACT;XIRECS;5262.0;6
1600;BOT_TAKER;BOT_MAKER;VEV_6000;XIRECS;1.0;2
1700;BOT_TAKER;BOT_MAKER;VEV_6500;XIRECS;1.0;4
1800;BOT_TAKER;BOT_MAKER;HYDROGEL_PACK;XIRECS;9982.0;5
1900;BOT_MAKER;BOT_TAKER;VELVETFRUIT_EXTRACT;XIRECS;5260.0;5
1900;BOT_MAKER;BOT_TAKER;VEV_5400;XIRECS;15.0;4
1900;BOT_MAKER;BOT_TAKER;VEV_6500;XIRECS;0.0;2
2000;BOT_MAKER;BOT_TAKER;HYDROGEL_PACK;XIRECS;9967.0;4
2100;BOT_TAKER;BOT_MAKER;VELVETFRUIT_EXTRACT;XIRECS;5264.0;7
2100;BOT_MAKER;BOT_TAKER;VEV_6000;XIRECS;0.0;2
2200;BOT_TAKER;BOT_MAKER;HYDROGEL_PACK;XIRECS;9985.0;4
2300;BOT_MAKER;BOT_TAKER;VEV_5500;XIRECS;5.0;5
2400;BOT_MAKER;BOT_TAKER;VEV_4000;XIRECS;1253.0;3
2500;BOT_MAKER;BOT_TAKER;VELVETFRUIT_EXTRACT;XIRECS;5258.0;4
2600;BOT_TAKER;BOT_MAKER;HYDROGEL_PACK;XIRECS;9983.0;2
2700;BOT_TAKER;BOT_MAKER;HYDROGEL_PACK;XIRECS;9982.0;3
2800;BOT_MAKER;BOT_TAKER;HYDROGEL_PACK;XIRECS;9966.0;4
2800;BOT_MAKER;BOT_TAKER;VELVETFRUIT_EXTRACT;XIRECS;5255.0;10
2800;BOT_MAKER;BOT_TAKER;VEV_5400;XIRECS;15.0;2
2900;BOT_TAKER;BOT_MAKER;VELVETFRUIT_EXTRACT;XIRECS;5261.0;6
2900;BOT_MAKER;BOT_TAKER;VEV_4000;XIRECS;1257.0;2
2900;BOT_MAKER;BOT_TAKER;VEV_6500;XIRECS;0.0;5
3000;BOT_TAKER;BOT_MAKER;HYDROGEL_PACK;XIRECS;9984.0;4
3000;BOT_TAKER;BOT_MAKER;VELVETFRUIT_EXTRACT;XIRECS;5261.0;5
3000;BOT_TAKER;BOT_MAKER;VEV_5500;XIRECS;6.0;4
3000;BOT_TAKER;BOT_MAKER;VEV_6500;XIRECS;1.0;5
3100;BOT_MAKER;BOT_TAKER;VELVETFRUIT_EXTRACT;XIRECS;5256.0;3
3100;BOT_MAKER;BOT_TAKER;VEV_4000;XIRECS;1258.0;2
3100;BOT_MAKER;BOT_TAKER;VEV_5400;XIRECS;16.0;3
3200;BOT_MAKER;BOT_TAKER;HYDROGEL_PACK;XIRECS;9971.0;5
3300;BOT_MAKER;BOT_TAKER;VELVETFRUIT_EXTRACT;XIRECS;5257.0;7
3400;BOT_TAKER;BOT_MAKER;HYDROGEL_PACK;XIRECS;9985.0;5
3500;BOT_MAKER;BOT_TAKER;VEV_5200;XIRECS;108.0;3
3600;BOT_TAKER;BOT_MAKER;VELVETFRUIT_EXTRACT;XIRECS;5261.0;4
3800;BOT_TAKER;BOT_MAKER;VELVETFRUIT_EXTRACT;XIRECS;5262.0;3
3800;BOT_TAKER;BOT_MAKER;VEV_5500;XIRECS;6.0;5
3900;BOT_TAKER;BOT_MAKER;HYDROGEL_PACK;XIRECS;9987.0;6
3900;BOT_TAKER;BOT_MAKER;VELVETFRUIT_EXTRACT;XIRECS;5264.0;8
4200;BOT_TAKER;BOT_MAKER;HYDROGEL_PACK;XIRECS;9990.0;5
4300;BOT_MAKER;BOT_TAKER;VEV_4000;XIRECS;1260.0;2
4300;BOT_TAKER;BOT_MAKER;VEV_5500;XIRECS;6.0;4
4500;BOT_MAKER;BOT_TAKER;VELVETFRUIT_EXTRACT;XIRECS;5258.0;7
4500;BOT_TAKER;BOT_MAKER;VEV_4000;XIRECS;1280.0;1
4500;BOT_MAKER;BOT_TAKER;VEV_5400;XIRECS;17.0;4
4600;BOT_TAKER;BOT_MAKER;VEV_4000;XIRECS;1280.0;3
4700;BOT_TAKER;BOT_MAKER;VELVETFRUIT_EXTRACT;XIRECS;5263.0;12
4900;BOT_MAKER;BOT_TAKER;VEV_5500;XIRECS;5.0;5
4900;BOT_MAKER;BOT_TAKER;VEV_6000;XIRECS;0.0;4
5100;BOT_MAKER;BOT_TAKER;HYDROGEL_PACK;XIRECS;9977.0;4
5100;BOT_TAKER;BOT_MAKER;VEV_4000;XIRECS;1282.0;2
5300;BOT_TAKER;BOT_MAKER;VEV_6500;XIRECS;1.0;5
5400;BOT_MAKER;BOT_TAKER;HYDROGEL_PACK;XIRECS;9979.0;3
5400;BOT_MAKER;BOT_TAKER;VELVETFRUIT_EXTRACT;XIRECS;5257.0;7
5500;BOT_MAKER;BOT_TAKER;VELVETFRUIT_EXTRACT;XIRECS;5258.0;3
5600;BOT_MAKER;BOT_TAKER;VELVETFRUIT_EXTRACT;XIRECS;5258.0;7
5600;BOT_TAKER;BOT_MAKER;VEV_6000;XIRECS;1.0;3
5700;BOT_TAKER;BOT_MAKER;HYDROGEL_PACK;XIRECS;10001.0;6
5700;BOT_TAKER;BOT_MAKER;HYDROGEL_PACK;XIRECS;10001.0;4
5700;BOT_TAKER;BOT_MAKER;HYDROGEL_PACK;XIRECS;10004.0;1
6000;BOT_TAKER;BOT_MAKER;VELVETFRUIT_EXTRACT;XIRECS;5265.0;6
6000;BOT_MAKER;BOT_TAKER;VEV_4000;XIRECS;1268.0;1
6300;BOT_MAKER;BOT_TAKER;VEV_4000;XIRECS;1268.0;3
6400;BOT_TAKER;BOT_MAKER;HYDROGEL_PACK;XIRECS;9996.0;2
6400;BOT_MAKER;BOT_TAKER;VEV_5400;XIRECS;16.0;5
6400;BOT_TAKER;BOT_MAKER;VEV_6000;XIRECS;1.0;4
6500;BOT_TAKER;BOT_MAKER;HYDROGEL_PACK;XIRECS;10000.0;6
6500;BOT_MAKER;BOT_TAKER;VELVETFRUIT_EXTRACT;XIRECS;5258.0;7
6700;BOT_TAKER;BOT_MAKER;HYDROGEL_PACK;XIRECS;10004.0;4
6700;BOT_TAKER;BOT_MAKER;VELVETFRUIT_EXTRACT;XIRECS;5263.0;6
6700;BOT_MAKER;BOT_TAKER;VEV_5500;XIRECS;6.0;2
6900;BOT_MAKER;BOT_TAKER;HYDROGEL_PACK;XIRECS;9988.0;2
6900;BOT_TAKER;BOT_MAKER;VELVETFRUIT_EXTRACT;XIRECS;5262.0;7
6900;BOT_MAKER;BOT_TAKER;VEV_6500;XIRECS;0.0;3
7100;BOT_TAKER;BOT_MAKER;HYDROGEL_PACK;XIRECS;10002.0;3
7100;BOT_TAKER;BOT_MAKER;VEV_4000;XIRECS;1294.0;3
7200;BOT_MAKER;BOT_TAKER;VELVETFRUIT_EXTRACT;XIRECS;5255.0;6
7300;BOT_MAKER;BOT_TAKER;VELVETFRUIT_EXTRACT;XIRECS;5256.0;5
7400;BOT_MAKER;BOT_TAKER;HYDROGEL_PACK;XIRECS;9990.0;4
7400;BOT_MAKER;BOT_TAKER;VEV_5300;XIRECS;48.0;5
7500;BOT_TAKER;BOT_MAKER;VEV_5500;XIRECS;7.0;3
7600;BOT_TAKER;BOT_MAKER;HYDROGEL_PACK;XIRECS;10000.0;5
7600;BOT_MAKER;BOT_TAKER;VELVETFRUIT_EXTRACT;XIRECS;5254.0;5
7600;BOT_MAKER;BOT_TAKER;VELVETFRUIT_EXTRACT;XIRECS;5254.0;4
7700;BOT_TAKER;BOT_MAKER;HYDROGEL_PACK;XIRECS;10002.0;4
7700;BOT_MAKER;BOT_TAKER;VELVETFRUIT_EXTRACT;XIRECS;5253.0;6
7700;BOT_TAKER;BOT_MAKER;VEV_4000;XIRECS;1296.0;2
7700;BOT_MAKER;BOT_TAKER;VEV_5500;XIRECS;6.0;3
7700;BOT_TAKER;BOT_MAKER;VEV_6500;XIRECS;1.0;4
7900;BOT_TAKER;BOT_MAKER;VELVETFRUIT_EXTRACT;XIRECS;5259.0;7
7900;BOT_TAKER;BOT_MAKER;VEV_6000;XIRECS;1.0;2
8000;BOT_MAKER;BOT_TAKER;HYDROGEL_PACK;XIRECS;9983.0;4
8000;BOT_TAKER;BOT_MAKER;VELVETFRUIT_EXTRACT;XIRECS;5261.0;6
8000;BOT_MAKER;BOT_TAKER;VEV_5400;XIRECS;16.0;4
8000;BOT_MAKER;BOT_TAKER;VEV_6500;XIRECS;0.0;5
8100;BOT_MAKER;BOT_TAKER;HYDROGEL_PACK;XIRECS;9984.0;5
8100;BOT_MAKER;BOT_TAKER;VEV_4000;XIRECS;1271.0;1
8200;BOT_TAKER;BOT_MAKER;HYDROGEL_PACK;XIRECS;10002.0;2
8200;BOT_MAKER;BOT_TAKER;VELVETFRUIT_EXTRACT;XIRECS;5256.0;4
8200;BOT_TAKER;BOT_MAKER;VEV_6000;XIRECS;1.0;2
8300;BOT_TAKER;BOT_MAKER;HYDROGEL_PACK;XIRECS;10005.0;2
8300;BOT_TAKER;BOT_MAKER;VELVETFRUIT_EXTRACT;XIRECS;5261.0;6
8300;BOT_MAKER;BOT_TAKER;VEV_6000;XIRECS;0.0;2
8400;BOT_MAKER;BOT_TAKER;VEV_6000;XIRECS;0.0;4
8400;BOT_MAKER;BOT_TAKER;VEV_6500;XIRECS;0.0;4
8500;BOT_TAKER;BOT_MAKER;HYDROGEL_PACK;XIRECS;10003.0;5
8500;BOT_MAKER;BOT_TAKER;VELVETFRUIT_EXTRACT;XIRECS;5256.0;8
8500;BOT_TAKER;BOT_MAKER;VEV_5400;XIRECS;17.0;2
8600;BOT_TAKER;BOT_MAKER;HYDROGEL_PACK;XIRECS;10000.0;3
8600;BOT_TAKER;BOT_MAKER;VEV_6000;XIRECS;1.0;2
8700;BOT_TAKER;BOT_MAKER;VEV_6000;XIRECS;1.0;3
8800;BOT_TAKER;BOT_MAKER;VELVETFRUIT_EXTRACT;XIRECS;5265.0;5
8800;BOT_TAKER;BOT_MAKER;VEV_6000;XIRECS;1.0;3
8900;BOT_TAKER;BOT_MAKER;HYDROGEL_PACK;XIRECS;10002.0;2
8900;BOT_MAKER;BOT_TAKER;VELVETFRUIT_EXTRACT;XIRECS;5259.0;4
8900;BOT_MAKER;BOT_TAKER;VEV_6500;XIRECS;0.0;4
8900;BOT_TAKER;BOT_MAKER;VEV_6500;XIRECS;1.0;4
9000;BOT_TAKER;BOT_MAKER;VELVETFRUIT_EXTRACT;XIRECS;5265.0;7
9100;BOT_TAKER;BOT_MAKER;HYDROGEL_PACK;XIRECS;10003.0;5
9200;BOT_TAKER;BOT_MAKER;HYDROGEL_PACK;XIRECS;10005.0;4
9200;BOT_TAKER;BOT_MAKER;VEV_4000;XIRECS;1294.0;2
9300;BOT_MAKER;BOT_TAKER;HYDROGEL_PACK;XIRECS;9987.0;3
9400;BOT_MAKER;BOT_TAKER;VELVETFRUIT_EXTRACT;XIRECS;5257.0;8
9500;BOT_TAKER;BOT_MAKER;VELVETFRUIT_EXTRACT;XIRECS;5262.0;6
9600;BOT_MAKER;BOT_TAKER;VELVETFRUIT_EXTRACT;XIRECS;5256.0;4
9700;BOT_MAKER;BOT_TAKER;VELVETFRUIT_EXTRACT;XIRECS;5256.0;3
9800;BOT_MAKER;BOT_TAKER;VELVETFRUIT_EXTRACT;XIRECS;5254.0;7
9800;BOT_MAKER;BOT_TAKER;VEV_5500;XIRECS;5.0;4
9900;BOT_MAKER;BOT_TAKER;HYDROGEL_PACK;XIRECS;9983.0;3
9900;BOT_MAKER;BOT_TAKER;VELVETFRUIT_EXTRACT;XIRECS;5254.0;3
9900;BOT_TAKER;BOT_MAKER;VEV_4000;XIRECS;1291.0;1
10000;BOT_MAKER;BOT_TAKER;VELVETFRUIT_EXTRACT;XIRECS;5256.0;8
10200;BOT_MAKER;BOT_TAKER;HYDROGEL_PACK;XIRECS;9982.0;2
10300;BOT_MAKER;BOT_TAKER;VELVETFRUIT_EXTRACT;XIRECS;5257.0;6
10400;BOT_MAKER;BOT_TAKER;HYDROGEL_PACK;XIRECS;9985.0;2
10400;BOT_MAKER;BOT_TAKER;VEV_5500;XIRECS;5.0;3
10500;BOT_MAKER;BOT_TAKER;HYDROGEL_PACK;XIRECS;9984.0;4
10500;BOT_MAKER;BOT_TAKER;VELVETFRUIT_EXTRACT;XIRECS;5255.0;6
10500;BOT_MAKER;BOT_TAKER;VEV_5400;XIRECS;16.0;4
10600;BOT_TAKER;BOT_MAKER;VELVETFRUIT_EXTRACT;XIRECS;5260.0;5
10700;BOT_MAKER;BOT_TAKER;VELVETFRUIT_EXTRACT;XIRECS;5255.0;7
10700;BOT_TAKER;BOT_MAKER;VEV_4000;XIRECS;1296.0;3
10800;BOT_MAKER;BOT_TAKER;VEV_4000;XIRECS;1273.0;3
10900;BOT_MAKER;BOT_TAKER;VELVETFRUIT_EXTRACT;XIRECS;5255.0;7
11000;BOT_MAKER;BOT_TAKER;HYDROGEL_PACK;XIRECS;9982.0;2
11100;BOT_TAKER;BOT_MAKER;VELVETFRUIT_EXTRACT;XIRECS;5261.0;7
11200;BOT_MAKER;BOT_TAKER;HYDROGEL_PACK;XIRECS;9985.0;6
11400;BOT_TAKER;BOT_MAKER;HYDROGEL_PACK;XIRECS;10002.0;5
11400;BOT_TAKER;BOT_MAKER;VELVETFRUIT_EXTRACT;XIRECS;5260.0;6
11500;BOT_MAKER;BOT_TAKER;VEV_6000;XIRECS;0.0;5
11600;BOT_TAKER;BOT_MAKER;VEV_5500;XIRECS;6.0;2
11700;BOT_TAKER;BOT_MAKER;VEV_5500;XIRECS;6.0;4
11800;BOT_MAKER;BOT_TAKER;HYDROGEL_PACK;XIRECS;9986.0;3
11800;BOT_TAKER;BOT_MAKER;VELVETFRUIT_EXTRACT;XIRECS;5256.0;9
11800;BOT_TAKER;BOT_MAKER;VEV_6000;XIRECS;1.0;2
11900;BOT_TAKER;BOT_MAKER;VEV_6000;XIRECS;1.0;2
12000;BOT_TAKER;BOT_MAKER;VELVETFRUIT_EXTRACT;XIRECS;5256.0;4
12000;BOT_TAKER;BOT_MAKER;VEV_6000;XIRECS;1.0;2
12100;BOT_TAKER;BOT_MAKER;HYDROGEL_PACK;XIRECS;10001.0;2
12100;BOT_TAKER;BOT_MAKER;VELVETFRUIT_EXTRACT;XIRECS;5256.0;9
12100;BOT_MAKER;BOT_TAKER;VEV_5500;XIRECS;5.0;3
12300;BOT_MAKER;BOT_TAKER;HYDROGEL_PACK;XIRECS;9982.0;6
12600;BOT_TAKER;BOT_MAKER;HYDROGEL_PACK;XIRECS;10002.0;5
12700;BOT_MAKER;BOT_TAKER;VEV_6000;XIRECS;0.0;4
12800;BOT_TAKER;BOT_MAKER;VELVETFRUIT_EXTRACT;XIRECS;5255.0;5
12800;BOT_TAKER;BOT_MAKER;VEV_6500;XIRECS;1.0;2
12800;BOT_MAKER;BOT_TAKER;VEV_6500;XIRECS;0.0;5
12900;BOT_MAKER;BOT_TAKER;VELVETFRUIT_EXTRACT;XIRECS;5251.0;8
12900;BOT_TAKER;BOT_MAKER;VELVETFRUIT_EXTRACT;XIRECS;5256.0;6
12900;BOT_MAKER;BOT_TAKER;VEV_5400;XIRECS;16.0;5
13100;BOT_TAKER;BOT_MAKER;HYDROGEL_PACK;XIRECS;9999.0;5
13200;BOT_MAKER;BOT_TAKER;HYDROGEL_PACK;XIRECS;9980.0;4
13200;BOT_TAKER;BOT_MAKER;VEV_4000;XIRECS;1293.0;1
13300;BOT_TAKER;BOT_MAKER;VEV_4000;XIRECS;1295.0;2
13400;BOT_TAKER;BOT_MAKER;HYDROGEL_PACK;XIRECS;9994.0;4
13600;BOT_MAKER;BOT_TAKER;VELVETFRUIT_EXTRACT;XIRECS;5250.0;8
13600;BOT_TAKER;BOT_MAKER;VEV_5300;XIRECS;50.0;2
13800;BOT_TAKER;BOT_MAKER;HYDROGEL_PACK;XIRECS;9994.0;6
14000;BOT_TAKER;BOT_MAKER;VELVETFRUIT_EXTRACT;XIRECS;5259.0;6
14000;BOT_MAKER;BOT_TAKER;VEV_6000;XIRECS;0.0;2
14100;BOT_MAKER;BOT_TAKER;HYDROGEL_PACK;XIRECS;9975.0;4
14200;BOT_MAKER;BOT_TAKER;VELVETFRUIT_EXTRACT;XIRECS;5254.0;7
14300;BOT_TAKER;BOT_MAKER;HYDROGEL_PACK;XIRECS;9989.0;5
14300;BOT_MAKER;BOT_TAKER;VEV_4000;XIRECS;1274.0;1
14500;BOT_MAKER;BOT_TAKER;VELVETFRUIT_EXTRACT;XIRECS;5254.0;5
14500;BOT_MAKER;BOT_TAKER;VELVETFRUIT_EXTRACT;XIRECS;5254.0;5
14600;BOT_TAKER;BOT_MAKER;HYDROGEL_PACK;XIRECS;9984.0;3
14700;BOT_MAKER;BOT_TAKER;VELVETFRUIT_EXTRACT;XIRECS;5255.0;8
14700;BOT_MAKER;BOT_TAKER;VEV_4000;XIRECS;1274.0;3
14800;BOT_MAKER;BOT_TAKER;HYDROGEL_PACK;XIRECS;9967.0;3
15000;BOT_TAKER;BOT_MAKER;VEV_5400;XIRECS;19.0;3
15000;BOT_MAKER;BOT_TAKER;VEV_6500;XIRECS;0.0;2
15100;BOT_MAKER;BOT_TAKER;HYDROGEL_PACK;XIRECS;9966.0;4
15100;BOT_MAKER;BOT_TAKER;VEV_6000;XIRECS;0.0;5
15200;BOT_MAKER;BOT_TAKER;HYDROGEL_PACK;XIRECS;9969.0;6
15200;BOT_TAKER;BOT_MAKER;VELVETFRUIT_EXTRACT;XIRECS;5261.0;5
15400;BOT_MAKER;BOT_TAKER;VELVETFRUIT_EXTRACT;XIRECS;5257.0;8
15400;BOT_TAKER;BOT_MAKER;VEV_6500;XIRECS;1.0;3
15500;BOT_TAKER;BOT_MAKER;VEV_4000;XIRECS;1301.0;2
15600;BOT_TAKER;BOT_MAKER;VELVETFRUIT_EXTRACT;XIRECS;5259.0;4
15600;BOT_TAKER;BOT_MAKER;VEV_6500;XIRECS;1.0;2
15700;BOT_MAKER;BOT_TAKER;HYDROGEL_PACK;XIRECS;9970.0;4
15700;BOT_MAKER;BOT_TAKER;VELVETFRUIT_EXTRACT;XIRECS;5252.0;5
15700;BOT_TAKER;BOT_MAKER;VEV_4000;XIRECS;1301.0;3
15800;BOT_TAKER;BOT_MAKER;VELVETFRUIT_EXTRACT;XIRECS;5256.0;8
15900;BOT_MAKER;BOT_TAKER;VELVETFRUIT_EXTRACT;XIRECS;5251.0;5
15900;BOT_TAKER;BOT_MAKER;VEV_5400;XIRECS;18.0;3
15900;BOT_MAKER;BOT_TAKER;VEV_5500;XIRECS;6.0;2
16000;BOT_TAKER;BOT_MAKER;VEV_5500;XIRECS;7.0;4
16100;BOT_MAKER;BOT_TAKER;VEV_5300;XIRECS;50.0;3
16200;BOT_TAKER;BOT_MAKER;HYDROGEL_PACK;XIRECS;9993.0;6
16200;BOT_TAKER;BOT_MAKER;VELVETFRUIT_EXTRACT;XIRECS;5256.0;8
16200;BOT_MAKER;BOT_TAKER;VEV_4000;XIRECS;1283.0;3
16300;BOT_MAKER;BOT_TAKER;VEV_4000;XIRECS;1284.0;3
16400;BOT_TAKER;BOT_MAKER;VEV_4000;XIRECS;1306.0;3
16400;BOT_TAKER;BOT_MAKER;VEV_6000;XIRECS;1.0;5
16600;BOT_TAKER;BOT_MAKER;VELVETFRUIT_EXTRACT;XIRECS;5252.0;3
16700;BOT_MAKER;BOT_TAKER;VELVETFRUIT_EXTRACT;XIRECS;5246.0;7
16700;BOT_MAKER;BOT_TAKER;VEV_4000;XIRECS;1287.0;3
16800;BOT_MAKER;BOT_TAKER;VELVETFRUIT_EXTRACT;XIRECS;5244.0;5
17100;BOT_MAKER;BOT_TAKER;VEV_6500;XIRECS;0.0;5
17200;BOT_MAKER;BOT_TAKER;VELVETFRUIT_EXTRACT;XIRECS;5242.0;5
17300;BOT_MAKER;BOT_TAKER;HYDROGEL_PACK;XIRECS;9978.0;5
17300;BOT_TAKER;BOT_MAKER;VELVETFRUIT_EXTRACT;XIRECS;5249.0;7
17300;BOT_MAKER;BOT_TAKER;VEV_5500;XIRECS;6.0;5
17400;BOT_MAKER;BOT_TAKER;HYDROGEL_PACK;XIRECS;9979.0;3
17500;BOT_MAKER;BOT_TAKER;VEV_6000;XIRECS;0.0;4
17600;BOT_TAKER;BOT_MAKER;HYDROGEL_PACK;XIRECS;9991.0;6
17600;BOT_TAKER;BOT_MAKER;VELVETFRUIT_EXTRACT;XIRECS;5248.0;3
17700;BOT_MAKER;BOT_TAKER;HYDROGEL_PACK;XIRECS;9975.0;5
17700;BOT_MAKER;BOT_TAKER;VEV_4000;XIRECS;1289.0;2
17900;BOT_MAKER;BOT_TAKER;HYDROGEL_PACK;XIRECS;9971.0;4
17900;BOT_TAKER;BOT_MAKER;VEV_4000;XIRECS;1310.0;2
17900;BOT_TAKER;BOT_MAKER;VEV_5300;XIRECS;55.0;3
18000;BOT_TAKER;BOT_MAKER;HYDROGEL_PACK;XIRECS;9988.0;6
18200;BOT_MAKER;BOT_TAKER;VEV_6000;XIRECS;0.0;2
18300;BOT_MAKER;BOT_TAKER;HYDROGEL_PACK;XIRECS;9976.0;3
18400;BOT_TAKER;BOT_MAKER;VELVETFRUIT_EXTRACT;XIRECS;5253.0;5
18500;BOT_TAKER;BOT_MAKER;VELVETFRUIT_EXTRACT;XIRECS;5254.0;8
18700;BOT_MAKER;BOT_TAKER;VELVETFRUIT_EXTRACT;XIRECS;5248.0;6
18700;BOT_MAKER;BOT_TAKER;VEV_4000;XIRECS;1288.0;1
18800;BOT_MAKER;BOT_TAKER;VELVETFRUIT_EXTRACT;XIRECS;5248.0;4
18800;BOT_MAKER;BOT_TAKER;VEV_4000;XIRECS;1288.0;3
18800;BOT_TAKER;BOT_MAKER;VEV_5300;XIRECS;55.0;4
18900;BOT_MAKER;BOT_TAKER;VEV_6500;XIRECS;0.0;2
19000;BOT_MAKER;BOT_TAKER;VELVETFRUIT_EXTRACT;XIRECS;5250.0;5
19000;BOT_TAKER;BOT_MAKER;VEV_4000;XIRECS;1312.0;3
19000;BOT_TAKER;BOT_MAKER;VEV_5400;XIRECS;18.0;3
19100;BOT_MAKER;BOT_TAKER;HYDROGEL_PACK;XIRECS;9979.0;4
19100;BOT_TAKER;BOT_MAKER;VEV_5400;XIRECS;19.0;4
19200;BOT_MAKER;BOT_TAKER;VELVETFRUIT_EXTRACT;XIRECS;5252.0;14
19200;BOT_TAKER;BOT_MAKER;VEV_5500;XIRECS;7.0;2
19300;BOT_MAKER;BOT_TAKER;VEV_4000;XIRECS;1288.0;2
19300;BOT_MAKER;BOT_TAKER;VEV_6500;XIRECS;0.0;2
19500;BOT_MAKER;BOT_TAKER;VELVETFRUIT_EXTRACT;XIRECS;5252.0;7
19600;BOT_MAKER;BOT_TAKER;HYDROGEL_PACK;XIRECS;9968.0;5
19600;BOT_TAKER;BOT_MAKER;VEV_5400;XIRECS;19.0;4
19700;BOT_TAKER;BOT_MAKER;VEV_4000;XIRECS;1311.0;1
19800;BOT_TAKER;BOT_MAKER;HYDROGEL_PACK;XIRECS;9985.0;6
19800;BOT_TAKER;BOT_MAKER;VEV_4000;XIRECS;1312.0;1
19800;BOT_MAKER;BOT_TAKER;VEV_5400;XIRECS;17.0;2
19900;BOT_TAKER;BOT_MAKER;HYDROGEL_PACK;XIRECS;9985.0;2
20000;BOT_TAKER;BOT_MAKER;VELVETFRUIT_EXTRACT;XIRECS;5258.0;4
20100;BOT_TAKER;BOT_MAKER;VELVETFRUIT_EXTRACT;XIRECS;5258.0;8
20100;BOT_MAKER;BOT_TAKER;VEV_5400;XIRECS;17.0;3
20100;BOT_TAKER;BOT_MAKER;VEV_5500;XIRECS;7.0;2
20200;BOT_TAKER;BOT_MAKER;HYDROGEL_PACK;XIRECS;9981.0;3
20200;BOT_MAKER;BOT_TAKER;VELVETFRUIT_EXTRACT;XIRECS;5252.0;4
20300;BOT_TAKER;BOT_MAKER;VELVETFRUIT_EXTRACT;XIRECS;5258.0;8
20300;BOT_MAKER;BOT_TAKER;VEV_4000;XIRECS;1289.0;2
20300;BOT_MAKER;BOT_TAKER;VEV_6000;XIRECS;0.0;3
20400;BOT_TAKER;BOT_MAKER;HYDROGEL_PACK;XIRECS;9980.0;3
20500;BOT_MAKER;BOT_TAKER;HYDROGEL_PACK;XIRECS;9965.0;3
20600;BOT_TAKER;BOT_MAKER;VELVETFRUIT_EXTRACT;XIRECS;5259.0;3
20600;BOT_MAKER;BOT_TAKER;VEV_4000;XIRECS;1288.0;1
20800;BOT_MAKER;BOT_TAKER;VEV_6000;XIRECS;0.0;2
20900;BOT_TAKER;BOT_MAKER;VEV_4000;XIRECS;1308.0;2
21000;BOT_TAKER;BOT_MAKER;VELVETFRUIT_EXTRACT;XIRECS;5257.0;6
21200;BOT_MAKER;BOT_TAKER;VEV_4000;XIRECS;1286.0;3
21300;BOT_MAKER;BOT_TAKER;VEV_5400;XIRECS;16.0;2
21300;BOT_MAKER;BOT_TAKER;VEV_6500;XIRECS;0.0;2
21400;BOT_TAKER;BOT_MAKER;HYDROGEL_PACK;XIRECS;9991.0;4
21400;BOT_MAKER;BOT_TAKER;VELVETFRUIT_EXTRACT;XIRECS;5254.0;6
21400;BOT_TAKER;BOT_MAKER;VEV_5400;XIRECS;18.0;2
21500;BOT_TAKER;BOT_MAKER;HYDROGEL_PACK;XIRECS;9992.0;6
21500;BOT_TAKER;BOT_MAKER;VELVETFRUIT_EXTRACT;XIRECS;5258.0;6
21500;BOT_MAKER;BOT_TAKER;VEV_4000;XIRECS;1285.0;3
21600;BOT_TAKER;BOT_MAKER;HYDROGEL_PACK;XIRECS;9991.0;5
21800;BOT_MAKER;BOT_TAKER;VELVETFRUIT_EXTRACT;XIRECS;5253.0;8
21900;BOT_MAKER;BOT_TAKER;VELVETFRUIT_EXTRACT;XIRECS;5255.0;8
22000;BOT_MAKER;BOT_TAKER;VELVETFRUIT_EXTRACT;XIRECS;5254.0;4
22000;BOT_MAKER;BOT_TAKER;VEV_4000;XIRECS;1282.0;2
22000;BOT_TAKER;BOT_MAKER;VEV_6500;XIRECS;1.0;3
22100;BOT_TAKER;BOT_MAKER;HYDROGEL_PACK;XIRECS;9992.0;6
22500;BOT_TAKER;BOT_MAKER;VELVETFRUIT_EXTRACT;XIRECS;5261.0;3
22600;BOT_TAKER;BOT_MAKER;HYDROGEL_PACK;XIRECS;9994.0;2
22600;BOT_MAKER;BOT_TAKER;VELVETFRUIT_EXTRACT;XIRECS;5255.0;8
22600;BOT_MAKER;BOT_TAKER;VEV_6500;XIRECS;0.0;3
22700;BOT_TAKER;BOT_MAKER;VELVETFRUIT_EXTRACT;XIRECS;5260.0;3
22800;BOT_MAKER;BOT_TAKER;HYDROGEL_PACK;XIRECS;9976.0;5
22800;BOT_TAKER;BOT_MAKER;VELVETFRUIT_EXTRACT;XIRECS;5261.0;4
22900;BOT_TAKER;BOT_MAKER;VELVETFRUIT_EXTRACT;XIRECS;5261.0;3
22900;BOT_TAKER;BOT_MAKER;VEV_4000;XIRECS;1302.0;1
23000;BOT_TAKER;BOT_MAKER;VELVETFRUIT_EXTRACT;XIRECS;5262.0;5
23200;BOT_TAKER;BOT_MAKER;VEV_4000;XIRECS;1302.0;2
23300;BOT_MAKER;BOT_TAKER;VEV_4000;XIRECS;1279.0;1
23400;BOT_MAKER;BOT_TAKER;HYDROGEL_PACK;XIRECS;9974.0;6
23400;BOT_TAKER;BOT_MAKER;VEV_4000;XIRECS;1301.0;3
23400;BOT_MAKER;BOT_TAKER;VEV_6500;XIRECS;0.0;2
23500;BOT_TAKER;BOT_MAKER;VELVETFRUIT_EXTRACT;XIRECS;5263.0;3
23500;BOT_TAKER;BOT_MAKER;VEV_6000;XIRECS;1.0;3
24000;BOT_MAKER;BOT_TAKER;VELVETFRUIT_EXTRACT;XIRECS;5259.0;4
24100;BOT_TAKER;BOT_MAKER;HYDROGEL_PACK;XIRECS;9996.0;6
24100;BOT_MAKER;BOT_TAKER;VELVETFRUIT_EXTRACT;XIRECS;5259.0;8
24100;BOT_MAKER;BOT_TAKER;VEV_5500;XIRECS;7.0;5
24300;BOT_MAKER;BOT_TAKER;VELVETFRUIT_EXTRACT;XIRECS;5258.0;3
24300;BOT_MAKER;BOT_TAKER;VEV_4000;XIRECS;1282.0;2
24500;BOT_MAKER;BOT_TAKER;VELVETFRUIT_EXTRACT;XIRECS;5258.0;5
24500;BOT_TAKER;BOT_MAKER;VEV_6500;XIRECS;1.0;4
24600;BOT_TAKER;BOT_MAKER;HYDROGEL_PACK;XIRECS;10000.0;3
24600;BOT_MAKER;BOT_TAKER;VELVETFRUIT_EXTRACT;XIRECS;5258.0;7
24800;BOT_MAKER;BOT_TAKER;VELVETFRUIT_EXTRACT;XIRECS;5256.0;7
24900;BOT_TAKER;BOT_MAKER;VEV_4000;XIRECS;1300.0;3
25000;BOT_MAKER;BOT_TAKER;HYDROGEL_PACK;XIRECS;9985.0;2
25000;BOT_TAKER;BOT_MAKER;VEV_5300;XIRECS;51.0;4
25000;BOT_MAKER;BOT_TAKER;VEV_5500;XIRECS;7.0;5
25000;BOT_MAKER;BOT_TAKER;VEV_6000;XIRECS;0.0;5
25200;BOT_TAKER;BOT_MAKER;VEV_5400;XIRECS;20.0;5
25300;BOT_MAKER;BOT_TAKER;VELVETFRUIT_EXTRACT;XIRECS;5257.0;3
25700;BOT_TAKER;BOT_MAKER;HYDROGEL_PACK;XIRECS;10001.0;6
25800;BOT_MAKER;BOT_TAKER;HYDROGEL_PACK;XIRECS;9985.0;5
25800;BOT_MAKER;BOT_TAKER;VEV_6000;XIRECS;0.0;4
25900;BOT_MAKER;BOT_TAKER;VELVETFRUIT_EXTRACT;XIRECS;5258.0;7
25900;BOT_TAKER;BOT_MAKER;VEV_5500;XIRECS;9.0;5
25900;BOT_MAKER;BOT_TAKER;VEV_5500;XIRECS;7.0;2
26100;BOT_MAKER;BOT_TAKER;VEV_5400;XIRECS;19.0;4
26200;BOT_MAKER;BOT_TAKER;VELVETFRUIT_EXTRACT;XIRECS;5261.0;7
26300;BOT_TAKER;BOT_MAKER;HYDROGEL_PACK;XIRECS;10006.0;3
26300;BOT_MAKER;BOT_TAKER;VELVETFRUIT_EXTRACT;XIRECS;5262.0;6
26400;BOT_TAKER;BOT_MAKER;HYDROGEL_PACK;XIRECS;10005.0;6
26400;BOT_MAKER;BOT_TAKER;VELVETFRUIT_EXTRACT;XIRECS;5262.0;9
26400;BOT_TAKER;BOT_MAKER;VEV_6000;XIRECS;1.0;3
26500;BOT_MAKER;BOT_TAKER;VELVETFRUIT_EXTRACT;XIRECS;5261.0;7
26600;BOT_MAKER;BOT_TAKER;HYDROGEL_PACK;XIRECS;9986.0;6
26600;BOT_TAKER;BOT_MAKER;VELVETFRUIT_EXTRACT;XIRECS;5266.0;7
26600;BOT_TAKER;BOT_MAKER;VEV_4000;XIRECS;1306.0;2
26700;BOT_TAKER;BOT_MAKER;HYDROGEL_PACK;XIRECS;10002.0;2
26700;BOT_TAKER;BOT_MAKER;VELVETFRUIT_EXTRACT;XIRECS;5267.0;8
26800;BOT_TAKER;BOT_MAKER;VELVETFRUIT_EXTRACT;XIRECS;5266.0;8
26900;BOT_MAKER;BOT_TAKER;HYDROGEL_PACK;XIRECS;9987.0;3
27000;BOT_TAKER;BOT_MAKER;VEV_5300;XIRECS;52.0;2
27000;BOT_MAKER;BOT_TAKER;VEV_5500;XIRECS;8.0;5
27100;BOT_TAKER;BOT_MAKER;VELVETFRUIT_EXTRACT;XIRECS;5268.0;7
27100;BOT_TAKER;BOT_MAKER;VEV_4000;XIRECS;1306.0;1
27100;BOT_TAKER;BOT_MAKER;VEV_5400;XIRECS;19.0;5
27200;BOT_MAKER;BOT_TAKER;HYDROGEL_PACK;XIRECS;9986.0;5
27200;BOT_TAKER;BOT_MAKER;VELVETFRUIT_EXTRACT;XIRECS;5267.0;7
27200;BOT_TAKER;BOT_MAKER;VEV_5500;XIRECS;9.0;2
27400;BOT_MAKER;BOT_TAKER;HYDROGEL_PACK;XIRECS;9993.0;3
27500;BOT_MAKER;BOT_TAKER;VELVETFRUIT_EXTRACT;XIRECS;5263.0;6
27500;BOT_MAKER;BOT_TAKER;VEV_5400;XIRECS;18.0;3
27600;BOT_TAKER;BOT_MAKER;HYDROGEL_PACK;XIRECS;10009.0;5
27600;BOT_TAKER;BOT_MAKER;VELVETFRUIT_EXTRACT;XIRECS;5267.0;8
27700;BOT_MAKER;BOT_TAKER;VEV_4000;XIRECS;1284.0;1
27800;BOT_TAKER;BOT_MAKER;HYDROGEL_PACK;XIRECS;10011.0;3
27800;BOT_TAKER;BOT_MAKER;VEV_6000;XIRECS;1.0;3
27900;BOT_TAKER;BOT_MAKER;HYDROGEL_PACK;XIRECS;10014.0;4
27900;BOT_TAKER;BOT_MAKER;VELVETFRUIT_EXTRACT;XIRECS;5270.0;3
28100;BOT_MAKER;BOT_TAKER;HYDROGEL_PACK;XIRECS;9998.0;4
28100;BOT_TAKER;BOT_MAKER;VELVETFRUIT_EXTRACT;XIRECS;5270.0;7
28200;BOT_MAKER;BOT_TAKER;VEV_4000;XIRECS;1286.0;1
28300;BOT_TAKER;BOT_MAKER;HYDROGEL_PACK;XIRECS;10015.0;4
28300;BOT_MAKER;BOT_TAKER;VEV_5500;XIRECS;8.0;2
28400;BOT_MAKER;BOT_TAKER;VELVETFRUIT_EXTRACT;XIRECS;5265.0;3
28400;BOT_MAKER;BOT_TAKER;VEV_4000;XIRECS;1283.0;2
28400;BOT_MAKER;BOT_TAKER;VEV_6500;XIRECS;0.0;4
28600;BOT_MAKER;BOT_TAKER;VELVETFRUIT_EXTRACT;XIRECS;5264.0;6
28700;BOT_MAKER;BOT_TAKER;VELVETFRUIT_EXTRACT;XIRECS;5263.0;7
28800;BOT_TAKER;BOT_MAKER;VEV_5500;XIRECS;9.0;4
28900;BOT_MAKER;BOT_TAKER;HYDROGEL_PACK;XIRECS;9998.0;4
28900;BOT_TAKER;BOT_MAKER;VELVETFRUIT_EXTRACT;XIRECS;5269.0;3
28900;BOT_MAKER;BOT_TAKER;VEV_6000;XIRECS;0.0;4
28900;BOT_TAKER;BOT_MAKER;VEV_6500;XIRECS;1.0;4
29000;BOT_MAKER;BOT_TAKER;VELVETFRUIT_EXTRACT;XIRECS;5264.0;7
29000;BOT_TAKER;BOT_MAKER;VEV_4000;XIRECS;1304.0;2
29000;BOT_MAKER;BOT_TAKER;VEV_5300;XIRECS;51.0;5
29000;BOT_MAKER;BOT_TAKER;VEV_6500;XIRECS;0.0;4
29100;BOT_TAKER;BOT_MAKER;VELVETFRUIT_EXTRACT;XIRECS;5269.0;15
29200;BOT_TAKER;BOT_MAKER;HYDROGEL_PACK;XIRECS;10015.0;4
29300;BOT_TAKER;BOT_MAKER;VELVETFRUIT_EXTRACT;XIRECS;5270.0;7
29300;BOT_TAKER;BOT_MAKER;VEV_4000;XIRECS;1307.0;2
29500;BOT_TAKER;BOT_MAKER;HYDROGEL_PACK;XIRECS;10015.0;3
29500;BOT_MAKER;BOT_TAKER;VEV_4000;XIRECS;1286.0;3
29700;BOT_MAKER;BOT_TAKER;VELVETFRUIT_EXTRACT;XIRECS;5266.0;10
29800;BOT_MAKER;BOT_TAKER;VEV_5400;XIRECS;19.0;3
29900;BOT_MAKER;BOT_TAKER;VELVETFRUIT_EXTRACT;XIRECS;5266.0;3
29900;BOT_TAKER;BOT_MAKER;VEV_5400;XIRECS;21.0;2
30000;BOT_MAKER;BOT_TAKER;HYDROGEL_PACK;XIRECS;9997.0;4
30100;BOT_MAKER;BOT_TAKER;VELVETFRUIT_EXTRACT;XIRECS;5267.0;4
30200;BOT_TAKER;BOT_MAKER;HYDROGEL_PACK;XIRECS;10014.0;3
30300;BOT_MAKER;BOT_TAKER;HYDROGEL_PACK;XIRECS;9998.0;5
30300;BOT_TAKER;BOT_MAKER;VEV_5300;XIRECS;53.0;2
30300;BOT_MAKER;BOT_TAKER;VEV_5400;XIRECS;19.0;4
30400;BOT_TAKER;BOT_MAKER;VELVETFRUIT_EXTRACT;XIRECS;5272.0;5
30500;BOT_TAKER;BOT_MAKER;VEV_4000;XIRECS;1309.0;3
30600;BOT_MAKER;BOT_TAKER;VELVETFRUIT_EXTRACT;XIRECS;5265.0;3
30600;BOT_MAKER;BOT_TAKER;VEV_5500;XIRECS;7.0;4
30700;BOT_TAKER;BOT_MAKER;HYDROGEL_PACK;XIRECS;10010.0;3
30800;BOT_MAKER;BOT_TAKER;HYDROGEL_PACK;XIRECS;9991.0;2
30900;BOT_MAKER;BOT_TAKER;VEV_5400;XIRECS;20.0;2
31000;BOT_MAKER;BOT_TAKER;VELVETFRUIT_EXTRACT;XIRECS;5268.0;8
31000;BOT_MAKER;BOT_TAKER;VEV_5400;XIRECS;20.0;1
31000;BOT_MAKER;BOT_TAKER;VEV_5400;XIRECS;19.0;1
31100;BOT_TAKER;BOT_MAKER;HYDROGEL_PACK;XIRECS;10005.0;3
31100;BOT_TAKER;BOT_MAKER;VELVETFRUIT_EXTRACT;XIRECS;5273.0;3
31100;BOT_MAKER;BOT_TAKER;VEV_5500;XIRECS;7.0;2
31200;BOT_MAKER;BOT_TAKER;VELVETFRUIT_EXTRACT;XIRECS;5268.0;7
31300;BOT_TAKER;BOT_MAKER;VELVETFRUIT_EXTRACT;XIRECS;5273.0;8
31300;BOT_MAKER;BOT_TAKER;VEV_6000;XIRECS;0.0;5
31500;BOT_TAKER;BOT_MAKER;HYDROGEL_PACK;XIRECS;10006.0;5
31500;BOT_TAKER;BOT_MAKER;VEV_6000;XIRECS;1.0;4
31500;BOT_MAKER;BOT_TAKER;VEV_6500;XIRECS;0.0;2
31600;BOT_TAKER;BOT_MAKER;VELVETFRUIT_EXTRACT;XIRECS;5271.0;3
31600;BOT_MAKER;BOT_TAKER;VEV_5500;XIRECS;7.0;4
31700;BOT_TAKER;BOT_MAKER;HYDROGEL_PACK;XIRECS;10007.0;5
31700;BOT_TAKER;BOT_MAKER;VEV_5500;XIRECS;9.0;4
31800;BOT_MAKER;BOT_TAKER;HYDROGEL_PACK;XIRECS;9992.0;2
31800;BOT_MAKER;BOT_TAKER;VELVETFRUIT_EXTRACT;XIRECS;5264.0;6
31800;BOT_MAKER;BOT_TAKER;VELVETFRUIT_EXTRACT;XIRECS;5264.0;5
31900;BOT_TAKER;BOT_MAKER;VEV_4000;XIRECS;1312.0;2
32000;BOT_MAKER;BOT_TAKER;VELVETFRUIT_EXTRACT;XIRECS;5265.0;4
32100;BOT_TAKER;BOT_MAKER;HYDROGEL_PACK;XIRECS;10005.0;4
32200;BOT_TAKER;BOT_MAKER;VEV_4000;XIRECS;1311.0;2
32200;BOT_TAKER;BOT_MAKER;VEV_5300;XIRECS;52.0;5
32200;BOT_MAKER;BOT_TAKER;VEV_5400;XIRECS;20.0;2
32300;BOT_MAKER;BOT_TAKER;HYDROGEL_PACK;XIRECS;9988.0;5
32300;BOT_TAKER;BOT_MAKER;VELVETFRUIT_EXTRACT;XIRECS;5270.0;9
32400;BOT_MAKER;BOT_TAKER;VELVETFRUIT_EXTRACT;XIRECS;5266.0;4
32600;BOT_TAKER;BOT_MAKER;VEV_4000;XIRECS;1311.0;1
32600;BOT_MAKER;BOT_TAKER;VEV_6000;XIRECS;0.0;2
32700;BOT_MAKER;BOT_TAKER;VEV_5400;XIRECS;21.0;5
32800;BOT_MAKER;BOT_TAKER;VELVETFRUIT_EXTRACT;XIRECS;5266.0;3
32900;BOT_TAKER;BOT_MAKER;HYDROGEL_PACK;XIRECS;10005.0;2
33100;BOT_MAKER;BOT_TAKER;HYDROGEL_PACK;XIRECS;9989.0;6
33100;BOT_TAKER;BOT_MAKER;VEV_4000;XIRECS;1315.0;1
33200;BOT_TAKER;BOT_MAKER;HYDROGEL_PACK;XIRECS;10005.0;3
33200;BOT_TAKER;BOT_MAKER;VEV_4000;XIRECS;1317.0;2
33300;BOT_TAKER;BOT_MAKER;HYDROGEL_PACK;XIRECS;10005.0;3
33400;BOT_TAKER;BOT_MAKER;VEV_6000;XIRECS;1.0;2
33500;BOT_MAKER;BOT_TAKER;VEV_5400;XIRECS;20.0;3
33600;BOT_TAKER;BOT_MAKER;VELVETFRUIT_EXTRACT;XIRECS;5271.0;6
33700;BOT_MAKER;BOT_TAKER;HYDROGEL_PACK;XIRECS;9993.0;6
33700;BOT_TAKER;BOT_MAKER;VELVETFRUIT_EXTRACT;XIRECS;5269.0;3
33700;BOT_TAKER;BOT_MAKER;VEV_4000;XIRECS;1317.0;1
33700;BOT_TAKER;BOT_MAKER;VEV_6500;XIRECS;1.0;4
34000;BOT_TAKER;BOT_MAKER;HYDROGEL_PACK;XIRECS;10006.0;4
34100;BOT_TAKER;BOT_MAKER;VELVETFRUIT_EXTRACT;XIRECS;5273.0;8
34100;BOT_TAKER;BOT_MAKER;VEV_4000;XIRECS;1315.0;1
34100;BOT_TAKER;BOT_MAKER;VEV_5500;XIRECS;9.0;4
34300;BOT_MAKER;BOT_TAKER;HYDROGEL_PACK;XIRECS;9988.0;2
34300;BOT_TAKER;BOT_MAKER;VEV_4000;XIRECS;1316.0;3
34300;BOT_TAKER;BOT_MAKER;VEV_5300;XIRECS;51.0;2
34400;BOT_MAKER;BOT_TAKER;VELVETFRUIT_EXTRACT;XIRECS;5267.0;7
34500;BOT_MAKER;BOT_TAKER;HYDROGEL_PACK;XIRECS;9989.0;2
34600;BOT_MAKER;BOT_TAKER;VEV_5500;XIRECS;8.0;3
34700;BOT_TAKER;BOT_MAKER;VEV_5500;XIRECS;9.0;2
34800;BOT_MAKER;BOT_TAKER;HYDROGEL_PACK;XIRECS;9991.0;2
34800;BOT_MAKER;BOT_TAKER;VELVETFRUIT_EXTRACT;XIRECS;5269.0;8
34800;BOT_TAKER;BOT_MAKER;VELVETFRUIT_EXTRACT;XIRECS;5273.0;3
34900;BOT_MAKER;BOT_TAKER;VEV_6000;XIRECS;0.0;2
35000;BOT_TAKER;BOT_MAKER;HYDROGEL_PACK;XIRECS;10005.0;5
35000;BOT_MAKER;BOT_TAKER;VEV_4000;XIRECS;1292.0;3
35100;BOT_TAKER;BOT_MAKER;HYDROGEL_PACK;XIRECS;10006.0;4
35100;BOT_TAKER;BOT_MAKER;VELVETFRUIT_EXTRACT;XIRECS;5277.0;4
35300;BOT_TAKER;BOT_MAKER;HYDROGEL_PACK;XIRECS;10007.0;2
35300;BOT_TAKER;BOT_MAKER;VELVETFRUIT_EXTRACT;XIRECS;5279.0;6
35400;BOT_TAKER;BOT_MAKER;VELVETFRUIT_EXTRACT;XIRECS;5279.0;8
35500;BOT_TAKER;BOT_MAKER;HYDROGEL_PACK;XIRECS;10011.0;6
35500;BOT_MAKER;BOT_TAKER;VELVETFRUIT_EXTRACT;XIRECS;5275.0;7
35500;BOT_TAKER;BOT_MAKER;VEV_4000;XIRECS;1313.0;3
35500;BOT_MAKER;BOT_TAKER;VEV_6500;XIRECS;0.0;5
35600;BOT_TAKER;BOT_MAKER;VELVETFRUIT_EXTRACT;XIRECS;5280.0;8
35600;BOT_MAKER;BOT_TAKER;VEV_5300;XIRECS;51.0;4
35700;BOT_MAKER;BOT_TAKER;VEV_5300;XIRECS;51.0;3
35700;BOT_TAKER;BOT_MAKER;VEV_6000;XIRECS;1.0;3
35800;BOT_TAKER;BOT_MAKER;HYDROGEL_PACK;XIRECS;10014.0;5
35800;BOT_MAKER;BOT_TAKER;VELVETFRUIT_EXTRACT;XIRECS;5275.0;7
35800;BOT_MAKER;BOT_TAKER;VEV_6000;XIRECS;0.0;4
35900;BOT_MAKER;BOT_TAKER;VEV_6500;XIRECS;0.0;2
36000;BOT_TAKER;BOT_MAKER;VELVETFRUIT_EXTRACT;XIRECS;5280.0;10
36100;BOT_TAKER;BOT_MAKER;VEV_5500;XIRECS;10.0;2
36200;BOT_MAKER;BOT_TAKER;VELVETFRUIT_EXTRACT;XIRECS;5275.0;5
36300;BOT_MAKER;BOT_TAKER;VELVETFRUIT_EXTRACT;XIRECS;5275.0;7
36400;BOT_MAKER;BOT_TAKER;HYDROGEL_PACK;XIRECS;10001.0;4
36500;BOT_TAKER;BOT_MAKER;HYDROGEL_PACK;XIRECS;10017.0;3
36500;BOT_TAKER;BOT_MAKER;VEV_5500;XIRECS;10.0;3
36600;BOT_MAKER;BOT_TAKER;HYDROGEL_PACK;XIRECS;10000.0;6
36600;BOT_TAKER;BOT_MAKER;VELVETFRUIT_EXTRACT;XIRECS;5278.0;6
36700;BOT_MAKER;BOT_TAKER;VELVETFRUIT_EXTRACT;XIRECS;5274.0;6
36800;BOT_MAKER;BOT_TAKER;VEV_4000;XIRECS;1291.0;3
36900;BOT_MAKER;BOT_TAKER;VEV_6000;XIRECS;0.0;3
37000;BOT_TAKER;BOT_MAKER;HYDROGEL_PACK;XIRECS;10016.0;6
37000;BOT_TAKER;BOT_MAKER;VELVETFRUIT_EXTRACT;XIRECS;5279.0;5
37000;BOT_MAKER;BOT_TAKER;VEV_5200;XIRECS;108.0;5
37100;BOT_MAKER;BOT_TAKER;HYDROGEL_PACK;XIRECS;10001.0;2
37100;BOT_MAKER;BOT_TAKER;VEV_4000;XIRECS;1293.0;2
37200;BOT_TAKER;BOT_MAKER;VELVETFRUIT_EXTRACT;XIRECS;5281.0;4
37200;BOT_MAKER;BOT_TAKER;VEV_5300;XIRECS;51.0;2
37300;BOT_MAKER;BOT_TAKER;VELVETFRUIT_EXTRACT;XIRECS;5274.0;13
37400;BOT_TAKER;BOT_MAKER;VEV_5400;XIRECS;22.0;4
37500;BOT_MAKER;BOT_TAKER;VEV_5500;XIRECS;8.0;4
37500;BOT_TAKER;BOT_MAKER;VEV_6500;XIRECS;1.0;4
37600;BOT_MAKER;BOT_TAKER;VELVETFRUIT_EXTRACT;XIRECS;5275.0;13
37700;BOT_TAKER;BOT_MAKER;HYDROGEL_PACK;XIRECS;10017.0;2
37800;BOT_TAKER;BOT_MAKER;HYDROGEL_PACK;XIRECS;10017.0;3
37800;BOT_MAKER;BOT_TAKER;VELVETFRUIT_EXTRACT;XIRECS;5274.0;4
37900;BOT_MAKER;BOT_TAKER;HYDROGEL_PACK;XIRECS;10001.0;2
38000;BOT_TAKER;BOT_MAKER;HYDROGEL_PACK;XIRECS;10016.0;3
38000;BOT_MAKER;BOT_TAKER;VEV_4000;XIRECS;1291.0;3
38200;BOT_MAKER;BOT_TAKER;HYDROGEL_PACK;XIRECS;9998.0;2
38200;BOT_MAKER;BOT_TAKER;VELVETFRUIT_EXTRACT;XIRECS;5272.0;3
38300;BOT_MAKER;BOT_TAKER;VELVETFRUIT_EXTRACT;XIRECS;5271.0;8
38300;BOT_MAKER;BOT_TAKER;VEV_4000;XIRECS;1289.0;1
38300;BOT_TAKER;BOT_MAKER;VEV_6000;XIRECS;1.0;3
38400;BOT_MAKER;BOT_TAKER;HYDROGEL_PACK;XIRECS;9997.0;3
38400;BOT_TAKER;BOT_MAKER;VELVETFRUIT_EXTRACT;XIRECS;5277.0;9
38400;BOT_TAKER;BOT_MAKER;VEV_5500;XIRECS;9.0;3
38500;BOT_TAKER;BOT_MAKER;HYDROGEL_PACK;XIRECS;10013.0;2
38500;BOT_TAKER;BOT_MAKER;HYDROGEL_PACK;XIRECS;10013.0;2
38700;BOT_TAKER;BOT_MAKER;VELVETFRUIT_EXTRACT;XIRECS;5278.0;5
38700;BOT_MAKER;BOT_TAKER;VEV_4000;XIRECS;1288.0;2
38900;BOT_MAKER;BOT_TAKER;HYDROGEL_PACK;XIRECS;9997.0;2
39000;BOT_TAKER;BOT_MAKER;VEV_4000;XIRECS;1306.0;3
39100;BOT_TAKER;BOT_MAKER;VELVETFRUIT_EXTRACT;XIRECS;5279.0;5
39100;BOT_MAKER;BOT_TAKER;VELVETFRUIT_EXTRACT;XIRECS;5274.0;6
39300;BOT_TAKER;BOT_MAKER;VELVETFRUIT_EXTRACT;XIRECS;5277.0;8
39300;BOT_MAKER;BOT_TAKER;VEV_4000;XIRECS;1283.0;1
39800;BOT_TAKER;BOT_MAKER;HYDROGEL_PACK;XIRECS;10003.0;2
39800;BOT_MAKER;BOT_TAKER;VELVETFRUIT_EXTRACT;XIRECS;5268.0;5
39900;BOT_MAKER;BOT_TAKER;HYDROGEL_PACK;XIRECS;9987.0;6
39900;BOT_TAKER;BOT_MAKER;VELVETFRUIT_EXTRACT;XIRECS;5273.0;5
40000;BOT_MAKER;BOT_TAKER;VEV_4000;XIRECS;1279.0;1
40000;BOT_TAKER;BOT_MAKER;VEV_5300;XIRECS;54.0;4
40100;BOT_MAKER;BOT_TAKER;VELVETFRUIT_EXTRACT;XIRECS;5266.0;7
40200;BOT_TAKER;BOT_MAKER;VELVETFRUIT_EXTRACT;XIRECS;5269.0;6
40200;BOT_TAKER;BOT_MAKER;VEV_6000;XIRECS;1.0;2
40300;BOT_TAKER;BOT_MAKER;VELVETFRUIT_EXTRACT;XIRECS;5270.0;5
40300;BOT_MAKER;BOT_TAKER;VELVETFRUIT_EXTRACT;XIRECS;5264.0;6
40300;BOT_MAKER;BOT_TAKER;VEV_5300;XIRECS;51.0;4
40300;BOT_TAKER;BOT_MAKER;VEV_5400;XIRECS;22.0;5
40400;BOT_TAKER;BOT_MAKER;VELVETFRUIT_EXTRACT;XIRECS;5269.0;8
40400;BOT_MAKER;BOT_TAKER;VELVETFRUIT_EXTRACT;XIRECS;5265.0;7
40500;BOT_MAKER;BOT_TAKER;HYDROGEL_PACK;XIRECS;9987.0;4
40500;BOT_TAKER;BOT_MAKER;VELVETFRUIT_EXTRACT;XIRECS;5270.0;8
40500;BOT_TAKER;BOT_MAKER;VEV_5500;XIRECS;9.0;4
40600;BOT_MAKER;BOT_TAKER;VELVETFRUIT_EXTRACT;XIRECS;5267.0;13
40600;BOT_TAKER;BOT_MAKER;VEV_5500;XIRECS;9.0;5
40700;BOT_MAKER;BOT_TAKER;VEV_4000;XIRECS;1283.0;1
40700;BOT_TAKER;BOT_MAKER;VEV_5500;XIRECS;9.0;2
40900;BOT_MAKER;BOT_TAKER;HYDROGEL_PACK;XIRECS;9985.0;4
40900;BOT_MAKER;BOT_TAKER;VEV_4000;XIRECS;1281.0;2
41100;BOT_TAKER;BOT_MAKER;HYDROGEL_PACK;XIRECS;9999.0;6
41200;BOT_TAKER;BOT_MAKER;HYDROGEL_PACK;XIRECS;9998.0;6
41300;BOT_MAKER;BOT_TAKER;HYDROGEL_PACK;XIRECS;9982.0;6
41300;BOT_TAKER;BOT_MAKER;VEV_4000;XIRECS;1303.0;1
41400;BOT_TAKER;BOT_MAKER;HYDROGEL_PACK;XIRECS;9999.0;6
41800;BOT_TAKER;BOT_MAKER;HYDROGEL_PACK;XIRECS;10001.0;3
41900;BOT_TAKER;BOT_MAKER;HYDROGEL_PACK;XIRECS;10000.0;6
41900;BOT_TAKER;BOT_MAKER;VEV_6500;XIRECS;1.0;3
42000;BOT_TAKER;BOT_MAKER;VELVETFRUIT_EXTRACT;XIRECS;5277.0;6
42000;BOT_TAKER;BOT_MAKER;VEV_4000;XIRECS;1304.0;3
42100;BOT_TAKER;BOT_MAKER;HYDROGEL_PACK;XIRECS;9998.0;6
42100;BOT_TAKER;BOT_MAKER;VELVETFRUIT_EXTRACT;XIRECS;5276.0;4
42200;BOT_MAKER;BOT_TAKER;HYDROGEL_PACK;XIRECS;9978.0;2
42200;BOT_MAKER;BOT_TAKER;VEV_5300;XIRECS;52.0;5
42300;BOT_MAKER;BOT_TAKER;VEV_5400;XIRECS;20.0;5
42400;BOT_TAKER;BOT_MAKER;VELVETFRUIT_EXTRACT;XIRECS;5276.0;5
42500;BOT_TAKER;BOT_MAKER;VELVETFRUIT_EXTRACT;XIRECS;5278.0;6
42500;BOT_MAKER;BOT_TAKER;VEV_5400;XIRECS;20.0;4
42500;BOT_TAKER;BOT_MAKER;VEV_6500;XIRECS;1.0;4
42500;BOT_TAKER;BOT_MAKER;VEV_6500;XIRECS;1.0;5
42600;BOT_TAKER;BOT_MAKER;HYDROGEL_PACK;XIRECS;9991.0;5
42600;BOT_MAKER;BOT_TAKER;VELVETFRUIT_EXTRACT;XIRECS;5272.0;4
42700;BOT_TAKER;BOT_MAKER;VELVETFRUIT_EXTRACT;XIRECS;5278.0;8
42700;BOT_TAKER;BOT_MAKER;VEV_4000;XIRECS;1302.0;3
42700;BOT_MAKER;BOT_TAKER;VEV_5500;XIRECS;7.0;2
42700;BOT_MAKER;BOT_TAKER;VEV_6500;XIRECS;0.0;3
42800;BOT_MAKER;BOT_TAKER;HYDROGEL_PACK;XIRECS;9975.0;6
42800;BOT_TAKER;BOT_MAKER;VELVETFRUIT_EXTRACT;XIRECS;5276.0;5
42800;BOT_TAKER;BOT_MAKER;VEV_6500;XIRECS;1.0;2
42900;BOT_TAKER;BOT_MAKER;VELVETFRUIT_EXTRACT;XIRECS;5276.0;8
42900;BOT_MAKER;BOT_TAKER;VEV_6000;XIRECS;0.0;5
43000;BOT_TAKER;BOT_MAKER;VELVETFRUIT_EXTRACT;XIRECS;5276.0;3
43200;BOT_MAKER;BOT_TAKER;VELVETFRUIT_EXTRACT;XIRECS;5272.0;8
43400;BOT_MAKER;BOT_TAKER;VELVETFRUIT_EXTRACT;XIRECS;5272.0;5
43500;BOT_MAKER;BOT_TAKER;VELVETFRUIT_EXTRACT;XIRECS;5270.0;6
43600;BOT_TAKER;BOT_MAKER;HYDROGEL_PACK;XIRECS;9993.0;6
43600;BOT_TAKER;BOT_MAKER;VELVETFRUIT_EXTRACT;XIRECS;5275.0;9
43600;BOT_MAKER;BOT_TAKER;VEV_4000;XIRECS;1281.0;1
43600;BOT_TAKER;BOT_MAKER;VEV_5500;XIRECS;9.0;4
43600;BOT_MAKER;BOT_TAKER;VEV_6000;XIRECS;0.0;3
43700;BOT_MAKER;BOT_TAKER;VELVETFRUIT_EXTRACT;XIRECS;5270.0;13
43700;BOT_MAKER;BOT_TAKER;VEV_4000;XIRECS;1282.0;1
43900;BOT_TAKER;BOT_MAKER;HYDROGEL_PACK;XIRECS;9992.0;6
43900;BOT_TAKER;BOT_MAKER;VEV_5500;XIRECS;9.0;5
44100;BOT_MAKER;BOT_TAKER;HYDROGEL_PACK;XIRECS;9974.0;5
44100;BOT_MAKER;BOT_TAKER;VELVETFRUIT_EXTRACT;XIRECS;5271.0;5
44300;BOT_TAKER;BOT_MAKER;VELVETFRUIT_EXTRACT;XIRECS;5276.0;7
44400;BOT_TAKER;BOT_MAKER;VELVETFRUIT_EXTRACT;XIRECS;5277.0;6
44400;BOT_TAKER;BOT_MAKER;VEV_4000;XIRECS;1304.0;3
44400;BOT_TAKER;BOT_MAKER;VEV_5500;XIRECS;9.0;4
44500;BOT_MAKER;BOT_TAKER;HYDROGEL_PACK;XIRECS;9971.0;5
44600;BOT_TAKER;BOT_MAKER;VEV_4000;XIRECS;1304.0;3
44600;BOT_MAKER;BOT_TAKER;VEV_5400;XIRECS;18.0;2
44600;BOT_MAKER;BOT_TAKER;VEV_5500;XIRECS;8.0;3
44600;BOT_TAKER;BOT_MAKER;VEV_6000;XIRECS;1.0;5
44700;BOT_MAKER;BOT_TAKER;VEV_5300;XIRECS;51.0;4
44800;BOT_TAKER;BOT_MAKER;VEV_5500;XIRECS;9.0;5
44900;BOT_MAKER;BOT_TAKER;VELVETFRUIT_EXTRACT;XIRECS;5269.0;5
45100;BOT_MAKER;BOT_TAKER;VEV_6000;XIRECS;0.0;2
45200;BOT_TAKER;BOT_MAKER;HYDROGEL_PACK;XIRECS;9979.0;6
45300;BOT_TAKER;BOT_MAKER;VEV_4000;XIRECS;1301.0;3
45400;BOT_TAKER;BOT_MAKER;VELVETFRUIT_EXTRACT;XIRECS;5274.0;3
45400;BOT_MAKER;BOT_TAKER;VELVETFRUIT_EXTRACT;XIRECS;5269.0;8
45500;BOT_TAKER;BOT_MAKER;HYDROGEL_PACK;XIRECS;9977.0;2
45500;BOT_MAKER;BOT_TAKER;VELVETFRUIT_EXTRACT;XIRECS;5269.0;3
45500;BOT_TAKER;BOT_MAKER;VEV_6500;XIRECS;1.0;2
45600;BOT_MAKER;BOT_TAKER;VELVETFRUIT_EXTRACT;XIRECS;5270.0;8
45600;BOT_MAKER;BOT_TAKER;VEV_5400;XIRECS;18.0;4
45800;BOT_MAKER;BOT_TAKER;HYDROGEL_PACK;XIRECS;9957.0;3
45900;BOT_TAKER;BOT_MAKER;HYDROGEL_PACK;XIRECS;9974.0;3
45900;BOT_TAKER;BOT_MAKER;VELVETFRUIT_EXTRACT;XIRECS;5273.0;7
45900;BOT_TAKER;BOT_MAKER;VEV_5400;XIRECS;20.0;3
46000;BOT_TAKER;BOT_MAKER;VELVETFRUIT_EXTRACT;XIRECS;5273.0;9
46000;BOT_MAKER;BOT_TAKER;VEV_6500;XIRECS;0.0;5
46100;BOT_MAKER;BOT_TAKER;VELVETFRUIT_EXTRACT;XIRECS;5267.0;6
46200;BOT_TAKER;BOT_MAKER;HYDROGEL_PACK;XIRECS;9970.0;2
46200;BOT_MAKER;BOT_TAKER;VELVETFRUIT_EXTRACT;XIRECS;5267.0;8
46300;BOT_TAKER;BOT_MAKER;VELVETFRUIT_EXTRACT;XIRECS;5272.0;9
46300;BOT_TAKER;BOT_MAKER;VEV_4000;XIRECS;1294.0;3
46400;BOT_TAKER;BOT_MAKER;VEV_4000;XIRECS;1295.0;1
46500;BOT_TAKER;BOT_MAKER;HYDROGEL_PACK;XIRECS;9971.0;4
46600;BOT_TAKER;BOT_MAKER;HYDROGEL_PACK;XIRECS;9969.0;6
46600;BOT_TAKER;BOT_MAKER;VEV_5400;XIRECS;19.0;2
46700;BOT_MAKER;BOT_TAKER;HYDROGEL_PACK;XIRECS;9952.0;4
46800;BOT_MAKER;BOT_TAKER;VELVETFRUIT_EXTRACT;XIRECS;5272.0;8
46800;BOT_TAKER;BOT_MAKER;VEV_5500;XIRECS;9.0;4
46800;BOT_TAKER;BOT_MAKER;VEV_6000;XIRECS;1.0;5
47000;BOT_TAKER;BOT_MAKER;VEV_5400;XIRECS;18.0;2
47100;BOT_TAKER;BOT_MAKER;VELVETFRUIT_EXTRACT;XIRECS;5273.0;3
47100;BOT_MAKER;BOT_TAKER;VEV_4000;XIRECS;1268.0;1
47300;BOT_TAKER;BOT_MAKER;VEV_6500;XIRECS;1.0;2
47400;BOT_TAKER;BOT_MAKER;VELVETFRUIT_EXTRACT;XIRECS;5273.0;8
47400;BOT_MAKER;BOT_TAKER;VELVETFRUIT_EXTRACT;XIRECS;5269.0;8
47700;BOT_MAKER;BOT_TAKER;VELVETFRUIT_EXTRACT;XIRECS;5267.0;10
47800;BOT_TAKER;BOT_MAKER;VELVETFRUIT_EXTRACT;XIRECS;5273.0;6
47900;BOT_MAKER;BOT_TAKER;VEV_6000;XIRECS;0.0;3
48000;BOT_MAKER;BOT_TAKER;VELVETFRUIT_EXTRACT;XIRECS;5267.0;7
48000;BOT_MAKER;BOT_TAKER;VEV_5400;XIRECS;17.0;5
48100;BOT_MAKER;BOT_TAKER;VELVETFRUIT_EXTRACT;XIRECS;5267.0;3
48200;BOT_MAKER;BOT_TAKER;VEV_5400;XIRECS;17.0;5
48200;BOT_TAKER;BOT_MAKER;VEV_5500;XIRECS;9.0;5
48400;BOT_MAKER;BOT_TAKER;VEV_5500;XIRECS;7.0;3
48500;BOT_TAKER;BOT_MAKER;HYDROGEL_PACK;XIRECS;9966.0;5
48500;BOT_MAKER;BOT_TAKER;VEV_5500;XIRECS;7.0;2
48600;BOT_MAKER;BOT_TAKER;VELVETFRUIT_EXTRACT;XIRECS;5266.0;5
48600;BOT_MAKER;BOT_TAKER;VEV_6000;XIRECS;0.0;4
48800;BOT_TAKER;BOT_MAKER;HYDROGEL_PACK;XIRECS;9967.0;4
48900;BOT_TAKER;BOT_MAKER;HYDROGEL_PACK;XIRECS;9964.0;4
48900;BOT_MAKER;BOT_TAKER;VELVETFRUIT_EXTRACT;XIRECS;5268.0;7
48900;BOT_MAKER;BOT_TAKER;VEV_6000;XIRECS;0.0;2
49000;BOT_MAKER;BOT_TAKER;VEV_4000;XIRECS;1271.0;3
49000;BOT_MAKER;BOT_TAKER;VEV_6500;XIRECS;0.0;4
49100;BOT_TAKER;BOT_MAKER;VEV_4000;XIRECS;1292.0;3
49200;BOT_MAKER;BOT_TAKER;VELVETFRUIT_EXTRACT;XIRECS;5268.0;5
49300;BOT_MAKER;BOT_TAKER;HYDROGEL_PACK;XIRECS;9952.0;6
49400;BOT_TAKER;BOT_MAKER;VELVETFRUIT_EXTRACT;XIRECS;5272.0;4
49400;BOT_MAKER;BOT_TAKER;VEV_6000;XIRECS;0.0;5
49600;BOT_TAKER;BOT_MAKER;HYDROGEL_PACK;XIRECS;9965.0;3
49600;BOT_MAKER;BOT_TAKER;VELVETFRUIT_EXTRACT;XIRECS;5269.0;4
49700;BOT_TAKER;BOT_MAKER;HYDROGEL_PACK;XIRECS;9965.0;5
49700;BOT_TAKER;BOT_MAKER;VEV_4000;XIRECS;1291.0;1
49700;BOT_MAKER;BOT_TAKER;VEV_6500;XIRECS;0.0;2
49800;BOT_MAKER;BOT_TAKER;VELVETFRUIT_EXTRACT;XIRECS;5266.0;7
49800;BOT_TAKER;BOT_MAKER;VEV_6500;XIRECS;1.0;4
50000;BOT_TAKER;BOT_MAKER;VEV_4000;XIRECS;1292.0;3
50200;BOT_MAKER;BOT_TAKER;HYDROGEL_PACK;XIRECS;9951.0;3
50300;BOT_TAKER;BOT_MAKER;VELVETFRUIT_EXTRACT;XIRECS;5274.0;8
50400;BOT_TAKER;BOT_MAKER;VEV_5500;XIRECS;8.0;4
50500;BOT_MAKER;BOT_TAKER;HYDROGEL_PACK;XIRECS;9949.0;6
50500;BOT_MAKER;BOT_TAKER;VEV_4000;XIRECS;1269.0;1
50600;BOT_TAKER;BOT_MAKER;HYDROGEL_PACK;XIRECS;9966.0;3
50800;BOT_MAKER;BOT_TAKER;VEV_5400;XIRECS;16.0;2
50800;BOT_TAKER;BOT_MAKER;VEV_5500;XIRECS;8.0;4
50900;BOT_TAKER;BOT_MAKER;VELVETFRUIT_EXTRACT;XIRECS;5274.0;3
51000;BOT_TAKER;BOT_MAKER;HYDROGEL_PACK;XIRECS;9966.0;4
51000;BOT_TAKER;BOT_MAKER;VEV_6500;XIRECS;1.0;4
51200;BOT_MAKER;BOT_TAKER;VELVETFRUIT_EXTRACT;XIRECS;5265.0;5
51200;BOT_MAKER;BOT_TAKER;VEV_5400;XIRECS;16.0;2
51200;BOT_TAKER;BOT_MAKER;VEV_5400;XIRECS;16.0;3
51300;BOT_TAKER;BOT_MAKER;VEV_4000;XIRECS;1292.0;1
51400;BOT_MAKER;BOT_TAKER;VELVETFRUIT_EXTRACT;XIRECS;5265.0;5
51600;BOT_MAKER;BOT_TAKER;HYDROGEL_PACK;XIRECS;9953.0;6
51700;BOT_MAKER;BOT_TAKER;HYDROGEL_PACK;XIRECS;9952.0;5
51700;BOT_TAKER;BOT_MAKER;VELVETFRUIT_EXTRACT;XIRECS;5267.0;8
51800;BOT_TAKER;BOT_MAKER;VELVETFRUIT_EXTRACT;XIRECS;5266.0;7
51800;BOT_MAKER;BOT_TAKER;VELVETFRUIT_EXTRACT;XIRECS;5260.0;5
51800;BOT_MAKER;BOT_TAKER;VEV_6500;XIRECS;0.0;2
51900;BOT_TAKER;BOT_MAKER;HYDROGEL_PACK;XIRECS;9968.0;3
51900;BOT_MAKER;BOT_TAKER;VELVETFRUIT_EXTRACT;XIRECS;5260.0;3
51900;BOT_MAKER;BOT_TAKER;VEV_4000;XIRECS;1272.0;3
52000;BOT_MAKER;BOT_TAKER;HYDROGEL_PACK;XIRECS;9954.0;3
52100;BOT_TAKER;BOT_MAKER;VELVETFRUIT_EXTRACT;XIRECS;5267.0;8
52100;BOT_MAKER;BOT_TAKER;VEV_4000;XIRECS;1271.0;2
52200;BOT_TAKER;BOT_MAKER;VEV_6000;XIRECS;1.0;3
52600;BOT_TAKER;BOT_MAKER;VELVETFRUIT_EXTRACT;XIRECS;5270.0;5
52700;BOT_TAKER;BOT_MAKER;HYDROGEL_PACK;XIRECS;9965.0;3
52700;BOT_MAKER;BOT_TAKER;VELVETFRUIT_EXTRACT;XIRECS;5263.0;6
52800;BOT_MAKER;BOT_TAKER;HYDROGEL_PACK;XIRECS;9948.0;2
52800;BOT_TAKER;BOT_MAKER;VELVETFRUIT_EXTRACT;XIRECS;5270.0;6
52900;BOT_MAKER;BOT_TAKER;VELVETFRUIT_EXTRACT;XIRECS;5264.0;10
53100;BOT_TAKER;BOT_MAKER;VELVETFRUIT_EXTRACT;XIRECS;5268.0;6
53100;BOT_MAKER;BOT_TAKER;VEV_6000;XIRECS;0.0;4
53200;BOT_MAKER;BOT_TAKER;VELVETFRUIT_EXTRACT;XIRECS;5263.0;6
53200;BOT_MAKER;BOT_TAKER;VEV_5300;XIRECS;50.0;5
53300;BOT_TAKER;BOT_MAKER;HYDROGEL_PACK;XIRECS;9968.0;2
53300;BOT_TAKER;BOT_MAKER;VEV_5400;XIRECS;17.0;5
53400;BOT_MAKER;BOT_TAKER;VELVETFRUIT_EXTRACT;XIRECS;5263.0;13
53500;BOT_MAKER;BOT_TAKER;VEV_4000;XIRECS;1274.0;3
53600;BOT_TAKER;BOT_MAKER;VEV_4000;XIRECS;1295.0;1
53700;BOT_TAKER;BOT_MAKER;VEV_4000;XIRECS;1298.0;2
53800;BOT_TAKER;BOT_MAKER;HYDROGEL_PACK;XIRECS;9971.0;5
53900;BOT_MAKER;BOT_TAKER;VELVETFRUIT_EXTRACT;XIRECS;5261.0;6
53900;BOT_TAKER;BOT_MAKER;VEV_4000;XIRECS;1296.0;2
53900;BOT_MAKER;BOT_TAKER;VEV_5300;XIRECS;49.0;4
54000;BOT_TAKER;BOT_MAKER;VELVETFRUIT_EXTRACT;XIRECS;5266.0;3
54100;BOT_MAKER;BOT_TAKER;VELVETFRUIT_EXTRACT;XIRECS;5264.0;3
54200;BOT_TAKER;BOT_MAKER;VELVETFRUIT_EXTRACT;XIRECS;5270.0;4
54300;BOT_TAKER;BOT_MAKER;VEV_5300;XIRECS;51.0;5
54400;BOT_MAKER;BOT_TAKER;HYDROGEL_PACK;XIRECS;9952.0;6
54400;BOT_MAKER;BOT_TAKER;VELVETFRUIT_EXTRACT;XIRECS;5265.0;6
54500;BOT_TAKER;BOT_MAKER;VELVETFRUIT_EXTRACT;XIRECS;5271.0;4
54600;BOT_TAKER;BOT_MAKER;HYDROGEL_PACK;XIRECS;9971.0;5
54700;BOT_MAKER;BOT_TAKER;HYDROGEL_PACK;XIRECS;9950.0;2
54700;BOT_MAKER;BOT_TAKER;VEV_5500;XIRECS;7.0;2
54900;BOT_TAKER;BOT_MAKER;HYDROGEL_PACK;XIRECS;9970.0;5
54900;BOT_MAKER;BOT_TAKER;VEV_5500;XIRECS;7.0;3
55100;BOT_MAKER;BOT_TAKER;HYDROGEL_PACK;XIRECS;9956.0;6
55100;BOT_TAKER;BOT_MAKER;VEV_5400;XIRECS;15.0;2
55300;BOT_TAKER;BOT_MAKER;VEV_4000;XIRECS;1299.0;2
55400;BOT_TAKER;BOT_MAKER;HYDROGEL_PACK;XIRECS;9973.0;6
55500;BOT_MAKER;BOT_TAKER;HYDROGEL_PACK;XIRECS;9953.0;3
55500;BOT_TAKER;BOT_MAKER;VELVETFRUIT_EXTRACT;XIRECS;5272.0;6
55600;BOT_TAKER;BOT_MAKER;VELVETFRUIT_EXTRACT;XIRECS;5270.0;6
55700;BOT_MAKER;BOT_TAKER;VEV_5500;XIRECS;7.0;4
55800;BOT_TAKER;BOT_MAKER;VELVETFRUIT_EXTRACT;XIRECS;5271.0;6
55800;BOT_MAKER;BOT_TAKER;VEV_5400;XIRECS;14.0;4
55900;BOT_MAKER;BOT_TAKER;VELVETFRUIT_EXTRACT;XIRECS;5266.0;8
56000;BOT_TAKER;BOT_MAKER;VEV_5500;XIRECS;8.0;4
56100;BOT_TAKER;BOT_MAKER;VELVETFRUIT_EXTRACT;XIRECS;5271.0;8
56200;BOT_TAKER;BOT_MAKER;HYDROGEL_PACK;XIRECS;9973.0;6
56200;BOT_MAKER;BOT_TAKER;VELVETFRUIT_EXTRACT;XIRECS;5267.0;8
56400;BOT_MAKER;BOT_TAKER;HYDROGEL_PACK;XIRECS;9955.0;3
56400;BOT_MAKER;BOT_TAKER;VELVETFRUIT_EXTRACT;XIRECS;5265.0;8
56400;BOT_TAKER;BOT_MAKER;VEV_4000;XIRECS;1297.0;1
56500;BOT_TAKER;BOT_MAKER;VELVETFRUIT_EXTRACT;XIRECS;5272.0;8
56500;BOT_TAKER;BOT_MAKER;VELVETFRUIT_EXTRACT;XIRECS;5272.0;4
56600;BOT_MAKER;BOT_TAKER;VELVETFRUIT_EXTRACT;XIRECS;5265.0;6
56600;BOT_TAKER;BOT_MAKER;VEV_4000;XIRECS;1298.0;2
56600;BOT_TAKER;BOT_MAKER;VEV_5500;XIRECS;9.0;4
56700;BOT_MAKER;BOT_TAKER;VEV_6500;XIRECS;0.0;4
56800;BOT_MAKER;BOT_TAKER;VELVETFRUIT_EXTRACT;XIRECS;5266.0;4
56900;BOT_TAKER;BOT_MAKER;VELVETFRUIT_EXTRACT;XIRECS;5272.0;7
57000;BOT_MAKER;BOT_TAKER;HYDROGEL_PACK;XIRECS;9953.0;3
57200;BOT_TAKER;BOT_MAKER;VEV_4000;XIRECS;1300.0;3
57300;BOT_TAKER;BOT_MAKER;HYDROGEL_PACK;XIRECS;9971.0;6
57400;BOT_TAKER;BOT_MAKER;HYDROGEL_PACK;XIRECS;9974.0;5
57500;BOT_MAKER;BOT_TAKER;VEV_5300;XIRECS;46.0;3
57600;BOT_TAKER;BOT_MAKER;VELVETFRUIT_EXTRACT;XIRECS;5271.0;3
57700;BOT_MAKER;BOT_TAKER;VEV_4000;XIRECS;1282.0;2
57800;BOT_TAKER;BOT_MAKER;VELVETFRUIT_EXTRACT;XIRECS;5268.0;6
57900;BOT_TAKER;BOT_MAKER;HYDROGEL_PACK;XIRECS;9971.0;3
58000;BOT_MAKER;BOT_TAKER;VELVETFRUIT_EXTRACT;XIRECS;5264.0;6
58100;BOT_TAKER;BOT_MAKER;HYDROGEL_PACK;XIRECS;9967.0;3
58100;BOT_MAKER;BOT_TAKER;VELVETFRUIT_EXTRACT;XIRECS;5263.0;3
58200;BOT_MAKER;BOT_TAKER;VELVETFRUIT_EXTRACT;XIRECS;5263.0;8
58300;BOT_MAKER;BOT_TAKER;HYDROGEL_PACK;XIRECS;9958.0;3
58300;BOT_TAKER;BOT_MAKER;VELVETFRUIT_EXTRACT;XIRECS;5268.0;6
58400;BOT_MAKER;BOT_TAKER;VEV_4000;XIRECS;1286.0;1
58400;BOT_MAKER;BOT_TAKER;VEV_6000;XIRECS;0.0;4
58500;BOT_TAKER;BOT_MAKER;VELVETFRUIT_EXTRACT;XIRECS;5268.0;6
58700;BOT_TAKER;BOT_MAKER;VELVETFRUIT_EXTRACT;XIRECS;5267.0;7
58900;BOT_MAKER;BOT_TAKER;HYDROGEL_PACK;XIRECS;9958.0;3
58900;BOT_TAKER;BOT_MAKER;VEV_4000;XIRECS;1311.0;2
59000;BOT_TAKER;BOT_MAKER;HYDROGEL_PACK;XIRECS;9971.0;6
59100;BOT_MAKER;BOT_TAKER;HYDROGEL_PACK;XIRECS;9953.0;4
59100;BOT_TAKER;BOT_MAKER;VELVETFRUIT_EXTRACT;XIRECS;5270.0;8
59100;BOT_MAKER;BOT_TAKER;VELVETFRUIT_EXTRACT;XIRECS;5264.0;6
59200;BOT_MAKER;BOT_TAKER;VEV_6000;XIRECS;0.0;5
59400;BOT_TAKER;BOT_MAKER;VELVETFRUIT_EXTRACT;XIRECS;5267.0;8
59500;BOT_MAKER;BOT_TAKER;VELVETFRUIT_EXTRACT;XIRECS;5262.0;6
59600;BOT_TAKER;BOT_MAKER;VELVETFRUIT_EXTRACT;XIRECS;5267.0;8
59600;BOT_TAKER;BOT_MAKER;VEV_5400;XIRECS;15.0;5
59700;BOT_TAKER;BOT_MAKER;VELVETFRUIT_EXTRACT;XIRECS;5267.0;7
59800;BOT_MAKER;BOT_TAKER;VELVETFRUIT_EXTRACT;XIRECS;5263.0;4
59900;BOT_MAKER;BOT_TAKER;VEV_5300;XIRECS;45.0;5
60000;BOT_TAKER;BOT_MAKER;VEV_4000;XIRECS;1310.0;2
60000;BOT_TAKER;BOT_MAKER;VEV_6500;XIRECS;1.0;2
60100;BOT_TAKER;BOT_MAKER;VELVETFRUIT_EXTRACT;XIRECS;5266.0;7
60200;BOT_TAKER;BOT_MAKER;VEV_6000;XIRECS;1.0;2
60200;BOT_TAKER;BOT_MAKER;VEV_6000;XIRECS;1.0;2
60300;BOT_MAKER;BOT_TAKER;HYDROGEL_PACK;XIRECS;9967.0;5
60300;BOT_TAKER;BOT_MAKER;VEV_6500;XIRECS;1.0;3
60400;BOT_MAKER;BOT_TAKER;VELVETFRUIT_EXTRACT;XIRECS;5260.0;5
60500;BOT_MAKER;BOT_TAKER;HYDROGEL_PACK;XIRECS;9966.0;6
60500;BOT_TAKER;BOT_MAKER;HYDROGEL_PACK;XIRECS;9982.0;3
60500;BOT_TAKER;BOT_MAKER;VELVETFRUIT_EXTRACT;XIRECS;5265.0;8
60600;BOT_TAKER;BOT_MAKER;HYDROGEL_PACK;XIRECS;9982.0;4
60600;BOT_TAKER;BOT_MAKER;VEV_6000;XIRECS;1.0;3
60700;BOT_TAKER;BOT_MAKER;VEV_5400;XIRECS;15.0;2
60900;BOT_TAKER;BOT_MAKER;VELVETFRUIT_EXTRACT;XIRECS;5265.0;4
61100;BOT_MAKER;BOT_TAKER;HYDROGEL_PACK;XIRECS;9964.0;3
61100;BOT_MAKER;BOT_TAKER;VELVETFRUIT_EXTRACT;XIRECS;5259.0;5
61200;BOT_TAKER;BOT_MAKER;VELVETFRUIT_EXTRACT;XIRECS;5265.0;10
61200;BOT_MAKER;BOT_TAKER;VEV_5500;XIRECS;8.0;5
61200;BOT_MAKER;BOT_TAKER;VEV_6500;XIRECS;0.0;3
61300;BOT_MAKER;BOT_TAKER;VELVETFRUIT_EXTRACT;XIRECS;5260.0;10
61300;BOT_MAKER;BOT_TAKER;VEV_4000;XIRECS;1282.0;1
61400;BOT_TAKER;BOT_MAKER;VELVETFRUIT_EXTRACT;XIRECS;5266.0;5
61500;BOT_MAKER;BOT_TAKER;VELVETFRUIT_EXTRACT;XIRECS;5260.0;9
61500;BOT_MAKER;BOT_TAKER;VEV_5400;XIRECS;13.0;2
61600;BOT_MAKER;BOT_TAKER;HYDROGEL_PACK;XIRECS;9966.0;3
61600;BOT_TAKER;BOT_MAKER;VELVETFRUIT_EXTRACT;XIRECS;5265.0;4
61600;BOT_MAKER;BOT_TAKER;VEV_4000;XIRECS;1282.0;2
61700;BOT_TAKER;BOT_MAKER;HYDROGEL_PACK;XIRECS;9982.0;4
61700;BOT_MAKER;BOT_TAKER;VELVETFRUIT_EXTRACT;XIRECS;5260.0;6
61800;BOT_MAKER;BOT_TAKER;VELVETFRUIT_EXTRACT;XIRECS;5260.0;4
61900;BOT_MAKER;BOT_TAKER;HYDROGEL_PACK;XIRECS;9968.0;4
61900;BOT_MAKER;BOT_TAKER;VEV_6500;XIRECS;0.0;4
62000;BOT_TAKER;BOT_MAKER;VELVETFRUIT_EXTRACT;XIRECS;5264.0;6
62100;BOT_MAKER;BOT_TAKER;HYDROGEL_PACK;XIRECS;9968.0;2
62100;BOT_MAKER;BOT_TAKER;VEV_5300;XIRECS;46.0;5
62100;BOT_TAKER;BOT_MAKER;VEV_5500;XIRECS;9.0;4
62200;BOT_TAKER;BOT_MAKER;HYDROGEL_PACK;XIRECS;9983.0;3
62200;BOT_TAKER;BOT_MAKER;VELVETFRUIT_EXTRACT;XIRECS;5264.0;7
62300;BOT_MAKER;BOT_TAKER;VELVETFRUIT_EXTRACT;XIRECS;5259.0;6
62400;BOT_TAKER;BOT_MAKER;VELVETFRUIT_EXTRACT;XIRECS;5263.0;10
62600;BOT_MAKER;BOT_TAKER;HYDROGEL_PACK;XIRECS;9969.0;4
62600;BOT_TAKER;BOT_MAKER;VELVETFRUIT_EXTRACT;XIRECS;5260.0;5
62800;BOT_MAKER;BOT_TAKER;HYDROGEL_PACK;XIRECS;9970.0;4
62800;BOT_TAKER;BOT_MAKER;VEV_5400;XIRECS;16.0;4
62900;BOT_MAKER;BOT_TAKER;VEV_5300;XIRECS;46.0;4
63000;BOT_TAKER;BOT_MAKER;VEV_4000;XIRECS;1305.0;3
63200;BOT_TAKER;BOT_MAKER;HYDROGEL_PACK;XIRECS;9989.0;2
63300;BOT_MAKER;BOT_TAKER;VEV_5400;XIRECS;14.0;5
63400;BOT_MAKER;BOT_TAKER;VELVETFRUIT_EXTRACT;XIRECS;5254.0;6
63400;BOT_TAKER;BOT_MAKER;VEV_5500;XIRECS;9.0;5
63500;BOT_TAKER;BOT_MAKER;VELVETFRUIT_EXTRACT;XIRECS;5259.0;6
63500;BOT_TAKER;BOT_MAKER;VEV_5500;XIRECS;9.0;2
63600;BOT_TAKER;BOT_MAKER;VEV_5500;XIRECS;9.0;3
63700;BOT_TAKER;BOT_MAKER;VEV_4000;XIRECS;1304.0;2
63700;BOT_MAKER;BOT_TAKER;VEV_6000;XIRECS;0.0;2
63900;BOT_TAKER;BOT_MAKER;VELVETFRUIT_EXTRACT;XIRECS;5261.0;7
63900;BOT_MAKER;BOT_TAKER;VEV_4000;XIRECS;1284.0;2
63900;BOT_TAKER;BOT_MAKER;VEV_5400;XIRECS;15.0;2
63900;BOT_MAKER;BOT_TAKER;VEV_5500;XIRECS;8.0;4
64000;BOT_TAKER;BOT_MAKER;VEV_6500;XIRECS;1.0;2
64100;BOT_TAKER;BOT_MAKER;HYDROGEL_PACK;XIRECS;9982.0;2
64200;BOT_MAKER;BOT_TAKER;VELVETFRUIT_EXTRACT;XIRECS;5259.0;4
64300;BOT_TAKER;BOT_MAKER;VELVETFRUIT_EXTRACT;XIRECS;5264.0;5
64400;BOT_TAKER;BOT_MAKER;HYDROGEL_PACK;XIRECS;9985.0;6
64400;BOT_TAKER;BOT_MAKER;VEV_6500;XIRECS;1.0;5
64500;BOT_TAKER;BOT_MAKER;VEV_4000;XIRECS;1303.0;1
64700;BOT_MAKER;BOT_TAKER;VEV_4000;XIRECS;1282.0;1
64800;BOT_TAKER;BOT_MAKER;VEV_5500;XIRECS;9.0;5
64900;BOT_MAKER;BOT_TAKER;VELVETFRUIT_EXTRACT;XIRECS;5260.0;5
64900;BOT_MAKER;BOT_TAKER;VELVETFRUIT_EXTRACT;XIRECS;5260.0;7
64900;BOT_MAKER;BOT_TAKER;VEV_6000;XIRECS;0.0;5
64900;BOT_MAKER;BOT_TAKER;VEV_6500;XIRECS;0.0;3
65100;BOT_TAKER;BOT_MAKER;HYDROGEL_PACK;XIRECS;9988.0;2
65100;BOT_TAKER;BOT_MAKER;VEV_6000;XIRECS;1.0;5
65200;BOT_TAKER;BOT_MAKER;HYDROGEL_PACK;XIRECS;9989.0;2
65200;BOT_TAKER;BOT_MAKER;VELVETFRUIT_EXTRACT;XIRECS;5262.0;8
65300;BOT_TAKER;BOT_MAKER;HYDROGEL_PACK;XIRECS;9988.0;5
65300;BOT_MAKER;BOT_TAKER;VEV_5300;XIRECS;43.0;4
65400;BOT_TAKER;BOT_MAKER;VEV_4000;XIRECS;1297.0;3
65500;BOT_MAKER;BOT_TAKER;VELVETFRUIT_EXTRACT;XIRECS;5256.0;3
65600;BOT_TAKER;BOT_MAKER;HYDROGEL_PACK;XIRECS;9989.0;6
65600;BOT_TAKER;BOT_MAKER;VELVETFRUIT_EXTRACT;XIRECS;5261.0;7
65600;BOT_MAKER;BOT_TAKER;VEV_5400;XIRECS;14.0;5
65600;BOT_TAKER;BOT_MAKER;VEV_6500;XIRECS;1.0;3
65700;BOT_TAKER;BOT_MAKER;VEV_4000;XIRECS;1298.0;3
65800;BOT_MAKER;BOT_TAKER;HYDROGEL_PACK;XIRECS;9971.0;5
66000;BOT_TAKER;BOT_MAKER;VELVETFRUIT_EXTRACT;XIRECS;5259.0;5
66000;BOT_TAKER;BOT_MAKER;VEV_4000;XIRECS;1299.0;1
66100;BOT_TAKER;BOT_MAKER;VELVETFRUIT_EXTRACT;XIRECS;5262.0;4
66100;BOT_MAKER;BOT_TAKER;VEV_4000;XIRECS;1277.0;1
66200;BOT_MAKER;BOT_TAKER;HYDROGEL_PACK;XIRECS;9966.0;3
66200;BOT_TAKER;BOT_MAKER;VEV_4000;XIRECS;1299.0;1
66300;BOT_MAKER;BOT_TAKER;VEV_5400;XIRECS;13.0;4
66300;BOT_TAKER;BOT_MAKER;VEV_6000;XIRECS;1.0;2
66500;BOT_MAKER;BOT_TAKER;HYDROGEL_PACK;XIRECS;9968.0;2
66500;BOT_TAKER;BOT_MAKER;VELVETFRUIT_EXTRACT;XIRECS;5259.0;4
66500;BOT_TAKER;BOT_MAKER;VEV_5300;XIRECS;45.0;4
66600;BOT_TAKER;BOT_MAKER;HYDROGEL_PACK;XIRECS;9983.0;3
66600;BOT_MAKER;BOT_TAKER;VELVETFRUIT_EXTRACT;XIRECS;5255.0;5
66600;BOT_TAKER;BOT_MAKER;VEV_5300;XIRECS;45.0;5
66700;BOT_MAKER;BOT_TAKER;HYDROGEL_PACK;XIRECS;9968.0;2
66700;BOT_TAKER;BOT_MAKER;VELVETFRUIT_EXTRACT;XIRECS;5259.0;4
66800;BOT_MAKER;BOT_TAKER;VEV_5300;XIRECS;43.0;5
67000;BOT_TAKER;BOT_MAKER;VELVETFRUIT_EXTRACT;XIRECS;5260.0;8
67200;BOT_MAKER;BOT_TAKER;VELVETFRUIT_EXTRACT;XIRECS;5255.0;3
67200;BOT_TAKER;BOT_MAKER;VEV_5300;XIRECS;46.0;3
67300;BOT_TAKER;BOT_MAKER;VEV_6000;XIRECS;1.0;5
67500;BOT_MAKER;BOT_TAKER;HYDROGEL_PACK;XIRECS;9965.0;5
67500;BOT_MAKER;BOT_TAKER;VELVETFRUIT_EXTRACT;XIRECS;5258.0;6
67700;BOT_MAKER;BOT_TAKER;VEV_6000;XIRECS;0.0;3
67900;BOT_MAKER;BOT_TAKER;VELVETFRUIT_EXTRACT;XIRECS;5259.0;3
67900;BOT_TAKER;BOT_MAKER;VEV_6500;XIRECS;1.0;2
68000;BOT_TAKER;BOT_MAKER;VEV_6500;XIRECS;1.0;4
68100;BOT_MAKER;BOT_TAKER;VELVETFRUIT_EXTRACT;XIRECS;5258.0;8
68100;BOT_TAKER;BOT_MAKER;VEV_6500;XIRECS;1.0;3
68300;BOT_MAKER;BOT_TAKER;VEV_5400;XIRECS;13.0;5
68400;BOT_TAKER;BOT_MAKER;HYDROGEL_PACK;XIRECS;9985.0;6
68400;BOT_TAKER;BOT_MAKER;VEV_6000;XIRECS;1.0;4
68500;BOT_MAKER;BOT_TAKER;VELVETFRUIT_EXTRACT;XIRECS;5257.0;4
68500;BOT_MAKER;BOT_TAKER;VELVETFRUIT_EXTRACT;XIRECS;5257.0;6
68600;BOT_MAKER;BOT_TAKER;HYDROGEL_PACK;XIRECS;9971.0;3
68600;BOT_MAKER;BOT_TAKER;VELVETFRUIT_EXTRACT;XIRECS;5258.0;4
68600;BOT_MAKER;BOT_TAKER;VEV_4000;XIRECS;1278.0;3
68700;BOT_MAKER;BOT_TAKER;VEV_4000;XIRECS;1279.0;1
68900;BOT_MAKER;BOT_TAKER;HYDROGEL_PACK;XIRECS;9970.0;2
68900;BOT_MAKER;BOT_TAKER;VELVETFRUIT_EXTRACT;XIRECS;5258.0;10
69000;BOT_MAKER;BOT_TAKER;VELVETFRUIT_EXTRACT;XIRECS;5259.0;7
69000;BOT_MAKER;BOT_TAKER;VEV_6000;XIRECS;0.0;3
69000;BOT_MAKER;BOT_TAKER;VEV_6500;XIRECS;0.0;2
69000;BOT_MAKER;BOT_TAKER;VEV_6500;XIRECS;0.0;5
69100;BOT_MAKER;BOT_TAKER;HYDROGEL_PACK;XIRECS;9971.0;6
69200;BOT_TAKER;BOT_MAKER;HYDROGEL_PACK;XIRECS;9990.0;2
69200;BOT_TAKER;BOT_MAKER;VEV_6500;XIRECS;1.0;4
69300;BOT_TAKER;BOT_MAKER;HYDROGEL_PACK;XIRECS;9991.0;4
69300;BOT_MAKER;BOT_TAKER;VELVETFRUIT_EXTRACT;XIRECS;5257.0;4
69300;BOT_TAKER;BOT_MAKER;VEV_5500;XIRECS;9.0;5
69300;BOT_MAKER;BOT_TAKER;VEV_5500;XIRECS;8.0;3
69400;BOT_TAKER;BOT_MAKER;VEV_5500;XIRECS;9.0;4
69600;BOT_TAKER;BOT_MAKER;HYDROGEL_PACK;XIRECS;9996.0;3
69700;BOT_MAKER;BOT_TAKER;HYDROGEL_PACK;XIRECS;9978.0;4
69700;BOT_TAKER;BOT_MAKER;VELVETFRUIT_EXTRACT;XIRECS;5263.0;8
69800;BOT_MAKER;BOT_TAKER;VEV_4000;XIRECS;1284.0;2
69800;BOT_MAKER;BOT_TAKER;VEV_6500;XIRECS;0.0;4
69900;BOT_TAKER;BOT_MAKER;VELVETFRUIT_EXTRACT;XIRECS;5263.0;12
70200;BOT_MAKER;BOT_TAKER;VELVETFRUIT_EXTRACT;XIRECS;5259.0;4
70200;BOT_MAKER;BOT_TAKER;VEV_4000;XIRECS;1282.0;3
70300;BOT_TAKER;BOT_MAKER;HYDROGEL_PACK;XIRECS;9995.0;5
70300;BOT_TAKER;BOT_MAKER;VELVETFRUIT_EXTRACT;XIRECS;5264.0;3
70300;BOT_TAKER;BOT_MAKER;VEV_4000;XIRECS;1302.0;3
70400;BOT_TAKER;BOT_MAKER;HYDROGEL_PACK;XIRECS;9994.0;2
70500;BOT_MAKER;BOT_TAKER;VEV_5500;XIRECS;8.0;5
70600;BOT_MAKER;BOT_TAKER;HYDROGEL_PACK;XIRECS;9975.0;3
70700;BOT_MAKER;BOT_TAKER;HYDROGEL_PACK;XIRECS;9974.0;5
70900;BOT_MAKER;BOT_TAKER;HYDROGEL_PACK;XIRECS;9979.0;5
71000;BOT_MAKER;BOT_TAKER;VEV_6500;XIRECS;0.0;4
71100;BOT_MAKER;BOT_TAKER;VELVETFRUIT_EXTRACT;XIRECS;5257.0;4
71100;BOT_MAKER;BOT_TAKER;VEV_5300;XIRECS;41.0;2
71200;BOT_MAKER;BOT_TAKER;HYDROGEL_PACK;XIRECS;9977.0;3
71200;BOT_MAKER;BOT_TAKER;VEV_5400;XIRECS;13.0;2
71300;BOT_MAKER;BOT_TAKER;VELVETFRUIT_EXTRACT;XIRECS;5255.0;3
71300;BOT_TAKER;BOT_MAKER;VEV_5500;XIRECS;9.0;5
71300;BOT_MAKER;BOT_TAKER;VEV_6000;XIRECS;0.0;5
71400;BOT_MAKER;BOT_TAKER;HYDROGEL_PACK;XIRECS;9981.0;6
71400;BOT_TAKER;BOT_MAKER;VEV_6000;XIRECS;1.0;5
71500;BOT_TAKER;BOT_MAKER;HYDROGEL_PACK;XIRECS;9999.0;4
71500;BOT_MAKER;BOT_TAKER;VEV_6000;XIRECS;0.0;4
71600;BOT_MAKER;BOT_TAKER;VEV_5500;XIRECS;8.0;4
71700;BOT_MAKER;BOT_TAKER;HYDROGEL_PACK;XIRECS;9985.0;2
71700;BOT_MAKER;BOT_TAKER;VELVETFRUIT_EXTRACT;XIRECS;5255.0;7
71800;BOT_MAKER;BOT_TAKER;HYDROGEL_PACK;XIRECS;9989.0;6
71800;BOT_MAKER;BOT_TAKER;VELVETFRUIT_EXTRACT;XIRECS;5253.0;9
71900;BOT_TAKER;BOT_MAKER;VELVETFRUIT_EXTRACT;XIRECS;5258.0;7
72000;BOT_TAKER;BOT_MAKER;VEV_5500;XIRECS;9.0;3
72200;BOT_TAKER;BOT_MAKER;HYDROGEL_PACK;XIRECS;10001.0;3
72400;BOT_TAKER;BOT_MAKER;VELVETFRUIT_EXTRACT;XIRECS;5257.0;6
72600;BOT_MAKER;BOT_TAKER;VELVETFRUIT_EXTRACT;XIRECS;5251.0;8
72700;BOT_TAKER;BOT_MAKER;HYDROGEL_PACK;XIRECS;10003.0;5
72900;BOT_MAKER;BOT_TAKER;VEV_5400;XIRECS;14.0;2
72900;BOT_MAKER;BOT_TAKER;VEV_6000;XIRECS;0.0;4
73000;BOT_TAKER;BOT_MAKER;VELVETFRUIT_EXTRACT;XIRECS;5258.0;5
73000;BOT_MAKER;BOT_TAKER;VEV_4000;XIRECS;1281.0;3
73100;BOT_MAKER;BOT_TAKER;VELVETFRUIT_EXTRACT;XIRECS;5253.0;4
73100;BOT_TAKER;BOT_MAKER;VEV_5500;XIRECS;9.0;4
73100;BOT_MAKER;BOT_TAKER;VEV_6500;XIRECS;0.0;4
73200;BOT_TAKER;BOT_MAKER;HYDROGEL_PACK;XIRECS;10005.0;5
73200;BOT_TAKER;BOT_MAKER;VELVETFRUIT_EXTRACT;XIRECS;5259.0;5
73200;BOT_MAKER;BOT_TAKER;VEV_4000;XIRECS;1282.0;2
73200;BOT_TAKER;BOT_MAKER;VEV_6500;XIRECS;1.0;4
73300;BOT_TAKER;BOT_MAKER;HYDROGEL_PACK;XIRECS;10006.0;2
73300;BOT_TAKER;BOT_MAKER;HYDROGEL_PACK;XIRECS;10006.0;3
73300;BOT_MAKER;BOT_TAKER;VEV_6500;XIRECS;0.0;5
73500;BOT_TAKER;BOT_MAKER;VELVETFRUIT_EXTRACT;XIRECS;5256.0;3
73500;BOT_MAKER;BOT_TAKER;VELVETFRUIT_EXTRACT;XIRECS;5252.0;6
73500;BOT_TAKER;BOT_MAKER;VEV_4000;XIRECS;1307.0;3
73600;BOT_TAKER;BOT_MAKER;VELVETFRUIT_EXTRACT;XIRECS;5256.0;5
73700;BOT_TAKER;BOT_MAKER;HYDROGEL_PACK;XIRECS;10008.0;5
73700;BOT_TAKER;BOT_MAKER;VELVETFRUIT_EXTRACT;XIRECS;5258.0;5
73800;BOT_TAKER;BOT_MAKER;HYDROGEL_PACK;XIRECS;10008.0;6
73800;BOT_TAKER;BOT_MAKER;VEV_5500;XIRECS;9.0;5
73800;BOT_TAKER;BOT_MAKER;VEV_6000;XIRECS;1.0;3
73900;BOT_TAKER;BOT_MAKER;VEV_6000;XIRECS;1.0;4
73900;BOT_MAKER;BOT_TAKER;VEV_6500;XIRECS;0.0;2
74100;BOT_TAKER;BOT_MAKER;HYDROGEL_PACK;XIRECS;10011.0;3
74300;BOT_MAKER;BOT_TAKER;VELVETFRUIT_EXTRACT;XIRECS;5259.0;5
74400;BOT_MAKER;BOT_TAKER;VELVETFRUIT_EXTRACT;XIRECS;5259.0;10
74400;BOT_TAKER;BOT_MAKER;VEV_5400;XIRECS;15.0;4
74400;BOT_TAKER;BOT_MAKER;VEV_5500;XIRECS;9.0;2
74400;BOT_MAKER;BOT_TAKER;VEV_6000;XIRECS;0.0;2
74500;BOT_TAKER;BOT_MAKER;VELVETFRUIT_EXTRACT;XIRECS;5265.0;3
74500;BOT_MAKER;BOT_TAKER;VEV_5500;XIRECS;7.0;2
74600;BOT_MAKER;BOT_TAKER;HYDROGEL_PACK;XIRECS;9994.0;2
74600;BOT_MAKER;BOT_TAKER;VEV_6000;XIRECS;0.0;2
74700;BOT_MAKER;BOT_TAKER;VELVETFRUIT_EXTRACT;XIRECS;5258.0;8
74700;BOT_MAKER;BOT_TAKER;VEV_4000;XIRECS;1283.0;1
74700;BOT_MAKER;BOT_TAKER;VEV_6500;XIRECS;0.0;5
74800;BOT_TAKER;BOT_MAKER;VELVETFRUIT_EXTRACT;XIRECS;5263.0;7
74900;BOT_MAKER;BOT_TAKER;HYDROGEL_PACK;XIRECS;9991.0;5
74900;BOT_MAKER;BOT_TAKER;VEV_6000;XIRECS;0.0;4
75100;BOT_TAKER;BOT_MAKER;VEV_6000;XIRECS;1.0;4
75100;BOT_MAKER;BOT_TAKER;VEV_6500;XIRECS;0.0;4
75300;BOT_MAKER;BOT_TAKER;VELVETFRUIT_EXTRACT;XIRECS;5263.0;4
75300;BOT_MAKER;BOT_TAKER;VELVETFRUIT_EXTRACT;XIRECS;5263.0;5
75300;BOT_TAKER;BOT_MAKER;VEV_4000;XIRECS;1305.0;2
75500;BOT_MAKER;BOT_TAKER;VEV_4000;XIRECS;1282.0;2
75500;BOT_MAKER;BOT_TAKER;VEV_6500;XIRECS;0.0;2
75600;BOT_TAKER;BOT_MAKER;HYDROGEL_PACK;XIRECS;10005.0;3
75700;BOT_TAKER;BOT_MAKER;HYDROGEL_PACK;XIRECS;10005.0;2
75700;BOT_TAKER;BOT_MAKER;HYDROGEL_PACK;XIRECS;10005.0;2
75700;BOT_MAKER;BOT_TAKER;VELVETFRUIT_EXTRACT;XIRECS;5261.0;5
75800;BOT_TAKER;BOT_MAKER;VELVETFRUIT_EXTRACT;XIRECS;5266.0;3
75800;BOT_MAKER;BOT_TAKER;VEV_4000;XIRECS;1281.0;2
76000;BOT_MAKER;BOT_TAKER;HYDROGEL_PACK;XIRECS;9990.0;3
76000;BOT_MAKER;BOT_TAKER;VEV_5500;XIRECS;7.0;5
76100;BOT_TAKER;BOT_MAKER;VEV_6000;XIRECS;1.0;4
76100;BOT_TAKER;BOT_MAKER;VEV_6500;XIRECS;1.0;4
76300;BOT_TAKER;BOT_MAKER;HYDROGEL_PACK;XIRECS;10004.0;3
76300;BOT_TAKER;BOT_MAKER;VELVETFRUIT_EXTRACT;XIRECS;5263.0;7
76400;BOT_MAKER;BOT_TAKER;HYDROGEL_PACK;XIRECS;9988.0;3
76400;BOT_TAKER;BOT_MAKER;VEV_4000;XIRECS;1303.0;3
76500;BOT_MAKER;BOT_TAKER;HYDROGEL_PACK;XIRECS;9986.0;5
76500;BOT_TAKER;BOT_MAKER;VELVETFRUIT_EXTRACT;XIRECS;5263.0;3
76600;BOT_TAKER;BOT_MAKER;VELVETFRUIT_EXTRACT;XIRECS;5261.0;3
76600;BOT_TAKER;BOT_MAKER;VEV_6000;XIRECS;1.0;2
76700;BOT_MAKER;BOT_TAKER;VELVETFRUIT_EXTRACT;XIRECS;5257.0;6
76900;BOT_TAKER;BOT_MAKER;VEV_5500;XIRECS;8.0;2
77100;BOT_MAKER;BOT_TAKER;VEV_5400;XIRECS;15.0;5
77200;BOT_TAKER;BOT_MAKER;HYDROGEL_PACK;XIRECS;9998.0;4
77200;BOT_MAKER;BOT_TAKER;VELVETFRUIT_EXTRACT;XIRECS;5256.0;4
77200;BOT_MAKER;BOT_TAKER;VEV_4000;XIRECS;1285.0;1
77400;BOT_TAKER;BOT_MAKER;HYDROGEL_PACK;XIRECS;10001.0;2
77500;BOT_MAKER;BOT_TAKER;HYDROGEL_PACK;XIRECS;9986.0;6
77500;BOT_TAKER;BOT_MAKER;VELVETFRUIT_EXTRACT;XIRECS;5260.0;6
77500;BOT_TAKER;BOT_MAKER;VELVETFRUIT_EXTRACT;XIRECS;5260.0;8
77600;BOT_MAKER;BOT_TAKER;HYDROGEL_PACK;XIRECS;9989.0;6
77600;BOT_MAKER;BOT_TAKER;VEV_4000;XIRECS;1286.0;2
77700;BOT_TAKER;BOT_MAKER;HYDROGEL_PACK;XIRECS;10007.0;5
77700;BOT_TAKER;BOT_MAKER;VELVETFRUIT_EXTRACT;XIRECS;5264.0;6
77700;BOT_TAKER;BOT_MAKER;VEV_5500;XIRECS;8.0;4
77900;BOT_MAKER;BOT_TAKER;VELVETFRUIT_EXTRACT;XIRECS;5260.0;6
77900;BOT_TAKER;BOT_MAKER;VEV_6000;XIRECS;1.0;2
78000;BOT_MAKER;BOT_TAKER;VEV_5500;XIRECS;6.0;4
78200;BOT_TAKER;BOT_MAKER;HYDROGEL_PACK;XIRECS;10010.0;4
78300;BOT_MAKER;BOT_TAKER;VELVETFRUIT_EXTRACT;XIRECS;5259.0;5
78500;BOT_TAKER;BOT_MAKER;HYDROGEL_PACK;XIRECS;10008.0;2
78600;BOT_MAKER;BOT_TAKER;VELVETFRUIT_EXTRACT;XIRECS;5260.0;8
78700;BOT_TAKER;BOT_MAKER;VELVETFRUIT_EXTRACT;XIRECS;5267.0;4
78900;BOT_MAKER;BOT_TAKER;VELVETFRUIT_EXTRACT;XIRECS;5260.0;8
79000;BOT_TAKER;BOT_MAKER;VEV_4000;XIRECS;1310.0;3
79000;BOT_MAKER;BOT_TAKER;VEV_5400;XIRECS;16.0;4
79000;BOT_TAKER;BOT_MAKER;VEV_6000;XIRECS;1.0;2
79100;BOT_MAKER;BOT_TAKER;VELVETFRUIT_EXTRACT;XIRECS;5262.0;7
79400;BOT_MAKER;BOT_TAKER;VEV_5500;XIRECS;7.0;3
79400;BOT_TAKER;BOT_MAKER;VEV_6500;XIRECS;1.0;5
79500;BOT_MAKER;BOT_TAKER;HYDROGEL_PACK;XIRECS;9994.0;5
79700;BOT_TAKER;BOT_MAKER;VELVETFRUIT_EXTRACT;XIRECS;5268.0;8
79800;BOT_TAKER;BOT_MAKER;VELVETFRUIT_EXTRACT;XIRECS;5267.0;3
79800;BOT_MAKER;BOT_TAKER;VEV_6500;XIRECS;0.0;5
80100;BOT_TAKER;BOT_MAKER;HYDROGEL_PACK;XIRECS;10012.0;4
80100;BOT_MAKER;BOT_TAKER;VEV_5400;XIRECS;15.0;3
80200;BOT_MAKER;BOT_TAKER;VELVETFRUIT_EXTRACT;XIRECS;5264.0;7
80200;BOT_TAKER;BOT_MAKER;VEV_4000;XIRECS;1307.0;3
80300;BOT_MAKER;BOT_TAKER;VEV_5300;XIRECS;38.0;4
80400;BOT_MAKER;BOT_TAKER;VELVETFRUIT_EXTRACT;XIRECS;5266.0;5
80400;BOT_MAKER;BOT_TAKER;VEV_6500;XIRECS;0.0;2
80500;BOT_TAKER;BOT_MAKER;HYDROGEL_PACK;XIRECS;10017.0;4
80600;BOT_TAKER;BOT_MAKER;VELVETFRUIT_EXTRACT;XIRECS;5272.0;5
80700;BOT_MAKER;BOT_TAKER;VEV_4000;XIRECS;1285.0;3
80700;BOT_MAKER;BOT_TAKER;VEV_5400;XIRECS;16.0;3
80800;BOT_TAKER;BOT_MAKER;VELVETFRUIT_EXTRACT;XIRECS;5272.0;4
80900;BOT_MAKER;BOT_TAKER;HYDROGEL_PACK;XIRECS;10001.0;3
81000;BOT_TAKER;BOT_MAKER;HYDROGEL_PACK;XIRECS;10018.0;2
81000;BOT_TAKER;BOT_MAKER;VELVETFRUIT_EXTRACT;XIRECS;5273.0;6
81000;BOT_MAKER;BOT_TAKER;VEV_5500;XIRECS;7.0;2
81000;BOT_MAKER;BOT_TAKER;VEV_6500;XIRECS;0.0;3
81100;BOT_TAKER;BOT_MAKER;HYDROGEL_PACK;XIRECS;10017.0;6
81100;BOT_MAKER;BOT_TAKER;VEV_5300;XIRECS;34.0;5
81100;BOT_MAKER;BOT_TAKER;VEV_5500;XIRECS;7.0;4
81200;BOT_TAKER;BOT_MAKER;VELVETFRUIT_EXTRACT;XIRECS;5272.0;5
81300;BOT_TAKER;BOT_MAKER;VELVETFRUIT_EXTRACT;XIRECS;5273.0;7
81300;BOT_TAKER;BOT_MAKER;VEV_4000;XIRECS;1307.0;3
81400;BOT_TAKER;BOT_MAKER;VELVETFRUIT_EXTRACT;XIRECS;5275.0;5
81500;BOT_TAKER;BOT_MAKER;HYDROGEL_PACK;XIRECS;10021.0;2
81500;BOT_TAKER;BOT_MAKER;VELVETFRUIT_EXTRACT;XIRECS;5276.0;6
81700;BOT_MAKER;BOT_TAKER;HYDROGEL_PACK;XIRECS;10004.0;6
81700;BOT_TAKER;BOT_MAKER;VEV_5500;XIRECS;8.0;4
81700;BOT_MAKER;BOT_TAKER;VEV_6500;XIRECS;0.0;5
81800;BOT_MAKER;BOT_TAKER;VELVETFRUIT_EXTRACT;XIRECS;5270.0;6
81800;BOT_MAKER;BOT_TAKER;VEV_4000;XIRECS;1285.0;1
81800;BOT_TAKER;BOT_MAKER;VEV_5300;XIRECS;36.0;3
81800;BOT_MAKER;BOT_TAKER;VEV_6500;XIRECS;0.0;3
82000;BOT_MAKER;BOT_TAKER;HYDROGEL_PACK;XIRECS;10009.0;3
82000;BOT_TAKER;BOT_MAKER;VELVETFRUIT_EXTRACT;XIRECS;5276.0;3
82100;BOT_MAKER;BOT_TAKER;HYDROGEL_PACK;XIRECS;10006.0;4
82100;BOT_TAKER;BOT_MAKER;VEV_6500;XIRECS;1.0;3
82200;BOT_MAKER;BOT_TAKER;VELVETFRUIT_EXTRACT;XIRECS;5270.0;8
82200;BOT_MAKER;BOT_TAKER;VEV_4000;XIRECS;1288.0;2
82200;BOT_TAKER;BOT_MAKER;VEV_6500;XIRECS;1.0;3
82300;BOT_MAKER;BOT_TAKER;HYDROGEL_PACK;XIRECS;10006.0;6
82300;BOT_TAKER;BOT_MAKER;VEV_4000;XIRECS;1310.0;2
82300;BOT_TAKER;BOT_MAKER;VEV_5500;XIRECS;8.0;4
82500;BOT_MAKER;BOT_TAKER;VELVETFRUIT_EXTRACT;XIRECS;5270.0;7
82500;BOT_MAKER;BOT_TAKER;VEV_6000;XIRECS;0.0;4
82600;BOT_TAKER;BOT_MAKER;VELVETFRUIT_EXTRACT;XIRECS;5276.0;3
82700;BOT_TAKER;BOT_MAKER;HYDROGEL_PACK;XIRECS;10022.0;3
82800;BOT_MAKER;BOT_TAKER;VELVETFRUIT_EXTRACT;XIRECS;5270.0;8
82800;BOT_MAKER;BOT_TAKER;VEV_6000;XIRECS;0.0;2
83100;BOT_TAKER;BOT_MAKER;HYDROGEL_PACK;XIRECS;10018.0;4
83100;BOT_MAKER;BOT_TAKER;VELVETFRUIT_EXTRACT;XIRECS;5271.0;6
83100;BOT_TAKER;BOT_MAKER;VEV_4000;XIRECS;1311.0;2
83200;BOT_TAKER;BOT_MAKER;HYDROGEL_PACK;XIRECS;10018.0;6
83200;BOT_TAKER;BOT_MAKER;VELVETFRUIT_EXTRACT;XIRECS;5275.0;6
83200;BOT_MAKER;BOT_TAKER;VEV_6000;XIRECS;0.0;2
83300;BOT_MAKER;BOT_TAKER;HYDROGEL_PACK;XIRECS;9999.0;4
83300;BOT_MAKER;BOT_TAKER;VEV_4000;XIRECS;1287.0;2
83300;BOT_MAKER;BOT_TAKER;VEV_4000;XIRECS;1287.0;1
83500;BOT_TAKER;BOT_MAKER;VELVETFRUIT_EXTRACT;XIRECS;5278.0;3
83600;BOT_MAKER;BOT_TAKER;VELVETFRUIT_EXTRACT;XIRECS;5272.0;8
83700;BOT_TAKER;BOT_MAKER;VEV_4000;XIRECS;1308.0;2
83800;BOT_TAKER;BOT_MAKER;VEV_4000;XIRECS;1309.0;2
83800;BOT_MAKER;BOT_TAKER;VEV_5400;XIRECS;16.0;5
84000;BOT_TAKER;BOT_MAKER;VELVETFRUIT_EXTRACT;XIRECS;5276.0;6
84000;BOT_MAKER;BOT_TAKER;VEV_6500;XIRECS;0.0;3
84200;BOT_MAKER;BOT_TAKER;HYDROGEL_PACK;XIRECS;10000.0;3
84300;BOT_TAKER;BOT_MAKER;VELVETFRUIT_EXTRACT;XIRECS;5277.0;6
84400;BOT_TAKER;BOT_MAKER;HYDROGEL_PACK;XIRECS;10017.0;2
84400;BOT_MAKER;BOT_TAKER;VELVETFRUIT_EXTRACT;XIRECS;5274.0;8
84600;BOT_TAKER;BOT_MAKER;VELVETFRUIT_EXTRACT;XIRECS;5280.0;4
84700;BOT_MAKER;BOT_TAKER;VELVETFRUIT_EXTRACT;XIRECS;5275.0;4
84800;BOT_TAKER;BOT_MAKER;VELVETFRUIT_EXTRACT;XIRECS;5281.0;3
84800;BOT_MAKER;BOT_TAKER;VELVETFRUIT_EXTRACT;XIRECS;5276.0;6
85000;BOT_MAKER;BOT_TAKER;VELVETFRUIT_EXTRACT;XIRECS;5276.0;4
85100;BOT_MAKER;BOT_TAKER;HYDROGEL_PACK;XIRECS;10000.0;6
85100;BOT_TAKER;BOT_MAKER;VELVETFRUIT_EXTRACT;XIRECS;5282.0;4
85100;BOT_TAKER;BOT_MAKER;VEV_4000;XIRECS;1307.0;2
85300;BOT_TAKER;BOT_MAKER;HYDROGEL_PACK;XIRECS;10019.0;2
85300;BOT_TAKER;BOT_MAKER;VELVETFRUIT_EXTRACT;XIRECS;5282.0;4
85400;BOT_TAKER;BOT_MAKER;VEV_6500;XIRECS;1.0;5
85500;BOT_TAKER;BOT_MAKER;VELVETFRUIT_EXTRACT;XIRECS;5284.0;5
85600;BOT_TAKER;BOT_MAKER;VEV_5500;XIRECS;8.0;2
85700;BOT_TAKER;BOT_MAKER;HYDROGEL_PACK;XIRECS;10021.0;5
85800;BOT_TAKER;BOT_MAKER;HYDROGEL_PACK;XIRECS;10023.0;2
85900;BOT_TAKER;BOT_MAKER;VELVETFRUIT_EXTRACT;XIRECS;5286.0;4
85900;BOT_TAKER;BOT_MAKER;VEV_6500;XIRECS;1.0;2
86000;BOT_MAKER;BOT_TAKER;VELVETFRUIT_EXTRACT;XIRECS;5278.0;5
86100;BOT_MAKER;BOT_TAKER;VEV_5400;XIRECS;16.0;5
86200;BOT_MAKER;BOT_TAKER;VELVETFRUIT_EXTRACT;XIRECS;5276.0;3
86300;BOT_TAKER;BOT_MAKER;VEV_5300;XIRECS;33.0;3
86300;BOT_MAKER;BOT_TAKER;VEV_5400;XIRECS;16.0;3
86500;BOT_TAKER;BOT_MAKER;VEV_5500;XIRECS;8.0;5
86600;BOT_TAKER;BOT_MAKER;VELVETFRUIT_EXTRACT;XIRECS;5283.0;5
86600;BOT_TAKER;BOT_MAKER;VEV_4000;XIRECS;1307.0;2
86600;BOT_MAKER;BOT_TAKER;VEV_6000;XIRECS;0.0;3
86700;BOT_MAKER;BOT_TAKER;VELVETFRUIT_EXTRACT;XIRECS;5279.0;5
86700;BOT_MAKER;BOT_TAKER;VEV_6500;XIRECS;0.0;2
86800;BOT_MAKER;BOT_TAKER;HYDROGEL_PACK;XIRECS;10008.0;3
86800;BOT_TAKER;BOT_MAKER;VELVETFRUIT_EXTRACT;XIRECS;5284.0;7
86800;BOT_TAKER;BOT_MAKER;VEV_5300;XIRECS;33.0;5
86900;BOT_MAKER;BOT_TAKER;VEV_6000;XIRECS;0.0;2
87000;BOT_MAKER;BOT_TAKER;HYDROGEL_PACK;XIRECS;10010.0;2
87000;BOT_TAKER;BOT_MAKER;VELVETFRUIT_EXTRACT;XIRECS;5283.0;6
87200;BOT_TAKER;BOT_MAKER;VEV_5300;XIRECS;34.0;2
87500;BOT_MAKER;BOT_TAKER;HYDROGEL_PACK;XIRECS;10007.0;2
87600;BOT_TAKER;BOT_MAKER;VEV_5500;XIRECS;8.0;4
87700;BOT_MAKER;BOT_TAKER;HYDROGEL_PACK;XIRECS;10005.0;3
87700;BOT_TAKER;BOT_MAKER;VEV_6500;XIRECS;1.0;5
87900;BOT_TAKER;BOT_MAKER;VELVETFRUIT_EXTRACT;XIRECS;5282.0;7
88000;BOT_MAKER;BOT_TAKER;VELVETFRUIT_EXTRACT;XIRECS;5274.0;6
88000;BOT_MAKER;BOT_TAKER;VEV_4000;XIRECS;1289.0;2
88100;BOT_TAKER;BOT_MAKER;HYDROGEL_PACK;XIRECS;10024.0;3
88300;BOT_MAKER;BOT_TAKER;HYDROGEL_PACK;XIRECS;10012.0;3
88400;BOT_MAKER;BOT_TAKER;HYDROGEL_PACK;XIRECS;10011.0;4
88400;BOT_MAKER;BOT_TAKER;HYDROGEL_PACK;XIRECS;10011.0;5
88600;BOT_TAKER;BOT_MAKER;HYDROGEL_PACK;XIRECS;10029.0;5
88600;BOT_MAKER;BOT_TAKER;VEV_6000;XIRECS;0.0;2
88700;BOT_TAKER;BOT_MAKER;HYDROGEL_PACK;XIRECS;10027.0;4
88700;BOT_MAKER;BOT_TAKER;VEV_4000;XIRECS;1288.0;3
88800;BOT_MAKER;BOT_TAKER;HYDROGEL_PACK;XIRECS;10010.0;4
88800;BOT_TAKER;BOT_MAKER;VEV_6500;XIRECS;1.0;3
88900;BOT_TAKER;BOT_MAKER;VELVETFRUIT_EXTRACT;XIRECS;5278.0;6
88900;BOT_MAKER;BOT_TAKER;VEV_5500;XIRECS;7.0;2
88900;BOT_MAKER;BOT_TAKER;VEV_6500;XIRECS;0.0;2
89000;BOT_MAKER;BOT_TAKER;HYDROGEL_PACK;XIRECS;10008.0;3
89000;BOT_MAKER;BOT_TAKER;HYDROGEL_PACK;XIRECS;10008.0;3
89000;BOT_TAKER;BOT_MAKER;VELVETFRUIT_EXTRACT;XIRECS;5276.0;5
89200;BOT_MAKER;BOT_TAKER;HYDROGEL_PACK;XIRECS;10007.0;3
89300;BOT_TAKER;BOT_MAKER;HYDROGEL_PACK;XIRECS;10020.0;4
89300;BOT_MAKER;BOT_TAKER;VELVETFRUIT_EXTRACT;XIRECS;5272.0;12
89300;BOT_TAKER;BOT_MAKER;VELVETFRUIT_EXTRACT;XIRECS;5278.0;6
89400;BOT_TAKER;BOT_MAKER;HYDROGEL_PACK;XIRECS;10022.0;5
89400;BOT_MAKER;BOT_TAKER;VEV_6000;XIRECS;0.0;4
89500;BOT_TAKER;BOT_MAKER;HYDROGEL_PACK;XIRECS;10022.0;5
89700;BOT_TAKER;BOT_MAKER;HYDROGEL_PACK;XIRECS;10025.0;6
89900;BOT_TAKER;BOT_MAKER;HYDROGEL_PACK;XIRECS;10028.0;4
89900;BOT_TAKER;BOT_MAKER;VEV_6000;XIRECS;1.0;4
90000;BOT_TAKER;BOT_MAKER;HYDROGEL_PACK;XIRECS;10030.0;5
90100;BOT_TAKER;BOT_MAKER;VEV_6500;XIRECS;1.0;5
90300;BOT_TAKER;BOT_MAKER;HYDROGEL_PACK;XIRECS;10028.0;6
90500;BOT_TAKER;BOT_MAKER;VELVETFRUIT_EXTRACT;XIRECS;5277.0;7
90600;BOT_MAKER;BOT_TAKER;VELVETFRUIT_EXTRACT;XIRECS;5271.0;7
90700;BOT_MAKER;BOT_TAKER;HYDROGEL_PACK;XIRECS;10013.0;5
90900;BOT_MAKER;BOT_TAKER;HYDROGEL_PACK;XIRECS;10014.0;5
90900;BOT_TAKER;BOT_MAKER;VELVETFRUIT_EXTRACT;XIRECS;5277.0;11
91000;BOT_MAKER;BOT_TAKER;HYDROGEL_PACK;XIRECS;10013.0;3
91000;BOT_MAKER;BOT_TAKER;VELVETFRUIT_EXTRACT;XIRECS;5270.0;5
91000;BOT_MAKER;BOT_TAKER;VEV_4000;XIRECS;1285.0;2
91100;BOT_TAKER;BOT_MAKER;VEV_5500;XIRECS;9.0;3
91100;BOT_TAKER;BOT_MAKER;VEV_5500;XIRECS;9.0;2
91100;BOT_MAKER;BOT_TAKER;VEV_6000;XIRECS;0.0;5
91300;BOT_TAKER;BOT_MAKER;VELVETFRUIT_EXTRACT;XIRECS;5273.0;3
91400;BOT_MAKER;BOT_TAKER;VELVETFRUIT_EXTRACT;XIRECS;5270.0;9
91500;BOT_MAKER;BOT_TAKER;HYDROGEL_PACK;XIRECS;10006.0;3
91600;BOT_MAKER;BOT_TAKER;HYDROGEL_PACK;XIRECS;10007.0;4
91600;BOT_TAKER;BOT_MAKER;VELVETFRUIT_EXTRACT;XIRECS;5276.0;5
91600;BOT_MAKER;BOT_TAKER;VEV_4000;XIRECS;1282.0;1
91600;BOT_MAKER;BOT_TAKER;VEV_6000;XIRECS;0.0;3
91700;BOT_TAKER;BOT_MAKER;VEV_4000;XIRECS;1303.0;3
91700;BOT_TAKER;BOT_MAKER;VEV_5500;XIRECS;9.0;3
91800;BOT_MAKER;BOT_TAKER;VELVETFRUIT_EXTRACT;XIRECS;5270.0;4
91800;BOT_TAKER;BOT_MAKER;VELVETFRUIT_EXTRACT;XIRECS;5276.0;5
91800;BOT_MAKER;BOT_TAKER;VEV_4000;XIRECS;1283.0;3
91800;BOT_MAKER;BOT_TAKER;VEV_4000;XIRECS;1283.0;2
91900;BOT_TAKER;BOT_MAKER;VEV_4000;XIRECS;1303.0;3
92000;BOT_MAKER;BOT_TAKER;VELVETFRUIT_EXTRACT;XIRECS;5270.0;3
92000;BOT_TAKER;BOT_MAKER;VEV_4000;XIRECS;1303.0;1
92000;BOT_MAKER;BOT_TAKER;VEV_6500;XIRECS;0.0;4
92300;BOT_MAKER;BOT_TAKER;VELVETFRUIT_EXTRACT;XIRECS;5267.0;5
92400;BOT_MAKER;BOT_TAKER;HYDROGEL_PACK;XIRECS;10007.0;3
92400;BOT_MAKER;BOT_TAKER;VELVETFRUIT_EXTRACT;XIRECS;5267.0;8
92400;BOT_MAKER;BOT_TAKER;VELVETFRUIT_EXTRACT;XIRECS;5267.0;8
92500;BOT_TAKER;BOT_MAKER;HYDROGEL_PACK;XIRECS;10021.0;2
92500;BOT_TAKER;BOT_MAKER;VELVETFRUIT_EXTRACT;XIRECS;5273.0;3
92600;BOT_TAKER;BOT_MAKER;VELVETFRUIT_EXTRACT;XIRECS;5273.0;4
92600;BOT_MAKER;BOT_TAKER;VELVETFRUIT_EXTRACT;XIRECS;5268.0;3
92700;BOT_MAKER;BOT_TAKER;VELVETFRUIT_EXTRACT;XIRECS;5268.0;8
92800;BOT_MAKER;BOT_TAKER;VEV_6000;XIRECS;0.0;2
92800;BOT_MAKER;BOT_TAKER;VEV_6500;XIRECS;0.0;2
92900;BOT_TAKER;BOT_MAKER;VEV_5500;XIRECS;9.0;3
93200;BOT_TAKER;BOT_MAKER;VELVETFRUIT_EXTRACT;XIRECS;5272.0;7
93200;BOT_MAKER;BOT_TAKER;VEV_5400;XIRECS;16.0;2
93300;BOT_TAKER;BOT_MAKER;VELVETFRUIT_EXTRACT;XIRECS;5273.0;6
93400;BOT_TAKER;BOT_MAKER;HYDROGEL_PACK;XIRECS;10023.0;3
93400;BOT_MAKER;BOT_TAKER;VELVETFRUIT_EXTRACT;XIRECS;5267.0;3
93500;BOT_MAKER;BOT_TAKER;HYDROGEL_PACK;XIRECS;10004.0;6
93500;BOT_TAKER;BOT_MAKER;VEV_6500;XIRECS;1.0;2
93600;BOT_TAKER;BOT_MAKER;VEV_5500;XIRECS;9.0;5
93700;BOT_MAKER;BOT_TAKER;HYDROGEL_PACK;XIRECS;10010.0;5
93700;BOT_TAKER;BOT_MAKER;VELVETFRUIT_EXTRACT;XIRECS;5271.0;4
93700;BOT_MAKER;BOT_TAKER;VELVETFRUIT_EXTRACT;XIRECS;5266.0;3
93800;BOT_MAKER;BOT_TAKER;HYDROGEL_PACK;XIRECS;10011.0;2
93900;BOT_MAKER;BOT_TAKER;VELVETFRUIT_EXTRACT;XIRECS;5268.0;3
94000;BOT_TAKER;BOT_MAKER;HYDROGEL_PACK;XIRECS;10022.0;2
94000;BOT_MAKER;BOT_TAKER;VEV_4000;XIRECS;1281.0;1
94100;BOT_TAKER;BOT_MAKER;VELVETFRUIT_EXTRACT;XIRECS;5269.0;8
94200;BOT_TAKER;BOT_MAKER;HYDROGEL_PACK;XIRECS;10023.0;4
94200;BOT_TAKER;BOT_MAKER;VELVETFRUIT_EXTRACT;XIRECS;5270.0;4
94400;BOT_MAKER;BOT_TAKER;VELVETFRUIT_EXTRACT;XIRECS;5264.0;6
94500;BOT_MAKER;BOT_TAKER;HYDROGEL_PACK;XIRECS;10007.0;2
94500;BOT_MAKER;BOT_TAKER;VELVETFRUIT_EXTRACT;XIRECS;5264.0;6
94500;BOT_MAKER;BOT_TAKER;VEV_4000;XIRECS;1280.0;2
94600;BOT_TAKER;BOT_MAKER;VELVETFRUIT_EXTRACT;XIRECS;5268.0;4
94800;BOT_TAKER;BOT_MAKER;HYDROGEL_PACK;XIRECS;10024.0;6
94800;BOT_MAKER;BOT_TAKER;VELVETFRUIT_EXTRACT;XIRECS;5262.0;6
94900;BOT_TAKER;BOT_MAKER;VELVETFRUIT_EXTRACT;XIRECS;5265.0;8
95100;BOT_MAKER;BOT_TAKER;VELVETFRUIT_EXTRACT;XIRECS;5259.0;3
95400;BOT_MAKER;BOT_TAKER;HYDROGEL_PACK;XIRECS;9999.0;5
95400;BOT_TAKER;BOT_MAKER;VEV_4000;XIRECS;1298.0;1
95400;BOT_MAKER;BOT_TAKER;VEV_6500;XIRECS;0.0;2
95500;BOT_MAKER;BOT_TAKER;HYDROGEL_PACK;XIRECS;9999.0;6
95500;BOT_MAKER;BOT_TAKER;VEV_5500;XIRECS;7.0;2
95600;BOT_TAKER;BOT_MAKER;HYDROGEL_PACK;XIRECS;10013.0;5
95600;BOT_TAKER;BOT_MAKER;VELVETFRUIT_EXTRACT;XIRECS;5265.0;8
95700;BOT_MAKER;BOT_TAKER;HYDROGEL_PACK;XIRECS;10000.0;2
95700;BOT_MAKER;BOT_TAKER;VELVETFRUIT_EXTRACT;XIRECS;5260.0;5
95700;BOT_TAKER;BOT_MAKER;VEV_5300;XIRECS;36.0;3
95800;BOT_MAKER;BOT_TAKER;VEV_5300;XIRECS;33.0;5
95900;BOT_TAKER;BOT_MAKER;VELVETFRUIT_EXTRACT;XIRECS;5265.0;4
95900;BOT_MAKER;BOT_TAKER;VEV_4000;XIRECS;1276.0;1
95900;BOT_TAKER;BOT_MAKER;VEV_5400;XIRECS;17.0;2
96000;BOT_TAKER;BOT_MAKER;VEV_6000;XIRECS;1.0;3
96200;BOT_MAKER;BOT_TAKER;HYDROGEL_PACK;XIRECS;10003.0;5
96200;BOT_MAKER;BOT_TAKER;VELVETFRUIT_EXTRACT;XIRECS;5258.0;5
96400;BOT_MAKER;BOT_TAKER;HYDROGEL_PACK;XIRECS;10005.0;2
96400;BOT_TAKER;BOT_MAKER;VELVETFRUIT_EXTRACT;XIRECS;5264.0;5
96400;BOT_TAKER;BOT_MAKER;VEV_4000;XIRECS;1295.0;2
96500;BOT_TAKER;BOT_MAKER;VELVETFRUIT_EXTRACT;XIRECS;5265.0;6
96700;BOT_MAKER;BOT_TAKER;VEV_5300;XIRECS;35.0;4
96900;BOT_MAKER;BOT_TAKER;VELVETFRUIT_EXTRACT;XIRECS;5261.0;7
97200;BOT_MAKER;BOT_TAKER;HYDROGEL_PACK;XIRECS;9999.0;3
97200;BOT_TAKER;BOT_MAKER;VEV_5200;XIRECS;129.0;1
97200;BOT_TAKER;BOT_MAKER;VEV_6500;XIRECS;1.0;4
97300;BOT_TAKER;BOT_MAKER;VELVETFRUIT_EXTRACT;XIRECS;5265.0;5
97300;BOT_TAKER;BOT_MAKER;VEV_6000;XIRECS;1.0;4
97500;BOT_TAKER;BOT_MAKER;HYDROGEL_PACK;XIRECS;10015.0;5
97500;BOT_TAKER;BOT_MAKER;VELVETFRUIT_EXTRACT;XIRECS;5264.0;5
97500;BOT_TAKER;BOT_MAKER;VEV_5500;XIRECS;9.0;4
97700;BOT_MAKER;BOT_TAKER;VEV_4000;XIRECS;1276.0;3
97800;BOT_TAKER;BOT_MAKER;VELVETFRUIT_EXTRACT;XIRECS;5265.0;7
97900;BOT_TAKER;BOT_MAKER;VEV_4000;XIRECS;1299.0;3
98000;BOT_TAKER;BOT_MAKER;HYDROGEL_PACK;XIRECS;10007.0;6
98000;BOT_MAKER;BOT_TAKER;VELVETFRUIT_EXTRACT;XIRECS;5258.0;8
98100;BOT_TAKER;BOT_MAKER;VEV_5400;XIRECS;18.0;5
98200;BOT_TAKER;BOT_MAKER;VEV_5300;XIRECS;35.0;4
98200;BOT_MAKER;BOT_TAKER;VEV_5400;XIRECS;16.0;5
98300;BOT_TAKER;BOT_MAKER;VELVETFRUIT_EXTRACT;XIRECS;5263.0;3
98400;BOT_TAKER;BOT_MAKER;HYDROGEL_PACK;XIRECS;10006.0;6
98400;BOT_TAKER;BOT_MAKER;VEV_4000;XIRECS;1299.0;3
98500;BOT_TAKER;BOT_MAKER;HYDROGEL_PACK;XIRECS;10005.0;6
98600;BOT_MAKER;BOT_TAKER;HYDROGEL_PACK;XIRECS;9987.0;5
98600;BOT_MAKER;BOT_TAKER;VELVETFRUIT_EXTRACT;XIRECS;5259.0;5
98800;BOT_TAKER;BOT_MAKER;VEV_6500;XIRECS;1.0;2
98900;BOT_MAKER;BOT_TAKER;HYDROGEL_PACK;XIRECS;9989.0;6
98900;BOT_MAKER;BOT_TAKER;VEV_5400;XIRECS;16.0;2
99000;BOT_TAKER;BOT_MAKER;HYDROGEL_PACK;XIRECS;10009.0;6
99000;BOT_TAKER;BOT_MAKER;VELVETFRUIT_EXTRACT;XIRECS;5263.0;3
99000;BOT_MAKER;BOT_TAKER;VEV_6000;XIRECS;0.0;2
99100;BOT_TAKER;BOT_MAKER;VELVETFRUIT_EXTRACT;XIRECS;5265.0;7
99100;BOT_TAKER;BOT_MAKER;VELVETFRUIT_EXTRACT;XIRECS;5265.0;6
99200;BOT_TAKER;BOT_MAKER;HYDROGEL_PACK;XIRECS;10008.0;6
99200;BOT_TAKER;BOT_MAKER;VELVETFRUIT_EXTRACT;XIRECS;5266.0;3
99300;BOT_TAKER;BOT_MAKER;HYDROGEL_PACK;XIRECS;10010.0;6
99300;BOT_TAKER;BOT_MAKER;VELVETFRUIT_EXTRACT;XIRECS;5267.0;8
99300;BOT_MAKER;BOT_TAKER;VELVETFRUIT_EXTRACT;XIRECS;5261.0;7
99300;BOT_TAKER;BOT_MAKER;VEV_5400;XIRECS;17.0;3
99400;BOT_MAKER;BOT_TAKER;VEV_5500;XIRECS;8.0;5
99500;BOT_MAKER;BOT_TAKER;HYDROGEL_PACK;XIRECS;9998.0;3
99500;BOT_MAKER;BOT_TAKER;VELVETFRUIT_EXTRACT;XIRECS;5260.0;8
99600;BOT_TAKER;BOT_MAKER;VELVETFRUIT_EXTRACT;XIRECS;5266.0;5
99800;BOT_MAKER;BOT_TAKER;VELVETFRUIT_EXTRACT;XIRECS;5258.0;8
99800;BOT_MAKER;BOT_TAKER;VEV_5500;XIRECS;9.0;3
99900;BOT_MAKER;BOT_TAKER;VELVETFRUIT_EXTRACT;XIRECS;5260.0;6
100100;BOT_TAKER;BOT_MAKER;VEV_4000;XIRECS;1300.0;2
100200;BOT_TAKER;BOT_MAKER;VEV_4000;XIRECS;1299.0;1
100200;BOT_MAKER;BOT_TAKER;VEV_5500;XIRECS;9.0;4
100400;BOT_MAKER;BOT_TAKER;VELVETFRUIT_EXTRACT;XIRECS;5259.0;8
100400;BOT_TAKER;BOT_MAKER;VELVETFRUIT_EXTRACT;XIRECS;5265.0;5
100400;BOT_TAKER;BOT_MAKER;VEV_4000;XIRECS;1297.0;1
100400;BOT_TAKER;BOT_MAKER;VEV_5500;XIRECS;10.0;4
100500;BOT_MAKER;BOT_TAKER;HYDROGEL_PACK;XIRECS;10002.0;4
100500;BOT_MAKER;BOT_TAKER;VELVETFRUIT_EXTRACT;XIRECS;5260.0;10
100500;BOT_MAKER;BOT_TAKER;VELVETFRUIT_EXTRACT;XIRECS;5260.0;8
100600;BOT_TAKER;BOT_MAKER;VEV_4000;XIRECS;1298.0;3
100700;BOT_MAKER;BOT_TAKER;HYDROGEL_PACK;XIRECS;10006.0;6
100800;BOT_TAKER;BOT_MAKER;VELVETFRUIT_EXTRACT;XIRECS;5265.0;8
100900;BOT_MAKER;BOT_TAKER;HYDROGEL_PACK;XIRECS;10012.0;5
101000;BOT_MAKER;BOT_TAKER;VELVETFRUIT_EXTRACT;XIRECS;5261.0;3
101000;BOT_MAKER;BOT_TAKER;VEV_4000;XIRECS;1277.0;1
101100;BOT_MAKER;BOT_TAKER;HYDROGEL_PACK;XIRECS;10009.0;4
101100;BOT_MAKER;BOT_TAKER;VELVETFRUIT_EXTRACT;XIRECS;5261.0;5
101100;BOT_MAKER;BOT_TAKER;VEV_6000;XIRECS;0.0;5
101300;BOT_MAKER;BOT_TAKER;VELVETFRUIT_EXTRACT;XIRECS;5259.0;3
101300;BOT_MAKER;BOT_TAKER;VEV_5400;XIRECS;15.0;4
101400;BOT_TAKER;BOT_MAKER;HYDROGEL_PACK;XIRECS;10027.0;4
101400;BOT_TAKER;BOT_MAKER;VELVETFRUIT_EXTRACT;XIRECS;5263.0;3
101400;BOT_TAKER;BOT_MAKER;VEV_6000;XIRECS;1.0;4
101500;BOT_MAKER;BOT_TAKER;VELVETFRUIT_EXTRACT;XIRECS;5259.0;5
101600;BOT_TAKER;BOT_MAKER;VEV_4000;XIRECS;1302.0;3
101700;BOT_MAKER;BOT_TAKER;HYDROGEL_PACK;XIRECS;10006.0;4
101700;BOT_TAKER;BOT_MAKER;VEV_5400;XIRECS;17.0;2
101700;BOT_MAKER;BOT_TAKER;VEV_6000;XIRECS;0.0;5
101900;BOT_TAKER;BOT_MAKER;VEV_6500;XIRECS;1.0;2
102100;BOT_TAKER;BOT_MAKER;HYDROGEL_PACK;XIRECS;10018.0;6
102100;BOT_MAKER;BOT_TAKER;VELVETFRUIT_EXTRACT;XIRECS;5259.0;6
102100;BOT_TAKER;BOT_MAKER;VEV_6500;XIRECS;1.0;5
102200;BOT_MAKER;BOT_TAKER;VEV_5500;XIRECS;9.0;2
102200;BOT_MAKER;BOT_TAKER;VEV_6500;XIRECS;0.0;2
102500;BOT_TAKER;BOT_MAKER;HYDROGEL_PACK;XIRECS;10019.0;4
102800;BOT_MAKER;BOT_TAKER;HYDROGEL_PACK;XIRECS;10003.0;3
102800;BOT_TAKER;BOT_MAKER;VEV_5500;XIRECS;10.0;5
102900;BOT_MAKER;BOT_TAKER;HYDROGEL_PACK;XIRECS;10002.0;4
102900;BOT_MAKER;BOT_TAKER;VEV_4000;XIRECS;1280.0;2
103000;BOT_TAKER;BOT_MAKER;HYDROGEL_PACK;XIRECS;10020.0;3
103100;BOT_MAKER;BOT_TAKER;HYDROGEL_PACK;XIRECS;10003.0;5
103100;BOT_MAKER;BOT_TAKER;VELVETFRUIT_EXTRACT;XIRECS;5261.0;4
103200;BOT_TAKER;BOT_MAKER;VELVETFRUIT_EXTRACT;XIRECS;5266.0;9
103400;BOT_TAKER;BOT_MAKER;VELVETFRUIT_EXTRACT;XIRECS;5266.0;7
103800;BOT_TAKER;BOT_MAKER;VELVETFRUIT_EXTRACT;XIRECS;5266.0;3
103800;BOT_MAKER;BOT_TAKER;VEV_4000;XIRECS;1278.0;1
103800;BOT_MAKER;BOT_TAKER;VEV_5300;XIRECS;38.0;4
103800;BOT_TAKER;BOT_MAKER;VEV_6000;XIRECS;1.0;3
104000;BOT_TAKER;BOT_MAKER;VELVETFRUIT_EXTRACT;XIRECS;5266.0;3
104000;BOT_TAKER;BOT_MAKER;VELVETFRUIT_EXTRACT;XIRECS;5266.0;8
104300;BOT_TAKER;BOT_MAKER;HYDROGEL_PACK;XIRECS;10022.0;4
104300;BOT_MAKER;BOT_TAKER;VELVETFRUIT_EXTRACT;XIRECS;5259.0;5
104400;BOT_MAKER;BOT_TAKER;VEV_4000;XIRECS;1278.0;2
104500;BOT_MAKER;BOT_TAKER;HYDROGEL_PACK;XIRECS;10014.0;3
104500;BOT_MAKER;BOT_TAKER;VELVETFRUIT_EXTRACT;XIRECS;5259.0;5
104600;BOT_TAKER;BOT_MAKER;HYDROGEL_PACK;XIRECS;10028.0;2
104600;BOT_MAKER;BOT_TAKER;HYDROGEL_PACK;XIRECS;10012.0;6
104700;BOT_TAKER;BOT_MAKER;VELVETFRUIT_EXTRACT;XIRECS;5264.0;6
104700;BOT_TAKER;BOT_MAKER;VEV_5500;XIRECS;10.0;2
104900;BOT_MAKER;BOT_TAKER;VELVETFRUIT_EXTRACT;XIRECS;5264.0;6
104900;BOT_TAKER;BOT_MAKER;VEV_6500;XIRECS;1.0;4
105000;BOT_MAKER;BOT_TAKER;VELVETFRUIT_EXTRACT;XIRECS;5262.0;12
105100;BOT_MAKER;BOT_TAKER;VEV_6500;XIRECS;0.0;5
105200;BOT_MAKER;BOT_TAKER;HYDROGEL_PACK;XIRECS;10009.0;6
105200;BOT_MAKER;BOT_TAKER;VELVETFRUIT_EXTRACT;XIRECS;5261.0;8
105300;BOT_MAKER;BOT_TAKER;VEV_6500;XIRECS;0.0;4
105500;BOT_MAKER;BOT_TAKER;HYDROGEL_PACK;XIRECS;10008.0;5
105600;BOT_TAKER;BOT_MAKER;HYDROGEL_PACK;XIRECS;10025.0;5
105700;BOT_MAKER;BOT_TAKER;VEV_4000;XIRECS;1277.0;2
105700;BOT_TAKER;BOT_MAKER;VEV_6500;XIRECS;1.0;4
105800;BOT_TAKER;BOT_MAKER;HYDROGEL_PACK;XIRECS;10022.0;2
105800;BOT_TAKER;BOT_MAKER;VEV_4000;XIRECS;1299.0;2
106000;BOT_MAKER;BOT_TAKER;VEV_4000;XIRECS;1277.0;3
106100;BOT_TAKER;BOT_MAKER;VEV_4000;XIRECS;1300.0;3
106100;BOT_TAKER;BOT_MAKER;VEV_5300;XIRECS;39.0;5
106300;BOT_MAKER;BOT_TAKER;HYDROGEL_PACK;XIRECS;10004.0;5
106300;BOT_TAKER;BOT_MAKER;VELVETFRUIT_EXTRACT;XIRECS;5263.0;3
106300;BOT_MAKER;BOT_TAKER;VEV_6500;XIRECS;0.0;3
106400;BOT_TAKER;BOT_MAKER;VELVETFRUIT_EXTRACT;XIRECS;5263.0;8
106400;BOT_TAKER;BOT_MAKER;VEV_6500;XIRECS;1.0;2
106500;BOT_TAKER;BOT_MAKER;HYDROGEL_PACK;XIRECS;10025.0;5
106500;BOT_MAKER;BOT_TAKER;VELVETFRUIT_EXTRACT;XIRECS;5258.0;8
106600;BOT_MAKER;BOT_TAKER;VELVETFRUIT_EXTRACT;XIRECS;5258.0;7
106600;BOT_MAKER;BOT_TAKER;VEV_5500;XIRECS;9.0;5
106700;BOT_MAKER;BOT_TAKER;HYDROGEL_PACK;XIRECS;10010.0;4
106700;BOT_TAKER;BOT_MAKER;VEV_5400;XIRECS;17.0;2
106900;BOT_MAKER;BOT_TAKER;HYDROGEL_PACK;XIRECS;10012.0;2
106900;BOT_MAKER;BOT_TAKER;VEV_6500;XIRECS;0.0;3
107000;BOT_MAKER;BOT_TAKER;VEV_5400;XIRECS;15.0;5
107100;BOT_MAKER;BOT_TAKER;VEV_4000;XIRECS;1277.0;3
107200;BOT_MAKER;BOT_TAKER;HYDROGEL_PACK;XIRECS;10014.0;3
107300;BOT_MAKER;BOT_TAKER;VEV_4000;XIRECS;1279.0;2
107400;BOT_TAKER;BOT_MAKER;HYDROGEL_PACK;XIRECS;10035.0;2
107400;BOT_MAKER;BOT_TAKER;VELVETFRUIT_EXTRACT;XIRECS;5263.0;4
107400;BOT_TAKER;BOT_MAKER;VEV_4000;XIRECS;1300.0;3
107500;BOT_MAKER;BOT_TAKER;VEV_6000;XIRECS;0.0;3
107600;BOT_MAKER;BOT_TAKER;HYDROGEL_PACK;XIRECS;10021.0;6
107900;BOT_MAKER;BOT_TAKER;VELVETFRUIT_EXTRACT;XIRECS;5260.0;4
107900;BOT_MAKER;BOT_TAKER;VEV_5500;XIRECS;9.0;3
107900;BOT_TAKER;BOT_MAKER;VEV_6500;XIRECS;1.0;5
108100;BOT_TAKER;BOT_MAKER;VEV_5300;XIRECS;38.0;2
108100;BOT_MAKER;BOT_TAKER;VEV_5500;XIRECS;9.0;4
108300;BOT_MAKER;BOT_TAKER;HYDROGEL_PACK;XIRECS;10032.0;3
108300;BOT_TAKER;BOT_MAKER;VELVETFRUIT_EXTRACT;XIRECS;5266.0;5
108300;BOT_TAKER;BOT_MAKER;VEV_6000;XIRECS;1.0;5
108600;BOT_TAKER;BOT_MAKER;VELVETFRUIT_EXTRACT;XIRECS;5265.0;4
108700;BOT_TAKER;BOT_MAKER;VEV_4000;XIRECS;1302.0;1
108700;BOT_MAKER;BOT_TAKER;VEV_5400;XIRECS;16.0;5
108800;BOT_MAKER;BOT_TAKER;VELVETFRUIT_EXTRACT;XIRECS;5259.0;11
108800;BOT_MAKER;BOT_TAKER;VEV_5400;XIRECS;16.0;2
109000;BOT_MAKER;BOT_TAKER;HYDROGEL_PACK;XIRECS;10039.0;4
109000;BOT_MAKER;BOT_TAKER;VELVETFRUIT_EXTRACT;XIRECS;5257.0;8
109100;BOT_TAKER;BOT_MAKER;HYDROGEL_PACK;XIRECS;10057.0;6
109100;BOT_TAKER;BOT_MAKER;VELVETFRUIT_EXTRACT;XIRECS;5261.0;6
109100;BOT_TAKER;BOT_MAKER;VEV_5500;XIRECS;11.0;5
109100;BOT_TAKER;BOT_MAKER;VEV_6500;XIRECS;1.0;3
109200;BOT_TAKER;BOT_MAKER;VEV_5400;XIRECS;18.0;2
109200;BOT_TAKER;BOT_MAKER;VEV_6500;XIRECS;1.0;4
109300;BOT_MAKER;BOT_TAKER;VELVETFRUIT_EXTRACT;XIRECS;5255.0;8
109300;BOT_MAKER;BOT_TAKER;VEV_5500;XIRECS;10.0;2
109400;BOT_MAKER;BOT_TAKER;HYDROGEL_PACK;XIRECS;10040.0;2
109400;BOT_MAKER;BOT_TAKER;VEV_4000;XIRECS;1282.0;3
109600;BOT_TAKER;BOT_MAKER;HYDROGEL_PACK;XIRECS;10052.0;2
109600;BOT_MAKER;BOT_TAKER;VELVETFRUIT_EXTRACT;XIRECS;5253.0;5
109600;BOT_MAKER;BOT_TAKER;VEV_6500;XIRECS;0.0;5
109700;BOT_MAKER;BOT_TAKER;HYDROGEL_PACK;XIRECS;10038.0;5
109700;BOT_MAKER;BOT_TAKER;VEV_5200;XIRECS;121.0;2
109800;BOT_MAKER;BOT_TAKER;VELVETFRUIT_EXTRACT;XIRECS;5252.0;6
109800;BOT_TAKER;BOT_MAKER;VEV_4000;XIRECS;1302.0;3
109900;BOT_TAKER;BOT_MAKER;HYDROGEL_PACK;XIRECS;10052.0;2
110000;BOT_TAKER;BOT_MAKER;VELVETFRUIT_EXTRACT;XIRECS;5258.0;6
110100;BOT_TAKER;BOT_MAKER;VELVETFRUIT_EXTRACT;XIRECS;5259.0;5
110200;BOT_MAKER;BOT_TAKER;HYDROGEL_PACK;XIRECS;10026.0;3
110200;BOT_TAKER;BOT_MAKER;VELVETFRUIT_EXTRACT;XIRECS;5257.0;4
110500;BOT_MAKER;BOT_TAKER;HYDROGEL_PACK;XIRECS;10031.0;6
110500;BOT_TAKER;BOT_MAKER;VELVETFRUIT_EXTRACT;XIRECS;5257.0;6
110500;BOT_TAKER;BOT_MAKER;VEV_4000;XIRECS;1302.0;2
110600;BOT_TAKER;BOT_MAKER;VEV_4000;XIRECS;1300.0;2
110600;BOT_MAKER;BOT_TAKER;VEV_5300;XIRECS;38.0;4
110700;BOT_TAKER;BOT_MAKER;HYDROGEL_PACK;XIRECS;10044.0;5
110900;BOT_TAKER;BOT_MAKER;VELVETFRUIT_EXTRACT;XIRECS;5259.0;7
111000;BOT_MAKER;BOT_TAKER;VEV_4000;XIRECS;1278.0;2
111000;BOT_TAKER;BOT_MAKER;VEV_6500;XIRECS;1.0;3
111100;BOT_TAKER;BOT_MAKER;VELVETFRUIT_EXTRACT;XIRECS;5259.0;4
111200;BOT_MAKER;BOT_TAKER;HYDROGEL_PACK;XIRECS;10025.0;2
111200;BOT_TAKER;BOT_MAKER;VELVETFRUIT_EXTRACT;XIRECS;5261.0;6
111400;BOT_MAKER;BOT_TAKER;VEV_6000;XIRECS;0.0;5
111600;BOT_MAKER;BOT_TAKER;HYDROGEL_PACK;XIRECS;10030.0;3
111600;BOT_MAKER;BOT_TAKER;VELVETFRUIT_EXTRACT;XIRECS;5252.0;6
111600;BOT_MAKER;BOT_TAKER;VELVETFRUIT_EXTRACT;XIRECS;5252.0;3
111600;BOT_MAKER;BOT_TAKER;VEV_6500;XIRECS;0.0;4
111700;BOT_MAKER;BOT_TAKER;HYDROGEL_PACK;XIRECS;10031.0;3
111700;BOT_MAKER;BOT_TAKER;VELVETFRUIT_EXTRACT;XIRECS;5252.0;7
111700;BOT_MAKER;BOT_TAKER;VEV_4000;XIRECS;1280.0;3
111700;BOT_MAKER;BOT_TAKER;VEV_6500;XIRECS;0.0;5
111800;BOT_MAKER;BOT_TAKER;HYDROGEL_PACK;XIRECS;10034.0;2
111800;BOT_MAKER;BOT_TAKER;VELVETFRUIT_EXTRACT;XIRECS;5253.0;3
112100;BOT_MAKER;BOT_TAKER;VEV_5400;XIRECS;16.0;3
112200;BOT_MAKER;BOT_TAKER;VEV_5500;XIRECS;10.0;3
112300;BOT_MAKER;BOT_TAKER;VELVETFRUIT_EXTRACT;XIRECS;5255.0;5
112400;BOT_MAKER;BOT_TAKER;HYDROGEL_PACK;XIRECS;10023.0;5
112400;BOT_MAKER;BOT_TAKER;VELVETFRUIT_EXTRACT;XIRECS;5257.0;5
112500;BOT_MAKER;BOT_TAKER;HYDROGEL_PACK;XIRECS;10020.0;4
112600;BOT_TAKER;BOT_MAKER;VEV_5500;XIRECS;12.0;2
112700;BOT_MAKER;BOT_TAKER;VEV_4000;XIRECS;1277.0;2
112800;BOT_MAKER;BOT_TAKER;VEV_4000;XIRECS;1276.0;3
112800;BOT_TAKER;BOT_MAKER;VEV_6000;XIRECS;1.0;5
112900;BOT_MAKER;BOT_TAKER;VELVETFRUIT_EXTRACT;XIRECS;5259.0;4
112900;BOT_MAKER;BOT_TAKER;VEV_5400;XIRECS;16.0;5
113000;BOT_TAKER;BOT_MAKER;VELVETFRUIT_EXTRACT;XIRECS;5263.0;3
113100;BOT_TAKER;BOT_MAKER;HYDROGEL_PACK;XIRECS;10039.0;5
113100;BOT_TAKER;BOT_MAKER;VELVETFRUIT_EXTRACT;XIRECS;5264.0;8
113200;BOT_MAKER;BOT_TAKER;HYDROGEL_PACK;XIRECS;10019.0;6
113200;BOT_MAKER;BOT_TAKER;VEV_5300;XIRECS;35.0;4
113300;BOT_TAKER;BOT_MAKER;HYDROGEL_PACK;XIRECS;10038.0;5
113300;BOT_TAKER;BOT_MAKER;VELVETFRUIT_EXTRACT;XIRECS;5264.0;3
113400;BOT_TAKER;BOT_MAKER;HYDROGEL_PACK;XIRECS;10042.0;5
113400;BOT_TAKER;BOT_MAKER;HYDROGEL_PACK;XIRECS;10042.0;4
113400;BOT_MAKER;BOT_TAKER;VELVETFRUIT_EXTRACT;XIRECS;5259.0;3
113500;BOT_TAKER;BOT_MAKER;VELVETFRUIT_EXTRACT;XIRECS;5266.0;4
113600;BOT_MAKER;BOT_TAKER;VEV_4000;XIRECS;1277.0;1
113800;BOT_TAKER;BOT_MAKER;VEV_5300;XIRECS;38.0;3
113800;BOT_TAKER;BOT_MAKER;VEV_5500;XIRECS;11.0;5
113800;BOT_TAKER;BOT_MAKER;VEV_6000;XIRECS;1.0;3
113900;BOT_TAKER;BOT_MAKER;VELVETFRUIT_EXTRACT;XIRECS;5265.0;5
113900;BOT_TAKER;BOT_MAKER;VEV_5200;XIRECS;124.0;5
114000;BOT_MAKER;BOT_TAKER;VELVETFRUIT_EXTRACT;XIRECS;5260.0;14
114000;BOT_MAKER;BOT_TAKER;VEV_5400;XIRECS;17.0;2
114100;BOT_TAKER;BOT_MAKER;VEV_5400;XIRECS;18.0;5
114400;BOT_MAKER;BOT_TAKER;VELVETFRUIT_EXTRACT;XIRECS;5258.0;6
114400;BOT_MAKER;BOT_TAKER;VEV_4000;XIRECS;1280.0;3
114600;BOT_TAKER;BOT_MAKER;HYDROGEL_PACK;XIRECS;10039.0;5
114600;BOT_MAKER;BOT_TAKER;VELVETFRUIT_EXTRACT;XIRECS;5258.0;8
114600;BOT_TAKER;BOT_MAKER;VEV_4000;XIRECS;1303.0;1
114600;BOT_TAKER;BOT_MAKER;VEV_4000;XIRECS;1303.0;3
114800;BOT_TAKER;BOT_MAKER;VELVETFRUIT_EXTRACT;XIRECS;5266.0;4
114900;BOT_TAKER;BOT_MAKER;HYDROGEL_PACK;XIRECS;10039.0;2
114900;BOT_TAKER;BOT_MAKER;VEV_6500;XIRECS;1.0;5
115000;BOT_TAKER;BOT_MAKER;VEV_5500;XIRECS;12.0;2
115100;BOT_MAKER;BOT_TAKER;HYDROGEL_PACK;XIRECS;10023.0;6
115100;BOT_TAKER;BOT_MAKER;HYDROGEL_PACK;XIRECS;10041.0;5
115100;BOT_TAKER;BOT_MAKER;VEV_6000;XIRECS;1.0;2
115200;BOT_TAKER;BOT_MAKER;HYDROGEL_PACK;XIRECS;10041.0;4
115300;BOT_TAKER;BOT_MAKER;VEV_6000;XIRECS;1.0;4
115400;BOT_MAKER;BOT_TAKER;HYDROGEL_PACK;XIRECS;10024.0;5
115400;BOT_MAKER;BOT_TAKER;VEV_5500;XIRECS;10.0;4
115500;BOT_TAKER;BOT_MAKER;HYDROGEL_PACK;XIRECS;10042.0;6
115700;BOT_TAKER;BOT_MAKER;HYDROGEL_PACK;XIRECS;10040.0;2
115800;BOT_MAKER;BOT_TAKER;VELVETFRUIT_EXTRACT;XIRECS;5260.0;3
115900;BOT_TAKER;BOT_MAKER;HYDROGEL_PACK;XIRECS;10035.0;2
115900;BOT_TAKER;BOT_MAKER;VELVETFRUIT_EXTRACT;XIRECS;5266.0;4
116000;BOT_MAKER;BOT_TAKER;VELVETFRUIT_EXTRACT;XIRECS;5259.0;8
116000;BOT_TAKER;BOT_MAKER;VEV_4000;XIRECS;1298.0;1
116000;BOT_TAKER;BOT_MAKER;VEV_6500;XIRECS;1.0;4
116200;BOT_TAKER;BOT_MAKER;VELVETFRUIT_EXTRACT;XIRECS;5264.0;7
116200;BOT_MAKER;BOT_TAKER;VEV_5400;XIRECS;17.0;4
116300;BOT_MAKER;BOT_TAKER;VELVETFRUIT_EXTRACT;XIRECS;5260.0;7
116400;BOT_TAKER;BOT_MAKER;VEV_5300;XIRECS;34.0;3
116400;BOT_MAKER;BOT_TAKER;VEV_5500;XIRECS;11.0;5
116400;BOT_TAKER;BOT_MAKER;VEV_6000;XIRECS;1.0;4
116500;BOT_TAKER;BOT_MAKER;HYDROGEL_PACK;XIRECS;10047.0;2
116500;BOT_MAKER;BOT_TAKER;VELVETFRUIT_EXTRACT;XIRECS;5262.0;3
116500;BOT_TAKER;BOT_MAKER;VEV_5500;XIRECS;12.0;2
116800;BOT_TAKER;BOT_MAKER;HYDROGEL_PACK;XIRECS;10037.0;2
116800;BOT_TAKER;BOT_MAKER;VEV_5300;XIRECS;35.0;4
116900;BOT_MAKER;BOT_TAKER;HYDROGEL_PACK;XIRECS;10018.0;6
116900;BOT_MAKER;BOT_TAKER;VEV_5400;XIRECS;17.0;3
117100;BOT_MAKER;BOT_TAKER;HYDROGEL_PACK;XIRECS;10016.0;6
117100;BOT_MAKER;BOT_TAKER;VEV_5500;XIRECS;11.0;2
117200;BOT_TAKER;BOT_MAKER;VEV_5500;XIRECS;12.0;2
117300;BOT_MAKER;BOT_TAKER;VEV_6000;XIRECS;0.0;3
117400;BOT_TAKER;BOT_MAKER;HYDROGEL_PACK;XIRECS;10027.0;2
117400;BOT_MAKER;BOT_TAKER;VELVETFRUIT_EXTRACT;XIRECS;5256.0;8
117400;BOT_TAKER;BOT_MAKER;VELVETFRUIT_EXTRACT;XIRECS;5260.0;10
117400;BOT_MAKER;BOT_TAKER;VEV_5500;XIRECS;11.0;5
117600;BOT_MAKER;BOT_TAKER;HYDROGEL_PACK;XIRECS;10014.0;2
117700;BOT_TAKER;BOT_MAKER;HYDROGEL_PACK;XIRECS;10032.0;5
117800;BOT_MAKER;BOT_TAKER;HYDROGEL_PACK;XIRECS;10014.0;3
117800;BOT_TAKER;BOT_MAKER;VELVETFRUIT_EXTRACT;XIRECS;5262.0;3
118000;BOT_MAKER;BOT_TAKER;VEV_6500;XIRECS;0.0;5
118100;BOT_MAKER;BOT_TAKER;HYDROGEL_PACK;XIRECS;10016.0;6
118100;BOT_MAKER;BOT_TAKER;VELVETFRUIT_EXTRACT;XIRECS;5256.0;7
118100;BOT_MAKER;BOT_TAKER;VEV_4000;XIRECS;1280.0;1
118100;BOT_MAKER;BOT_TAKER;VEV_6000;XIRECS;0.0;2
118200;BOT_TAKER;BOT_MAKER;HYDROGEL_PACK;XIRECS;10032.0;6
118500;BOT_MAKER;BOT_TAKER;VELVETFRUIT_EXTRACT;XIRECS;5257.0;8
118500;BOT_MAKER;BOT_TAKER;VEV_4000;XIRECS;1279.0;1
118600;BOT_TAKER;BOT_MAKER;HYDROGEL_PACK;XIRECS;10031.0;6
118800;BOT_TAKER;BOT_MAKER;VELVETFRUIT_EXTRACT;XIRECS;5261.0;4
118900;BOT_TAKER;BOT_MAKER;VEV_4000;XIRECS;1301.0;1
119000;BOT_MAKER;BOT_TAKER;VELVETFRUIT_EXTRACT;XIRECS;5256.0;7
119000;BOT_MAKER;BOT_TAKER;VEV_5500;XIRECS;11.0;4
119100;BOT_MAKER;BOT_TAKER;VEV_4000;XIRECS;1283.0;1
119200;BOT_MAKER;BOT_TAKER;VELVETFRUIT_EXTRACT;XIRECS;5256.0;4
119300;BOT_TAKER;BOT_MAKER;VELVETFRUIT_EXTRACT;XIRECS;5259.0;4
119400;BOT_TAKER;BOT_MAKER;HYDROGEL_PACK;XIRECS;10035.0;5
119500;BOT_TAKER;BOT_MAKER;VEV_4000;XIRECS;1303.0;2
119600;BOT_MAKER;BOT_TAKER;HYDROGEL_PACK;XIRECS;10019.0;5
119600;BOT_MAKER;BOT_TAKER;VEV_4000;XIRECS;1281.0;1
119600;BOT_MAKER;BOT_TAKER;VEV_5500;XIRECS;11.0;5
119700;BOT_TAKER;BOT_MAKER;HYDROGEL_PACK;XIRECS;10039.0;3
119700;BOT_TAKER;BOT_MAKER;VELVETFRUIT_EXTRACT;XIRECS;5258.0;7
119800;BOT_TAKER;BOT_MAKER;VELVETFRUIT_EXTRACT;XIRECS;5260.0;8
119900;BOT_MAKER;BOT_TAKER;VELVETFRUIT_EXTRACT;XIRECS;5255.0;7
120000;BOT_TAKER;BOT_MAKER;HYDROGEL_PACK;XIRECS;10041.0;3
120000;BOT_MAKER;BOT_TAKER;VEV_5500;XIRECS;11.0;4
120100;BOT_MAKER;BOT_TAKER;HYDROGEL_PACK;XIRECS;10022.0;4
120100;BOT_MAKER;BOT_TAKER;VELVETFRUIT_EXTRACT;XIRECS;5255.0;4
120200;BOT_MAKER;BOT_TAKER;VEV_5500;XIRECS;11.0;2
120300;BOT_MAKER;BOT_TAKER;HYDROGEL_PACK;XIRECS;10019.0;3
120300;BOT_TAKER;BOT_MAKER;VELVETFRUIT_EXTRACT;XIRECS;5259.0;7
120400;BOT_TAKER;BOT_MAKER;VELVETFRUIT_EXTRACT;XIRECS;5257.0;3
120400;BOT_MAKER;BOT_TAKER;VELVETFRUIT_EXTRACT;XIRECS;5253.0;8
120400;BOT_MAKER;BOT_TAKER;VEV_4000;XIRECS;1282.0;2
120500;BOT_MAKER;BOT_TAKER;HYDROGEL_PACK;XIRECS;10023.0;4
120600;BOT_MAKER;BOT_TAKER;VELVETFRUIT_EXTRACT;XIRECS;5253.0;13
120700;BOT_MAKER;BOT_TAKER;VELVETFRUIT_EXTRACT;XIRECS;5253.0;8
120700;BOT_TAKER;BOT_MAKER;VEV_4000;XIRECS;1305.0;2
120800;BOT_MAKER;BOT_TAKER;HYDROGEL_PACK;XIRECS;10025.0;4
120900;BOT_TAKER;BOT_MAKER;VELVETFRUIT_EXTRACT;XIRECS;5260.0;4
121200;BOT_MAKER;BOT_TAKER;VELVETFRUIT_EXTRACT;XIRECS;5252.0;4
121200;BOT_MAKER;BOT_TAKER;VELVETFRUIT_EXTRACT;XIRECS;5252.0;5
121200;BOT_MAKER;BOT_TAKER;VEV_6000;XIRECS;0.0;2
121300;BOT_MAKER;BOT_TAKER;VELVETFRUIT_EXTRACT;XIRECS;5251.0;6
121300;BOT_MAKER;BOT_TAKER;VEV_4000;XIRECS;1284.0;3
121400;BOT_TAKER;BOT_MAKER;HYDROGEL_PACK;XIRECS;10041.0;4
121400;BOT_MAKER;BOT_TAKER;VELVETFRUIT_EXTRACT;XIRECS;5251.0;3
121500;BOT_MAKER;BOT_TAKER;HYDROGEL_PACK;XIRECS;10025.0;5
121700;BOT_TAKER;BOT_MAKER;HYDROGEL_PACK;XIRECS;10038.0;3
121700;BOT_TAKER;BOT_MAKER;VELVETFRUIT_EXTRACT;XIRECS;5257.0;4
121700;BOT_TAKER;BOT_MAKER;VEV_6500;XIRECS;1.0;2
121800;BOT_TAKER;BOT_MAKER;VELVETFRUIT_EXTRACT;XIRECS;5256.0;7
121800;BOT_MAKER;BOT_TAKER;VEV_5400;XIRECS;19.0;2
121900;BOT_TAKER;BOT_MAKER;HYDROGEL_PACK;XIRECS;10036.0;5
121900;BOT_MAKER;BOT_TAKER;VELVETFRUIT_EXTRACT;XIRECS;5250.0;5
122100;BOT_MAKER;BOT_TAKER;VEV_5300;XIRECS;35.0;5
122200;BOT_TAKER;BOT_MAKER;VELVETFRUIT_EXTRACT;XIRECS;5256.0;3
122300;BOT_TAKER;BOT_MAKER;VEV_4000;XIRECS;1301.0;2
122400;BOT_MAKER;BOT_TAKER;HYDROGEL_PACK;XIRECS;10018.0;4
122400;BOT_TAKER;BOT_MAKER;VELVETFRUIT_EXTRACT;XIRECS;5254.0;13
122400;BOT_MAKER;BOT_TAKER;VEV_5400;XIRECS;18.0;3
122400;BOT_TAKER;BOT_MAKER;VEV_6000;XIRECS;1.0;3
122500;BOT_MAKER;BOT_TAKER;VELVETFRUIT_EXTRACT;XIRECS;5248.0;8
122600;BOT_TAKER;BOT_MAKER;VEV_4000;XIRECS;1301.0;1
122600;BOT_TAKER;BOT_MAKER;VEV_6000;XIRECS;1.0;5
122700;BOT_TAKER;BOT_MAKER;VELVETFRUIT_EXTRACT;XIRECS;5254.0;7
122700;BOT_TAKER;BOT_MAKER;VEV_4000;XIRECS;1303.0;1
122900;BOT_MAKER;BOT_TAKER;VELVETFRUIT_EXTRACT;XIRECS;5250.0;6
122900;BOT_TAKER;BOT_MAKER;VEV_4000;XIRECS;1305.0;2
123000;BOT_TAKER;BOT_MAKER;VELVETFRUIT_EXTRACT;XIRECS;5257.0;3
123000;BOT_MAKER;BOT_TAKER;VEV_5500;XIRECS;12.0;2
123100;BOT_TAKER;BOT_MAKER;VELVETFRUIT_EXTRACT;XIRECS;5255.0;7
123100;BOT_MAKER;BOT_TAKER;VEV_5500;XIRECS;12.0;3
123200;BOT_TAKER;BOT_MAKER;VELVETFRUIT_EXTRACT;XIRECS;5255.0;4
123200;BOT_TAKER;BOT_MAKER;VEV_4000;XIRECS;1305.0;3
123200;BOT_TAKER;BOT_MAKER;VEV_4000;XIRECS;1305.0;3
123300;BOT_TAKER;BOT_MAKER;VEV_4000;XIRECS;1306.0;1
123400;BOT_TAKER;BOT_MAKER;HYDROGEL_PACK;XIRECS;10031.0;2
123400;BOT_MAKER;BOT_TAKER;VELVETFRUIT_EXTRACT;XIRECS;5249.0;3
123500;BOT_MAKER;BOT_TAKER;VELVETFRUIT_EXTRACT;XIRECS;5249.0;6
123600;BOT_MAKER;BOT_TAKER;VELVETFRUIT_EXTRACT;XIRECS;5250.0;8
123700;BOT_TAKER;BOT_MAKER;VELVETFRUIT_EXTRACT;XIRECS;5254.0;7
123900;BOT_MAKER;BOT_TAKER;VELVETFRUIT_EXTRACT;XIRECS;5250.0;6
123900;BOT_MAKER;BOT_TAKER;VEV_5400;XIRECS;19.0;4
124000;BOT_TAKER;BOT_MAKER;HYDROGEL_PACK;XIRECS;10040.0;4
124000;BOT_TAKER;BOT_MAKER;VEV_4000;XIRECS;1302.0;2
124000;BOT_MAKER;BOT_TAKER;VEV_5400;XIRECS;18.0;5
124200;BOT_MAKER;BOT_TAKER;HYDROGEL_PACK;XIRECS;10026.0;6
124200;BOT_TAKER;BOT_MAKER;VEV_5300;XIRECS;37.0;2
124200;BOT_TAKER;BOT_MAKER;VEV_5500;XIRECS;13.0;2
124300;BOT_MAKER;BOT_TAKER;VEV_5400;XIRECS;19.0;5
124400;BOT_TAKER;BOT_MAKER;VELVETFRUIT_EXTRACT;XIRECS;5255.0;5
124500;BOT_TAKER;BOT_MAKER;HYDROGEL_PACK;XIRECS;10046.0;4
124500;BOT_TAKER;BOT_MAKER;VEV_6000;XIRECS;1.0;2
124600;BOT_TAKER;BOT_MAKER;HYDROGEL_PACK;XIRECS;10049.0;4
124600;BOT_MAKER;BOT_TAKER;VELVETFRUIT_EXTRACT;XIRECS;5249.0;4
124700;BOT_TAKER;BOT_MAKER;HYDROGEL_PACK;XIRECS;10049.0;5
124700;BOT_TAKER;BOT_MAKER;VELVETFRUIT_EXTRACT;XIRECS;5255.0;8
124900;BOT_TAKER;BOT_MAKER;VEV_4000;XIRECS;1300.0;3
125000;BOT_MAKER;BOT_TAKER;VELVETFRUIT_EXTRACT;XIRECS;5249.0;4
125000;BOT_TAKER;BOT_MAKER;VEV_6500;XIRECS;1.0;2
125100;BOT_MAKER;BOT_TAKER;VELVETFRUIT_EXTRACT;XIRECS;5246.0;4
125200;BOT_TAKER;BOT_MAKER;VEV_4000;XIRECS;1299.0;1
125200;BOT_MAKER;BOT_TAKER;VEV_6500;XIRECS;0.0;4
125300;BOT_MAKER;BOT_TAKER;VEV_6000;XIRECS;0.0;2
125400;BOT_TAKER;BOT_MAKER;VELVETFRUIT_EXTRACT;XIRECS;5251.0;6
125500;BOT_TAKER;BOT_MAKER;HYDROGEL_PACK;XIRECS;10049.0;2
125500;BOT_TAKER;BOT_MAKER;VELVETFRUIT_EXTRACT;XIRECS;5250.0;3
125600;BOT_MAKER;BOT_TAKER;VELVETFRUIT_EXTRACT;XIRECS;5245.0;4
125800;BOT_TAKER;BOT_MAKER;VEV_5400;XIRECS;19.0;2
125900;BOT_MAKER;BOT_TAKER;HYDROGEL_PACK;XIRECS;10032.0;3
126000;BOT_TAKER;BOT_MAKER;HYDROGEL_PACK;XIRECS;10048.0;5
126000;BOT_TAKER;BOT_MAKER;VELVETFRUIT_EXTRACT;XIRECS;5250.0;14
126000;BOT_TAKER;BOT_MAKER;VEV_6500;XIRECS;1.0;2
126200;BOT_TAKER;BOT_MAKER;VELVETFRUIT_EXTRACT;XIRECS;5250.0;4
126200;BOT_MAKER;BOT_TAKER;VEV_6500;XIRECS;0.0;5
126300;BOT_TAKER;BOT_MAKER;HYDROGEL_PACK;XIRECS;10044.0;3
126300;BOT_TAKER;BOT_MAKER;VEV_6500;XIRECS;1.0;2
126400;BOT_MAKER;BOT_TAKER;VELVETFRUIT_EXTRACT;XIRECS;5244.0;6
126400;BOT_MAKER;BOT_TAKER;VEV_6500;XIRECS;0.0;3
126500;BOT_TAKER;BOT_MAKER;VEV_6000;XIRECS;1.0;2
126600;BOT_TAKER;BOT_MAKER;HYDROGEL_PACK;XIRECS;10042.0;2
126600;BOT_MAKER;BOT_TAKER;VEV_6000;XIRECS;0.0;5
126700;BOT_TAKER;BOT_MAKER;VELVETFRUIT_EXTRACT;XIRECS;5252.0;6
126800;BOT_MAKER;BOT_TAKER;VELVETFRUIT_EXTRACT;XIRECS;5246.0;6
126800;BOT_MAKER;BOT_TAKER;VEV_4000;XIRECS;1274.0;3
126900;BOT_TAKER;BOT_MAKER;VEV_5400;XIRECS;19.0;5
127100;BOT_TAKER;BOT_MAKER;VELVETFRUIT_EXTRACT;XIRECS;5251.0;4
127200;BOT_TAKER;BOT_MAKER;HYDROGEL_PACK;XIRECS;10048.0;4
127200;BOT_TAKER;BOT_MAKER;VEV_5500;XIRECS;13.0;2
127300;BOT_MAKER;BOT_TAKER;VELVETFRUIT_EXTRACT;XIRECS;5247.0;8
127400;BOT_TAKER;BOT_MAKER;VELVETFRUIT_EXTRACT;XIRECS;5252.0;8
127400;BOT_MAKER;BOT_TAKER;VELVETFRUIT_EXTRACT;XIRECS;5247.0;5
127400;BOT_TAKER;BOT_MAKER;VEV_4000;XIRECS;1293.0;1
127400;BOT_MAKER;BOT_TAKER;VEV_5500;XIRECS;12.0;4
127500;BOT_TAKER;BOT_MAKER;HYDROGEL_PACK;XIRECS;10044.0;6
127500;BOT_MAKER;BOT_TAKER;VELVETFRUIT_EXTRACT;XIRECS;5247.0;8
127800;BOT_TAKER;BOT_MAKER;VELVETFRUIT_EXTRACT;XIRECS;5253.0;3
127900;BOT_MAKER;BOT_TAKER;HYDROGEL_PACK;XIRECS;10031.0;5
127900;BOT_TAKER;BOT_MAKER;VEV_6000;XIRECS;1.0;5
127900;BOT_MAKER;BOT_TAKER;VEV_6000;XIRECS;0.0;2
128000;BOT_MAKER;BOT_TAKER;HYDROGEL_PACK;XIRECS;10033.0;3
128100;BOT_TAKER;BOT_MAKER;HYDROGEL_PACK;XIRECS;10052.0;2
128200;BOT_TAKER;BOT_MAKER;HYDROGEL_PACK;XIRECS;10053.0;6
128200;BOT_TAKER;BOT_MAKER;VELVETFRUIT_EXTRACT;XIRECS;5257.0;5
128300;BOT_TAKER;BOT_MAKER;VELVETFRUIT_EXTRACT;XIRECS;5256.0;6
128300;BOT_MAKER;BOT_TAKER;VEV_6000;XIRECS;0.0;2
128500;BOT_MAKER;BOT_TAKER;VELVETFRUIT_EXTRACT;XIRECS;5250.0;6
128600;BOT_TAKER;BOT_MAKER;VELVETFRUIT_EXTRACT;XIRECS;5255.0;7
128800;BOT_MAKER;BOT_TAKER;VELVETFRUIT_EXTRACT;XIRECS;5252.0;5
128900;BOT_MAKER;BOT_TAKER;VEV_5300;XIRECS;32.0;2
129000;BOT_TAKER;BOT_MAKER;HYDROGEL_PACK;XIRECS;10056.0;2
129000;BOT_TAKER;BOT_MAKER;VELVETFRUIT_EXTRACT;XIRECS;5259.0;7
129000;BOT_TAKER;BOT_MAKER;VEV_5300;XIRECS;33.0;5
129200;BOT_TAKER;BOT_MAKER;HYDROGEL_PACK;XIRECS;10058.0;4
129200;BOT_TAKER;BOT_MAKER;VELVETFRUIT_EXTRACT;XIRECS;5258.0;8
129300;BOT_TAKER;BOT_MAKER;VEV_5300;XIRECS;33.0;4
129400;BOT_MAKER;BOT_TAKER;VELVETFRUIT_EXTRACT;XIRECS;5254.0;4
129600;BOT_TAKER;BOT_MAKER;VELVETFRUIT_EXTRACT;XIRECS;5259.0;8
129600;BOT_MAKER;BOT_TAKER;VEV_6000;XIRECS;0.0;5
129700;BOT_TAKER;BOT_MAKER;HYDROGEL_PACK;XIRECS;10061.0;6
129700;BOT_MAKER;BOT_TAKER;VEV_5400;XIRECS;18.0;4
129800;BOT_TAKER;BOT_MAKER;VEV_5400;XIRECS;21.0;4
130000;BOT_MAKER;BOT_TAKER;VELVETFRUIT_EXTRACT;XIRECS;5256.0;4
130000;BOT_TAKER;BOT_MAKER;VEV_4000;XIRECS;1297.0;3
130000;BOT_MAKER;BOT_TAKER;VEV_6500;XIRECS;0.0;3
130200;BOT_TAKER;BOT_MAKER;HYDROGEL_PACK;XIRECS;10061.0;5
130200;BOT_TAKER;BOT_MAKER;VELVETFRUIT_EXTRACT;XIRECS;5262.0;10
130200;BOT_TAKER;BOT_MAKER;VEV_5500;XIRECS;13.0;5
130300;BOT_TAKER;BOT_MAKER;VELVETFRUIT_EXTRACT;XIRECS;5262.0;7
130400;BOT_MAKER;BOT_TAKER;VELVETFRUIT_EXTRACT;XIRECS;5257.0;8
130400;BOT_MAKER;BOT_TAKER;VEV_5400;XIRECS;20.0;3
130500;BOT_TAKER;BOT_MAKER;HYDROGEL_PACK;XIRECS;10059.0;6
130600;BOT_MAKER;BOT_TAKER;VELVETFRUIT_EXTRACT;XIRECS;5258.0;3
130700;BOT_MAKER;BOT_TAKER;VELVETFRUIT_EXTRACT;XIRECS;5259.0;8
130800;BOT_MAKER;BOT_TAKER;VELVETFRUIT_EXTRACT;XIRECS;5257.0;3
130800;BOT_TAKER;BOT_MAKER;VEV_5300;XIRECS;35.0;2
130900;BOT_MAKER;BOT_TAKER;HYDROGEL_PACK;XIRECS;10042.0;5
131000;BOT_TAKER;BOT_MAKER;VEV_6500;XIRECS;1.0;2
131100;BOT_MAKER;BOT_TAKER;HYDROGEL_PACK;XIRECS;10040.0;3
131200;BOT_MAKER;BOT_TAKER;HYDROGEL_PACK;XIRECS;10041.0;6
131200;BOT_MAKER;BOT_TAKER;VEV_6000;XIRECS;0.0;3
131300;BOT_MAKER;BOT_TAKER;VEV_4000;XIRECS;1283.0;2
131400;BOT_MAKER;BOT_TAKER;VEV_5300;XIRECS;33.0;4
131700;BOT_TAKER;BOT_MAKER;VELVETFRUIT_EXTRACT;XIRECS;5261.0;5
131800;BOT_TAKER;BOT_MAKER;VEV_4000;XIRECS;1307.0;3
