timestamp;buyer;seller;symbol;currency;price;quantity
0;BOT_TAKER;BOT_MAKER;HYDROGEL_PACK;XIRECS;9987.0;5
0;BOT_MAKER;BOT_TAKER;VELVETFRUIT_EXTRACT;XIRECS;5259.0;13
0;BOT_TAKER;BOT_MAKER;VEV_5500;XIRECS;7.0;3
100;BOT_MAKER;BOT_TAKER;VEV_5300;XIRECS;49.0;5
100;BOT_TAKER;BOT_MAKER;VEV_5300;XIRECS;51.0;5
100;BOT_MAKER;BOT_TAKER;VEV_5400;XIRECS;15.0;5
200;BOT_TAKER;BOT_MAKER;HYDROGEL_PACK;XIRECS;9988.0;3
200;BOT_MAKER;BOT_TAKER;VEV_4000;XIRECS;1252.0;3
300;BOT_MAKER;BOT_TAKER;VELVETFRUIT_EXTRACT;XIRECS;5261.0;4
300;BOT_MAKER;BOT_TAKER;VEV_5500;XIRECS;6.0;5
400;BOT_MAKER;BOT_TAKER;VELVETFRUIT_EXTRACT;XIRECS;5261.0;7
400;BOT_MAKER;BOT_TAKER;VEV_4000;XIRECS;1251.0;1
600;BOT_MAKER;BOT_TAKER;HYDROGEL_PACK;XIRECS;9970.0;4
700;BOT_TAKER;BOT_MAKER;VELVETFRUIT_EXTRACT;XIRECS;5267.0;4
700;BOT_MAKER;BOT_TAKER;VEV_4000;XIRECS;1251.0;3
800;BOT_TAKER;BOT_MAKER;VEV_6000;XIRECS;1.0;5
1100;BOT_MAKER;BOT_TAKER;HYDROGEL_PACK;XIRECS;9971.0;4
1100;BOT_MAKER;BOT_TAKER;VEV_5500;XIRECS;6.0;4
1300;BOT_TAKER;BOT_MAKER;VELVETFRUIT_EXTRACT;XIRECS;5268.0;8
1300;BOT_TAKER;BOT_MAKER;VEV_6500;XIRECS;1.0;5
1400;BOT_TAKER;BOT_MAKER;VELVETFRUIT_EXTRACT;XIRECS;5268.0;5
1500;BOT_TAKER;BOT_MAKER;VEV_4000;XIRECS;1271.0;1
1600;BOT_MAKER;BOT_TAKER;VEV_5500;XIRECS;6.0;2
1700;BOT_TAKER;BOT_MAKER;VEV_5500;XIRECS;7.0;3
1800;BOT_MAKER;BOT_TAKER;VELVETFRUIT_EXTRACT;XIRECS;5263.0;6
1800;BOT_TAKER;BOT_MAKER;VEV_4000;XIRECS;1272.0;2
1800;BOT_TAKER;BOT_MAKER;VEV_5500;XIRECS;7.0;4
1800;BOT_MAKER;BOT_TAKER;VEV_6000;XIRECS;0.0;5
1900;BOT_MAKER;BOT_TAKER;VEV_6500;XIRECS;0.0;2
2000;BOT_TAKER;BOT_MAKER;HYDROGEL_PACK;XIRECS;9983.0;5
2000;BOT_TAKER;BOT_MAKER;VELVETFRUIT_EXTRACT;XIRECS;5268.0;7
2100;BOT_TAKER;BOT_MAKER;HYDROGEL_PACK;XIRECS;9982.0;4
2100;BOT_MAKER;BOT_TAKER;VELVETFRUIT_EXTRACT;XIRECS;5262.0;8
2100;BOT_MAKER;BOT_TAKER;VEV_6000;XIRECS;0.0;5
2200;BOT_MAKER;BOT_TAKER;HYDROGEL_PACK;XIRECS;9963.0;6
2200;BOT_TAKER;BOT_MAKER;VELVETFRUIT_EXTRACT;XIRECS;5267.0;8
2200;BOT_TAKER;BOT_MAKER;VEV_4000;XIRECS;1272.0;3
2300;BOT_MAKER;BOT_TAKER;VELVETFRUIT_EXTRACT;XIRECS;5260.0;7
2300;BOT_TAKER;BOT_MAKER;VEV_6000;XIRECS;1.0;5
2400;BOT_TAKER;BOT_MAKER;VEV_6500;XIRECS;1.0;3
2500;BOT_MAKER;BOT_TAKER;VELVETFRUIT_EXTRACT;XIRECS;5260.0;4
2600;BOT_MAKER;BOT_TAKER;HYDROGEL_PACK;XIRECS;9965.0;4
2600;BOT_TAKER;BOT_MAKER;VEV_4000;XIRECS;1274.0;1
2700;BOT_TAKER;BOT_MAKER;VELVETFRUIT_EXTRACT;XIRECS;5268.0;5
2800;BOT_MAKER;BOT_TAKER;VELVETFRUIT_EXTRACT;XIRECS;5265.0;3
2900;BOT_TAKER;BOT_MAKER;HYDROGEL_PACK;XIRECS;9975.0;4
2900;BOT_TAKER;BOT_MAKER;VEV_6500;XIRECS;1.0;5
3000;BOT_MAKER;BOT_TAKER;VEV_5300;XIRECS;49.0;3
3100;BOT_TAKER;BOT_MAKER;VEV_6500;XIRECS;1.0;4
3200;BOT_TAKER;BOT_MAKER;VEV_5500;XIRECS;7.0;2
3400;BOT_MAKER;BOT_TAKER;VEV_4000;XIRECS;1252.0;3
3400;BOT_MAKER;BOT_TAKER;VEV_5500;XIRECS;6.0;2
3500;BOT_TAKER;BOT_MAKER;HYDROGEL_PACK;XIRECS;9976.0;5
3500;BOT_TAKER;BOT_MAKER;VELVETFRUIT_EXTRACT;XIRECS;5270.0;8
3500;BOT_TAKER;BOT_MAKER;VEV_5300;XIRECS;52.0;2
3600;BOT_TAKER;BOT_MAKER;VELVETFRUIT_EXTRACT;XIRECS;5269.0;10
3800;BOT_TAKER;BOT_MAKER;VELVETFRUIT_EXTRACT;XIRECS;5270.0;8
3900;BOT_MAKER;BOT_TAKER;HYDROGEL_PACK;XIRECS;9956.0;4
3900;BOT_MAKER;BOT_TAKER;VELVETFRUIT_EXTRACT;XIRECS;5264.0;4
4000;BOT_TAKER;BOT_MAKER;VELVETFRUIT_EXTRACT;XIRECS;5269.0;8
4100;BOT_MAKER;BOT_TAKER;VEV_4000;XIRECS;1253.0;2
4100;BOT_MAKER;BOT_TAKER;VEV_5500;XIRECS;6.0;3
4200;BOT_TAKER;BOT_MAKER;HYDROGEL_PACK;XIRECS;9972.0;6
4300;BOT_TAKER;BOT_MAKER;VELVETFRUIT_EXTRACT;XIRECS;5270.0;15
4300;BOT_MAKER;BOT_TAKER;VEV_4000;XIRECS;1252.0;3
4400;BOT_TAKER;BOT_MAKER;VEV_5400;XIRECS;17.0;4
4500;BOT_TAKER;BOT_MAKER;VELVETFRUIT_EXTRACT;XIRECS;5270.0;3
4500;BOT_MAKER;BOT_TAKER;VEV_5300;XIRECS;50.0;2
4500;BOT_TAKER;BOT_MAKER;VEV_6500;XIRECS;1.0;5
4600;BOT_TAKER;BOT_MAKER;VELVETFRUIT_EXTRACT;XIRECS;5270.0;6
4700;BOT_MAKER;BOT_TAKER;VEV_6500;XIRECS;0.0;5
4800;BOT_TAKER;BOT_MAKER;HYDROGEL_PACK;XIRECS;9972.0;6
4800;BOT_MAKER;BOT_TAKER;VELVETFRUIT_EXTRACT;XIRECS;5264.0;6
4900;BOT_TAKER;BOT_MAKER;VELVETFRUIT_EXTRACT;XIRECS;5266.0;7
5100;BOT_MAKER;BOT_TAKER;HYDROGEL_PACK;XIRECS;9955.0;4
5100;BOT_MAKER;BOT_TAKER;VEV_6000;XIRECS;0.0;4
5200;BOT_MAKER;BOT_TAKER;VELVETFRUIT_EXTRACT;XIRECS;5262.0;6
5300;BOT_MAKER;BOT_TAKER;HYDROGEL_PACK;XIRECS;9948.0;6
5300;BOT_TAKER;BOT_MAKER;VELVETFRUIT_EXTRACT;XIRECS;5268.0;6
5300;BOT_MAKER;BOT_TAKER;VEV_4000;XIRECS;1255.0;3
5300;BOT_TAKER;BOT_MAKER;VEV_4000;XIRECS;1276.0;2
5400;BOT_MAKER;BOT_TAKER;VEV_5400;XIRECS;15.0;5
5600;BOT_TAKER;BOT_MAKER;HYDROGEL_PACK;XIRECS;9963.0;4
5600;BOT_TAKER;BOT_MAKER;VEV_4000;XIRECS;1277.0;2
5900;BOT_TAKER;BOT_MAKER;VEV_6000;XIRECS;1.0;2
6000;BOT_MAKER;BOT_TAKER;HYDROGEL_PACK;XIRECS;9946.0;4
6000;BOT_MAKER;BOT_TAKER;VELVETFRUIT_EXTRACT;XIRECS;5262.0;7
6000;BOT_MAKER;BOT_TAKER;VEV_6500;XIRECS;0.0;5
6100;BOT_MAKER;BOT_TAKER;VEV_5500;XIRECS;6.0;2
6200;BOT_MAKER;BOT_TAKER;VELVETFRUIT_EXTRACT;XIRECS;5263.0;8
6200;BOT_MAKER;BOT_TAKER;VEV_5500;XIRECS;6.0;4
6300;BOT_TAKER;BOT_MAKER;VELVETFRUIT_EXTRACT;XIRECS;5268.0;6
6300;BOT_TAKER;BOT_MAKER;VEV_4000;XIRECS;1274.0;2
6300;BOT_MAKER;BOT_TAKER;VEV_4000;XIRECS;1253.0;2
6400;BOT_TAKER;BOT_MAKER;HYDROGEL_PACK;XIRECS;9959.0;4
6400;BOT_TAKER;BOT_MAKER;VELVETFRUIT_EXTRACT;XIRECS;5269.0;5
6600;BOT_MAKER;BOT_TAKER;VELVETFRUIT_EXTRACT;XIRECS;5263.0;7
6700;BOT_MAKER;BOT_TAKER;HYDROGEL_PACK;XIRECS;9946.0;5
6700;BOT_TAKER;BOT_MAKER;VELVETFRUIT_EXTRACT;XIRECS;5269.0;10
6700;BOT_MAKER;BOT_TAKER;VEV_5300;XIRECS;50.0;4
6800;BOT_TAKER;BOT_MAKER;VELVETFRUIT_EXTRACT;XIRECS;5269.0;6
6800;BOT_MAKER;BOT_TAKER;VEV_6000;XIRECS;0.0;2
6900;BOT_MAKER;BOT_TAKER;VEV_6500;XIRECS;0.0;4
7000;BOT_MAKER;BOT_TAKER;VELVETFRUIT_EXTRACT;XIRECS;5264.0;7
7200;BOT_MAKER;BOT_TAKER;VELVETFRUIT_EXTRACT;XIRECS;5263.0;4
7200;BOT_TAKER;BOT_MAKER;VEV_6000;XIRECS;1.0;3
7300;BOT_TAKER;BOT_MAKER;VELVETFRUIT_EXTRACT;XIRECS;5270.0;7
7400;BOT_TAKER;BOT_MAKER;VELVETFRUIT_EXTRACT;XIRECS;5271.0;5
7500;BOT_MAKER;BOT_TAKER;VELVETFRUIT_EXTRACT;XIRECS;5267.0;6
7600;BOT_TAKER;BOT_MAKER;VELVETFRUIT_EXTRACT;XIRECS;5274.0;5
7600;BOT_TAKER;BOT_MAKER;VEV_5500;XIRECS;7.0;5
7600;BOT_TAKER;BOT_MAKER;VEV_6000;XIRECS;1.0;5
7700;BOT_MAKER;BOT_TAKER;HYDROGEL_PACK;XIRECS;9947.0;6
7700;BOT_MAKER;BOT_TAKER;VELVETFRUIT_EXTRACT;XIRECS;5268.0;7
7700;BOT_TAKER;BOT_MAKER;VEV_4000;XIRECS;1269.0;3
7800;BOT_TAKER;BOT_MAKER;HYDROGEL_PACK;XIRECS;9962.0;4
7800;BOT_TAKER;BOT_MAKER;VELVETFRUIT_EXTRACT;XIRECS;5274.0;7
7800;BOT_TAKER;BOT_MAKER;VEV_6000;XIRECS;1.0;3
7900;BOT_TAKER;BOT_MAKER;HYDROGEL_PACK;XIRECS;9962.0;4
8000;BOT_TAKER;BOT_MAKER;VEV_4000;XIRECS;1270.0;1
8100;BOT_TAKER;BOT_MAKER;VEV_4000;XIRECS;1269.0;1
8300;BOT_MAKER;BOT_TAKER;HYDROGEL_PACK;XIRECS;9954.0;4
8300;BOT_MAKER;BOT_TAKER;VEV_6500;XIRECS;0.0;2
8400;BOT_TAKER;BOT_MAKER;VELVETFRUIT_EXTRACT;XIRECS;5273.0;6
8400;BOT_MAKER;BOT_TAKER;VEV_4000;XIRECS;1247.0;1
8500;BOT_TAKER;BOT_MAKER;VEV_4000;XIRECS;1270.0;3
8500;BOT_MAKER;BOT_TAKER;VEV_5500;XIRECS;6.0;2
8600;BOT_TAKER;BOT_MAKER;VELVETFRUIT_EXTRACT;XIRECS;5273.0;3
8700;BOT_TAKER;BOT_MAKER;VEV_4000;XIRECS;1269.0;3
8700;BOT_TAKER;BOT_MAKER;VEV_5400;XIRECS;19.0;5
8800;BOT_MAKER;BOT_TAKER;HYDROGEL_PACK;XIRECS;9958.0;2
8800;BOT_MAKER;BOT_TAKER;VELVETFRUIT_EXTRACT;XIRECS;5268.0;5
8900;BOT_TAKER;BOT_MAKER;VEV_6500;XIRECS;1.0;4
9000;BOT_MAKER;BOT_TAKER;VEV_5500;XIRECS;6.0;4
9100;BOT_TAKER;BOT_MAKER;VEV_4000;XIRECS;1268.0;1
9100;BOT_MAKER;BOT_TAKER;VEV_5500;XIRECS;6.0;5
9300;BOT_MAKER;BOT_TAKER;HYDROGEL_PACK;XIRECS;9953.0;2
9300;BOT_TAKER;BOT_MAKER;VEV_4000;XIRECS;1266.0;2
9400;BOT_MAKER;BOT_TAKER;HYDROGEL_PACK;XIRECS;9955.0;5
9400;BOT_MAKER;BOT_TAKER;VELVETFRUIT_EXTRACT;XIRECS;5268.0;6
9400;BOT_MAKER;BOT_TAKER;VEV_5500;XIRECS;7.0;5
9500;BOT_MAKER;BOT_TAKER;VELVETFRUIT_EXTRACT;XIRECS;5269.0;4
9500;BOT_MAKER;BOT_TAKER;VEV_6000;XIRECS;0.0;2
9600;BOT_TAKER;BOT_MAKER;HYDROGEL_PACK;XIRECS;9969.0;3
9600;BOT_TAKER;BOT_MAKER;VELVETFRUIT_EXTRACT;XIRECS;5274.0;5
9600;BOT_MAKER;BOT_TAKER;VEV_5500;XIRECS;6.0;2
9600;BOT_TAKER;BOT_MAKER;VEV_5500;XIRECS;8.0;4
9700;BOT_MAKER;BOT_TAKER;VEV_5400;XIRECS;18.0;5
9800;BOT_MAKER;BOT_TAKER;HYDROGEL_PACK;XIRECS;9954.0;4
10100;BOT_MAKER;BOT_TAKER;HYDROGEL_PACK;XIRECS;9957.0;3
10100;BOT_MAKER;BOT_TAKER;VELVETFRUIT_EXTRACT;XIRECS;5269.0;5
10200;BOT_TAKER;BOT_MAKER;VELVETFRUIT_EXTRACT;XIRECS;5276.0;6
10200;BOT_MAKER;BOT_TAKER;VEV_6500;XIRECS;0.0;3
10300;BOT_TAKER;BOT_MAKER;VELVETFRUIT_EXTRACT;XIRECS;5276.0;4
10300;BOT_MAKER;BOT_TAKER;VEV_4000;XIRECS;1243.0;2
10400;BOT_TAKER;BOT_MAKER;HYDROGEL_PACK;XIRECS;9977.0;5
10500;BOT_TAKER;BOT_MAKER;VEV_4000;XIRECS;1263.0;1
10600;BOT_MAKER;BOT_TAKER;VELVETFRUIT_EXTRACT;XIRECS;5274.0;6
10700;BOT_TAKER;BOT_MAKER;VEV_6500;XIRECS;1.0;5
10800;BOT_TAKER;BOT_MAKER;VELVETFRUIT_EXTRACT;XIRECS;5278.0;7
10900;BOT_MAKER;BOT_TAKER;VELVETFRUIT_EXTRACT;XIRECS;5272.0;6
10900;BOT_TAKER;BOT_MAKER;VELVETFRUIT_EXTRACT;XIRECS;5278.0;6
10900;BOT_MAKER;BOT_TAKER;VEV_5500;XIRECS;6.0;5
11000;BOT_TAKER;BOT_MAKER;VELVETFRUIT_EXTRACT;XIRECS;5277.0;7
11100;BOT_MAKER;BOT_TAKER;VELVETFRUIT_EXTRACT;XIRECS;5272.0;7
11300;BOT_TAKER;BOT_MAKER;VELVETFRUIT_EXTRACT;XIRECS;5277.0;7
11300;BOT_TAKER;BOT_MAKER;VEV_5400;XIRECS;18.0;4
11300;BOT_MAKER;BOT_TAKER;VEV_5400;XIRECS;17.0;5
11400;BOT_MAKER;BOT_TAKER;HYDROGEL_PACK;XIRECS;9949.0;3
11400;BOT_TAKER;BOT_MAKER;VELVETFRUIT_EXTRACT;XIRECS;5276.0;6
11400;BOT_TAKER;BOT_MAKER;VEV_6500;XIRECS;1.0;2
11500;BOT_TAKER;BOT_MAKER;HYDROGEL_PACK;XIRECS;9967.0;2
11600;BOT_MAKER;BOT_TAKER;VEV_6500;XIRECS;0.0;2
11700;BOT_MAKER;BOT_TAKER;HYDROGEL_PACK;XIRECS;9953.0;5
11700;BOT_TAKER;BOT_MAKER;VELVETFRUIT_EXTRACT;XIRECS;5277.0;8
11800;BOT_MAKER;BOT_TAKER;VEV_5500;XIRECS;6.0;2
11900;BOT_TAKER;BOT_MAKER;VELVETFRUIT_EXTRACT;XIRECS;5276.0;9
12000;BOT_MAKER;BOT_TAKER;VELVETFRUIT_EXTRACT;XIRECS;5270.0;5
12000;BOT_TAKER;BOT_MAKER;VEV_6000;XIRECS;1.0;3
12100;BOT_TAKER;BOT_MAKER;HYDROGEL_PACK;XIRECS;9975.0;3
12100;BOT_MAKER;BOT_TAKER;VEV_4000;XIRECS;1243.0;2
12100;BOT_TAKER;BOT_MAKER;VEV_6500;XIRECS;1.0;4
12200;BOT_TAKER;BOT_MAKER;VEV_6500;XIRECS;1.0;4
12300;BOT_TAKER;BOT_MAKER;HYDROGEL_PACK;XIRECS;9976.0;4
12300;BOT_MAKER;BOT_TAKER;VEV_6000;XIRECS;0.0;4
12400;BOT_TAKER;BOT_MAKER;VELVETFRUIT_EXTRACT;XIRECS;5274.0;13
12500;BOT_MAKER;BOT_TAKER;VELVETFRUIT_EXTRACT;XIRECS;5267.0;5
12900;BOT_TAKER;BOT_MAKER;VELVETFRUIT_EXTRACT;XIRECS;5273.0;5
12900;BOT_TAKER;BOT_MAKER;VEV_4000;XIRECS;1262.0;1
13100;BOT_MAKER;BOT_TAKER;VEV_4000;XIRECS;1240.0;2
13100;BOT_TAKER;BOT_MAKER;VEV_6000;XIRECS;1.0;2
13200;BOT_MAKER;BOT_TAKER;VELVETFRUIT_EXTRACT;XIRECS;5263.0;4
13300;BOT_TAKER;BOT_MAKER;HYDROGEL_PACK;XIRECS;9981.0;3
13500;BOT_TAKER;BOT_MAKER;VELVETFRUIT_EXTRACT;XIRECS;5267.0;8
13600;BOT_MAKER;BOT_TAKER;HYDROGEL_PACK;XIRECS;9964.0;4
13700;BOT_TAKER;BOT_MAKER;VEV_5400;XIRECS;19.0;5
13800;BOT_TAKER;BOT_MAKER;VELVETFRUIT_EXTRACT;XIRECS;5266.0;6
13800;BOT_MAKER;BOT_TAKER;VEV_5500;XIRECS;6.0;2
13900;BOT_MAKER;BOT_TAKER;VELVETFRUIT_EXTRACT;XIRECS;5262.0;4
13900;BOT_MAKER;BOT_TAKER;VEV_4000;XIRECS;1237.0;1
14000;BOT_MAKER;BOT_TAKER;VELVETFRUIT_EXTRACT;XIRECS;5263.0;7
14200;BOT_TAKER;BOT_MAKER;VEV_4000;XIRECS;1258.0;3
14300;BOT_MAKER;BOT_TAKER;HYDROGEL_PACK;XIRECS;9973.0;3
14400;BOT_TAKER;BOT_MAKER;VEV_4000;XIRECS;1258.0;3
14700;BOT_MAKER;BOT_TAKER;HYDROGEL_PACK;XIRECS;9969.0;2
14700;BOT_TAKER;BOT_MAKER;VELVETFRUIT_EXTRACT;XIRECS;5265.0;4
14700;BOT_MAKER;BOT_TAKER;VEV_4000;XIRECS;1235.0;1
14800;BOT_TAKER;BOT_MAKER;VELVETFRUIT_EXTRACT;XIRECS;5264.0;7
14800;BOT_TAKER;BOT_MAKER;VELVETFRUIT_EXTRACT;XIRECS;5264.0;9
14900;BOT_TAKER;BOT_MAKER;HYDROGEL_PACK;XIRECS;9983.0;4
14900;BOT_TAKER;BOT_MAKER;VELVETFRUIT_EXTRACT;XIRECS;5264.0;5
15000;BOT_MAKER;BOT_TAKER;HYDROGEL_PACK;XIRECS;9967.0;3
15100;BOT_TAKER;BOT_MAKER;VELVETFRUIT_EXTRACT;XIRECS;5263.0;6
15200;BOT_MAKER;BOT_TAKER;HYDROGEL_PACK;XIRECS;9966.0;5
15300;BOT_TAKER;BOT_MAKER;VEV_5400;XIRECS;18.0;2
15500;BOT_MAKER;BOT_TAKER;VELVETFRUIT_EXTRACT;XIRECS;5255.0;6
15800;BOT_TAKER;BOT_MAKER;VELVETFRUIT_EXTRACT;XIRECS;5261.0;4
15900;BOT_MAKER;BOT_TAKER;VEV_5000;XIRECS;265.0;1
16000;BOT_MAKER;BOT_TAKER;VELVETFRUIT_EXTRACT;XIRECS;5255.0;5
16100;BOT_TAKER;BOT_MAKER;VEV_4000;XIRECS;1259.0;3
16200;BOT_MAKER;BOT_TAKER;HYDROGEL_PACK;XIRECS;9971.0;2
16200;BOT_MAKER;BOT_TAKER;VELVETFRUIT_EXTRACT;XIRECS;5257.0;6
16400;BOT_TAKER;BOT_MAKER;HYDROGEL_PACK;XIRECS;9988.0;2
16500;BOT_TAKER;BOT_MAKER;VEV_4000;XIRECS;1258.0;3
16500;BOT_MAKER;BOT_TAKER;VEV_5500;XIRECS;6.0;5
16700;BOT_MAKER;BOT_TAKER;VEV_4000;XIRECS;1236.0;2
16800;BOT_TAKER;BOT_MAKER;VEV_4000;XIRECS;1256.0;1
16800;BOT_MAKER;BOT_TAKER;VEV_6500;XIRECS;0.0;2
16900;BOT_TAKER;BOT_MAKER;HYDROGEL_PACK;XIRECS;9984.0;6
17000;BOT_TAKER;BOT_MAKER;VEV_5200;XIRECS;116.0;5
17000;BOT_MAKER;BOT_TAKER;VEV_5300;XIRECS;52.0;2
17100;BOT_MAKER;BOT_TAKER;VEV_4000;XIRECS;1234.0;2
17500;BOT_TAKER;BOT_MAKER;HYDROGEL_PACK;XIRECS;9979.0;2
17600;BOT_TAKER;BOT_MAKER;VEV_4000;XIRECS;1255.0;2
17700;BOT_MAKER;BOT_TAKER;VELVETFRUIT_EXTRACT;XIRECS;5259.0;3
17800;BOT_TAKER;BOT_MAKER;VEV_5500;XIRECS;7.0;5
17900;BOT_TAKER;BOT_MAKER;VELVETFRUIT_EXTRACT;XIRECS;5266.0;8
18000;BOT_TAKER;BOT_MAKER;VELVETFRUIT_EXTRACT;XIRECS;5265.0;7
18000;BOT_MAKER;BOT_TAKER;VEV_6500;XIRECS;0.0;3
18300;BOT_MAKER;BOT_TAKER;HYDROGEL_PACK;XIRECS;9971.0;2
18300;BOT_MAKER;BOT_TAKER;VELVETFRUIT_EXTRACT;XIRECS;5260.0;3
18400;BOT_MAKER;BOT_TAKER;HYDROGEL_PACK;XIRECS;9969.0;2
18400;BOT_MAKER;BOT_TAKER;VELVETFRUIT_EXTRACT;XIRECS;5259.0;10
18400;BOT_TAKER;BOT_MAKER;VEV_5500;XIRECS;7.0;2
18500;BOT_MAKER;BOT_TAKER;HYDROGEL_PACK;XIRECS;9968.0;4
18600;BOT_MAKER;BOT_TAKER;VEV_5500;XIRECS;6.0;3
18600;BOT_TAKER;BOT_MAKER;VEV_6000;XIRECS;1.0;4
18700;BOT_MAKER;BOT_TAKER;VELVETFRUIT_EXTRACT;XIRECS;5259.0;12
18700;BOT_MAKER;BOT_TAKER;VEV_4000;XIRECS;1236.0;3
18800;BOT_TAKER;BOT_MAKER;HYDROGEL_PACK;XIRECS;9983.0;4
18900;BOT_MAKER;BOT_TAKER;VEV_6500;XIRECS;0.0;5
19100;BOT_TAKER;BOT_MAKER;HYDROGEL_PACK;XIRECS;9982.0;4
19200;BOT_TAKER;BOT_MAKER;VELVETFRUIT_EXTRACT;XIRECS;5265.0;4
19200;BOT_MAKER;BOT_TAKER;VEV_4000;XIRECS;1239.0;1
19300;BOT_MAKER;BOT_TAKER;VELVETFRUIT_EXTRACT;XIRECS;5261.0;3
19300;BOT_MAKER;BOT_TAKER;VEV_5400;XIRECS;17.0;5
19400;BOT_MAKER;BOT_TAKER;HYDROGEL_PACK;XIRECS;9967.0;4
19500;BOT_TAKER;BOT_MAKER;HYDROGEL_PACK;XIRECS;9985.0;6
19500;BOT_TAKER;BOT_MAKER;VEV_4000;XIRECS;1259.0;3
19500;BOT_TAKER;BOT_MAKER;VEV_6500;XIRECS;1.0;5
19600;BOT_TAKER;BOT_MAKER;VEV_6500;XIRECS;1.0;5
19700;BOT_TAKER;BOT_MAKER;HYDROGEL_PACK;XIRECS;9982.0;2
19700;BOT_MAKER;BOT_TAKER;VEV_4000;XIRECS;1237.0;2
19700;BOT_TAKER;BOT_MAKER;VEV_5400;XIRECS;18.0;3
19800;BOT_TAKER;BOT_MAKER;VELVETFRUIT_EXTRACT;XIRECS;5264.0;7
19800;BOT_TAKER;BOT_MAKER;VEV_4000;XIRECS;1257.0;1
19900;BOT_TAKER;BOT_MAKER;HYDROGEL_PACK;XIRECS;9985.0;3
19900;BOT_MAKER;BOT_TAKER;VELVETFRUIT_EXTRACT;XIRECS;5258.0;5
20000;BOT_MAKER;BOT_TAKER;HYDROGEL_PACK;XIRECS;9966.0;2
20000;BOT_TAKER;BOT_MAKER;VELVETFRUIT_EXTRACT;XIRECS;5262.0;14
20100;BOT_TAKER;BOT_MAKER;HYDROGEL_PACK;XIRECS;9982.0;5
20100;BOT_TAKER;BOT_MAKER;VELVETFRUIT_EXTRACT;XIRECS;5261.0;7
20100;BOT_MAKER;BOT_TAKER;VEV_4000;XIRECS;1237.0;2
20200;BOT_TAKER;BOT_MAKER;VELVETFRUIT_EXTRACT;XIRECS;5261.0;5
20300;BOT_TAKER;BOT_MAKER;VELVETFRUIT_EXTRACT;XIRECS;5262.0;8
20300;BOT_TAKER;BOT_MAKER;VEV_5300;XIRECS;50.0;3
20400;BOT_TAKER;BOT_MAKER;VEV_6000;XIRECS;1.0;2
20500;BOT_MAKER;BOT_TAKER;HYDROGEL_PACK;XIRECS;9963.0;4
20600;BOT_MAKER;BOT_TAKER;HYDROGEL_PACK;XIRECS;9960.0;6
20600;BOT_MAKER;BOT_TAKER;VEV_5500;XIRECS;6.0;2
20700;BOT_MAKER;BOT_TAKER;VEV_4000;XIRECS;1241.0;2
20900;BOT_TAKER;BOT_MAKER;VELVETFRUIT_EXTRACT;XIRECS;5262.0;5
20900;BOT_MAKER;BOT_TAKER;VELVETFRUIT_EXTRACT;XIRECS;5256.0;6
20900;BOT_TAKER;BOT_MAKER;VEV_5400;XIRECS;18.0;4
21000;BOT_MAKER;BOT_TAKER;VEV_5500;XIRECS;6.0;2
21200;BOT_MAKER;BOT_TAKER;VELVETFRUIT_EXTRACT;XIRECS;5257.0;10
21200;BOT_MAKER;BOT_TAKER;VEV_4000;XIRECS;1238.0;2
21400;BOT_MAKER;BOT_TAKER;HYDROGEL_PACK;XIRECS;9956.0;6
21400;BOT_TAKER;BOT_MAKER;VELVETFRUIT_EXTRACT;XIRECS;5264.0;6
21600;BOT_MAKER;BOT_TAKER;VELVETFRUIT_EXTRACT;XIRECS;5256.0;8
21900;BOT_TAKER;BOT_MAKER;VELVETFRUIT_EXTRACT;XIRECS;5259.0;5
22000;BOT_MAKER;BOT_TAKER;HYDROGEL_PACK;XIRECS;9960.0;3
22000;BOT_TAKER;BOT_MAKER;VELVETFRUIT_EXTRACT;XIRECS;5260.0;8
22000;BOT_MAKER;BOT_TAKER;VEV_4000;XIRECS;1238.0;2
22000;BOT_MAKER;BOT_TAKER;VEV_6500;XIRECS;0.0;3
22100;BOT_MAKER;BOT_TAKER;HYDROGEL_PACK;XIRECS;9958.0;3
22100;BOT_MAKER;BOT_TAKER;VELVETFRUIT_EXTRACT;XIRECS;5254.0;7
22100;BOT_TAKER;BOT_MAKER;VEV_6500;XIRECS;1.0;3
22200;BOT_TAKER;BOT_MAKER;VEV_4000;XIRECS;1261.0;3
22300;BOT_MAKER;BOT_TAKER;HYDROGEL_PACK;XIRECS;9954.0;6
22300;BOT_TAKER;BOT_MAKER;VEV_6000;XIRECS;1.0;4
22500;BOT_TAKER;BOT_MAKER;VELVETFRUIT_EXTRACT;XIRECS;5260.0;7
22600;BOT_MAKER;BOT_TAKER;HYDROGEL_PACK;XIRECS;9953.0;6
22600;BOT_MAKER;BOT_TAKER;VEV_5400;XIRECS;18.0;2
22700;BOT_TAKER;BOT_MAKER;HYDROGEL_PACK;XIRECS;9966.0;3
22700;BOT_MAKER;BOT_TAKER;HYDROGEL_PACK;XIRECS;9950.0;5
22800;BOT_MAKER;BOT_TAKER;VELVETFRUIT_EXTRACT;XIRECS;5253.0;8
22900;BOT_TAKER;BOT_MAKER;HYDROGEL_PACK;XIRECS;9965.0;4
23200;BOT_MAKER;BOT_TAKER;VELVETFRUIT_EXTRACT;XIRECS;5253.0;8
23200;BOT_MAKER;BOT_TAKER;VEV_6000;XIRECS;0.0;2
23300;BOT_TAKER;BOT_MAKER;HYDROGEL_PACK;XIRECS;9973.0;3
23400;BOT_MAKER;BOT_TAKER;HYDROGEL_PACK;XIRECS;9953.0;3
23500;BOT_TAKER;BOT_MAKER;VELVETFRUIT_EXTRACT;XIRECS;5257.0;7
23600;BOT_TAKER;BOT_MAKER;HYDROGEL_PACK;XIRECS;9968.0;6
23600;BOT_TAKER;BOT_MAKER;VELVETFRUIT_EXTRACT;XIRECS;5256.0;5
23600;BOT_MAKER;BOT_TAKER;VEV_5400;XIRECS;17.0;2
23700;BOT_MAKER;BOT_TAKER;VELVETFRUIT_EXTRACT;XIRECS;5250.0;8
23800;BOT_MAKER;BOT_TAKER;HYDROGEL_PACK;XIRECS;9952.0;5
23800;BOT_MAKER;BOT_TAKER;VELVETFRUIT_EXTRACT;XIRECS;5250.0;8
23900;BOT_TAKER;BOT_MAKER;HYDROGEL_PACK;XIRECS;9966.0;3
23900;BOT_TAKER;BOT_MAKER;VELVETFRUIT_EXTRACT;XIRECS;5255.0;14
24000;BOT_TAKER;BOT_MAKER;VEV_4000;XIRECS;1255.0;2
24100;BOT_MAKER;BOT_TAKER;VEV_5400;XIRECS;17.0;5
24200;BOT_MAKER;BOT_TAKER;HYDROGEL_PACK;XIRECS;9947.0;5
24300;BOT_TAKER;BOT_MAKER;VELVETFRUIT_EXTRACT;XIRECS;5253.0;3
24400;BOT_TAKER;BOT_MAKER;VELVETFRUIT_EXTRACT;XIRECS;5253.0;4
24400;BOT_TAKER;BOT_MAKER;VEV_4000;XIRECS;1257.0;3
24400;BOT_MAKER;BOT_TAKER;VEV_6500;XIRECS;0.0;2
24500;BOT_TAKER;BOT_MAKER;VELVETFRUIT_EXTRACT;XIRECS;5253.0;6
24500;BOT_TAKER;BOT_MAKER;VEV_5400;XIRECS;19.0;3
24600;BOT_MAKER;BOT_TAKER;VELVETFRUIT_EXTRACT;XIRECS;5247.0;6
24600;BOT_MAKER;BOT_TAKER;VEV_5400;XIRECS;17.0;2
24600;BOT_TAKER;BOT_MAKER;VEV_6000;XIRECS;1.0;3
24700;BOT_MAKER;BOT_TAKER;HYDROGEL_PACK;XIRECS;9951.0;4
24700;BOT_MAKER;BOT_TAKER;VEV_5500;XIRECS;6.0;2
25000;BOT_MAKER;BOT_TAKER;VEV_5300;XIRECS;48.0;2
25100;BOT_MAKER;BOT_TAKER;VELVETFRUIT_EXTRACT;XIRECS;5250.0;8
25100;BOT_MAKER;BOT_TAKER;VEV_5400;XIRECS;16.0;2
25200;BOT_MAKER;BOT_TAKER;VEV_6000;XIRECS;0.0;3
25200;BOT_TAKER;BOT_MAKER;VEV_6500;XIRECS;1.0;4
25300;BOT_MAKER;BOT_TAKER;HYDROGEL_PACK;XIRECS;9944.0;3
25300;BOT_MAKER;BOT_TAKER;VEV_6500;XIRECS;0.0;4
25400;BOT_MAKER;BOT_TAKER;HYDROGEL_PACK;XIRECS;9944.0;4
25400;BOT_TAKER;BOT_MAKER;HYDROGEL_PACK;XIRECS;9960.0;2
25400;BOT_MAKER;BOT_TAKER;VELVETFRUIT_EXTRACT;XIRECS;5251.0;6
25400;BOT_TAKER;BOT_MAKER;VEV_6500;XIRECS;1.0;4
25500;BOT_TAKER;BOT_MAKER;VELVETFRUIT_EXTRACT;XIRECS;5255.0;5
25600;BOT_MAKER;BOT_TAKER;VELVETFRUIT_EXTRACT;XIRECS;5251.0;7
25700;BOT_MAKER;BOT_TAKER;VELVETFRUIT_EXTRACT;XIRECS;5249.0;8
25700;BOT_MAKER;BOT_TAKER;VELVETFRUIT_EXTRACT;XIRECS;5249.0;6
25800;BOT_TAKER;BOT_MAKER;HYDROGEL_PACK;XIRECS;9960.0;6
25800;BOT_TAKER;BOT_MAKER;VELVETFRUIT_EXTRACT;XIRECS;5256.0;8
25900;BOT_MAKER;BOT_TAKER;VELVETFRUIT_EXTRACT;XIRECS;5252.0;10
26000;BOT_MAKER;BOT_TAKER;HYDROGEL_PACK;XIRECS;9941.0;3
26000;BOT_TAKER;BOT_MAKER;VEV_4000;XIRECS;1262.0;2
26100;BOT_TAKER;BOT_MAKER;VELVETFRUIT_EXTRACT;XIRECS;5258.0;6
26200;BOT_TAKER;BOT_MAKER;HYDROGEL_PACK;XIRECS;9958.0;3
26200;BOT_MAKER;BOT_TAKER;VELVETFRUIT_EXTRACT;XIRECS;5252.0;6
26400;BOT_TAKER;BOT_MAKER;VEV_6000;XIRECS;1.0;3
26500;BOT_MAKER;BOT_TAKER;VEV_5400;XIRECS;16.0;2
26500;BOT_TAKER;BOT_MAKER;VEV_6000;XIRECS;1.0;4
26600;BOT_TAKER;BOT_MAKER;HYDROGEL_PACK;XIRECS;9958.0;5
26600;BOT_TAKER;BOT_MAKER;VELVETFRUIT_EXTRACT;XIRECS;5258.0;3
26600;BOT_TAKER;BOT_MAKER;VEV_6500;XIRECS;1.0;5
26700;BOT_TAKER;BOT_MAKER;HYDROGEL_PACK;XIRECS;9959.0;6
26800;BOT_MAKER;BOT_TAKER;VELVETFRUIT_EXTRACT;XIRECS;5253.0;5
26900;BOT_MAKER;BOT_TAKER;HYDROGEL_PACK;XIRECS;9945.0;3
26900;BOT_MAKER;BOT_TAKER;VELVETFRUIT_EXTRACT;XIRECS;5252.0;5
27000;BOT_MAKER;BOT_TAKER;VELVETFRUIT_EXTRACT;XIRECS;5254.0;5
27000;BOT_TAKER;BOT_MAKER;VEV_5400;XIRECS;16.0;3
27100;BOT_MAKER;BOT_TAKER;VEV_5400;XIRECS;15.0;3
27100;BOT_MAKER;BOT_TAKER;VEV_5500;XIRECS;6.0;5
27100;BOT_TAKER;BOT_MAKER;VEV_6500;XIRECS;1.0;3
27200;BOT_MAKER;BOT_TAKER;VELVETFRUIT_EXTRACT;XIRECS;5252.0;10
27200;BOT_TAKER;BOT_MAKER;VEV_4000;XIRECS;1263.0;3
27300;BOT_MAKER;BOT_TAKER;VELVETFRUIT_EXTRACT;XIRECS;5252.0;3
27400;BOT_TAKER;BOT_MAKER;VEV_4000;XIRECS;1265.0;1
27500;BOT_MAKER;BOT_TAKER;HYDROGEL_PACK;XIRECS;9946.0;6
27500;BOT_MAKER;BOT_TAKER;VEV_6000;XIRECS;0.0;2
27600;BOT_MAKER;BOT_TAKER;HYDROGEL_PACK;XIRECS;9947.0;5
27700;BOT_MAKER;BOT_TAKER;VELVETFRUIT_EXTRACT;XIRECS;5251.0;6
27700;BOT_MAKER;BOT_TAKER;VEV_4000;XIRECS;1243.0;1
27700;BOT_TAKER;BOT_MAKER;VEV_6000;XIRECS;1.0;2
27800;BOT_TAKER;BOT_MAKER;HYDROGEL_PACK;XIRECS;9962.0;5
28000;BOT_TAKER;BOT_MAKER;HYDROGEL_PACK;XIRECS;9968.0;6
28100;BOT_MAKER;BOT_TAKER;VEV_5500;XIRECS;6.0;2
28100;BOT_TAKER;BOT_MAKER;VEV_6500;XIRECS;1.0;3
28200;BOT_TAKER;BOT_MAKER;VELVETFRUIT_EXTRACT;XIRECS;5257.0;6
28300;BOT_MAKER;BOT_TAKER;VELVETFRUIT_EXTRACT;XIRECS;5252.0;3
28300;BOT_MAKER;BOT_TAKER;VEV_6000;XIRECS;0.0;2
28500;BOT_TAKER;BOT_MAKER;VEV_6500;XIRECS;1.0;2
28600;BOT_MAKER;BOT_TAKER;VELVETFRUIT_EXTRACT;XIRECS;5255.0;11
28700;BOT_MAKER;BOT_TAKER;VEV_4000;XIRECS;1240.0;1
28800;BOT_TAKER;BOT_MAKER;HYDROGEL_PACK;XIRECS;9969.0;3
28800;BOT_TAKER;BOT_MAKER;VELVETFRUIT_EXTRACT;XIRECS;5257.0;3
28800;BOT_TAKER;BOT_MAKER;VEV_5400;XIRECS;16.0;4
28800;BOT_TAKER;BOT_MAKER;VEV_6000;XIRECS;1.0;2
28900;BOT_TAKER;BOT_MAKER;HYDROGEL_PACK;XIRECS;9969.0;4
28900;BOT_MAKER;BOT_TAKER;VEV_4000;XIRECS;1242.0;3
29000;BOT_TAKER;BOT_MAKER;VELVETFRUIT_EXTRACT;XIRECS;5257.0;4
29100;BOT_TAKER;BOT_MAKER;VEV_6000;XIRECS;1.0;5
29100;BOT_MAKER;BOT_TAKER;VEV_6500;XIRECS;0.0;4
29300;BOT_TAKER;BOT_MAKER;VEV_5300;XIRECS;52.0;2
29400;BOT_MAKER;BOT_TAKER;HYDROGEL_PACK;XIRECS;9950.0;2
29400;BOT_TAKER;BOT_MAKER;VEV_6000;XIRECS;1.0;4
29500;BOT_TAKER;BOT_MAKER;VELVETFRUIT_EXTRACT;XIRECS;5260.0;7
29800;BOT_TAKER;BOT_MAKER;HYDROGEL_PACK;XIRECS;9966.0;5
29800;BOT_TAKER;BOT_MAKER;VELVETFRUIT_EXTRACT;XIRECS;5260.0;6
29800;BOT_TAKER;BOT_MAKER;VEV_6000;XIRECS;1.0;4
29900;BOT_TAKER;BOT_MAKER;HYDROGEL_PACK;XIRECS;9968.0;2
29900;BOT_MAKER;BOT_TAKER;VEV_4000;XIRECS;1246.0;1
30000;BOT_MAKER;BOT_TAKER;HYDROGEL_PACK;XIRECS;9950.0;3
30000;BOT_TAKER;BOT_MAKER;VEV_6500;XIRECS;1.0;4
30100;BOT_MAKER;BOT_TAKER;HYDROGEL_PACK;XIRECS;9948.0;4
30100;BOT_MAKER;BOT_TAKER;VEV_6500;XIRECS;0.0;5
30200;BOT_MAKER;BOT_TAKER;VEV_6000;XIRECS;0.0;2
30300;BOT_TAKER;BOT_MAKER;HYDROGEL_PACK;XIRECS;9963.0;3
30300;BOT_TAKER;BOT_MAKER;VELVETFRUIT_EXTRACT;XIRECS;5261.0;5
30300;BOT_TAKER;BOT_MAKER;VEV_6000;XIRECS;1.0;5
30400;BOT_MAKER;BOT_TAKER;VEV_6500;XIRECS;0.0;2
30500;BOT_MAKER;BOT_TAKER;HYDROGEL_PACK;XIRECS;9943.0;5
30500;BOT_TAKER;BOT_MAKER;VEV_4000;XIRECS;1267.0;2
30600;BOT_MAKER;BOT_TAKER;VELVETFRUIT_EXTRACT;XIRECS;5255.0;6
30600;BOT_MAKER;BOT_TAKER;VEV_5400;XIRECS;15.0;3
30900;BOT_MAKER;BOT_TAKER;HYDROGEL_PACK;XIRECS;9938.0;3
30900;BOT_MAKER;BOT_TAKER;VELVETFRUIT_EXTRACT;XIRECS;5257.0;7
31100;BOT_TAKER;BOT_MAKER;VEV_5400;XIRECS;17.0;2
31200;BOT_TAKER;BOT_MAKER;VELVETFRUIT_EXTRACT;XIRECS;5262.0;4
31300;BOT_MAKER;BOT_TAKER;HYDROGEL_PACK;XIRECS;9939.0;3
31600;BOT_MAKER;BOT_TAKER;HYDROGEL_PACK;XIRECS;9938.0;5
31600;BOT_MAKER;BOT_TAKER;VELVETFRUIT_EXTRACT;XIRECS;5256.0;14
31600;BOT_TAKER;BOT_MAKER;VEV_5400;XIRECS;16.0;5
31700;BOT_MAKER;BOT_TAKER;VELVETFRUIT_EXTRACT;XIRECS;5256.0;4
31700;BOT_TAKER;BOT_MAKER;VELVETFRUIT_EXTRACT;XIRECS;5262.0;7
31800;BOT_TAKER;BOT_MAKER;HYDROGEL_PACK;XIRECS;9951.0;3
31800;BOT_TAKER;BOT_MAKER;VELVETFRUIT_EXTRACT;XIRECS;5261.0;5
31800;BOT_MAKER;BOT_TAKER;VEV_4000;XIRECS;1243.0;3
31900;BOT_MAKER;BOT_TAKER;HYDROGEL_PACK;XIRECS;9935.0;3
31900;BOT_TAKER;BOT_MAKER;VELVETFRUIT_EXTRACT;XIRECS;5261.0;7
32000;BOT_MAKER;BOT_TAKER;HYDROGEL_PACK;XIRECS;9931.0;3
32000;BOT_TAKER;BOT_MAKER;VELVETFRUIT_EXTRACT;XIRECS;5261.0;6
32100;BOT_TAKER;BOT_MAKER;VEV_5500;XIRECS;6.0;2
32100;BOT_TAKER;BOT_MAKER;VEV_6000;XIRECS;1.0;5
32200;BOT_MAKER;BOT_TAKER;VEV_4000;XIRECS;1246.0;2
32300;BOT_TAKER;BOT_MAKER;HYDROGEL_PACK;XIRECS;9948.0;6
32300;BOT_MAKER;BOT_TAKER;VELVETFRUIT_EXTRACT;XIRECS;5257.0;4
32400;BOT_MAKER;BOT_TAKER;VEV_4000;XIRECS;1245.0;2
32500;BOT_MAKER;BOT_TAKER;VELVETFRUIT_EXTRACT;XIRECS;5255.0;8
32700;BOT_MAKER;BOT_TAKER;VEV_4000;XIRECS;1247.0;3
32800;BOT_TAKER;BOT_MAKER;VELVETFRUIT_EXTRACT;XIRECS;5259.0;6
32800;BOT_MAKER;BOT_TAKER;VEV_6000;XIRECS;0.0;2
32900;BOT_MAKER;BOT_TAKER;VELVETFRUIT_EXTRACT;XIRECS;5254.0;4
33000;BOT_MAKER;BOT_TAKER;VELVETFRUIT_EXTRACT;XIRECS;5253.0;5
33100;BOT_TAKER;BOT_MAKER;HYDROGEL_PACK;XIRECS;9943.0;3
33100;BOT_TAKER;BOT_MAKER;VEV_6500;XIRECS;1.0;2
33200;BOT_MAKER;BOT_TAKER;VELVETFRUIT_EXTRACT;XIRECS;5253.0;8
33300;BOT_TAKER;BOT_MAKER;HYDROGEL_PACK;XIRECS;9944.0;5
33400;BOT_MAKER;BOT_TAKER;VEV_5400;XIRECS;14.0;2
33500;BOT_MAKER;BOT_TAKER;VEV_5400;XIRECS;14.0;3
33600;BOT_MAKER;BOT_TAKER;HYDROGEL_PACK;XIRECS;9936.0;5
33600;BOT_TAKER;BOT_MAKER;VELVETFRUIT_EXTRACT;XIRECS;5258.0;4
33600;BOT_TAKER;BOT_MAKER;VEV_6000;XIRECS;1.0;4
33900;BOT_TAKER;BOT_MAKER;VELVETFRUIT_EXTRACT;XIRECS;5257.0;6
34000;BOT_MAKER;BOT_TAKER;VEV_4000;XIRECS;1243.0;1
34100;BOT_TAKER;BOT_MAKER;VELVETFRUIT_EXTRACT;XIRECS;5258.0;3
34100;BOT_TAKER;BOT_MAKER;VEV_4000;XIRECS;1264.0;1
34200;BOT_TAKER;BOT_MAKER;HYDROGEL_PACK;XIRECS;9954.0;2
34200;BOT_MAKER;BOT_TAKER;VELVETFRUIT_EXTRACT;XIRECS;5254.0;3
34200;BOT_TAKER;BOT_MAKER;VEV_5500;XIRECS;6.0;5
34200;BOT_MAKER;BOT_TAKER;VEV_5500;XIRECS;5.0;4
34300;BOT_MAKER;BOT_TAKER;HYDROGEL_PACK;XIRECS;9938.0;3
34300;BOT_TAKER;BOT_MAKER;VEV_6000;XIRECS;1.0;2
34400;BOT_TAKER;BOT_MAKER;HYDROGEL_PACK;XIRECS;9956.0;4
34400;BOT_TAKER;BOT_MAKER;VEV_5400;XIRECS;14.0;3
34600;BOT_TAKER;BOT_MAKER;HYDROGEL_PACK;XIRECS;9956.0;3
34600;BOT_MAKER;BOT_TAKER;VELVETFRUIT_EXTRACT;XIRECS;5253.0;3
34700;BOT_MAKER;BOT_TAKER;VEV_6000;XIRECS;0.0;3
34800;BOT_MAKER;BOT_TAKER;VELVETFRUIT_EXTRACT;XIRECS;5251.0;6
34800;BOT_TAKER;BOT_MAKER;VEV_5500;XIRECS;6.0;2
34900;BOT_MAKER;BOT_TAKER;VELVETFRUIT_EXTRACT;XIRECS;5253.0;6
35000;BOT_MAKER;BOT_TAKER;VELVETFRUIT_EXTRACT;XIRECS;5253.0;5
35100;BOT_TAKER;BOT_MAKER;VEV_5400;XIRECS;15.0;2
35300;BOT_MAKER;BOT_TAKER;HYDROGEL_PACK;XIRECS;9936.0;3
35300;BOT_TAKER;BOT_MAKER;VELVETFRUIT_EXTRACT;XIRECS;5260.0;8
35400;BOT_TAKER;BOT_MAKER;VELVETFRUIT_EXTRACT;XIRECS;5261.0;6
35400;BOT_TAKER;BOT_MAKER;VELVETFRUIT_EXTRACT;XIRECS;5261.0;6
35500;BOT_TAKER;BOT_MAKER;VELVETFRUIT_EXTRACT;XIRECS;5261.0;6
35500;BOT_MAKER;BOT_TAKER;VEV_4000;XIRECS;1244.0;1
35500;BOT_TAKER;BOT_MAKER;VEV_5400;XIRECS;15.0;2
35600;BOT_TAKER;BOT_MAKER;VEV_4000;XIRECS;1264.0;2
35800;BOT_MAKER;BOT_TAKER;HYDROGEL_PACK;XIRECS;9931.0;2
35900;BOT_TAKER;BOT_MAKER;VELVETFRUIT_EXTRACT;XIRECS;5262.0;6
35900;BOT_TAKER;BOT_MAKER;VEV_4000;XIRECS;1265.0;2
36000;BOT_TAKER;BOT_MAKER;VELVETFRUIT_EXTRACT;XIRECS;5261.0;5
36100;BOT_TAKER;BOT_MAKER;VELVETFRUIT_EXTRACT;XIRECS;5259.0;5
36100;BOT_TAKER;BOT_MAKER;VEV_4000;XIRECS;1265.0;2
36100;BOT_MAKER;BOT_TAKER;VEV_6000;XIRECS;0.0;2
36300;BOT_MAKER;BOT_TAKER;VELVETFRUIT_EXTRACT;XIRECS;5250.0;3
36300;BOT_MAKER;BOT_TAKER;VEV_5500;XIRECS;5.0;2
36400;BOT_MAKER;BOT_TAKER;VELVETFRUIT_EXTRACT;XIRECS;5250.0;5
36500;BOT_MAKER;BOT_TAKER;HYDROGEL_PACK;XIRECS;9922.0;6
36500;BOT_MAKER;BOT_TAKER;VELVETFRUIT_EXTRACT;XIRECS;5251.0;8
36800;BOT_MAKER;BOT_TAKER;HYDROGEL_PACK;XIRECS;9929.0;6
36800;BOT_TAKER;BOT_MAKER;HYDROGEL_PACK;XIRECS;9945.0;2
36800;BOT_MAKER;BOT_TAKER;VEV_6000;XIRECS;0.0;3
36900;BOT_MAKER;BOT_TAKER;VELVETFRUIT_EXTRACT;XIRECS;5250.0;4
36900;BOT_MAKER;BOT_TAKER;VEV_5500;XIRECS;5.0;4
37200;BOT_TAKER;BOT_MAKER;HYDROGEL_PACK;XIRECS;9949.0;6
37300;BOT_TAKER;BOT_MAKER;HYDROGEL_PACK;XIRECS;9952.0;3
37500;BOT_TAKER;BOT_MAKER;VELVETFRUIT_EXTRACT;XIRECS;5255.0;11
37600;BOT_MAKER;BOT_TAKER;VEV_6500;XIRECS;0.0;5
37700;BOT_MAKER;BOT_TAKER;VELVETFRUIT_EXTRACT;XIRECS;5248.0;6
37800;BOT_TAKER;BOT_MAKER;VELVETFRUIT_EXTRACT;XIRECS;5252.0;4
37900;BOT_MAKER;BOT_TAKER;VELVETFRUIT_EXTRACT;XIRECS;5247.0;5
38000;BOT_MAKER;BOT_TAKER;VELVETFRUIT_EXTRACT;XIRECS;5246.0;5
38100;BOT_TAKER;BOT_MAKER;HYDROGEL_PACK;XIRECS;9946.0;5
38200;BOT_TAKER;BOT_MAKER;HYDROGEL_PACK;XIRECS;9947.0;5
38200;BOT_TAKER;BOT_MAKER;VELVETFRUIT_EXTRACT;XIRECS;5250.0;8
38300;BOT_MAKER;BOT_TAKER;HYDROGEL_PACK;XIRECS;9931.0;5
38400;BOT_MAKER;BOT_TAKER;HYDROGEL_PACK;XIRECS;9930.0;5
38400;BOT_TAKER;BOT_MAKER;VELVETFRUIT_EXTRACT;XIRECS;5250.0;8
38500;BOT_MAKER;BOT_TAKER;VELVETFRUIT_EXTRACT;XIRECS;5245.0;3
38500;BOT_TAKER;BOT_MAKER;VEV_6000;XIRECS;1.0;3
38500;BOT_MAKER;BOT_TAKER;VEV_6500;XIRECS;0.0;4
38600;BOT_MAKER;BOT_TAKER;VELVETFRUIT_EXTRACT;XIRECS;5244.0;8
38700;BOT_TAKER;BOT_MAKER;HYDROGEL_PACK;XIRECS;9942.0;3
38800;BOT_TAKER;BOT_MAKER;VELVETFRUIT_EXTRACT;XIRECS;5249.0;5
38800;BOT_MAKER;BOT_TAKER;VEV_4000;XIRECS;1248.0;3
38900;BOT_TAKER;BOT_MAKER;HYDROGEL_PACK;XIRECS;9941.0;5
39000;BOT_MAKER;BOT_TAKER;HYDROGEL_PACK;XIRECS;9925.0;3
39000;BOT_MAKER;BOT_TAKER;VELVETFRUIT_EXTRACT;XIRECS;5245.0;7
39100;BOT_TAKER;BOT_MAKER;VELVETFRUIT_EXTRACT;XIRECS;5250.0;7
39100;BOT_TAKER;BOT_MAKER;VEV_5500;XIRECS;6.0;2
39300;BOT_MAKER;BOT_TAKER;VEV_4000;XIRECS;1247.0;1
39400;BOT_MAKER;BOT_TAKER;HYDROGEL_PACK;XIRECS;9925.0;5
39600;BOT_TAKER;BOT_MAKER;VELVETFRUIT_EXTRACT;XIRECS;5249.0;8
39700;BOT_TAKER;BOT_MAKER;VEV_4000;XIRECS;1269.0;2
39800;BOT_MAKER;BOT_TAKER;VELVETFRUIT_EXTRACT;XIRECS;5244.0;3
39800;BOT_MAKER;BOT_TAKER;VEV_5200;XIRECS;129.0;2
40100;BOT_MAKER;BOT_TAKER;VELVETFRUIT_EXTRACT;XIRECS;5244.0;3
40200;BOT_TAKER;BOT_MAKER;HYDROGEL_PACK;XIRECS;9946.0;2
40200;BOT_TAKER;BOT_MAKER;VELVETFRUIT_EXTRACT;XIRECS;5251.0;4
40600;BOT_MAKER;BOT_TAKER;VELVETFRUIT_EXTRACT;XIRECS;5241.0;4
40600;BOT_TAKER;BOT_MAKER;VEV_6500;XIRECS;1.0;5
40700;BOT_MAKER;BOT_TAKER;HYDROGEL_PACK;XIRECS;9938.0;6
40700;BOT_TAKER;BOT_MAKER;VEV_4000;XIRECS;1269.0;1
40800;BOT_MAKER;BOT_TAKER;HYDROGEL_PACK;XIRECS;9935.0;5
40900;BOT_TAKER;BOT_MAKER;VEV_4000;XIRECS;1266.0;2
40900;BOT_TAKER;BOT_MAKER;VEV_5400;XIRECS;15.0;4
41000;BOT_TAKER;BOT_MAKER;VELVETFRUIT_EXTRACT;XIRECS;5247.0;5
41100;BOT_TAKER;BOT_MAKER;VELVETFRUIT_EXTRACT;XIRECS;5248.0;3
41200;BOT_MAKER;BOT_TAKER;HYDROGEL_PACK;XIRECS;9934.0;4
41200;BOT_MAKER;BOT_TAKER;VELVETFRUIT_EXTRACT;XIRECS;5242.0;3
41300;BOT_TAKER;BOT_MAKER;VELVETFRUIT_EXTRACT;XIRECS;5247.0;4
41300;BOT_TAKER;BOT_MAKER;VEV_4000;XIRECS;1267.0;2
41300;BOT_TAKER;BOT_MAKER;VEV_5500;XIRECS;6.0;4
41400;BOT_MAKER;BOT_TAKER;HYDROGEL_PACK;XIRECS;9934.0;4
41400;BOT_MAKER;BOT_TAKER;VEV_6500;XIRECS;0.0;3
41600;BOT_MAKER;BOT_TAKER;HYDROGEL_PACK;XIRECS;9938.0;5
41600;BOT_MAKER;BOT_TAKER;HYDROGEL_PACK;XIRECS;9938.0;2
41600;BOT_TAKER;BOT_MAKER;VELVETFRUIT_EXTRACT;XIRECS;5246.0;12
41700;BOT_TAKER;BOT_MAKER;HYDROGEL_PACK;XIRECS;9950.0;5
41800;BOT_MAKER;BOT_TAKER;VELVETFRUIT_EXTRACT;XIRECS;5241.0;7
41900;BOT_TAKER;BOT_MAKER;HYDROGEL_PACK;XIRECS;9947.0;2
42000;BOT_TAKER;BOT_MAKER;VELVETFRUIT_EXTRACT;XIRECS;5246.0;6
42000;BOT_MAKER;BOT_TAKER;VEV_5500;XIRECS;4.0;5
42100;BOT_MAKER;BOT_TAKER;HYDROGEL_PACK;XIRECS;9930.0;5
42200;BOT_MAKER;BOT_TAKER;HYDROGEL_PACK;XIRECS;9929.0;5
42200;BOT_TAKER;BOT_MAKER;VELVETFRUIT_EXTRACT;XIRECS;5247.0;8
42300;BOT_TAKER;BOT_MAKER;HYDROGEL_PACK;XIRECS;9943.0;4
42300;BOT_MAKER;BOT_TAKER;VELVETFRUIT_EXTRACT;XIRECS;5242.0;6
42300;BOT_TAKER;BOT_MAKER;VEV_5400;XIRECS;15.0;5
42400;BOT_TAKER;BOT_MAKER;VELVETFRUIT_EXTRACT;XIRECS;5248.0;6
42600;BOT_TAKER;BOT_MAKER;HYDROGEL_PACK;XIRECS;9941.0;4
42600;BOT_MAKER;BOT_TAKER;VEV_5100;XIRECS;160.0;1
42700;BOT_MAKER;BOT_TAKER;VELVETFRUIT_EXTRACT;XIRECS;5243.0;8
42800;BOT_MAKER;BOT_TAKER;HYDROGEL_PACK;XIRECS;9926.0;5
42800;BOT_TAKER;BOT_MAKER;VEV_5400;XIRECS;15.0;2
42900;BOT_MAKER;BOT_TAKER;HYDROGEL_PACK;XIRECS;9925.0;2
42900;BOT_MAKER;BOT_TAKER;VEV_4000;XIRECS;1244.0;3
42900;BOT_MAKER;BOT_TAKER;VEV_5400;XIRECS;13.0;2
42900;BOT_TAKER;BOT_MAKER;VEV_6000;XIRECS;1.0;2
43000;BOT_MAKER;BOT_TAKER;VEV_6000;XIRECS;0.0;4
43100;BOT_TAKER;BOT_MAKER;VELVETFRUIT_EXTRACT;XIRECS;5246.0;5
43200;BOT_TAKER;BOT_MAKER;HYDROGEL_PACK;XIRECS;9945.0;2
43200;BOT_TAKER;BOT_MAKER;VELVETFRUIT_EXTRACT;XIRECS;5247.0;13
43200;BOT_MAKER;BOT_TAKER;VEV_6500;XIRECS;0.0;4
43400;BOT_MAKER;BOT_TAKER;HYDROGEL_PACK;XIRECS;9930.0;6
43500;BOT_MAKER;BOT_TAKER;HYDROGEL_PACK;XIRECS;9933.0;4
43500;BOT_MAKER;BOT_TAKER;VEV_6000;XIRECS;0.0;5
43500;BOT_MAKER;BOT_TAKER;VEV_6000;XIRECS;0.0;5
43700;BOT_MAKER;BOT_TAKER;VELVETFRUIT_EXTRACT;XIRECS;5237.0;6
44000;BOT_TAKER;BOT_MAKER;HYDROGEL_PACK;XIRECS;9954.0;6
44000;BOT_TAKER;BOT_MAKER;VEV_5500;XIRECS;5.0;5
44100;BOT_MAKER;BOT_TAKER;HYDROGEL_PACK;XIRECS;9936.0;3
44100;BOT_TAKER;BOT_MAKER;VEV_4000;XIRECS;1267.0;3
44300;BOT_TAKER;BOT_MAKER;HYDROGEL_PACK;XIRECS;9948.0;5
44300;BOT_TAKER;BOT_MAKER;VELVETFRUIT_EXTRACT;XIRECS;5244.0;3
44300;BOT_TAKER;BOT_MAKER;VEV_4000;XIRECS;1264.0;2
44500;BOT_MAKER;BOT_TAKER;HYDROGEL_PACK;XIRECS;9936.0;5
44800;BOT_TAKER;BOT_MAKER;VELVETFRUIT_EXTRACT;XIRECS;5247.0;4
44900;BOT_TAKER;BOT_MAKER;VEV_4000;XIRECS;1265.0;1
45000;BOT_MAKER;BOT_TAKER;VELVETFRUIT_EXTRACT;XIRECS;5242.0;3
45000;BOT_TAKER;BOT_MAKER;VEV_4000;XIRECS;1265.0;2
45200;BOT_MAKER;BOT_TAKER;VELVETFRUIT_EXTRACT;XIRECS;5242.0;3
45300;BOT_MAKER;BOT_TAKER;HYDROGEL_PACK;XIRECS;9941.0;5
45400;BOT_TAKER;BOT_MAKER;HYDROGEL_PACK;XIRECS;9955.0;4
45500;BOT_MAKER;BOT_TAKER;VEV_4000;XIRECS;1243.0;2
45700;BOT_MAKER;BOT_TAKER;VELVETFRUIT_EXTRACT;XIRECS;5238.0;7
45800;BOT_MAKER;BOT_TAKER;HYDROGEL_PACK;XIRECS;9936.0;5
45800;BOT_MAKER;BOT_TAKER;VELVETFRUIT_EXTRACT;XIRECS;5236.0;3
45900;BOT_MAKER;BOT_TAKER;HYDROGEL_PACK;XIRECS;9937.0;2
45900;BOT_MAKER;BOT_TAKER;VEV_6000;XIRECS;0.0;4
45900;BOT_MAKER;BOT_TAKER;VEV_6500;XIRECS;0.0;4
46000;BOT_MAKER;BOT_TAKER;HYDROGEL_PACK;XIRECS;9937.0;5
46000;BOT_MAKER;BOT_TAKER;VELVETFRUIT_EXTRACT;XIRECS;5235.0;7
46000;BOT_MAKER;BOT_TAKER;VEV_5500;XIRECS;5.0;3
46200;BOT_TAKER;BOT_MAKER;HYDROGEL_PACK;XIRECS;9945.0;3
46200;BOT_MAKER;BOT_TAKER;VELVETFRUIT_EXTRACT;XIRECS;5233.0;5
46400;BOT_MAKER;BOT_TAKER;VEV_5400;XIRECS;13.0;4
46400;BOT_TAKER;BOT_MAKER;VEV_5400;XIRECS;15.0;4
46500;BOT_TAKER;BOT_MAKER;VELVETFRUIT_EXTRACT;XIRECS;5238.0;3
46600;BOT_MAKER;BOT_TAKER;HYDROGEL_PACK;XIRECS;9928.0;4
46700;BOT_MAKER;BOT_TAKER;HYDROGEL_PACK;XIRECS;9929.0;4
46700;BOT_MAKER;BOT_TAKER;VEV_4000;XIRECS;1248.0;2
46800;BOT_MAKER;BOT_TAKER;HYDROGEL_PACK;XIRECS;9929.0;3
46800;BOT_TAKER;BOT_MAKER;VELVETFRUIT_EXTRACT;XIRECS;5238.0;5
46800;BOT_MAKER;BOT_TAKER;VEV_5300;XIRECS;51.0;4
46800;BOT_TAKER;BOT_MAKER;VEV_5500;XIRECS;6.0;2
46900;BOT_MAKER;BOT_TAKER;HYDROGEL_PACK;XIRECS;9928.0;4
47100;BOT_TAKER;BOT_MAKER;VELVETFRUIT_EXTRACT;XIRECS;5240.0;8
47200;BOT_TAKER;BOT_MAKER;HYDROGEL_PACK;XIRECS;9953.0;2
47200;BOT_MAKER;BOT_TAKER;VELVETFRUIT_EXTRACT;XIRECS;5234.0;5
47300;BOT_MAKER;BOT_TAKER;VELVETFRUIT_EXTRACT;XIRECS;5235.0;10
47500;BOT_TAKER;BOT_MAKER;HYDROGEL_PACK;XIRECS;9950.0;3
47500;BOT_TAKER;BOT_MAKER;VELVETFRUIT_EXTRACT;XIRECS;5242.0;5
47600;BOT_TAKER;BOT_MAKER;HYDROGEL_PACK;XIRECS;9951.0;5
47600;BOT_MAKER;BOT_TAKER;VELVETFRUIT_EXTRACT;XIRECS;5236.0;7
47700;BOT_TAKER;BOT_MAKER;VEV_4000;XIRECS;1267.0;2
47700;BOT_MAKER;BOT_TAKER;VEV_6000;XIRECS;0.0;3
47900;BOT_MAKER;BOT_TAKER;HYDROGEL_PACK;XIRECS;9933.0;6
47900;BOT_MAKER;BOT_TAKER;VEV_4000;XIRECS;1246.0;2
47900;BOT_TAKER;BOT_MAKER;VEV_5400;XIRECS;16.0;5
47900;BOT_TAKER;BOT_MAKER;VEV_6500;XIRECS;1.0;2
48200;BOT_MAKER;BOT_TAKER;VELVETFRUIT_EXTRACT;XIRECS;5235.0;3
48200;BOT_MAKER;BOT_TAKER;VEV_5200;XIRECS;126.0;5
48200;BOT_TAKER;BOT_MAKER;VEV_5400;XIRECS;16.0;4
48300;BOT_MAKER;BOT_TAKER;HYDROGEL_PACK;XIRECS;9930.0;6
48300;BOT_MAKER;BOT_TAKER;VELVETFRUIT_EXTRACT;XIRECS;5235.0;6
48400;BOT_TAKER;BOT_MAKER;VELVETFRUIT_EXTRACT;XIRECS;5240.0;5
48400;BOT_TAKER;BOT_MAKER;VEV_5400;XIRECS;16.0;4
48400;BOT_TAKER;BOT_MAKER;VEV_6000;XIRECS;1.0;4
48400;BOT_TAKER;BOT_MAKER;VEV_6500;XIRECS;1.0;3
48500;BOT_TAKER;BOT_MAKER;VEV_4000;XIRECS;1266.0;1
48600;BOT_MAKER;BOT_TAKER;VELVETFRUIT_EXTRACT;XIRECS;5236.0;5
48900;BOT_TAKER;BOT_MAKER;VELVETFRUIT_EXTRACT;XIRECS;5242.0;13
48900;BOT_TAKER;BOT_MAKER;VELVETFRUIT_EXTRACT;XIRECS;5242.0;4
48900;BOT_TAKER;BOT_MAKER;VEV_5400;XIRECS;15.0;5
48900;BOT_TAKER;BOT_MAKER;VEV_6500;XIRECS;1.0;5
49000;BOT_TAKER;BOT_MAKER;HYDROGEL_PACK;XIRECS;9953.0;5
49300;BOT_MAKER;BOT_TAKER;VELVETFRUIT_EXTRACT;XIRECS;5236.0;8
49400;BOT_TAKER;BOT_MAKER;HYDROGEL_PACK;XIRECS;9954.0;3
49400;BOT_MAKER;BOT_TAKER;VELVETFRUIT_EXTRACT;XIRECS;5235.0;5
49600;BOT_TAKER;BOT_MAKER;HYDROGEL_PACK;XIRECS;9956.0;3
49700;BOT_MAKER;BOT_TAKER;VEV_4000;XIRECS;1243.0;2
49800;BOT_MAKER;BOT_TAKER;VELVETFRUIT_EXTRACT;XIRECS;5233.0;5
49800;BOT_TAKER;BOT_MAKER;VEV_6500;XIRECS;1.0;4
49900;BOT_TAKER;BOT_MAKER;HYDROGEL_PACK;XIRECS;9957.0;4
49900;BOT_TAKER;BOT_MAKER;VELVETFRUIT_EXTRACT;XIRECS;5238.0;8
49900;BOT_MAKER;BOT_TAKER;VEV_4000;XIRECS;1243.0;1
50000;BOT_MAKER;BOT_TAKER;HYDROGEL_PACK;XIRECS;9937.0;3
50000;BOT_TAKER;BOT_MAKER;VELVETFRUIT_EXTRACT;XIRECS;5238.0;6
50100;BOT_TAKER;BOT_MAKER;VELVETFRUIT_EXTRACT;XIRECS;5239.0;5
50200;BOT_MAKER;BOT_TAKER;HYDROGEL_PACK;XIRECS;9934.0;2
50200;BOT_TAKER;BOT_MAKER;VELVETFRUIT_EXTRACT;XIRECS;5240.0;10
50300;BOT_TAKER;BOT_MAKER;VEV_5500;XIRECS;6.0;4
50400;BOT_TAKER;BOT_MAKER;VEV_5400;XIRECS;15.0;4
50500;BOT_TAKER;BOT_MAKER;VEV_4000;XIRECS;1261.0;1
50500;BOT_TAKER;BOT_MAKER;VEV_5400;XIRECS;16.0;4
50500;BOT_MAKER;BOT_TAKER;VEV_5500;XIRECS;5.0;2
50700;BOT_MAKER;BOT_TAKER;VELVETFRUIT_EXTRACT;XIRECS;5237.0;4
50800;BOT_TAKER;BOT_MAKER;VELVETFRUIT_EXTRACT;XIRECS;5242.0;6
51100;BOT_TAKER;BOT_MAKER;VELVETFRUIT_EXTRACT;XIRECS;5243.0;4
51200;BOT_MAKER;BOT_TAKER;VELVETFRUIT_EXTRACT;XIRECS;5235.0;3
51300;BOT_TAKER;BOT_MAKER;HYDROGEL_PACK;XIRECS;9948.0;4
51300;BOT_MAKER;BOT_TAKER;VELVETFRUIT_EXTRACT;XIRECS;5234.0;3
51400;BOT_MAKER;BOT_TAKER;VELVETFRUIT_EXTRACT;XIRECS;5236.0;7
51500;BOT_MAKER;BOT_TAKER;VEV_5400;XIRECS;14.0;5
51600;BOT_MAKER;BOT_TAKER;HYDROGEL_PACK;XIRECS;9927.0;3
51700;BOT_MAKER;BOT_TAKER;HYDROGEL_PACK;XIRECS;9931.0;4
51700;BOT_TAKER;BOT_MAKER;VELVETFRUIT_EXTRACT;XIRECS;5239.0;3
51700;BOT_TAKER;BOT_MAKER;VEV_5500;XIRECS;6.0;4
51800;BOT_TAKER;BOT_MAKER;VEV_6500;XIRECS;1.0;5
51900;BOT_MAKER;BOT_TAKER;VELVETFRUIT_EXTRACT;XIRECS;5233.0;10
52000;BOT_MAKER;BOT_TAKER;VEV_4000;XIRECS;1237.0;1
52200;BOT_TAKER;BOT_MAKER;VEV_5300;XIRECS;56.0;4
52200;BOT_MAKER;BOT_TAKER;VEV_5400;XIRECS;13.0;5
52200;BOT_MAKER;BOT_TAKER;VEV_6000;XIRECS;0.0;2
52400;BOT_TAKER;BOT_MAKER;HYDROGEL_PACK;XIRECS;9941.0;5
52400;BOT_MAKER;BOT_TAKER;VEV_4000;XIRECS;1239.0;2
52500;BOT_MAKER;BOT_TAKER;HYDROGEL_PACK;XIRECS;9926.0;4
52600;BOT_TAKER;BOT_MAKER;VEV_5300;XIRECS;57.0;2
52700;BOT_TAKER;BOT_MAKER;HYDROGEL_PACK;XIRECS;9946.0;5
52700;BOT_TAKER;BOT_MAKER;VELVETFRUIT_EXTRACT;XIRECS;5243.0;3
52800;BOT_MAKER;BOT_TAKER;VEV_5300;XIRECS;56.0;4
52800;BOT_TAKER;BOT_MAKER;VEV_5500;XIRECS;6.0;5
52900;BOT_TAKER;BOT_MAKER;HYDROGEL_PACK;XIRECS;9946.0;5
53000;BOT_TAKER;BOT_MAKER;VELVETFRUIT_EXTRACT;XIRECS;5242.0;7
53100;BOT_TAKER;BOT_MAKER;VEV_4000;XIRECS;1259.0;2
53300;BOT_TAKER;BOT_MAKER;VELVETFRUIT_EXTRACT;XIRECS;5244.0;7
53300;BOT_TAKER;BOT_MAKER;VEV_4000;XIRECS;1257.0;3
53400;BOT_MAKER;BOT_TAKER;VELVETFRUIT_EXTRACT;XIRECS;5239.0;6
53500;BOT_TAKER;BOT_MAKER;VELVETFRUIT_EXTRACT;XIRECS;5246.0;5
53700;BOT_TAKER;BOT_MAKER;HYDROGEL_PACK;XIRECS;9944.0;3
53700;BOT_TAKER;BOT_MAKER;VELVETFRUIT_EXTRACT;XIRECS;5245.0;4
53800;BOT_MAKER;BOT_TAKER;VELVETFRUIT_EXTRACT;XIRECS;5242.0;6
53800;BOT_TAKER;BOT_MAKER;VEV_6500;XIRECS;1.0;5
53900;BOT_TAKER;BOT_MAKER;VEV_4000;XIRECS;1256.0;2
54200;BOT_TAKER;BOT_MAKER;HYDROGEL_PACK;XIRECS;9952.0;4
54200;BOT_MAKER;BOT_TAKER;VELVETFRUIT_EXTRACT;XIRECS;5242.0;5
54200;BOT_MAKER;BOT_TAKER;VEV_5400;XIRECS;14.0;2
54300;BOT_MAKER;BOT_TAKER;VEV_6000;XIRECS;0.0;4
54400;BOT_TAKER;BOT_MAKER;VEV_4000;XIRECS;1259.0;2
54600;BOT_MAKER;BOT_TAKER;VELVETFRUIT_EXTRACT;XIRECS;5244.0;7
54700;BOT_TAKER;BOT_MAKER;VELVETFRUIT_EXTRACT;XIRECS;5248.0;4
54700;BOT_TAKER;BOT_MAKER;VELVETFRUIT_EXTRACT;XIRECS;5248.0;6
55000;BOT_TAKER;BOT_MAKER;VELVETFRUIT_EXTRACT;XIRECS;5248.0;5
55000;BOT_MAKER;BOT_TAKER;VEV_5500;XIRECS;4.0;4
55100;BOT_MAKER;BOT_TAKER;VELVETFRUIT_EXTRACT;XIRECS;5243.0;4
55100;BOT_TAKER;BOT_MAKER;VEV_4000;XIRECS;1257.0;1
55200;BOT_TAKER;BOT_MAKER;VEV_5500;XIRECS;6.0;2
55200;BOT_TAKER;BOT_MAKER;VEV_6500;XIRECS;1.0;5
55400;BOT_MAKER;BOT_TAKER;VELVETFRUIT_EXTRACT;XIRECS;5245.0;5
55400;BOT_TAKER;BOT_MAKER;VEV_5500;XIRECS;6.0;2
55500;BOT_TAKER;BOT_MAKER;VEV_4000;XIRECS;1259.0;2
55600;BOT_TAKER;BOT_MAKER;HYDROGEL_PACK;XIRECS;9951.0;2
55600;BOT_TAKER;BOT_MAKER;VELVETFRUIT_EXTRACT;XIRECS;5250.0;5
55600;BOT_MAKER;BOT_TAKER;VEV_5300;XIRECS;58.0;5
55700;BOT_MAKER;BOT_TAKER;VELVETFRUIT_EXTRACT;XIRECS;5245.0;5
55700;BOT_TAKER;BOT_MAKER;VEV_6500;XIRECS;1.0;4
55800;BOT_MAKER;BOT_TAKER;VELVETFRUIT_EXTRACT;XIRECS;5245.0;3
55800;BOT_TAKER;BOT_MAKER;VEV_4000;XIRECS;1261.0;1
55800;BOT_TAKER;BOT_MAKER;VEV_6500;XIRECS;1.0;2
55900;BOT_TAKER;BOT_MAKER;VELVETFRUIT_EXTRACT;XIRECS;5250.0;4
55900;BOT_MAKER;BOT_TAKER;VEV_6500;XIRECS;0.0;3
56000;BOT_TAKER;BOT_MAKER;VELVETFRUIT_EXTRACT;XIRECS;5250.0;5
56200;BOT_MAKER;BOT_TAKER;VELVETFRUIT_EXTRACT;XIRECS;5246.0;8
56300;BOT_MAKER;BOT_TAKER;HYDROGEL_PACK;XIRECS;9934.0;4
56300;BOT_MAKER;BOT_TAKER;VELVETFRUIT_EXTRACT;XIRECS;5246.0;5
56400;BOT_MAKER;BOT_TAKER;VEV_6500;XIRECS;0.0;3
56500;BOT_MAKER;BOT_TAKER;HYDROGEL_PACK;XIRECS;9934.0;5
56900;BOT_TAKER;BOT_MAKER;VELVETFRUIT_EXTRACT;XIRECS;5252.0;5
57000;BOT_MAKER;BOT_TAKER;VELVETFRUIT_EXTRACT;XIRECS;5246.0;6
57300;BOT_TAKER;BOT_MAKER;HYDROGEL_PACK;XIRECS;9950.0;2
57300;BOT_TAKER;BOT_MAKER;VELVETFRUIT_EXTRACT;XIRECS;5249.0;6
57300;BOT_TAKER;BOT_MAKER;VEV_6000;XIRECS;1.0;4
57400;BOT_MAKER;BOT_TAKER;VEV_4000;XIRECS;1239.0;2
57400;BOT_TAKER;BOT_MAKER;VEV_5500;XIRECS;6.0;5
57400;BOT_TAKER;BOT_MAKER;VEV_6500;XIRECS;1.0;3
57400;BOT_MAKER;BOT_TAKER;VEV_6500;XIRECS;0.0;2
57600;BOT_TAKER;BOT_MAKER;HYDROGEL_PACK;XIRECS;9950.0;5
57600;BOT_MAKER;BOT_TAKER;VELVETFRUIT_EXTRACT;XIRECS;5244.0;14
57700;BOT_MAKER;BOT_TAKER;HYDROGEL_PACK;XIRECS;9934.0;6
57700;BOT_MAKER;BOT_TAKER;VEV_6500;XIRECS;0.0;2
57800;BOT_MAKER;BOT_TAKER;VEV_4000;XIRECS;1242.0;3
57900;BOT_MAKER;BOT_TAKER;HYDROGEL_PACK;XIRECS;9938.0;2
58000;BOT_TAKER;BOT_MAKER;HYDROGEL_PACK;XIRECS;9956.0;5
58100;BOT_TAKER;BOT_MAKER;VEV_4000;XIRECS;1264.0;3
58100;BOT_MAKER;BOT_TAKER;VEV_5300;XIRECS;55.0;3
58100;BOT_TAKER;BOT_MAKER;VEV_6500;XIRECS;1.0;3
58300;BOT_TAKER;BOT_MAKER;VEV_4000;XIRECS;1264.0;1
58400;BOT_TAKER;BOT_MAKER;VELVETFRUIT_EXTRACT;XIRECS;5253.0;5
58500;BOT_TAKER;BOT_MAKER;HYDROGEL_PACK;XIRECS;9961.0;4
58500;BOT_MAKER;BOT_TAKER;VELVETFRUIT_EXTRACT;XIRECS;5249.0;3
58600;BOT_MAKER;BOT_TAKER;VELVETFRUIT_EXTRACT;XIRECS;5246.0;7
58800;BOT_MAKER;BOT_TAKER;VEV_6500;XIRECS;0.0;3
59000;BOT_TAKER;BOT_MAKER;VELVETFRUIT_EXTRACT;XIRECS;5252.0;11
59100;BOT_TAKER;BOT_MAKER;VEV_4000;XIRECS;1268.0;2
59200;BOT_TAKER;BOT_MAKER;HYDROGEL_PACK;XIRECS;9947.0;5
59200;BOT_TAKER;BOT_MAKER;VELVETFRUIT_EXTRACT;XIRECS;5252.0;5
59200;BOT_TAKER;BOT_MAKER;VEV_6500;XIRECS;1.0;5
59300;BOT_MAKER;BOT_TAKER;VELVETFRUIT_EXTRACT;XIRECS;5247.0;5
59400;BOT_TAKER;BOT_MAKER;VEV_6000;XIRECS;1.0;5
59600;BOT_MAKER;BOT_TAKER;HYDROGEL_PACK;XIRECS;9926.0;4
59600;BOT_TAKER;BOT_MAKER;VELVETFRUIT_EXTRACT;XIRECS;5252.0;3
59700;BOT_TAKER;BOT_MAKER;VEV_5300;XIRECS;58.0;5
59700;BOT_TAKER;BOT_MAKER;VEV_5400;XIRECS;15.0;3
59900;BOT_MAKER;BOT_TAKER;HYDROGEL_PACK;XIRECS;9918.0;2
59900;BOT_MAKER;BOT_TAKER;VELVETFRUIT_EXTRACT;XIRECS;5245.0;3
59900;BOT_TAKER;BOT_MAKER;VEV_5500;XIRECS;6.0;2
59900;BOT_TAKER;BOT_MAKER;VEV_6500;XIRECS;1.0;5
60100;BOT_TAKER;BOT_MAKER;VELVETFRUIT_EXTRACT;XIRECS;5252.0;5
60100;BOT_MAKER;BOT_TAKER;VELVETFRUIT_EXTRACT;XIRECS;5246.0;3
60200;BOT_TAKER;BOT_MAKER;HYDROGEL_PACK;XIRECS;9936.0;4
60200;BOT_MAKER;BOT_TAKER;VELVETFRUIT_EXTRACT;XIRECS;5247.0;7
60300;BOT_MAKER;BOT_TAKER;VELVETFRUIT_EXTRACT;XIRECS;5246.0;8
60600;BOT_MAKER;BOT_TAKER;VELVETFRUIT_EXTRACT;XIRECS;5246.0;12
60600;BOT_MAKER;BOT_TAKER;VELVETFRUIT_EXTRACT;XIRECS;5246.0;7
60700;BOT_MAKER;BOT_TAKER;HYDROGEL_PACK;XIRECS;9921.0;3
60800;BOT_TAKER;BOT_MAKER;VELVETFRUIT_EXTRACT;XIRECS;5253.0;4
60800;BOT_TAKER;BOT_MAKER;VEV_5400;XIRECS;16.0;5
60900;BOT_MAKER;BOT_TAKER;HYDROGEL_PACK;XIRECS;9921.0;5
60900;BOT_MAKER;BOT_TAKER;VELVETFRUIT_EXTRACT;XIRECS;5247.0;6
60900;BOT_TAKER;BOT_MAKER;VEV_5400;XIRECS;17.0;3
61000;BOT_MAKER;BOT_TAKER;HYDROGEL_PACK;XIRECS;9920.0;4
61000;BOT_TAKER;BOT_MAKER;VELVETFRUIT_EXTRACT;XIRECS;5252.0;4
61000;BOT_TAKER;BOT_MAKER;VEV_6500;XIRECS;1.0;4
61100;BOT_MAKER;BOT_TAKER;VEV_6500;XIRECS;0.0;4
61200;BOT_TAKER;BOT_MAKER;VELVETFRUIT_EXTRACT;XIRECS;5253.0;4
61200;BOT_MAKER;BOT_TAKER;VEV_4000;XIRECS;1231.0;2
61200;BOT_TAKER;BOT_MAKER;VEV_6000;XIRECS;1.0;3
61400;BOT_TAKER;BOT_MAKER;VELVETFRUIT_EXTRACT;XIRECS;5250.0;4
61500;BOT_MAKER;BOT_TAKER;VEV_4000;XIRECS;1230.0;2
61500;BOT_MAKER;BOT_TAKER;VEV_5500;XIRECS;5.0;5
61600;BOT_MAKER;BOT_TAKER;HYDROGEL_PACK;XIRECS;9930.0;5
61600;BOT_MAKER;BOT_TAKER;VEV_5300;XIRECS;58.0;4
61600;BOT_MAKER;BOT_TAKER;VEV_6000;XIRECS;0.0;5
61700;BOT_TAKER;BOT_MAKER;VEV_4000;XIRECS;1249.0;3
61800;BOT_TAKER;BOT_MAKER;VELVETFRUIT_EXTRACT;XIRECS;5250.0;4
61900;BOT_MAKER;BOT_TAKER;VEV_5500;XIRECS;5.0;2
62000;BOT_MAKER;BOT_TAKER;VEV_5100;XIRECS;167.0;1
62100;BOT_MAKER;BOT_TAKER;VELVETFRUIT_EXTRACT;XIRECS;5246.0;5
62100;BOT_TAKER;BOT_MAKER;VEV_5300;XIRECS;60.0;4
62300;BOT_TAKER;BOT_MAKER;VELVETFRUIT_EXTRACT;XIRECS;5252.0;6
62400;BOT_MAKER;BOT_TAKER;HYDROGEL_PACK;XIRECS;9926.0;4
62500;BOT_MAKER;BOT_TAKER;HYDROGEL_PACK;XIRECS;9924.0;6
62500;BOT_TAKER;BOT_MAKER;VEV_4000;XIRECS;1249.0;1
62500;BOT_MAKER;BOT_TAKER;VEV_5400;XIRECS;16.0;5
62600;BOT_MAKER;BOT_TAKER;HYDROGEL_PACK;XIRECS;9923.0;5
62700;BOT_MAKER;BOT_TAKER;HYDROGEL_PACK;XIRECS;9923.0;2
62800;BOT_MAKER;BOT_TAKER;HYDROGEL_PACK;XIRECS;9922.0;2
62900;BOT_TAKER;BOT_MAKER;HYDROGEL_PACK;XIRECS;9938.0;2
62900;BOT_MAKER;BOT_TAKER;VELVETFRUIT_EXTRACT;XIRECS;5244.0;14
63000;BOT_MAKER;BOT_TAKER;VELVETFRUIT_EXTRACT;XIRECS;5247.0;8
63100;BOT_TAKER;BOT_MAKER;HYDROGEL_PACK;XIRECS;9938.0;6
63100;BOT_TAKER;BOT_MAKER;VELVETFRUIT_EXTRACT;XIRECS;5253.0;3
63100;BOT_TAKER;BOT_MAKER;VEV_4000;XIRECS;1247.0;2
63100;BOT_TAKER;BOT_MAKER;VEV_6000;XIRECS;1.0;2
63200;BOT_TAKER;BOT_MAKER;VEV_5400;XIRECS;17.0;2
63300;BOT_MAKER;BOT_TAKER;VEV_6000;XIRECS;0.0;2
63400;BOT_MAKER;BOT_TAKER;HYDROGEL_PACK;XIRECS;9923.0;3
63400;BOT_TAKER;BOT_MAKER;VELVETFRUIT_EXTRACT;XIRECS;5247.0;3
63400;BOT_MAKER;BOT_TAKER;VEV_5300;XIRECS;58.0;2
63500;BOT_TAKER;BOT_MAKER;VEV_5400;XIRECS;17.0;2
63500;BOT_MAKER;BOT_TAKER;VEV_6000;XIRECS;0.0;3
63600;BOT_MAKER;BOT_TAKER;HYDROGEL_PACK;XIRECS;9920.0;3
63600;BOT_TAKER;BOT_MAKER;VELVETFRUIT_EXTRACT;XIRECS;5248.0;7
63700;BOT_MAKER;BOT_TAKER;VELVETFRUIT_EXTRACT;XIRECS;5242.0;4
63700;BOT_MAKER;BOT_TAKER;VEV_4000;XIRECS;1229.0;3
63800;BOT_MAKER;BOT_TAKER;HYDROGEL_PACK;XIRECS;9920.0;5
63800;BOT_MAKER;BOT_TAKER;HYDROGEL_PACK;XIRECS;9920.0;6
63800;BOT_MAKER;BOT_TAKER;VELVETFRUIT_EXTRACT;XIRECS;5242.0;6
63900;BOT_TAKER;BOT_MAKER;VEV_4000;XIRECS;1248.0;1
64000;BOT_MAKER;BOT_TAKER;VEV_6500;XIRECS;0.0;4
64200;BOT_MAKER;BOT_TAKER;VELVETFRUIT_EXTRACT;XIRECS;5241.0;6
64400;BOT_MAKER;BOT_TAKER;HYDROGEL_PACK;XIRECS;9918.0;3
64400;BOT_MAKER;BOT_TAKER;VELVETFRUIT_EXTRACT;XIRECS;5240.0;4
64600;BOT_MAKER;BOT_TAKER;VELVETFRUIT_EXTRACT;XIRECS;5240.0;7
64700;BOT_MAKER;BOT_TAKER;HYDROGEL_PACK;XIRECS;9921.0;6
64800;BOT_TAKER;BOT_MAKER;VELVETFRUIT_EXTRACT;XIRECS;5245.0;4
64900;BOT_TAKER;BOT_MAKER;HYDROGEL_PACK;XIRECS;9940.0;5
64900;BOT_MAKER;BOT_TAKER;VELVETFRUIT_EXTRACT;XIRECS;5240.0;10
65000;BOT_MAKER;BOT_TAKER;VEV_6000;XIRECS;0.0;4
65100;BOT_MAKER;BOT_TAKER;HYDROGEL_PACK;XIRECS;9926.0;4
65100;BOT_TAKER;BOT_MAKER;VELVETFRUIT_EXTRACT;XIRECS;5246.0;8
65300;BOT_MAKER;BOT_TAKER;VELVETFRUIT_EXTRACT;XIRECS;5239.0;4
65300;BOT_TAKER;BOT_MAKER;VEV_4000;XIRECS;1246.0;2
65500;BOT_TAKER;BOT_MAKER;HYDROGEL_PACK;XIRECS;9941.0;6
65500;BOT_MAKER;BOT_TAKER;VEV_5400;XIRECS;16.0;2
65600;BOT_TAKER;BOT_MAKER;VEV_6000;XIRECS;1.0;4
65700;BOT_MAKER;BOT_TAKER;VEV_4000;XIRECS;1227.0;2
66000;BOT_MAKER;BOT_TAKER;VELVETFRUIT_EXTRACT;XIRECS;5234.0;3
66100;BOT_MAKER;BOT_TAKER;VELVETFRUIT_EXTRACT;XIRECS;5234.0;7
66200;BOT_TAKER;BOT_MAKER;VEV_4000;XIRECS;1248.0;3
66300;BOT_TAKER;BOT_MAKER;HYDROGEL_PACK;XIRECS;9934.0;6
66300;BOT_MAKER;BOT_TAKER;VELVETFRUIT_EXTRACT;XIRECS;5233.0;3
66300;BOT_TAKER;BOT_MAKER;VEV_4000;XIRECS;1248.0;3
66300;BOT_MAKER;BOT_TAKER;VEV_6000;XIRECS;0.0;4
66400;BOT_MAKER;BOT_TAKER;HYDROGEL_PACK;XIRECS;9921.0;4
66400;BOT_TAKER;BOT_MAKER;VELVETFRUIT_EXTRACT;XIRECS;5238.0;7
66600;BOT_MAKER;BOT_TAKER;VEV_4000;XIRECS;1229.0;1
66900;BOT_MAKER;BOT_TAKER;HYDROGEL_PACK;XIRECS;9937.0;6
66900;BOT_MAKER;BOT_TAKER;VELVETFRUIT_EXTRACT;XIRECS;5236.0;6
66900;BOT_TAKER;BOT_MAKER;VEV_6000;XIRECS;1.0;5
67200;BOT_TAKER;BOT_MAKER;VELVETFRUIT_EXTRACT;XIRECS;5239.0;4
67500;BOT_TAKER;BOT_MAKER;VELVETFRUIT_EXTRACT;XIRECS;5239.0;7
67600;BOT_TAKER;BOT_MAKER;HYDROGEL_PACK;XIRECS;9949.0;4
67600;BOT_MAKER;BOT_TAKER;VELVETFRUIT_EXTRACT;XIRECS;5234.0;8
67600;BOT_MAKER;BOT_TAKER;VEV_5500;XIRECS;5.0;4
67700;BOT_MAKER;BOT_TAKER;VELVETFRUIT_EXTRACT;XIRECS;5235.0;13
67700;BOT_MAKER;BOT_TAKER;VEV_6500;XIRECS;0.0;4
67900;BOT_TAKER;BOT_MAKER;VELVETFRUIT_EXTRACT;XIRECS;5238.0;3
68000;BOT_TAKER;BOT_MAKER;VELVETFRUIT_EXTRACT;XIRECS;5239.0;10
68100;BOT_MAKER;BOT_TAKER;HYDROGEL_PACK;XIRECS;9931.0;2
68100;BOT_TAKER;BOT_MAKER;VEV_6000;XIRECS;1.0;2
68300;BOT_TAKER;BOT_MAKER;HYDROGEL_PACK;XIRECS;9943.0;4
68300;BOT_TAKER;BOT_MAKER;VEV_4000;XIRECS;1242.0;1
68400;BOT_MAKER;BOT_TAKER;VELVETFRUIT_EXTRACT;XIRECS;5235.0;3
68500;BOT_MAKER;BOT_TAKER;VELVETFRUIT_EXTRACT;XIRECS;5233.0;6
68500;BOT_MAKER;BOT_TAKER;VEV_4000;XIRECS;1219.0;3
68600;BOT_MAKER;BOT_TAKER;VEV_4000;XIRECS;1219.0;1
68700;BOT_TAKER;BOT_MAKER;VELVETFRUIT_EXTRACT;XIRECS;5237.0;7
68800;BOT_MAKER;BOT_TAKER;HYDROGEL_PACK;XIRECS;9931.0;3
68800;BOT_TAKER;BOT_MAKER;VEV_4000;XIRECS;1242.0;2
69100;BOT_TAKER;BOT_MAKER;HYDROGEL_PACK;XIRECS;9947.0;2
69100;BOT_MAKER;BOT_TAKER;VEV_4000;XIRECS;1221.0;3
69200;BOT_TAKER;BOT_MAKER;HYDROGEL_PACK;XIRECS;9943.0;3
69200;BOT_TAKER;BOT_MAKER;VELVETFRUIT_EXTRACT;XIRECS;5238.0;4
69200;BOT_MAKER;BOT_TAKER;VEV_6500;XIRECS;0.0;2
69300;BOT_MAKER;BOT_TAKER;VELVETFRUIT_EXTRACT;XIRECS;5233.0;5
69400;BOT_TAKER;BOT_MAKER;VELVETFRUIT_EXTRACT;XIRECS;5238.0;4
69500;BOT_TAKER;BOT_MAKER;HYDROGEL_PACK;XIRECS;9943.0;4
69500;BOT_MAKER;BOT_TAKER;VEV_4000;XIRECS;1223.0;2
69600;BOT_MAKER;BOT_TAKER;HYDROGEL_PACK;XIRECS;9927.0;5
69600;BOT_TAKER;BOT_MAKER;VELVETFRUIT_EXTRACT;XIRECS;5239.0;6
69700;BOT_TAKER;BOT_MAKER;VELVETFRUIT_EXTRACT;XIRECS;5238.0;10
69700;BOT_TAKER;BOT_MAKER;VEV_5400;XIRECS;19.0;2
69900;BOT_MAKER;BOT_TAKER;VELVETFRUIT_EXTRACT;XIRECS;5232.0;10
70000;BOT_MAKER;BOT_TAKER;HYDROGEL_PACK;XIRECS;9930.0;6
70100;BOT_TAKER;BOT_MAKER;HYDROGEL_PACK;XIRECS;9946.0;4
70100;BOT_MAKER;BOT_TAKER;VEV_6000;XIRECS;0.0;5
70200;BOT_TAKER;BOT_MAKER;VEV_6000;XIRECS;1.0;4
70200;BOT_MAKER;BOT_TAKER;VEV_6000;XIRECS;0.0;5
70300;BOT_MAKER;BOT_TAKER;HYDROGEL_PACK;XIRECS;9929.0;3
70400;BOT_TAKER;BOT_MAKER;VELVETFRUIT_EXTRACT;XIRECS;5235.0;6
70700;BOT_TAKER;BOT_MAKER;VEV_6000;XIRECS;1.0;4
70800;BOT_MAKER;BOT_TAKER;VELVETFRUIT_EXTRACT;XIRECS;5230.0;6
70800;BOT_TAKER;BOT_MAKER;VELVETFRUIT_EXTRACT;XIRECS;5236.0;7
70800;BOT_MAKER;BOT_TAKER;VEV_6500;XIRECS;0.0;2
71100;BOT_MAKER;BOT_TAKER;VEV_4000;XIRECS;1225.0;1
71200;BOT_MAKER;BOT_TAKER;VEV_4000;XIRECS;1226.0;1
71200;BOT_TAKER;BOT_MAKER;VEV_5500;XIRECS;6.0;2
71300;BOT_TAKER;BOT_MAKER;VELVETFRUIT_EXTRACT;XIRECS;5235.0;8
71300;BOT_TAKER;BOT_MAKER;VEV_5500;XIRECS;6.0;3
71400;BOT_MAKER;BOT_TAKER;HYDROGEL_PACK;XIRECS;9927.0;5
71500;BOT_MAKER;BOT_TAKER;VELVETFRUIT_EXTRACT;XIRECS;5229.0;5
71500;BOT_MAKER;BOT_TAKER;VEV_5500;XIRECS;5.0;2
71500;BOT_MAKER;BOT_TAKER;VEV_6000;XIRECS;0.0;5
71600;BOT_MAKER;BOT_TAKER;VELVETFRUIT_EXTRACT;XIRECS;5228.0;5
71600;BOT_MAKER;BOT_TAKER;VEV_4000;XIRECS;1225.0;3
71700;BOT_MAKER;BOT_TAKER;HYDROGEL_PACK;XIRECS;9927.0;4
71800;BOT_TAKER;BOT_MAKER;HYDROGEL_PACK;XIRECS;9940.0;5
71800;BOT_TAKER;BOT_MAKER;VELVETFRUIT_EXTRACT;XIRECS;5236.0;3
71800;BOT_MAKER;BOT_TAKER;VELVETFRUIT_EXTRACT;XIRECS;5230.0;9
71900;BOT_MAKER;BOT_TAKER;HYDROGEL_PACK;XIRECS;9923.0;6
71900;BOT_MAKER;BOT_TAKER;VELVETFRUIT_EXTRACT;XIRECS;5232.0;10
71900;BOT_TAKER;BOT_MAKER;VEV_6000;XIRECS;1.0;5
71900;BOT_TAKER;BOT_MAKER;VEV_6500;XIRECS;1.0;5
72000;BOT_TAKER;BOT_MAKER;VELVETFRUIT_EXTRACT;XIRECS;5237.0;8
72100;BOT_MAKER;BOT_TAKER;VELVETFRUIT_EXTRACT;XIRECS;5230.0;4
72200;BOT_TAKER;BOT_MAKER;HYDROGEL_PACK;XIRECS;9940.0;6
72200;BOT_TAKER;BOT_MAKER;VELVETFRUIT_EXTRACT;XIRECS;5236.0;6
72200;BOT_MAKER;BOT_TAKER;VEV_5300;XIRECS;51.0;2
72300;BOT_MAKER;BOT_TAKER;VEV_4000;XIRECS;1226.0;2
72300;BOT_MAKER;BOT_TAKER;VEV_5300;XIRECS;51.0;5
72400;BOT_TAKER;BOT_MAKER;VELVETFRUIT_EXTRACT;XIRECS;5236.0;7
72500;BOT_TAKER;BOT_MAKER;VEV_6500;XIRECS;1.0;4
72700;BOT_TAKER;BOT_MAKER;HYDROGEL_PACK;XIRECS;9938.0;4
72700;BOT_TAKER;BOT_MAKER;VEV_4000;XIRECS;1245.0;1
72900;BOT_MAKER;BOT_TAKER;HYDROGEL_PACK;XIRECS;9923.0;2
72900;BOT_MAKER;BOT_TAKER;VEV_5500;XIRECS;5.0;3
73000;BOT_TAKER;BOT_MAKER;HYDROGEL_PACK;XIRECS;9936.0;2
73100;BOT_TAKER;BOT_MAKER;HYDROGEL_PACK;XIRECS;9936.0;3
73100;BOT_MAKER;BOT_TAKER;VEV_5400;XIRECS;18.0;5
73200;BOT_TAKER;BOT_MAKER;HYDROGEL_PACK;XIRECS;9935.0;3
73200;BOT_MAKER;BOT_TAKER;VELVETFRUIT_EXTRACT;XIRECS;5231.0;8
73200;BOT_TAKER;BOT_MAKER;VELVETFRUIT_EXTRACT;XIRECS;5237.0;6
73400;BOT_MAKER;BOT_TAKER;VELVETFRUIT_EXTRACT;XIRECS;5233.0;7
73400;BOT_MAKER;BOT_TAKER;VELVETFRUIT_EXTRACT;XIRECS;5233.0;7
73400;BOT_MAKER;BOT_TAKER;VEV_6500;XIRECS;0.0;4
73600;BOT_TAKER;BOT_MAKER;VELVETFRUIT_EXTRACT;XIRECS;5235.0;9
73600;BOT_TAKER;BOT_MAKER;VEV_5500;XIRECS;6.0;4
73700;BOT_TAKER;BOT_MAKER;VEV_5400;XIRECS;19.0;4
73800;BOT_TAKER;BOT_MAKER;VELVETFRUIT_EXTRACT;XIRECS;5235.0;4
73900;BOT_MAKER;BOT_TAKER;VEV_6000;XIRECS;0.0;4
73900;BOT_TAKER;BOT_MAKER;VEV_6500;XIRECS;1.0;4
74100;BOT_MAKER;BOT_TAKER;VELVETFRUIT_EXTRACT;XIRECS;5225.0;8
74200;BOT_TAKER;BOT_MAKER;HYDROGEL_PACK;XIRECS;9940.0;3
74200;BOT_MAKER;BOT_TAKER;VELVETFRUIT_EXTRACT;XIRECS;5225.0;6
74200;BOT_MAKER;BOT_TAKER;VEV_4000;XIRECS;1221.0;3
74200;BOT_MAKER;BOT_TAKER;VEV_6000;XIRECS;0.0;2
74300;BOT_MAKER;BOT_TAKER;VEV_6000;XIRECS;0.0;2
74400;BOT_MAKER;BOT_TAKER;VELVETFRUIT_EXTRACT;XIRECS;5224.0;4
74400;BOT_MAKER;BOT_TAKER;VEV_5500;XIRECS;5.0;4
74400;BOT_MAKER;BOT_TAKER;VEV_6500;XIRECS;0.0;4
74500;BOT_MAKER;BOT_TAKER;VELVETFRUIT_EXTRACT;XIRECS;5224.0;8
74500;BOT_MAKER;BOT_TAKER;VEV_5400;XIRECS;18.0;3
74600;BOT_MAKER;BOT_TAKER;HYDROGEL_PACK;XIRECS;9919.0;3
74600;BOT_TAKER;BOT_MAKER;VELVETFRUIT_EXTRACT;XIRECS;5228.0;5
74700;BOT_TAKER;BOT_MAKER;VELVETFRUIT_EXTRACT;XIRECS;5228.0;3
74800;BOT_MAKER;BOT_TAKER;HYDROGEL_PACK;XIRECS;9914.0;6
75000;BOT_MAKER;BOT_TAKER;HYDROGEL_PACK;XIRECS;9914.0;2
75000;BOT_MAKER;BOT_TAKER;VEV_4000;XIRECS;1220.0;2
75100;BOT_MAKER;BOT_TAKER;VELVETFRUIT_EXTRACT;XIRECS;5226.0;7
75200;BOT_TAKER;BOT_MAKER;HYDROGEL_PACK;XIRECS;9929.0;5
75200;BOT_TAKER;BOT_MAKER;VEV_4000;XIRECS;1238.0;1
75300;BOT_MAKER;BOT_TAKER;HYDROGEL_PACK;XIRECS;9912.0;3
75500;BOT_MAKER;BOT_TAKER;VELVETFRUIT_EXTRACT;XIRECS;5226.0;8
75600;BOT_TAKER;BOT_MAKER;VELVETFRUIT_EXTRACT;XIRECS;5230.0;4
75700;BOT_TAKER;BOT_MAKER;HYDROGEL_PACK;XIRECS;9930.0;2
75800;BOT_MAKER;BOT_TAKER;VELVETFRUIT_EXTRACT;XIRECS;5225.0;4
75900;BOT_MAKER;BOT_TAKER;VELVETFRUIT_EXTRACT;XIRECS;5224.0;8
75900;BOT_TAKER;BOT_MAKER;VEV_4000;XIRECS;1239.0;2
75900;BOT_TAKER;BOT_MAKER;VEV_6500;XIRECS;1.0;4
76000;BOT_TAKER;BOT_MAKER;VELVETFRUIT_EXTRACT;XIRECS;5230.0;6
76000;BOT_MAKER;BOT_TAKER;VELVETFRUIT_EXTRACT;XIRECS;5224.0;3
76000;BOT_TAKER;BOT_MAKER;VEV_5400;XIRECS;19.0;2
76000;BOT_TAKER;BOT_MAKER;VEV_6500;XIRECS;1.0;4
76300;BOT_MAKER;BOT_TAKER;VEV_5500;XIRECS;4.0;5
76300;BOT_MAKER;BOT_TAKER;VEV_5500;XIRECS;4.0;2
76400;BOT_TAKER;BOT_MAKER;HYDROGEL_PACK;XIRECS;9929.0;3
76400;BOT_MAKER;BOT_TAKER;VEV_4000;XIRECS;1220.0;3
76500;BOT_TAKER;BOT_MAKER;HYDROGEL_PACK;XIRECS;9929.0;2
76800;BOT_MAKER;BOT_TAKER;VEV_4000;XIRECS;1218.0;2
76800;BOT_MAKER;BOT_TAKER;VEV_5400;XIRECS;17.0;4
76900;BOT_TAKER;BOT_MAKER;HYDROGEL_PACK;XIRECS;9929.0;6
76900;BOT_TAKER;BOT_MAKER;VELVETFRUIT_EXTRACT;XIRECS;5231.0;7
77000;BOT_MAKER;BOT_TAKER;HYDROGEL_PACK;XIRECS;9912.0;3
77000;BOT_TAKER;BOT_MAKER;VELVETFRUIT_EXTRACT;XIRECS;5229.0;8
77000;BOT_TAKER;BOT_MAKER;VEV_4000;XIRECS;1236.0;3
77000;BOT_MAKER;BOT_TAKER;VEV_5400;XIRECS;17.0;3
77200;BOT_MAKER;BOT_TAKER;VELVETFRUIT_EXTRACT;XIRECS;5223.0;5
77200;BOT_MAKER;BOT_TAKER;VEV_4000;XIRECS;1218.0;1
77300;BOT_MAKER;BOT_TAKER;VELVETFRUIT_EXTRACT;XIRECS;5226.0;8
77400;BOT_TAKER;BOT_MAKER;HYDROGEL_PACK;XIRECS;9927.0;6
77400;BOT_TAKER;BOT_MAKER;VELVETFRUIT_EXTRACT;XIRECS;5232.0;5
77500;BOT_TAKER;BOT_MAKER;VEV_5500;XIRECS;6.0;2
77600;BOT_MAKER;BOT_TAKER;HYDROGEL_PACK;XIRECS;9915.0;3
77600;BOT_MAKER;BOT_TAKER;VELVETFRUIT_EXTRACT;XIRECS;5227.0;3
77800;BOT_TAKER;BOT_MAKER;HYDROGEL_PACK;XIRECS;9927.0;6
77800;BOT_TAKER;BOT_MAKER;VELVETFRUIT_EXTRACT;XIRECS;5230.0;4
77900;BOT_MAKER;BOT_TAKER;VEV_4000;XIRECS;1217.0;1
78000;BOT_TAKER;BOT_MAKER;HYDROGEL_PACK;XIRECS;9927.0;5
78000;BOT_TAKER;BOT_MAKER;VEV_5400;XIRECS;17.0;2
78200;BOT_TAKER;BOT_MAKER;HYDROGEL_PACK;XIRECS;9928.0;5
78200;BOT_TAKER;BOT_MAKER;VELVETFRUIT_EXTRACT;XIRECS;5232.0;4
78200;BOT_TAKER;BOT_MAKER;VEV_6000;XIRECS;1.0;5
78400;BOT_MAKER;BOT_TAKER;HYDROGEL_PACK;XIRECS;9911.0;4
78400;BOT_TAKER;BOT_MAKER;VELVETFRUIT_EXTRACT;XIRECS;5231.0;3
78500;BOT_MAKER;BOT_TAKER;HYDROGEL_PACK;XIRECS;9913.0;6
78500;BOT_MAKER;BOT_TAKER;VEV_6000;XIRECS;0.0;3
78700;BOT_MAKER;BOT_TAKER;HYDROGEL_PACK;XIRECS;9912.0;2
78700;BOT_MAKER;BOT_TAKER;VELVETFRUIT_EXTRACT;XIRECS;5226.0;4
78700;BOT_MAKER;BOT_TAKER;VEV_4000;XIRECS;1216.0;2
78800;BOT_TAKER;BOT_MAKER;HYDROGEL_PACK;XIRECS;9925.0;2
78800;BOT_MAKER;BOT_TAKER;VELVETFRUIT_EXTRACT;XIRECS;5227.0;6
78900;BOT_TAKER;BOT_MAKER;VELVETFRUIT_EXTRACT;XIRECS;5232.0;5
78900;BOT_MAKER;BOT_TAKER;VELVETFRUIT_EXTRACT;XIRECS;5226.0;4
78900;BOT_MAKER;BOT_TAKER;VEV_4000;XIRECS;1213.0;3
78900;BOT_TAKER;BOT_MAKER;VEV_6000;XIRECS;1.0;2
79000;BOT_MAKER;BOT_TAKER;HYDROGEL_PACK;XIRECS;9911.0;5
79200;BOT_MAKER;BOT_TAKER;VELVETFRUIT_EXTRACT;XIRECS;5228.0;6
79300;BOT_TAKER;BOT_MAKER;HYDROGEL_PACK;XIRECS;9925.0;6
79400;BOT_MAKER;BOT_TAKER;HYDROGEL_PACK;XIRECS;9906.0;5
79500;BOT_MAKER;BOT_TAKER;HYDROGEL_PACK;XIRECS;9906.0;4
79500;BOT_MAKER;BOT_TAKER;VELVETFRUIT_EXTRACT;XIRECS;5227.0;7
79500;BOT_TAKER;BOT_MAKER;VEV_5300;XIRECS;54.0;3
79500;BOT_MAKER;BOT_TAKER;VEV_5500;XIRECS;5.0;4
79500;BOT_TAKER;BOT_MAKER;VEV_6500;XIRECS;1.0;4
79700;BOT_MAKER;BOT_TAKER;HYDROGEL_PACK;XIRECS;9909.0;4
79700;BOT_MAKER;BOT_TAKER;VEV_6000;XIRECS;0.0;5
79900;BOT_MAKER;BOT_TAKER;HYDROGEL_PACK;XIRECS;9904.0;2
79900;BOT_MAKER;BOT_TAKER;VELVETFRUIT_EXTRACT;XIRECS;5226.0;6
80100;BOT_MAKER;BOT_TAKER;HYDROGEL_PACK;XIRECS;9905.0;5
80100;BOT_TAKER;BOT_MAKER;VELVETFRUIT_EXTRACT;XIRECS;5233.0;9
80100;BOT_MAKER;BOT_TAKER;VEV_6500;XIRECS;0.0;3
80200;BOT_MAKER;BOT_TAKER;VEV_4000;XIRECS;1214.0;3
80300;BOT_TAKER;BOT_MAKER;HYDROGEL_PACK;XIRECS;9920.0;6
80300;BOT_TAKER;BOT_MAKER;VEV_6500;XIRECS;1.0;5
80400;BOT_TAKER;BOT_MAKER;HYDROGEL_PACK;XIRECS;9920.0;3
80400;BOT_MAKER;BOT_TAKER;VELVETFRUIT_EXTRACT;XIRECS;5224.0;6
80600;BOT_TAKER;BOT_MAKER;VELVETFRUIT_EXTRACT;XIRECS;5227.0;3
80600;BOT_TAKER;BOT_MAKER;VEV_6000;XIRECS;1.0;5
80700;BOT_TAKER;BOT_MAKER;HYDROGEL_PACK;XIRECS;9920.0;2
80700;BOT_TAKER;BOT_MAKER;VEV_4000;XIRECS;1232.0;1
80800;BOT_TAKER;BOT_MAKER;VEV_5500;XIRECS;5.0;3
80900;BOT_TAKER;BOT_MAKER;HYDROGEL_PACK;XIRECS;9924.0;6
81000;BOT_TAKER;BOT_MAKER;HYDROGEL_PACK;XIRECS;9924.0;6
81000;BOT_TAKER;BOT_MAKER;VELVETFRUIT_EXTRACT;XIRECS;5227.0;8
81100;BOT_MAKER;BOT_TAKER;VELVETFRUIT_EXTRACT;XIRECS;5223.0;5
81100;BOT_MAKER;BOT_TAKER;VEV_5300;XIRECS;51.0;5
81200;BOT_MAKER;BOT_TAKER;VELVETFRUIT_EXTRACT;XIRECS;5221.0;8
81200;BOT_TAKER;BOT_MAKER;VELVETFRUIT_EXTRACT;XIRECS;5226.0;6
81300;BOT_MAKER;BOT_TAKER;VEV_5300;XIRECS;53.0;2
81400;BOT_MAKER;BOT_TAKER;HYDROGEL_PACK;XIRECS;9903.0;3
81400;BOT_TAKER;BOT_MAKER;VEV_5500;XIRECS;5.0;4
81500;BOT_MAKER;BOT_TAKER;HYDROGEL_PACK;XIRECS;9905.0;5
81500;BOT_TAKER;BOT_MAKER;VELVETFRUIT_EXTRACT;XIRECS;5227.0;6
81500;BOT_TAKER;BOT_MAKER;VEV_5400;XIRECS;19.0;2
81600;BOT_TAKER;BOT_MAKER;VELVETFRUIT_EXTRACT;XIRECS;5228.0;6
81600;BOT_TAKER;BOT_MAKER;VEV_6500;XIRECS;1.0;5
81700;BOT_TAKER;BOT_MAKER;VELVETFRUIT_EXTRACT;XIRECS;5227.0;11
81900;BOT_MAKER;BOT_TAKER;VELVETFRUIT_EXTRACT;XIRECS;5222.0;6
82000;BOT_TAKER;BOT_MAKER;HYDROGEL_PACK;XIRECS;9916.0;6
82000;BOT_TAKER;BOT_MAKER;VEV_4000;XIRECS;1235.0;1
82100;BOT_TAKER;BOT_MAKER;HYDROGEL_PACK;XIRECS;9916.0;3
82100;BOT_TAKER;BOT_MAKER;VELVETFRUIT_EXTRACT;XIRECS;5230.0;8
82200;BOT_MAKER;BOT_TAKER;HYDROGEL_PACK;XIRECS;9900.0;5
82200;BOT_MAKER;BOT_TAKER;VELVETFRUIT_EXTRACT;XIRECS;5224.0;5
82200;BOT_MAKER;BOT_TAKER;VEV_4000;XIRECS;1212.0;1
82300;BOT_TAKER;BOT_MAKER;HYDROGEL_PACK;XIRECS;9916.0;6
82500;BOT_TAKER;BOT_MAKER;VEV_4000;XIRECS;1233.0;2
82500;BOT_MAKER;BOT_TAKER;VEV_6000;XIRECS;0.0;5
82600;BOT_TAKER;BOT_MAKER;HYDROGEL_PACK;XIRECS;9918.0;2
82600;BOT_TAKER;BOT_MAKER;VELVETFRUIT_EXTRACT;XIRECS;5229.0;3
82600;BOT_MAKER;BOT_TAKER;VEV_6500;XIRECS;0.0;5
82800;BOT_MAKER;BOT_TAKER;HYDROGEL_PACK;XIRECS;9906.0;2
82800;BOT_MAKER;BOT_TAKER;VELVETFRUIT_EXTRACT;XIRECS;5223.0;5
82800;BOT_MAKER;BOT_TAKER;VEV_5500;XIRECS;5.0;2
82900;BOT_MAKER;BOT_TAKER;HYDROGEL_PACK;XIRECS;9906.0;4
82900;BOT_TAKER;BOT_MAKER;VELVETFRUIT_EXTRACT;XIRECS;5228.0;3
83000;BOT_MAKER;BOT_TAKER;VELVETFRUIT_EXTRACT;XIRECS;5223.0;8
83000;BOT_MAKER;BOT_TAKER;VEV_4000;XIRECS;1208.0;1
83000;BOT_MAKER;BOT_TAKER;VEV_5300;XIRECS;51.0;5
83300;BOT_TAKER;BOT_MAKER;VELVETFRUIT_EXTRACT;XIRECS;5225.0;6
83300;BOT_MAKER;BOT_TAKER;VEV_5300;XIRECS;50.0;4
83400;BOT_MAKER;BOT_TAKER;VELVETFRUIT_EXTRACT;XIRECS;5219.0;8
83400;BOT_TAKER;BOT_MAKER;VEV_4000;XIRECS;1227.0;3
83500;BOT_MAKER;BOT_TAKER;HYDROGEL_PACK;XIRECS;9893.0;2
83600;BOT_MAKER;BOT_TAKER;VELVETFRUIT_EXTRACT;XIRECS;5220.0;4
83600;BOT_TAKER;BOT_MAKER;VEV_4000;XIRECS;1224.0;2
83700;BOT_MAKER;BOT_TAKER;HYDROGEL_PACK;XIRECS;9891.0;6
83800;BOT_MAKER;BOT_TAKER;VELVETFRUIT_EXTRACT;XIRECS;5218.0;7
83900;BOT_TAKER;BOT_MAKER;HYDROGEL_PACK;XIRECS;9910.0;5
83900;BOT_TAKER;BOT_MAKER;VEV_5400;XIRECS;18.0;4
84000;BOT_TAKER;BOT_MAKER;HYDROGEL_PACK;XIRECS;9913.0;5
84000;BOT_MAKER;BOT_TAKER;VEV_4000;XIRECS;1205.0;3
84100;BOT_MAKER;BOT_TAKER;VEV_6500;XIRECS;0.0;5
84200;BOT_MAKER;BOT_TAKER;VELVETFRUIT_EXTRACT;XIRECS;5219.0;5
84200;BOT_MAKER;BOT_TAKER;VEV_4000;XIRECS;1204.0;2
84300;BOT_MAKER;BOT_TAKER;HYDROGEL_PACK;XIRECS;9898.0;4
84500;BOT_TAKER;BOT_MAKER;VELVETFRUIT_EXTRACT;XIRECS;5227.0;7
84500;BOT_MAKER;BOT_TAKER;VEV_6500;XIRECS;0.0;5
84600;BOT_MAKER;BOT_TAKER;HYDROGEL_PACK;XIRECS;9899.0;2
84700;BOT_MAKER;BOT_TAKER;VEV_4000;XIRECS;1204.0;1
84700;BOT_TAKER;BOT_MAKER;VEV_5500;XIRECS;7.0;4
84700;BOT_TAKER;BOT_MAKER;VEV_6000;XIRECS;1.0;3
84800;BOT_TAKER;BOT_MAKER;VELVETFRUIT_EXTRACT;XIRECS;5229.0;8
84800;BOT_TAKER;BOT_MAKER;VEV_4000;XIRECS;1225.0;3
84900;BOT_TAKER;BOT_MAKER;VELVETFRUIT_EXTRACT;XIRECS;5228.0;7
85000;BOT_TAKER;BOT_MAKER;HYDROGEL_PACK;XIRECS;9921.0;6
85000;BOT_MAKER;BOT_TAKER;VEV_4000;XIRECS;1204.0;1
85000;BOT_MAKER;BOT_TAKER;VEV_5500;XIRECS;6.0;4
85100;BOT_TAKER;BOT_MAKER;VELVETFRUIT_EXTRACT;XIRECS;5228.0;7
85100;BOT_MAKER;BOT_TAKER;VEV_4000;XIRECS;1204.0;3
85200;BOT_MAKER;BOT_TAKER;VEV_5500;XIRECS;6.0;5
85300;BOT_MAKER;BOT_TAKER;VELVETFRUIT_EXTRACT;XIRECS;5227.0;8
86000;BOT_TAKER;BOT_MAKER;HYDROGEL_PACK;XIRECS;9920.0;3
86000;BOT_TAKER;BOT_MAKER;VELVETFRUIT_EXTRACT;XIRECS;5233.0;3
86000;BOT_TAKER;BOT_MAKER;VEV_5500;XIRECS;7.0;2
86100;BOT_TAKER;BOT_MAKER;HYDROGEL_PACK;XIRECS;9919.0;2
86300;BOT_TAKER;BOT_MAKER;VELVETFRUIT_EXTRACT;XIRECS;5234.0;3
86400;BOT_TAKER;BOT_MAKER;VELVETFRUIT_EXTRACT;XIRECS;5234.0;8
86400;BOT_TAKER;BOT_MAKER;VEV_4000;XIRECS;1229.0;2
86600;BOT_TAKER;BOT_MAKER;VEV_6000;XIRECS;1.0;3
86800;BOT_MAKER;BOT_TAKER;VELVETFRUIT_EXTRACT;XIRECS;5231.0;5
86800;BOT_TAKER;BOT_MAKER;VEV_5400;XIRECS;18.0;3
86800;BOT_TAKER;BOT_MAKER;VEV_6000;XIRECS;1.0;2
86900;BOT_MAKER;BOT_TAKER;VEV_5500;XIRECS;6.0;2
87000;BOT_MAKER;BOT_TAKER;HYDROGEL_PACK;XIRECS;9909.0;4
87000;BOT_MAKER;BOT_TAKER;VELVETFRUIT_EXTRACT;XIRECS;5232.0;4
87000;BOT_TAKER;BOT_MAKER;VEV_4000;XIRECS;1228.0;1
87000;BOT_TAKER;BOT_MAKER;VEV_5500;XIRECS;7.0;5
87100;BOT_TAKER;BOT_MAKER;HYDROGEL_PACK;XIRECS;9925.0;5
87100;BOT_MAKER;BOT_TAKER;VELVETFRUIT_EXTRACT;XIRECS;5232.0;5
87100;BOT_MAKER;BOT_TAKER;VEV_5400;XIRECS;16.0;5
87100;BOT_TAKER;BOT_MAKER;VEV_5500;XIRECS;7.0;5
87300;BOT_MAKER;BOT_TAKER;HYDROGEL_PACK;XIRECS;9907.0;3
87400;BOT_TAKER;BOT_MAKER;VELVETFRUIT_EXTRACT;XIRECS;5234.0;5
87500;BOT_MAKER;BOT_TAKER;VELVETFRUIT_EXTRACT;XIRECS;5229.0;3
87600;BOT_MAKER;BOT_TAKER;HYDROGEL_PACK;XIRECS;9906.0;3
87600;BOT_TAKER;BOT_MAKER;VEV_5500;XIRECS;7.0;3
87700;BOT_TAKER;BOT_MAKER;HYDROGEL_PACK;XIRECS;9923.0;4
88000;BOT_TAKER;BOT_MAKER;HYDROGEL_PACK;XIRECS;9917.0;2
88200;BOT_MAKER;BOT_TAKER;HYDROGEL_PACK;XIRECS;9900.0;6
88200;BOT_TAKER;BOT_MAKER;VEV_4000;XIRECS;1225.0;1
88300;BOT_TAKER;BOT_MAKER;HYDROGEL_PACK;XIRECS;9919.0;3
88300;BOT_MAKER;BOT_TAKER;VELVETFRUIT_EXTRACT;XIRECS;5227.0;4
88300;BOT_TAKER;BOT_MAKER;VEV_5300;XIRECS;50.0;3
88300;BOT_MAKER;BOT_TAKER;VEV_5500;XIRECS;6.0;2
88300;BOT_MAKER;BOT_TAKER;VEV_6000;XIRECS;0.0;5
88400;BOT_MAKER;BOT_TAKER;HYDROGEL_PACK;XIRECS;9907.0;5
88400;BOT_MAKER;BOT_TAKER;HYDROGEL_PACK;XIRECS;9907.0;4
88400;BOT_TAKER;BOT_MAKER;VEV_4000;XIRECS;1227.0;2
88400;BOT_MAKER;BOT_TAKER;VEV_6000;XIRECS;0.0;3
88600;BOT_TAKER;BOT_MAKER;VELVETFRUIT_EXTRACT;XIRECS;5234.0;7
88600;BOT_MAKER;BOT_TAKER;VEV_6500;XIRECS;0.0;2
88600;BOT_TAKER;BOT_MAKER;VEV_6500;XIRECS;1.0;2
88800;BOT_TAKER;BOT_MAKER;VELVETFRUIT_EXTRACT;XIRECS;5232.0;3
88900;BOT_TAKER;BOT_MAKER;HYDROGEL_PACK;XIRECS;9926.0;2
89200;BOT_TAKER;BOT_MAKER;VEV_5500;XIRECS;7.0;2
89300;BOT_TAKER;BOT_MAKER;VEV_5400;XIRECS;17.0;5
89300;BOT_TAKER;BOT_MAKER;VEV_6500;XIRECS;1.0;3
89400;BOT_MAKER;BOT_TAKER;VEV_6500;XIRECS;0.0;4
89500;BOT_TAKER;BOT_MAKER;VELVETFRUIT_EXTRACT;XIRECS;5232.0;5
89600;BOT_MAKER;BOT_TAKER;VELVETFRUIT_EXTRACT;XIRECS;5228.0;4
89600;BOT_MAKER;BOT_TAKER;VEV_5300;XIRECS;47.0;4
89700;BOT_MAKER;BOT_TAKER;HYDROGEL_PACK;XIRECS;9915.0;4
89700;BOT_MAKER;BOT_TAKER;VEV_4000;XIRECS;1204.0;3
89800;BOT_MAKER;BOT_TAKER;HYDROGEL_PACK;XIRECS;9915.0;3
89800;BOT_TAKER;BOT_MAKER;VEV_4000;XIRECS;1223.0;1
89900;BOT_TAKER;BOT_MAKER;VELVETFRUIT_EXTRACT;XIRECS;5231.0;5
89900;BOT_TAKER;BOT_MAKER;VEV_4000;XIRECS;1224.0;1
90000;BOT_MAKER;BOT_TAKER;VELVETFRUIT_EXTRACT;XIRECS;5226.0;7
90000;BOT_TAKER;BOT_MAKER;VEV_5500;XIRECS;7.0;3
90200;BOT_TAKER;BOT_MAKER;VELVETFRUIT_EXTRACT;XIRECS;5231.0;7
90300;BOT_MAKER;BOT_TAKER;VELVETFRUIT_EXTRACT;XIRECS;5225.0;10
90400;BOT_TAKER;BOT_MAKER;VEV_4000;XIRECS;1223.0;1
90500;BOT_TAKER;BOT_MAKER;VELVETFRUIT_EXTRACT;XIRECS;5229.0;8
90600;BOT_TAKER;BOT_MAKER;VELVETFRUIT_EXTRACT;XIRECS;5229.0;6
90600;BOT_MAKER;BOT_TAKER;VEV_5500;XIRECS;6.0;4
90900;BOT_TAKER;BOT_MAKER;HYDROGEL_PACK;XIRECS;9927.0;2
90900;BOT_MAKER;BOT_TAKER;VELVETFRUIT_EXTRACT;XIRECS;5221.0;8
90900;BOT_TAKER;BOT_MAKER;VEV_6000;XIRECS;1.0;2
90900;BOT_TAKER;BOT_MAKER;VEV_6500;XIRECS;1.0;2
91000;BOT_TAKER;BOT_MAKER;VEV_5400;XIRECS;18.0;3
91100;BOT_TAKER;BOT_MAKER;HYDROGEL_PACK;XIRECS;9930.0;5
91100;BOT_TAKER;BOT_MAKER;VELVETFRUIT_EXTRACT;XIRECS;5227.0;5
91200;BOT_MAKER;BOT_TAKER;HYDROGEL_PACK;XIRECS;9911.0;4
91200;BOT_MAKER;BOT_TAKER;VEV_6500;XIRECS;0.0;2
91400;BOT_TAKER;BOT_MAKER;HYDROGEL_PACK;XIRECS;9926.0;2
91400;BOT_TAKER;BOT_MAKER;VELVETFRUIT_EXTRACT;XIRECS;5227.0;6
91400;BOT_TAKER;BOT_MAKER;VEV_5300;XIRECS;50.0;4
91400;BOT_MAKER;BOT_TAKER;VEV_6000;XIRECS;0.0;3
91500;BOT_MAKER;BOT_TAKER;VELVETFRUIT_EXTRACT;XIRECS;5222.0;6
91600;BOT_MAKER;BOT_TAKER;VELVETFRUIT_EXTRACT;XIRECS;5224.0;4
91600;BOT_TAKER;BOT_MAKER;VEV_5400;XIRECS;17.0;4
91600;BOT_MAKER;BOT_TAKER;VEV_5500;XIRECS;6.0;2
91700;BOT_MAKER;BOT_TAKER;HYDROGEL_PACK;XIRECS;9912.0;3
91700;BOT_TAKER;BOT_MAKER;VELVETFRUIT_EXTRACT;XIRECS;5230.0;12
91900;BOT_TAKER;BOT_MAKER;VELVETFRUIT_EXTRACT;XIRECS;5229.0;3
91900;BOT_TAKER;BOT_MAKER;VEV_5400;XIRECS;18.0;2
91900;BOT_TAKER;BOT_MAKER;VEV_5400;XIRECS;18.0;2
92000;BOT_TAKER;BOT_MAKER;HYDROGEL_PACK;XIRECS;9926.0;4
92000;BOT_TAKER;BOT_MAKER;VEV_6000;XIRECS;1.0;5
92000;BOT_TAKER;BOT_MAKER;VEV_6500;XIRECS;1.0;5
92100;BOT_MAKER;BOT_TAKER;HYDROGEL_PACK;XIRECS;9908.0;5
92100;BOT_TAKER;BOT_MAKER;VEV_6000;XIRECS;1.0;4
92200;BOT_TAKER;BOT_MAKER;VELVETFRUIT_EXTRACT;XIRECS;5231.0;8
92200;BOT_TAKER;BOT_MAKER;VEV_5400;XIRECS;17.0;2
92300;BOT_TAKER;BOT_MAKER;HYDROGEL_PACK;XIRECS;9926.0;3
92400;BOT_MAKER;BOT_TAKER;VELVETFRUIT_EXTRACT;XIRECS;5224.0;8
92400;BOT_MAKER;BOT_TAKER;VEV_5500;XIRECS;6.0;3
92500;BOT_TAKER;BOT_MAKER;VELVETFRUIT_EXTRACT;XIRECS;5228.0;5
92500;BOT_MAKER;BOT_TAKER;VEV_5400;XIRECS;17.0;5
92600;BOT_MAKER;BOT_TAKER;VEV_4000;XIRECS;1207.0;2
92700;BOT_TAKER;BOT_MAKER;VELVETFRUIT_EXTRACT;XIRECS;5228.0;7
92800;BOT_TAKER;BOT_MAKER;VEV_5500;XIRECS;7.0;5
92900;BOT_MAKER;BOT_TAKER;HYDROGEL_PACK;XIRECS;9904.0;2
93000;BOT_MAKER;BOT_TAKER;VELVETFRUIT_EXTRACT;XIRECS;5222.0;5
93100;BOT_TAKER;BOT_MAKER;HYDROGEL_PACK;XIRECS;9922.0;6
93100;BOT_TAKER;BOT_MAKER;VEV_5500;XIRECS;7.0;5
93200;BOT_MAKER;BOT_TAKER;VELVETFRUIT_EXTRACT;XIRECS;5222.0;7
93200;BOT_MAKER;BOT_TAKER;VEV_4000;XIRECS;1212.0;3
93300;BOT_TAKER;BOT_MAKER;HYDROGEL_PACK;XIRECS;9923.0;2
93300;BOT_TAKER;BOT_MAKER;VELVETFRUIT_EXTRACT;XIRECS;5228.0;4
93300;BOT_TAKER;BOT_MAKER;VEV_5500;XIRECS;7.0;4
93400;BOT_MAKER;BOT_TAKER;VEV_6500;XIRECS;0.0;4
93500;BOT_TAKER;BOT_MAKER;HYDROGEL_PACK;XIRECS;9922.0;6
93700;BOT_MAKER;BOT_TAKER;HYDROGEL_PACK;XIRECS;9905.0;5
93700;BOT_TAKER;BOT_MAKER;VELVETFRUIT_EXTRACT;XIRECS;5229.0;7
93700;BOT_TAKER;BOT_MAKER;VEV_4000;XIRECS;1231.0;1
93900;BOT_MAKER;BOT_TAKER;VELVETFRUIT_EXTRACT;XIRECS;5225.0;7
93900;BOT_MAKER;BOT_TAKER;VEV_6000;XIRECS;0.0;2
94100;BOT_TAKER;BOT_MAKER;VELVETFRUIT_EXTRACT;XIRECS;5230.0;3
94100;BOT_MAKER;BOT_TAKER;VELVETFRUIT_EXTRACT;XIRECS;5224.0;4
94100;BOT_TAKER;BOT_MAKER;VEV_4000;XIRECS;1227.0;3
94200;BOT_TAKER;BOT_MAKER;HYDROGEL_PACK;XIRECS;9929.0;3
94200;BOT_MAKER;BOT_TAKER;VELVETFRUIT_EXTRACT;XIRECS;5224.0;7
94200;BOT_MAKER;BOT_TAKER;VEV_5500;XIRECS;6.0;4
94400;BOT_MAKER;BOT_TAKER;VEV_4000;XIRECS;1206.0;2
94400;BOT_TAKER;BOT_MAKER;VEV_5400;XIRECS;18.0;5
94500;BOT_MAKER;BOT_TAKER;HYDROGEL_PACK;XIRECS;9908.0;6
94600;BOT_TAKER;BOT_MAKER;VELVETFRUIT_EXTRACT;XIRECS;5230.0;3
94900;BOT_TAKER;BOT_MAKER;VELVETFRUIT_EXTRACT;XIRECS;5228.0;4
95100;BOT_MAKER;BOT_TAKER;HYDROGEL_PACK;XIRECS;9914.0;6
95200;BOT_TAKER;BOT_MAKER;HYDROGEL_PACK;XIRECS;9929.0;6
95200;BOT_MAKER;BOT_TAKER;VELVETFRUIT_EXTRACT;XIRECS;5223.0;10
95400;BOT_MAKER;BOT_TAKER;VELVETFRUIT_EXTRACT;XIRECS;5222.0;7
95400;BOT_TAKER;BOT_MAKER;VEV_4000;XIRECS;1224.0;1
95400;BOT_MAKER;BOT_TAKER;VEV_5400;XIRECS;14.0;2
95400;BOT_TAKER;BOT_MAKER;VEV_5500;XIRECS;7.0;3
95500;BOT_TAKER;BOT_MAKER;VELVETFRUIT_EXTRACT;XIRECS;5227.0;3
95600;BOT_TAKER;BOT_MAKER;HYDROGEL_PACK;XIRECS;9931.0;6
95700;BOT_TAKER;BOT_MAKER;VEV_5400;XIRECS;15.0;5
95900;BOT_TAKER;BOT_MAKER;VELVETFRUIT_EXTRACT;XIRECS;5226.0;6
95900;BOT_MAKER;BOT_TAKER;VEV_4000;XIRECS;1206.0;2
95900;BOT_MAKER;BOT_TAKER;VEV_6000;XIRECS;0.0;2
96200;BOT_TAKER;BOT_MAKER;VELVETFRUIT_EXTRACT;XIRECS;5226.0;3
96300;BOT_MAKER;BOT_TAKER;HYDROGEL_PACK;XIRECS;9908.0;6
96300;BOT_MAKER;BOT_TAKER;VELVETFRUIT_EXTRACT;XIRECS;5221.0;5
96300;BOT_TAKER;BOT_MAKER;VEV_6000;XIRECS;1.0;5
96500;BOT_TAKER;BOT_MAKER;HYDROGEL_PACK;XIRECS;9921.0;5
96500;BOT_TAKER;BOT_MAKER;VEV_6000;XIRECS;1.0;4
96600;BOT_MAKER;BOT_TAKER;VELVETFRUIT_EXTRACT;XIRECS;5221.0;5
96600;BOT_MAKER;BOT_TAKER;VELVETFRUIT_EXTRACT;XIRECS;5221.0;6
96700;BOT_MAKER;BOT_TAKER;VELVETFRUIT_EXTRACT;XIRECS;5221.0;3
96800;BOT_TAKER;BOT_MAKER;HYDROGEL_PACK;XIRECS;9922.0;3
96800;BOT_MAKER;BOT_TAKER;VEV_4000;XIRECS;1211.0;3
96800;BOT_MAKER;BOT_TAKER;VEV_5500;XIRECS;6.0;5
96900;BOT_TAKER;BOT_MAKER;HYDROGEL_PACK;XIRECS;9922.0;4
96900;BOT_MAKER;BOT_TAKER;VELVETFRUIT_EXTRACT;XIRECS;5220.0;3
97000;BOT_MAKER;BOT_TAKER;HYDROGEL_PACK;XIRECS;9901.0;3
97000;BOT_MAKER;BOT_TAKER;VELVETFRUIT_EXTRACT;XIRECS;5221.0;8
97000;BOT_MAKER;BOT_TAKER;VEV_4000;XIRECS;1211.0;3
97000;BOT_TAKER;BOT_MAKER;VEV_5400;XIRECS;15.0;2
97200;BOT_TAKER;BOT_MAKER;VELVETFRUIT_EXTRACT;XIRECS;5228.0;7
97200;BOT_TAKER;BOT_MAKER;VEV_5400;XIRECS;15.0;2
97300;BOT_TAKER;BOT_MAKER;VELVETFRUIT_EXTRACT;XIRECS;5229.0;4
97400;BOT_MAKER;BOT_TAKER;HYDROGEL_PACK;XIRECS;9903.0;2
97500;BOT_MAKER;BOT_TAKER;VELVETFRUIT_EXTRACT;XIRECS;5223.0;8
97600;BOT_MAKER;BOT_TAKER;HYDROGEL_PACK;XIRECS;9903.0;6
97600;BOT_MAKER;BOT_TAKER;VEV_4000;XIRECS;1210.0;1
97600;BOT_TAKER;BOT_MAKER;VEV_5400;XIRECS;15.0;5
97700;BOT_TAKER;BOT_MAKER;HYDROGEL_PACK;XIRECS;9920.0;3
97800;BOT_TAKER;BOT_MAKER;VELVETFRUIT_EXTRACT;XIRECS;5229.0;5
97800;BOT_TAKER;BOT_MAKER;VEV_4000;XIRECS;1230.0;2
97900;BOT_MAKER;BOT_TAKER;VELVETFRUIT_EXTRACT;XIRECS;5223.0;5
98000;BOT_MAKER;BOT_TAKER;VEV_4000;XIRECS;1208.0;2
98000;BOT_TAKER;BOT_MAKER;VEV_5400;XIRECS;14.0;2
98100;BOT_MAKER;BOT_TAKER;HYDROGEL_PACK;XIRECS;9900.0;5
98100;BOT_MAKER;BOT_TAKER;VELVETFRUIT_EXTRACT;XIRECS;5222.0;5
98100;BOT_TAKER;BOT_MAKER;VEV_5300;XIRECS;47.0;2
98200;BOT_MAKER;BOT_TAKER;VELVETFRUIT_EXTRACT;XIRECS;5222.0;7
98300;BOT_TAKER;BOT_MAKER;VELVETFRUIT_EXTRACT;XIRECS;5227.0;10
98400;BOT_TAKER;BOT_MAKER;VELVETFRUIT_EXTRACT;XIRECS;5228.0;4
98400;BOT_TAKER;BOT_MAKER;VELVETFRUIT_EXTRACT;XIRECS;5228.0;5
98400;BOT_MAKER;BOT_TAKER;VEV_6500;XIRECS;0.0;2
98500;BOT_MAKER;BOT_TAKER;VEV_6500;XIRECS;0.0;4
98600;BOT_TAKER;BOT_MAKER;VELVETFRUIT_EXTRACT;XIRECS;5228.0;7
98700;BOT_TAKER;BOT_MAKER;VEV_5300;XIRECS;48.0;3
99000;BOT_TAKER;BOT_MAKER;VELVETFRUIT_EXTRACT;XIRECS;5228.0;7
99000;BOT_TAKER;BOT_MAKER;VELVETFRUIT_EXTRACT;XIRECS;5228.0;8
99100;BOT_TAKER;BOT_MAKER;VEV_5500;XIRECS;7.0;3
99400;BOT_MAKER;BOT_TAKER;VELVETFRUIT_EXTRACT;XIRECS;5220.0;8
99500;BOT_TAKER;BOT_MAKER;HYDROGEL_PACK;XIRECS;9916.0;4
99600;BOT_TAKER;BOT_MAKER;VELVETFRUIT_EXTRACT;XIRECS;5224.0;7
99600;BOT_MAKER;BOT_TAKER;VEV_4000;XIRECS;1211.0;1
99700;BOT_TAKER;BOT_MAKER;VEV_4000;XIRECS;1230.0;3
99800;BOT_MAKER;BOT_TAKER;VELVETFRUIT_EXTRACT;XIRECS;5218.0;7
99900;BOT_MAKER;BOT_TAKER;HYDROGEL_PACK;XIRECS;9896.0;3
99900;BOT_TAKER;BOT_MAKER;VEV_5200;XIRECS;103.0;1
100000;BOT_TAKER;BOT_MAKER;VEV_6000;XIRECS;1.0;4
100000;BOT_MAKER;BOT_TAKER;VEV_6500;XIRECS;0.0;5
100100;BOT_TAKER;BOT_MAKER;VELVETFRUIT_EXTRACT;XIRECS;5225.0;8
100100;BOT_MAKER;BOT_TAKER;VEV_5500;XIRECS;6.0;3
100100;BOT_TAKER;BOT_MAKER;VEV_6000;XIRECS;1.0;2
100200;BOT_MAKER;BOT_TAKER;VELVETFRUIT_EXTRACT;XIRECS;5220.0;6
100200;BOT_TAKER;BOT_MAKER;VEV_6500;XIRECS;1.0;2
100300;BOT_TAKER;BOT_MAKER;VELVETFRUIT_EXTRACT;XIRECS;5225.0;5
100400;BOT_MAKER;BOT_TAKER;VELVETFRUIT_EXTRACT;XIRECS;5219.0;5
100500;BOT_MAKER;BOT_TAKER;HYDROGEL_PACK;XIRECS;9896.0;2
100500;BOT_TAKER;BOT_MAKER;VELVETFRUIT_EXTRACT;XIRECS;5224.0;4
100500;BOT_MAKER;BOT_TAKER;VEV_6000;XIRECS;0.0;3
100600;BOT_TAKER;BOT_MAKER;VEV_5500;XIRECS;7.0;5
100600;BOT_TAKER;BOT_MAKER;VEV_6500;XIRECS;1.0;3
100700;BOT_MAKER;BOT_TAKER;VELVETFRUIT_EXTRACT;XIRECS;5221.0;10
100700;BOT_MAKER;BOT_TAKER;VEV_4000;XIRECS;1208.0;3
100800;BOT_MAKER;BOT_TAKER;HYDROGEL_PACK;XIRECS;9899.0;3
100800;BOT_MAKER;BOT_TAKER;VEV_5400;XIRECS;13.0;2
100900;BOT_TAKER;BOT_MAKER;HYDROGEL_PACK;XIRECS;9915.0;4
101000;BOT_TAKER;BOT_MAKER;VELVETFRUIT_EXTRACT;XIRECS;5227.0;4
101000;BOT_MAKER;BOT_TAKER;VELVETFRUIT_EXTRACT;XIRECS;5222.0;7
101200;BOT_MAKER;BOT_TAKER;HYDROGEL_PACK;XIRECS;9905.0;6
101300;BOT_MAKER;BOT_TAKER;VEV_4000;XIRECS;1207.0;1
101500;BOT_MAKER;BOT_TAKER;VEV_4000;XIRECS;1207.0;1
101600;BOT_TAKER;BOT_MAKER;HYDROGEL_PACK;XIRECS;9921.0;4
101600;BOT_TAKER;BOT_MAKER;VELVETFRUIT_EXTRACT;XIRECS;5229.0;4
101600;BOT_TAKER;BOT_MAKER;VEV_5500;XIRECS;7.0;3
101800;BOT_TAKER;BOT_MAKER;VELVETFRUIT_EXTRACT;XIRECS;5229.0;7
101800;BOT_MAKER;BOT_TAKER;VEV_4000;XIRECS;1208.0;2
101800;BOT_TAKER;BOT_MAKER;VEV_5500;XIRECS;7.0;2
101900;BOT_TAKER;BOT_MAKER;VELVETFRUIT_EXTRACT;XIRECS;5231.0;3
102000;BOT_MAKER;BOT_TAKER;VELVETFRUIT_EXTRACT;XIRECS;5224.0;3
102100;BOT_TAKER;BOT_MAKER;HYDROGEL_PACK;XIRECS;9921.0;2
102200;BOT_TAKER;BOT_MAKER;VEV_4000;XIRECS;1231.0;3
102300;BOT_MAKER;BOT_TAKER;VELVETFRUIT_EXTRACT;XIRECS;5226.0;7
102300;BOT_TAKER;BOT_MAKER;VEV_5400;XIRECS;16.0;2
102300;BOT_TAKER;BOT_MAKER;VEV_5500;XIRECS;7.0;2
102400;BOT_MAKER;BOT_TAKER;VEV_6000;XIRECS;0.0;5
102500;BOT_MAKER;BOT_TAKER;HYDROGEL_PACK;XIRECS;9901.0;6
102500;BOT_TAKER;BOT_MAKER;VELVETFRUIT_EXTRACT;XIRECS;5232.0;7
102600;BOT_TAKER;BOT_MAKER;VEV_4000;XIRECS;1230.0;1
102700;BOT_TAKER;BOT_MAKER;VELVETFRUIT_EXTRACT;XIRECS;5235.0;3
102700;BOT_TAKER;BOT_MAKER;VEV_4000;XIRECS;1230.0;1
102700;BOT_TAKER;BOT_MAKER;VEV_4000;XIRECS;1230.0;2
102700;BOT_TAKER;BOT_MAKER;VEV_6000;XIRECS;1.0;4
102800;BOT_MAKER;BOT_TAKER;VELVETFRUIT_EXTRACT;XIRECS;5230.0;4
102900;BOT_MAKER;BOT_TAKER;HYDROGEL_PACK;XIRECS;9905.0;2
102900;BOT_TAKER;BOT_MAKER;VELVETFRUIT_EXTRACT;XIRECS;5236.0;6
103100;BOT_TAKER;BOT_MAKER;HYDROGEL_PACK;XIRECS;9919.0;5
103100;BOT_TAKER;BOT_MAKER;VELVETFRUIT_EXTRACT;XIRECS;5235.0;3
103100;BOT_MAKER;BOT_TAKER;VEV_4000;XIRECS;1210.0;1
103200;BOT_TAKER;BOT_MAKER;HYDROGEL_PACK;XIRECS;9921.0;3
103200;BOT_TAKER;BOT_MAKER;VELVETFRUIT_EXTRACT;XIRECS;5235.0;6
103400;BOT_MAKER;BOT_TAKER;HYDROGEL_PACK;XIRECS;9909.0;6
103400;BOT_TAKER;BOT_MAKER;VELVETFRUIT_EXTRACT;XIRECS;5236.0;10
103500;BOT_MAKER;BOT_TAKER;VEV_5500;XIRECS;6.0;5
103600;BOT_MAKER;BOT_TAKER;HYDROGEL_PACK;XIRECS;9912.0;2
103600;BOT_TAKER;BOT_MAKER;VELVETFRUIT_EXTRACT;XIRECS;5236.0;14
103600;BOT_MAKER;BOT_TAKER;VEV_5500;XIRECS;6.0;5
103700;BOT_MAKER;BOT_TAKER;HYDROGEL_PACK;XIRECS;9913.0;5
103800;BOT_TAKER;BOT_MAKER;HYDROGEL_PACK;XIRECS;9928.0;5
103800;BOT_MAKER;BOT_TAKER;VELVETFRUIT_EXTRACT;XIRECS;5228.0;6
103800;BOT_TAKER;BOT_MAKER;VEV_4000;XIRECS;1232.0;3
103800;BOT_TAKER;BOT_MAKER;VEV_6000;XIRECS;1.0;3
103800;BOT_TAKER;BOT_MAKER;VEV_6500;XIRECS;1.0;4
103900;BOT_TAKER;BOT_MAKER;VELVETFRUIT_EXTRACT;XIRECS;5233.0;7
103900;BOT_MAKER;BOT_TAKER;VEV_4000;XIRECS;1211.0;1
104000;BOT_MAKER;BOT_TAKER;HYDROGEL_PACK;XIRECS;9916.0;5
104000;BOT_TAKER;BOT_MAKER;VELVETFRUIT_EXTRACT;XIRECS;5231.0;5
104200;BOT_TAKER;BOT_MAKER;VELVETFRUIT_EXTRACT;XIRECS;5232.0;6
104300;BOT_MAKER;BOT_TAKER;VELVETFRUIT_EXTRACT;XIRECS;5227.0;3
104300;BOT_MAKER;BOT_TAKER;VELVETFRUIT_EXTRACT;XIRECS;5227.0;7
104600;BOT_MAKER;BOT_TAKER;VELVETFRUIT_EXTRACT;XIRECS;5228.0;3
104700;BOT_MAKER;BOT_TAKER;VELVETFRUIT_EXTRACT;XIRECS;5232.0;4
104700;BOT_MAKER;BOT_TAKER;VEV_5500;XIRECS;6.0;4
104800;BOT_TAKER;BOT_MAKER;VEV_4000;XIRECS;1235.0;3
104900;BOT_TAKER;BOT_MAKER;HYDROGEL_PACK;XIRECS;9938.0;4
104900;BOT_MAKER;BOT_TAKER;VELVETFRUIT_EXTRACT;XIRECS;5231.0;8
104900;BOT_MAKER;BOT_TAKER;VELVETFRUIT_EXTRACT;XIRECS;5231.0;4
104900;BOT_TAKER;BOT_MAKER;VEV_4000;XIRECS;1235.0;1
105000;BOT_TAKER;BOT_MAKER;VELVETFRUIT_EXTRACT;XIRECS;5235.0;5
105000;BOT_TAKER;BOT_MAKER;VEV_5500;XIRECS;7.0;2
105200;BOT_TAKER;BOT_MAKER;VELVETFRUIT_EXTRACT;XIRECS;5236.0;8
105300;BOT_TAKER;BOT_MAKER;HYDROGEL_PACK;XIRECS;9940.0;6
105300;BOT_TAKER;BOT_MAKER;VEV_5400;XIRECS;16.0;4
105500;BOT_TAKER;BOT_MAKER;VELVETFRUIT_EXTRACT;XIRECS;5234.0;6
105600;BOT_MAKER;BOT_TAKER;HYDROGEL_PACK;XIRECS;9925.0;2
105700;BOT_TAKER;BOT_MAKER;VELVETFRUIT_EXTRACT;XIRECS;5231.0;5
105700;BOT_MAKER;BOT_TAKER;VEV_4000;XIRECS;1215.0;2
105800;BOT_MAKER;BOT_TAKER;HYDROGEL_PACK;XIRECS;9926.0;3
105800;BOT_TAKER;BOT_MAKER;HYDROGEL_PACK;XIRECS;9942.0;6
105800;BOT_TAKER;BOT_MAKER;VELVETFRUIT_EXTRACT;XIRECS;5231.0;10
105900;BOT_MAKER;BOT_TAKER;VELVETFRUIT_EXTRACT;XIRECS;5225.0;7
105900;BOT_MAKER;BOT_TAKER;VEV_4000;XIRECS;1215.0;3
105900;BOT_MAKER;BOT_TAKER;VEV_5500;XIRECS;6.0;4
106000;BOT_MAKER;BOT_TAKER;VELVETFRUIT_EXTRACT;XIRECS;5226.0;4
106000;BOT_TAKER;BOT_MAKER;VEV_4000;XIRECS;1236.0;3
106100;BOT_MAKER;BOT_TAKER;VELVETFRUIT_EXTRACT;XIRECS;5225.0;3
106100;BOT_MAKER;BOT_TAKER;VEV_6000;XIRECS;0.0;3
106400;BOT_MAKER;BOT_TAKER;VELVETFRUIT_EXTRACT;XIRECS;5226.0;4
106500;BOT_MAKER;BOT_TAKER;VELVETFRUIT_EXTRACT;XIRECS;5224.0;8
106600;BOT_TAKER;BOT_MAKER;VEV_6500;XIRECS;1.0;5
106700;BOT_MAKER;BOT_TAKER;VEV_4000;XIRECS;1218.0;3
106700;BOT_MAKER;BOT_TAKER;VEV_5500;XIRECS;6.0;2
106800;BOT_MAKER;BOT_TAKER;HYDROGEL_PACK;XIRECS;9922.0;2
106900;BOT_TAKER;BOT_MAKER;VELVETFRUIT_EXTRACT;XIRECS;5234.0;7
107000;BOT_MAKER;BOT_TAKER;VELVETFRUIT_EXTRACT;XIRECS;5227.0;8
107100;BOT_MAKER;BOT_TAKER;HYDROGEL_PACK;XIRECS;9914.0;3
107100;BOT_TAKER;BOT_MAKER;VEV_4000;XIRECS;1238.0;1
107100;BOT_TAKER;BOT_MAKER;VEV_5300;XIRECS;49.0;5
107200;BOT_MAKER;BOT_TAKER;HYDROGEL_PACK;XIRECS;9913.0;6
107200;BOT_TAKER;BOT_MAKER;VEV_6500;XIRECS;1.0;4
107300;BOT_TAKER;BOT_MAKER;VELVETFRUIT_EXTRACT;XIRECS;5232.0;7
107300;BOT_TAKER;BOT_MAKER;VEV_4000;XIRECS;1239.0;2
107400;BOT_MAKER;BOT_TAKER;VEV_5500;XIRECS;6.0;4
107500;BOT_TAKER;BOT_MAKER;VELVETFRUIT_EXTRACT;XIRECS;5230.0;5
107600;BOT_MAKER;BOT_TAKER;HYDROGEL_PACK;XIRECS;9923.0;5
107700;BOT_TAKER;BOT_MAKER;VELVETFRUIT_EXTRACT;XIRECS;5229.0;5
107700;BOT_MAKER;BOT_TAKER;VEV_5500;XIRECS;6.0;5
107800;BOT_MAKER;BOT_TAKER;VELVETFRUIT_EXTRACT;XIRECS;5221.0;4
107900;BOT_MAKER;BOT_TAKER;VELVETFRUIT_EXTRACT;XIRECS;5222.0;4
108000;BOT_TAKER;BOT_MAKER;HYDROGEL_PACK;XIRECS;9939.0;3
108100;BOT_MAKER;BOT_TAKER;VELVETFRUIT_EXTRACT;XIRECS;5222.0;8
108100;BOT_TAKER;BOT_MAKER;VEV_4000;XIRECS;1237.0;2
108100;BOT_MAKER;BOT_TAKER;VEV_5400;XIRECS;16.0;3
108200;BOT_MAKER;BOT_TAKER;HYDROGEL_PACK;XIRECS;9919.0;4
108200;BOT_MAKER;BOT_TAKER;VELVETFRUIT_EXTRACT;XIRECS;5222.0;6
108300;BOT_TAKER;BOT_MAKER;VEV_5300;XIRECS;50.0;2
108300;BOT_MAKER;BOT_TAKER;VEV_5500;XIRECS;6.0;5
108300;BOT_TAKER;BOT_MAKER;VEV_6000;XIRECS;1.0;4
108300;BOT_MAKER;BOT_TAKER;VEV_6500;XIRECS;0.0;4
108400;BOT_MAKER;BOT_TAKER;HYDROGEL_PACK;XIRECS;9922.0;6
108400;BOT_TAKER;BOT_MAKER;VELVETFRUIT_EXTRACT;XIRECS;5229.0;8
108400;BOT_MAKER;BOT_TAKER;VEV_6000;XIRECS;0.0;5
108500;BOT_MAKER;BOT_TAKER;VEV_5300;XIRECS;47.0;3
108600;BOT_TAKER;BOT_MAKER;VELVETFRUIT_EXTRACT;XIRECS;5230.0;4
108600;BOT_TAKER;BOT_MAKER;VEV_5400;XIRECS;18.0;3
108600;BOT_MAKER;BOT_TAKER;VEV_5500;XIRECS;6.0;5
108600;BOT_TAKER;BOT_MAKER;VEV_6000;XIRECS;1.0;4
108600;BOT_TAKER;BOT_MAKER;VEV_6500;XIRECS;1.0;5
108700;BOT_TAKER;BOT_MAKER;VELVETFRUIT_EXTRACT;XIRECS;5231.0;7
108800;BOT_TAKER;BOT_MAKER;HYDROGEL_PACK;XIRECS;9940.0;4
108800;BOT_TAKER;BOT_MAKER;VELVETFRUIT_EXTRACT;XIRECS;5230.0;7
108900;BOT_TAKER;BOT_MAKER;HYDROGEL_PACK;XIRECS;9939.0;2
108900;BOT_MAKER;BOT_TAKER;VELVETFRUIT_EXTRACT;XIRECS;5224.0;7
108900;BOT_TAKER;BOT_MAKER;VEV_5400;XIRECS;18.0;5
108900;BOT_MAKER;BOT_TAKER;VEV_6000;XIRECS;0.0;5
109000;BOT_TAKER;BOT_MAKER;HYDROGEL_PACK;XIRECS;9939.0;4
109000;BOT_TAKER;BOT_MAKER;VELVETFRUIT_EXTRACT;XIRECS;5231.0;3
109000;BOT_MAKER;BOT_TAKER;VEV_6500;XIRECS;0.0;4
109100;BOT_TAKER;BOT_MAKER;HYDROGEL_PACK;XIRECS;9941.0;3
109200;BOT_TAKER;BOT_MAKER;VELVETFRUIT_EXTRACT;XIRECS;5233.0;3
109300;BOT_MAKER;BOT_TAKER;VELVETFRUIT_EXTRACT;XIRECS;5227.0;7
109300;BOT_MAKER;BOT_TAKER;VEV_5400;XIRECS;16.0;5
109400;BOT_TAKER;BOT_MAKER;HYDROGEL_PACK;XIRECS;9940.0;5
109400;BOT_TAKER;BOT_MAKER;VELVETFRUIT_EXTRACT;XIRECS;5232.0;4
109500;BOT_MAKER;BOT_TAKER;VELVETFRUIT_EXTRACT;XIRECS;5227.0;8
109500;BOT_MAKER;BOT_TAKER;VEV_6500;XIRECS;0.0;4
109600;BOT_MAKER;BOT_TAKER;VELVETFRUIT_EXTRACT;XIRECS;5227.0;4
109700;BOT_MAKER;BOT_TAKER;VELVETFRUIT_EXTRACT;XIRECS;5226.0;9
109700;BOT_MAKER;BOT_TAKER;VEV_5400;XIRECS;16.0;2
109800;BOT_TAKER;BOT_MAKER;HYDROGEL_PACK;XIRECS;9936.0;5
109900;BOT_MAKER;BOT_TAKER;HYDROGEL_PACK;XIRECS;9919.0;5
109900;BOT_MAKER;BOT_TAKER;VELVETFRUIT_EXTRACT;XIRECS;5228.0;3
110000;BOT_TAKER;BOT_MAKER;HYDROGEL_PACK;XIRECS;9938.0;3
110100;BOT_TAKER;BOT_MAKER;VELVETFRUIT_EXTRACT;XIRECS;5234.0;3
110200;BOT_TAKER;BOT_MAKER;HYDROGEL_PACK;XIRECS;9940.0;3
110200;BOT_MAKER;BOT_TAKER;VELVETFRUIT_EXTRACT;XIRECS;5228.0;8
110400;BOT_MAKER;BOT_TAKER;HYDROGEL_PACK;XIRECS;9926.0;2
110400;BOT_MAKER;BOT_TAKER;VEV_5500;XIRECS;5.0;4
110500;BOT_MAKER;BOT_TAKER;VEV_6500;XIRECS;0.0;3
110600;BOT_TAKER;BOT_MAKER;VELVETFRUIT_EXTRACT;XIRECS;5234.0;5
110700;BOT_TAKER;BOT_MAKER;HYDROGEL_PACK;XIRECS;9941.0;3
110800;BOT_TAKER;BOT_MAKER;HYDROGEL_PACK;XIRECS;9939.0;3
110900;BOT_MAKER;BOT_TAKER;HYDROGEL_PACK;XIRECS;9923.0;4
111000;BOT_MAKER;BOT_TAKER;HYDROGEL_PACK;XIRECS;9924.0;3
111000;BOT_MAKER;BOT_TAKER;VEV_6000;XIRECS;0.0;2
111100;BOT_TAKER;BOT_MAKER;HYDROGEL_PACK;XIRECS;9939.0;3
111100;BOT_TAKER;BOT_MAKER;VEV_4000;XIRECS;1244.0;1
111300;BOT_MAKER;BOT_TAKER;HYDROGEL_PACK;XIRECS;9924.0;6
111400;BOT_MAKER;BOT_TAKER;VEV_6500;XIRECS;0.0;4
111500;BOT_TAKER;BOT_MAKER;HYDROGEL_PACK;XIRECS;9939.0;3
111600;BOT_TAKER;BOT_MAKER;VEV_6500;XIRECS;1.0;5
111700;BOT_TAKER;BOT_MAKER;VELVETFRUIT_EXTRACT;XIRECS;5231.0;8
111700;BOT_MAKER;BOT_TAKER;VEV_4000;XIRECS;1225.0;2
111800;BOT_TAKER;BOT_MAKER;VELVETFRUIT_EXTRACT;XIRECS;5232.0;7
111900;BOT_TAKER;BOT_MAKER;HYDROGEL_PACK;XIRECS;9942.0;4
112000;BOT_MAKER;BOT_TAKER;VEV_4000;XIRECS;1225.0;3
112100;BOT_TAKER;BOT_MAKER;HYDROGEL_PACK;XIRECS;9942.0;2
112100;BOT_MAKER;BOT_TAKER;VELVETFRUIT_EXTRACT;XIRECS;5227.0;6
112300;BOT_TAKER;BOT_MAKER;VEV_5400;XIRECS;16.0;5
112400;BOT_MAKER;BOT_TAKER;VEV_5300;XIRECS;50.0;5
112500;BOT_TAKER;BOT_MAKER;VELVETFRUIT_EXTRACT;XIRECS;5236.0;5
112500;BOT_TAKER;BOT_MAKER;VEV_6000;XIRECS;1.0;3
112600;BOT_TAKER;BOT_MAKER;VELVETFRUIT_EXTRACT;XIRECS;5235.0;5
112700;BOT_MAKER;BOT_TAKER;VELVETFRUIT_EXTRACT;XIRECS;5232.0;3
112800;BOT_MAKER;BOT_TAKER;VELVETFRUIT_EXTRACT;XIRECS;5232.0;5
112900;BOT_TAKER;BOT_MAKER;HYDROGEL_PACK;XIRECS;9942.0;4
112900;BOT_TAKER;BOT_MAKER;VEV_4000;XIRECS;1244.0;3
113000;BOT_MAKER;BOT_TAKER;VELVETFRUIT_EXTRACT;XIRECS;5232.0;7
113100;BOT_TAKER;BOT_MAKER;VELVETFRUIT_EXTRACT;XIRECS;5239.0;4
113100;BOT_TAKER;BOT_MAKER;VEV_4000;XIRECS;1245.0;3
113200;BOT_MAKER;BOT_TAKER;VELVETFRUIT_EXTRACT;XIRECS;5234.0;4
113200;BOT_MAKER;BOT_TAKER;VEV_5500;XIRECS;5.0;2
113300;BOT_MAKER;BOT_TAKER;VEV_4000;XIRECS;1223.0;3
113600;BOT_MAKER;BOT_TAKER;VELVETFRUIT_EXTRACT;XIRECS;5231.0;6
113600;BOT_TAKER;BOT_MAKER;VEV_5400;XIRECS;16.0;3
113600;BOT_MAKER;BOT_TAKER;VEV_5500;XIRECS;5.0;5
113700;BOT_MAKER;BOT_TAKER;HYDROGEL_PACK;XIRECS;9921.0;3
113700;BOT_MAKER;BOT_TAKER;VEV_4000;XIRECS;1220.0;3
113800;BOT_MAKER;BOT_TAKER;VEV_6500;XIRECS;0.0;4
114000;BOT_MAKER;BOT_TAKER;VEV_4000;XIRECS;1218.0;3
114000;BOT_TAKER;BOT_MAKER;VEV_6000;XIRECS;1.0;4
114200;BOT_TAKER;BOT_MAKER;HYDROGEL_PACK;XIRECS;9940.0;2
114200;BOT_MAKER;BOT_TAKER;VEV_5500;XIRECS;5.0;5
114400;BOT_TAKER;BOT_MAKER;HYDROGEL_PACK;XIRECS;9936.0;5
114400;BOT_TAKER;BOT_MAKER;VELVETFRUIT_EXTRACT;XIRECS;5238.0;7
114400;BOT_MAKER;BOT_TAKER;VEV_6500;XIRECS;0.0;3
114600;BOT_MAKER;BOT_TAKER;VEV_6500;XIRECS;0.0;3
114700;BOT_MAKER;BOT_TAKER;HYDROGEL_PACK;XIRECS;9921.0;6
114900;BOT_MAKER;BOT_TAKER;HYDROGEL_PACK;XIRECS;9922.0;3
115200;BOT_MAKER;BOT_TAKER;VEV_5200;XIRECS;104.0;1
115400;BOT_MAKER;BOT_TAKER;VELVETFRUIT_EXTRACT;XIRECS;5235.0;6
115500;BOT_MAKER;BOT_TAKER;HYDROGEL_PACK;XIRECS;9918.0;5
115500;BOT_MAKER;BOT_TAKER;VELVETFRUIT_EXTRACT;XIRECS;5235.0;7
115500;BOT_MAKER;BOT_TAKER;VEV_5500;XIRECS;5.0;4
115500;BOT_TAKER;BOT_MAKER;VEV_5500;XIRECS;6.0;2
115600;BOT_MAKER;BOT_TAKER;VELVETFRUIT_EXTRACT;XIRECS;5235.0;3
115700;BOT_TAKER;BOT_MAKER;VEV_6500;XIRECS;1.0;4
115800;BOT_MAKER;BOT_TAKER;VEV_4000;XIRECS;1215.0;2
115900;BOT_MAKER;BOT_TAKER;VEV_5400;XIRECS;13.0;3
116000;BOT_MAKER;BOT_TAKER;VEV_6500;XIRECS;0.0;4
116100;BOT_TAKER;BOT_MAKER;VELVETFRUIT_EXTRACT;XIRECS;5242.0;6
116200;BOT_MAKER;BOT_TAKER;VELVETFRUIT_EXTRACT;XIRECS;5236.0;8
116500;BOT_MAKER;BOT_TAKER;HYDROGEL_PACK;XIRECS;9919.0;3
116500;BOT_MAKER;BOT_TAKER;VELVETFRUIT_EXTRACT;XIRECS;5237.0;5
116600;BOT_MAKER;BOT_TAKER;VELVETFRUIT_EXTRACT;XIRECS;5236.0;5
116700;BOT_TAKER;BOT_MAKER;VELVETFRUIT_EXTRACT;XIRECS;5241.0;3
116800;BOT_TAKER;BOT_MAKER;HYDROGEL_PACK;XIRECS;9933.0;4
116800;BOT_TAKER;BOT_MAKER;VELVETFRUIT_EXTRACT;XIRECS;5242.0;6
116800;BOT_MAKER;BOT_TAKER;VEV_4000;XIRECS;1217.0;2
116800;BOT_MAKER;BOT_TAKER;VEV_6500;XIRECS;0.0;3
116900;BOT_TAKER;BOT_MAKER;HYDROGEL_PACK;XIRECS;9932.0;5
116900;BOT_MAKER;BOT_TAKER;VEV_5300;XIRECS;51.0;4
117000;BOT_TAKER;BOT_MAKER;VEV_5500;XIRECS;6.0;3
117100;BOT_MAKER;BOT_TAKER;HYDROGEL_PACK;XIRECS;9919.0;3
117100;BOT_TAKER;BOT_MAKER;VELVETFRUIT_EXTRACT;XIRECS;5243.0;7
117100;BOT_TAKER;BOT_MAKER;VEV_5300;XIRECS;53.0;5
117100;BOT_MAKER;BOT_TAKER;VEV_6500;XIRECS;0.0;2
117200;BOT_TAKER;BOT_MAKER;VEV_5400;XIRECS;14.0;3
117300;BOT_TAKER;BOT_MAKER;HYDROGEL_PACK;XIRECS;9937.0;5
117400;BOT_MAKER;BOT_TAKER;VEV_4000;XIRECS;1213.0;3
117600;BOT_TAKER;BOT_MAKER;HYDROGEL_PACK;XIRECS;9936.0;3
117800;BOT_TAKER;BOT_MAKER;VELVETFRUIT_EXTRACT;XIRECS;5242.0;8
117800;BOT_MAKER;BOT_TAKER;VEV_5400;XIRECS;14.0;5
117900;BOT_TAKER;BOT_MAKER;VELVETFRUIT_EXTRACT;XIRECS;5242.0;6
117900;BOT_MAKER;BOT_TAKER;VELVETFRUIT_EXTRACT;XIRECS;5236.0;3
118000;BOT_TAKER;BOT_MAKER;HYDROGEL_PACK;XIRECS;9935.0;4
118200;BOT_MAKER;BOT_TAKER;VELVETFRUIT_EXTRACT;XIRECS;5235.0;4
118300;BOT_MAKER;BOT_TAKER;VELVETFRUIT_EXTRACT;XIRECS;5236.0;13
118400;BOT_TAKER;BOT_MAKER;VELVETFRUIT_EXTRACT;XIRECS;5243.0;7
118400;BOT_MAKER;BOT_TAKER;VEV_5500;XIRECS;5.0;2
118900;BOT_MAKER;BOT_TAKER;VELVETFRUIT_EXTRACT;XIRECS;5240.0;3
118900;BOT_MAKER;BOT_TAKER;VEV_4000;XIRECS;1216.0;3
118900;BOT_TAKER;BOT_MAKER;VEV_5300;XIRECS;54.0;2
119000;BOT_TAKER;BOT_MAKER;VEV_5500;XIRECS;6.0;3
119100;BOT_MAKER;BOT_TAKER;VELVETFRUIT_EXTRACT;XIRECS;5240.0;5
119400;BOT_MAKER;BOT_TAKER;VEV_4000;XIRECS;1217.0;3
119500;BOT_MAKER;BOT_TAKER;VEV_5400;XIRECS;14.0;4
119500;BOT_MAKER;BOT_TAKER;VEV_5500;XIRECS;5.0;5
119600;BOT_MAKER;BOT_TAKER;HYDROGEL_PACK;XIRECS;9920.0;2
119600;BOT_TAKER;BOT_MAKER;VEV_6000;XIRECS;1.0;3
119700;BOT_MAKER;BOT_TAKER;HYDROGEL_PACK;XIRECS;9920.0;3
119800;BOT_TAKER;BOT_MAKER;HYDROGEL_PACK;XIRECS;9936.0;5
119800;BOT_MAKER;BOT_TAKER;VELVETFRUIT_EXTRACT;XIRECS;5242.0;7
119900;BOT_TAKER;BOT_MAKER;VEV_6500;XIRECS;1.0;4
120100;BOT_TAKER;BOT_MAKER;VELVETFRUIT_EXTRACT;XIRECS;5245.0;5
120100;BOT_TAKER;BOT_MAKER;VEV_5400;XIRECS;16.0;3
120100;BOT_TAKER;BOT_MAKER;VEV_5400;XIRECS;16.0;5
120300;BOT_TAKER;BOT_MAKER;VELVETFRUIT_EXTRACT;XIRECS;5244.0;7
120400;BOT_MAKER;BOT_TAKER;VELVETFRUIT_EXTRACT;XIRECS;5239.0;8
120400;BOT_MAKER;BOT_TAKER;VEV_5300;XIRECS;51.0;3
120400;BOT_TAKER;BOT_MAKER;VEV_6000;XIRECS;1.0;2
120500;BOT_MAKER;BOT_TAKER;VELVETFRUIT_EXTRACT;XIRECS;5239.0;4
120500;BOT_MAKER;BOT_TAKER;VEV_4000;XIRECS;1224.0;2
120500;BOT_MAKER;BOT_TAKER;VEV_6000;XIRECS;0.0;4
120600;BOT_TAKER;BOT_MAKER;HYDROGEL_PACK;XIRECS;9939.0;4
120600;BOT_TAKER;BOT_MAKER;VEV_4000;XIRECS;1245.0;1
120600;BOT_MAKER;BOT_TAKER;VEV_6000;XIRECS;0.0;3
120700;BOT_MAKER;BOT_TAKER;VELVETFRUIT_EXTRACT;XIRECS;5239.0;5
120700;BOT_TAKER;BOT_MAKER;VEV_4000;XIRECS;1245.0;3
120800;BOT_TAKER;BOT_MAKER;VELVETFRUIT_EXTRACT;XIRECS;5246.0;7
120800;BOT_MAKER;BOT_TAKER;VEV_4000;XIRECS;1224.0;2
120900;BOT_MAKER;BOT_TAKER;VEV_4000;XIRECS;1223.0;1
120900;BOT_MAKER;BOT_TAKER;VEV_6000;XIRECS;0.0;5
121000;BOT_MAKER;BOT_TAKER;HYDROGEL_PACK;XIRECS;9925.0;5
121000;BOT_TAKER;BOT_MAKER;VELVETFRUIT_EXTRACT;XIRECS;5246.0;4
121000;BOT_MAKER;BOT_TAKER;VEV_5500;XIRECS;5.0;5
121000;BOT_MAKER;BOT_TAKER;VEV_6500;XIRECS;0.0;4
121100;BOT_MAKER;BOT_TAKER;VELVETFRUIT_EXTRACT;XIRECS;5239.0;8
121100;BOT_TAKER;BOT_MAKER;VELVETFRUIT_EXTRACT;XIRECS;5244.0;3
121100;BOT_TAKER;BOT_MAKER;VEV_5500;XIRECS;6.0;2
121200;BOT_TAKER;BOT_MAKER;HYDROGEL_PACK;XIRECS;9943.0;4
121200;BOT_MAKER;BOT_TAKER;VELVETFRUIT_EXTRACT;XIRECS;5239.0;6
121200;BOT_MAKER;BOT_TAKER;VEV_4000;XIRECS;1224.0;3
121200;BOT_MAKER;BOT_TAKER;VEV_5500;XIRECS;5.0;2
121300;BOT_TAKER;BOT_MAKER;HYDROGEL_PACK;XIRECS;9942.0;2
121300;BOT_TAKER;BOT_MAKER;VEV_4000;XIRECS;1245.0;3
121700;BOT_MAKER;BOT_TAKER;HYDROGEL_PACK;XIRECS;9926.0;5
121700;BOT_TAKER;BOT_MAKER;HYDROGEL_PACK;XIRECS;9942.0;3
121700;BOT_MAKER;BOT_TAKER;VELVETFRUIT_EXTRACT;XIRECS;5239.0;7
121700;BOT_TAKER;BOT_MAKER;VEV_6000;XIRECS;1.0;5
121800;BOT_TAKER;BOT_MAKER;VELVETFRUIT_EXTRACT;XIRECS;5244.0;7
121900;BOT_MAKER;BOT_TAKER;VELVETFRUIT_EXTRACT;XIRECS;5239.0;5
121900;BOT_MAKER;BOT_TAKER;VEV_5300;XIRECS;54.0;3
122000;BOT_TAKER;BOT_MAKER;VELVETFRUIT_EXTRACT;XIRECS;5244.0;4
122100;BOT_TAKER;BOT_MAKER;VELVETFRUIT_EXTRACT;XIRECS;5244.0;5
122200;BOT_TAKER;BOT_MAKER;HYDROGEL_PACK;XIRECS;9942.0;6
122200;BOT_MAKER;BOT_TAKER;VEV_5300;XIRECS;54.0;3
122600;BOT_MAKER;BOT_TAKER;VELVETFRUIT_EXTRACT;XIRECS;5240.0;3
122700;BOT_MAKER;BOT_TAKER;HYDROGEL_PACK;XIRECS;9921.0;4
122700;BOT_MAKER;BOT_TAKER;VELVETFRUIT_EXTRACT;XIRECS;5241.0;8
122800;BOT_MAKER;BOT_TAKER;VELVETFRUIT_EXTRACT;XIRECS;5242.0;7
122800;BOT_TAKER;BOT_MAKER;VEV_6000;XIRECS;1.0;3
122900;BOT_MAKER;BOT_TAKER;VELVETFRUIT_EXTRACT;XIRECS;5241.0;3
123000;BOT_TAKER;BOT_MAKER;VELVETFRUIT_EXTRACT;XIRECS;5248.0;8
123200;BOT_MAKER;BOT_TAKER;HYDROGEL_PACK;XIRECS;9916.0;2
123300;BOT_TAKER;BOT_MAKER;VEV_6000;XIRECS;1.0;5
123400;BOT_MAKER;BOT_TAKER;HYDROGEL_PACK;XIRECS;9918.0;4
123500;BOT_MAKER;BOT_TAKER;HYDROGEL_PACK;XIRECS;9920.0;5
123500;BOT_MAKER;BOT_TAKER;VELVETFRUIT_EXTRACT;XIRECS;5241.0;6
123600;BOT_MAKER;BOT_TAKER;VELVETFRUIT_EXTRACT;XIRECS;5241.0;11
123700;BOT_MAKER;BOT_TAKER;HYDROGEL_PACK;XIRECS;9920.0;3
123700;BOT_MAKER;BOT_TAKER;VELVETFRUIT_EXTRACT;XIRECS;5242.0;8
123800;BOT_MAKER;BOT_TAKER;VEV_5500;XIRECS;5.0;3
123900;BOT_TAKER;BOT_MAKER;HYDROGEL_PACK;XIRECS;9937.0;6
123900;BOT_TAKER;BOT_MAKER;VELVETFRUIT_EXTRACT;XIRECS;5247.0;7
123900;BOT_TAKER;BOT_MAKER;VEV_6500;XIRECS;1.0;3
124000;BOT_TAKER;BOT_MAKER;HYDROGEL_PACK;XIRECS;9937.0;6
124100;BOT_TAKER;BOT_MAKER;VELVETFRUIT_EXTRACT;XIRECS;5246.0;6
124100;BOT_MAKER;BOT_TAKER;VEV_6500;XIRECS;0.0;2
124200;BOT_TAKER;BOT_MAKER;HYDROGEL_PACK;XIRECS;9935.0;6
124300;BOT_TAKER;BOT_MAKER;VELVETFRUIT_EXTRACT;XIRECS;5248.0;10
124400;BOT_TAKER;BOT_MAKER;VEV_5300;XIRECS;52.0;5
124500;BOT_TAKER;BOT_MAKER;VELVETFRUIT_EXTRACT;XIRECS;5246.0;6
124600;BOT_TAKER;BOT_MAKER;HYDROGEL_PACK;XIRECS;9935.0;2
124700;BOT_TAKER;BOT_MAKER;VELVETFRUIT_EXTRACT;XIRECS;5248.0;3
124700;BOT_MAKER;BOT_TAKER;VEV_5500;XIRECS;5.0;4
124900;BOT_MAKER;BOT_TAKER;VELVETFRUIT_EXTRACT;XIRECS;5240.0;7
125000;BOT_TAKER;BOT_MAKER;HYDROGEL_PACK;XIRECS;9933.0;3
125000;BOT_MAKER;BOT_TAKER;VEV_5500;XIRECS;5.0;5
125100;BOT_MAKER;BOT_TAKER;HYDROGEL_PACK;XIRECS;9918.0;6
125200;BOT_TAKER;BOT_MAKER;VELVETFRUIT_EXTRACT;XIRECS;5247.0;4
125300;BOT_TAKER;BOT_MAKER;HYDROGEL_PACK;XIRECS;9935.0;3
125300;BOT_MAKER;BOT_TAKER;VELVETFRUIT_EXTRACT;XIRECS;5242.0;5
125300;BOT_TAKER;BOT_MAKER;VELVETFRUIT_EXTRACT;XIRECS;5247.0;7
125400;BOT_MAKER;BOT_TAKER;HYDROGEL_PACK;XIRECS;9921.0;2
125500;BOT_TAKER;BOT_MAKER;VELVETFRUIT_EXTRACT;XIRECS;5246.0;7
125500;BOT_TAKER;BOT_MAKER;VEV_6500;XIRECS;1.0;4
125800;BOT_TAKER;BOT_MAKER;VELVETFRUIT_EXTRACT;XIRECS;5248.0;5
125900;BOT_MAKER;BOT_TAKER;HYDROGEL_PACK;XIRECS;9919.0;3
125900;BOT_MAKER;BOT_TAKER;VELVETFRUIT_EXTRACT;XIRECS;5242.0;4
126000;BOT_TAKER;BOT_MAKER;VELVETFRUIT_EXTRACT;XIRECS;5248.0;4
126200;BOT_TAKER;BOT_MAKER;VEV_4000;XIRECS;1241.0;2
126300;BOT_MAKER;BOT_TAKER;VEV_6500;XIRECS;0.0;2
126500;BOT_TAKER;BOT_MAKER;HYDROGEL_PACK;XIRECS;9940.0;4
126500;BOT_TAKER;BOT_MAKER;VELVETFRUIT_EXTRACT;XIRECS;5249.0;6
126600;BOT_MAKER;BOT_TAKER;VEV_4000;XIRECS;1221.0;3
126600;BOT_TAKER;BOT_MAKER;VEV_6500;XIRECS;1.0;4
126700;BOT_TAKER;BOT_MAKER;VELVETFRUIT_EXTRACT;XIRECS;5248.0;7
126700;BOT_TAKER;BOT_MAKER;VEV_6000;XIRECS;1.0;5
126700;BOT_MAKER;BOT_TAKER;VEV_6500;XIRECS;0.0;5
127000;BOT_TAKER;BOT_MAKER;VELVETFRUIT_EXTRACT;XIRECS;5247.0;4
127000;BOT_MAKER;BOT_TAKER;VEV_4000;XIRECS;1223.0;1
127100;BOT_MAKER;BOT_TAKER;VELVETFRUIT_EXTRACT;XIRECS;5243.0;12
127100;BOT_TAKER;BOT_MAKER;VELVETFRUIT_EXTRACT;XIRECS;5248.0;7
127100;BOT_MAKER;BOT_TAKER;VEV_5400;XIRECS;14.0;3
127100;BOT_MAKER;BOT_TAKER;VEV_6500;XIRECS;0.0;2
127300;BOT_MAKER;BOT_TAKER;HYDROGEL_PACK;XIRECS;9925.0;5
127300;BOT_MAKER;BOT_TAKER;VEV_6500;XIRECS;0.0;3
127400;BOT_TAKER;BOT_MAKER;VELVETFRUIT_EXTRACT;XIRECS;5247.0;5
127500;BOT_MAKER;BOT_TAKER;VEV_5500;XIRECS;5.0;3
127600;BOT_TAKER;BOT_MAKER;HYDROGEL_PACK;XIRECS;9943.0;6
127600;BOT_TAKER;BOT_MAKER;VELVETFRUIT_EXTRACT;XIRECS;5247.0;5
127600;BOT_MAKER;BOT_TAKER;VEV_6500;XIRECS;0.0;5
127700;BOT_MAKER;BOT_TAKER;VELVETFRUIT_EXTRACT;XIRECS;5241.0;9
127700;BOT_MAKER;BOT_TAKER;VEV_6000;XIRECS;0.0;3
127800;BOT_MAKER;BOT_TAKER;VEV_5500;XIRECS;5.0;5
127900;BOT_MAKER;BOT_TAKER;VEV_4000;XIRECS;1225.0;1
128000;BOT_TAKER;BOT_MAKER;HYDROGEL_PACK;XIRECS;9935.0;2
128000;BOT_TAKER;BOT_MAKER;VEV_4000;XIRECS;1247.0;1
128000;BOT_TAKER;BOT_MAKER;VEV_6000;XIRECS;1.0;3
128200;BOT_TAKER;BOT_MAKER;VEV_6500;XIRECS;1.0;4
128400;BOT_MAKER;BOT_TAKER;HYDROGEL_PACK;XIRECS;9929.0;6
128600;BOT_TAKER;BOT_MAKER;VEV_6500;XIRECS;1.0;5
128800;BOT_TAKER;BOT_MAKER;VELVETFRUIT_EXTRACT;XIRECS;5246.0;7
128800;BOT_MAKER;BOT_TAKER;VEV_5400;XIRECS;14.0;3
128900;BOT_MAKER;BOT_TAKER;VELVETFRUIT_EXTRACT;XIRECS;5240.0;4
128900;BOT_TAKER;BOT_MAKER;VEV_4000;XIRECS;1243.0;3
129000;BOT_MAKER;BOT_TAKER;VEV_4000;XIRECS;1225.0;1
129000;BOT_MAKER;BOT_TAKER;VEV_6500;XIRECS;0.0;2
129000;BOT_MAKER;BOT_TAKER;VEV_6500;XIRECS;0.0;3
129200;BOT_MAKER;BOT_TAKER;HYDROGEL_PACK;XIRECS;9927.0;4
129200;BOT_MAKER;BOT_TAKER;VELVETFRUIT_EXTRACT;XIRECS;5238.0;7
129300;BOT_TAKER;BOT_MAKER;VELVETFRUIT_EXTRACT;XIRECS;5246.0;4
129400;BOT_MAKER;BOT_TAKER;HYDROGEL_PACK;XIRECS;9926.0;3
129400;BOT_MAKER;BOT_TAKER;VELVETFRUIT_EXTRACT;XIRECS;5239.0;8
129500;BOT_MAKER;BOT_TAKER;VEV_6000;XIRECS;0.0;5
129600;BOT_MAKER;BOT_TAKER;HYDROGEL_PACK;XIRECS;9930.0;6
129600;BOT_MAKER;BOT_TAKER;VEV_5300;XIRECS;53.0;4
129700;BOT_MAKER;BOT_TAKER;VELVETFRUIT_EXTRACT;XIRECS;5236.0;8
129700;BOT_TAKER;BOT_MAKER;VEV_5400;XIRECS;15.0;2
129800;BOT_TAKER;BOT_MAKER;VELVETFRUIT_EXTRACT;XIRECS;5239.0;3
129800;BOT_TAKER;BOT_MAKER;VEV_6000;XIRECS;1.0;4
129900;BOT_TAKER;BOT_MAKER;VEV_4000;XIRECS;1241.0;3
130000;BOT_TAKER;BOT_MAKER;VELVETFRUIT_EXTRACT;XIRECS;5241.0;8
130000;BOT_MAKER;BOT_TAKER;VEV_4000;XIRECS;1221.0;3
130100;BOT_TAKER;BOT_MAKER;VELVETFRUIT_EXTRACT;XIRECS;5241.0;5
130200;BOT_MAKER;BOT_TAKER;HYDROGEL_PACK;XIRECS;9938.0;6
130200;BOT_TAKER;BOT_MAKER;VELVETFRUIT_EXTRACT;XIRECS;5243.0;5
130300;BOT_MAKER;BOT_TAKER;VELVETFRUIT_EXTRACT;XIRECS;5237.0;3
130500;BOT_MAKER;BOT_TAKER;VELVETFRUIT_EXTRACT;XIRECS;5235.0;3
130600;BOT_MAKER;BOT_TAKER;HYDROGEL_PACK;XIRECS;9939.0;4
130600;BOT_TAKER;BOT_MAKER;VEV_5400;XIRECS;15.0;5
130700;BOT_TAKER;BOT_MAKER;VEV_4000;XIRECS;1240.0;1
130700;BOT_MAKER;BOT_TAKER;VEV_5500;XIRECS;5.0;3
130700;BOT_TAKER;BOT_MAKER;VEV_6000;XIRECS;1.0;4
130800;BOT_TAKER;BOT_MAKER;HYDROGEL_PACK;XIRECS;9955.0;4
131000;BOT_MAKER;BOT_TAKER;VELVETFRUIT_EXTRACT;XIRECS;5237.0;5
131200;BOT_TAKER;BOT_MAKER;HYDROGEL_PACK;XIRECS;9955.0;6
131200;BOT_TAKER;BOT_MAKER;VELVETFRUIT_EXTRACT;XIRECS;5244.0;3
131200;BOT_MAKER;BOT_TAKER;VEV_5500;XIRECS;5.0;3
131300;BOT_TAKER;BOT_MAKER;VELVETFRUIT_EXTRACT;XIRECS;5242.0;4
131300;BOT_TAKER;BOT_MAKER;VEV_4000;XIRECS;1239.0;1
131300;BOT_TAKER;BOT_MAKER;VEV_5400;XIRECS;16.0;5
131300;BOT_TAKER;BOT_MAKER;VEV_6500;XIRECS;1.0;3
131400;BOT_TAKER;BOT_MAKER;VELVETFRUIT_EXTRACT;XIRECS;5242.0;8
131500;BOT_MAKER;BOT_TAKER;HYDROGEL_PACK;XIRECS;9939.0;2
131500;BOT_TAKER;BOT_MAKER;VEV_5300;XIRECS;53.0;5
131600;BOT_TAKER;BOT_MAKER;HYDROGEL_PACK;XIRECS;9954.0;5
131800;BOT_TAKER;BOT_MAKER;HYDROGEL_PACK;XIRECS;9952.0;3
131800;BOT_MAKER;BOT_TAKER;VELVETFRUIT_EXTRACT;XIRECS;5237.0;3
131800;BOT_TAKER;BOT_MAKER;VELVETFRUIT_EXTRACT;XIRECS;5243.0;3
132100;BOT_MAKER;BOT_TAKER;VELVETFRUIT_EXTRACT;XIRECS;5239.0;8
132100;BOT_TAKER;BOT_MAKER;VELVETFRUIT_EXTRACT;XIRECS;5243.0;5
132100;BOT_MAKER;BOT_TAKER;VEV_5400;XIRECS;14.0;4
132300;BOT_TAKER;BOT_MAKER;HYDROGEL_PACK;XIRECS;9956.0;5
132300;BOT_TAKER;BOT_MAKER;VEV_6500;XIRECS;1.0;2
132400;BOT_TAKER;BOT_MAKER;VELVETFRUIT_EXTRACT;XIRECS;5243.0;7
132400;BOT_MAKER;BOT_TAKER;VEV_4000;XIRECS;1215.0;3
132500;BOT_TAKER;BOT_MAKER;HYDROGEL_PACK;XIRECS;9956.0;4
132500;BOT_TAKER;BOT_MAKER;VELVETFRUIT_EXTRACT;XIRECS;5243.0;7
132600;BOT_TAKER;BOT_MAKER;VEV_5400;XIRECS;16.0;4
132800;BOT_MAKER;BOT_TAKER;HYDROGEL_PACK;XIRECS;9939.0;6
132900;BOT_MAKER;BOT_TAKER;VEV_6500;XIRECS;0.0;3
133000;BOT_MAKER;BOT_TAKER;HYDROGEL_PACK;XIRECS;9933.0;5
133100;BOT_MAKER;BOT_TAKER;VEV_5500;XIRECS;4.0;4
133100;BOT_MAKER;BOT_TAKER;VEV_6000;XIRECS;0.0;4
133200;BOT_MAKER;BOT_TAKER;HYDROGEL_PACK;XIRECS;9937.0;6
133200;BOT_TAKER;BOT_MAKER;VEV_6500;XIRECS;1.0;2
133400;BOT_TAKER;BOT_MAKER;HYDROGEL_PACK;XIRECS;9951.0;2
