timestamp;buyer;seller;symbol;currency;price;quantity
400;BOT_TAKER;BOT_MAKER;GALAXY_SOUNDS_DARK_MATTER;XIRECS;10416.0;2
400;BOT_TAKER;SUBMISSION;GALAXY_SOUNDS_BLACK_HOLES;XIRECS;11451.0;2
400;BOT_TAKER;SUBMISSION;GALAXY_SOUNDS_PLANETARY_RINGS;XIRECS;11255.0;2
400;BOT_TAKER;SUBMISSION;GALAXY_SOUNDS_SOLAR_WINDS;XIRECS;9577.0;2
400;BOT_TAKER;BOT_MAKER;GALAXY_SOUNDS_SOLAR_FLAMES;XIRECS;11313.0;2
400;BOT_TAKER;BOT_MAKER;SLEEP_POD_SUEDE;XIRECS;11088.0;2
400;BOT_TAKER;BOT_MAKER;SLEEP_POD_LAMB_WOOL;XIRECS;10398.0;2
400;BOT_TAKER;SUBMISSION;SLEEP_POD_POLYESTER;XIRECS;11749.0;2
400;BOT_TAKER;SUBMISSION;SLEEP_POD_NYLON;XIRECS;8878.0;1
400;BOT_TAKER;BOT_MAKER;SLEEP_POD_NYLON;XIRECS;8879.0;1
400;BOT_TAKER;SUBMISSION;SLEEP_POD_COTTON;XIRECS;11107.0;2
400;BOT_TAKER;SUBMISSION;ROBOT_VACUUMING;XIRECS;10079.0;2
400;BOT_TAKER;SUBMISSION;ROBOT_MOPPING;XIRECS;9807.0;2
400;BOT_TAKER;SUBMISSION;ROBOT_DISHES;XIRECS;9943.0;2
400;BOT_TAKER;BOT_MAKER;ROBOT_LAUNDRY;XIRECS;10200.0;2
400;BOT_TAKER;SUBMISSION;ROBOT_IRONING;XIRECS;9529.0;2
400;BOT_TAKER;SUBMISSION;UV_VISOR_YELLOW;XIRECS;11574.0;2
400;BOT_TAKER;SUBMISSION;UV_VISOR_AMBER;XIRECS;8523.0;2
400;BOT_TAKER;SUBMISSION;UV_VISOR_ORANGE;XIRECS;10176.0;2
400;BOT_TAKER;SUBMISSION;UV_VISOR_RED;XIRECS;10869.0;2
400;BOT_TAKER;SUBMISSION;UV_VISOR_MAGENTA;XIRECS;11375.0;2
400;BOT_TAKER;SUBMISSION;TRANSLATOR_SPACE_GRAY;XIRECS;9488.0;2
400;BOT_TAKER;BOT_MAKER;TRANSLATOR_ASTRO_BLACK;XIRECS;10160.0;2
400;BOT_TAKER;BOT_MAKER;TRANSLATOR_ECLIPSE_CHARCOAL;XIRECS;10236.0;2
400;BOT_TAKER;SUBMISSION;TRANSLATOR_GRAPHITE_MIST;XIRECS;9339.0;2
400;BOT_TAKER;SUBMISSION;TRANSLATOR_VOID_BLUE;XIRECS;11139.0;2
400;BOT_TAKER;SUBMISSION;PANEL_1X2;XIRECS;8408.0;2
400;BOT_TAKER;SUBMISSION;PANEL_2X2;XIRECS;10089.0;2
400;BOT_TAKER;SUBMISSION;PANEL_1X4;XIRECS;11088.0;2
400;BOT_TAKER;SUBMISSION;PANEL_2X4;XIRECS;10732.0;2
400;BOT_TAKER;SUBMISSION;PANEL_4X4;XIRECS;9685.0;2
400;BOT_TAKER;SUBMISSION;OXYGEN_SHAKE_MORNING_BREATH;XIRECS;11049.0;2
400;BOT_TAKER;SUBMISSION;OXYGEN_SHAKE_EVENING_BREATH;XIRECS;8418.0;2
400;BOT_TAKER;SUBMISSION;OXYGEN_SHAKE_MINT;XIRECS;10121.0;2
400;BOT_TAKER;SUBMISSION;OXYGEN_SHAKE_CHOCOLATE;XIRECS;9501.0;2
400;BOT_TAKER;SUBMISSION;OXYGEN_SHAKE_GARLIC;XIRECS;11834.0;2
400;BOT_TAKER;SUBMISSION;SNACKPACK_CHOCOLATE;XIRECS;9937.0;2
400;BOT_TAKER;BOT_MAKER;SNACKPACK_VANILLA;XIRECS;9997.0;2
400;BOT_TAKER;BOT_MAKER;SNACKPACK_PISTACHIO;XIRECS;9588.0;2
400;BOT_TAKER;BOT_MAKER;SNACKPACK_STRAWBERRY;XIRECS;10572.0;2
400;BOT_TAKER;SUBMISSION;SNACKPACK_RASPBERRY;XIRECS;10129.0;2
600;BOT_TAKER;SUBMISSION;MICROCHIP_CIRCLE;XIRECS;8894.0;3
600;BOT_TAKER;SUBMISSION;MICROCHIP_OVAL;XIRECS;9277.0;3
600;BOT_TAKER;SUBMISSION;MICROCHIP_SQUARE;XIRECS;12450.0;3
600;BOT_TAKER;SUBMISSION;MICROCHIP_RECTANGLE;XIRECS;9485.0;3
600;BOT_TAKER;BOT_MAKER;MICROCHIP_TRIANGLE;XIRECS;10720.0;3
2300;BOT_TAKER;SUBMISSION;MICROCHIP_CIRCLE;XIRECS;8913.0;2
2300;BOT_TAKER;SUBMISSION;MICROCHIP_OVAL;XIRECS;9217.0;2
2300;BOT_TAKER;SUBMISSION;MICROCHIP_SQUARE;XIRECS;12481.0;2
2300;BOT_TAKER;SUBMISSION;MICROCHIP_RECTANGLE;XIRECS;9445.0;2
2300;BOT_TAKER;BOT_MAKER;MICROCHIP_TRIANGLE;XIRECS;10623.0;2
7300;BOT_TAKER;SUBMISSION;MICROCHIP_CIRCLE;XIRECS;8878.0;2
7300;BOT_TAKER;BOT_MAKER;MICROCHIP_CIRCLE;XIRECS;8879.0;1
7300;BOT_TAKER;SUBMISSION;MICROCHIP_OVAL;XIRECS;9031.0;2
7300;BOT_TAKER;BOT_MAKER;MICROCHIP_OVAL;XIRECS;9032.0;1
7300;BOT_TAKER;SUBMISSION;MICROCHIP_SQUARE;XIRECS;12387.0;2
7300;BOT_TAKER;BOT_MAKER;MICROCHIP_SQUARE;XIRECS;12388.0;1
7300;BOT_TAKER;BOT_MAKER;MICROCHIP_RECTANGLE;XIRECS;9320.0;3
7300;BOT_TAKER;BOT_MAKER;MICROCHIP_TRIANGLE;XIRECS;10655.0;3
10200;BOT_TAKER;SUBMISSION;GALAXY_SOUNDS_DARK_MATTER;XIRECS;10430.0;2
10200;BOT_TAKER;SUBMISSION;GALAXY_SOUNDS_BLACK_HOLES;XIRECS;11477.0;2
10200;BOT_TAKER;SUBMISSION;GALAXY_SOUNDS_PLANETARY_RINGS;XIRECS;11114.0;2
10200;BOT_TAKER;SUBMISSION;GALAXY_SOUNDS_SOLAR_WINDS;XIRECS;9524.0;2
10200;BOT_TAKER;BOT_MAKER;GALAXY_SOUNDS_SOLAR_FLAMES;XIRECS;11214.0;2
10200;BOT_TAKER;SUBMISSION;SLEEP_POD_SUEDE;XIRECS;11290.0;2
10200;BOT_TAKER;BOT_MAKER;SLEEP_POD_LAMB_WOOL;XIRECS;10380.0;2
10200;BOT_TAKER;SUBMISSION;SLEEP_POD_POLYESTER;XIRECS;11697.0;2
10200;BOT_TAKER;BOT_MAKER;SLEEP_POD_NYLON;XIRECS;8838.0;2
10200;BOT_TAKER;SUBMISSION;SLEEP_POD_COTTON;XIRECS;11098.0;2
10200;BOT_TAKER;BOT_MAKER;ROBOT_VACUUMING;XIRECS;10073.0;2
10200;BOT_TAKER;SUBMISSION;ROBOT_MOPPING;XIRECS;9840.0;2
10200;BOT_TAKER;BOT_MAKER;ROBOT_DISHES;XIRECS;9553.0;2
10200;BOT_TAKER;BOT_MAKER;ROBOT_LAUNDRY;XIRECS;10132.0;2
10200;BOT_TAKER;SUBMISSION;ROBOT_IRONING;XIRECS;9674.0;2
10200;BOT_TAKER;SUBMISSION;UV_VISOR_YELLOW;XIRECS;11522.0;2
10200;BOT_TAKER;SUBMISSION;UV_VISOR_AMBER;XIRECS;8510.0;2
10200;BOT_TAKER;SUBMISSION;UV_VISOR_ORANGE;XIRECS;10111.0;2
10200;BOT_TAKER;BOT_MAKER;UV_VISOR_RED;XIRECS;10842.0;2
10200;BOT_TAKER;SUBMISSION;UV_VISOR_MAGENTA;XIRECS;11366.0;2
10200;BOT_TAKER;SUBMISSION;TRANSLATOR_SPACE_GRAY;XIRECS;9487.0;2
10200;BOT_TAKER;BOT_MAKER;TRANSLATOR_ASTRO_BLACK;XIRECS;10131.0;2
10200;BOT_TAKER;BOT_MAKER;TRANSLATOR_ECLIPSE_CHARCOAL;XIRECS;10117.0;2
10200;BOT_TAKER;SUBMISSION;TRANSLATOR_GRAPHITE_MIST;XIRECS;9127.0;2
10200;BOT_TAKER;SUBMISSION;TRANSLATOR_VOID_BLUE;XIRECS;11164.0;2
10200;BOT_TAKER;SUBMISSION;PANEL_1X2;XIRECS;8417.0;2
10200;BOT_TAKER;SUBMISSION;PANEL_2X2;XIRECS;10142.0;2
10200;BOT_TAKER;SUBMISSION;PANEL_1X4;XIRECS;10991.0;2
10200;BOT_TAKER;SUBMISSION;PANEL_2X4;XIRECS;10869.0;2
10200;BOT_TAKER;SUBMISSION;PANEL_4X4;XIRECS;9633.0;2
10200;BOT_TAKER;SUBMISSION;OXYGEN_SHAKE_MORNING_BREATH;XIRECS;11099.0;2
10200;BOT_TAKER;SUBMISSION;OXYGEN_SHAKE_EVENING_BREATH;XIRECS;8477.0;2
10200;BOT_TAKER;SUBMISSION;OXYGEN_SHAKE_MINT;XIRECS;10125.0;2
10200;BOT_TAKER;SUBMISSION;OXYGEN_SHAKE_CHOCOLATE;XIRECS;9542.0;2
10200;BOT_TAKER;SUBMISSION;OXYGEN_SHAKE_GARLIC;XIRECS;11840.0;2
10200;BOT_TAKER;BOT_MAKER;SNACKPACK_CHOCOLATE;XIRECS;9918.0;2
10200;BOT_TAKER;SUBMISSION;SNACKPACK_VANILLA;XIRECS;10031.0;2
10200;BOT_TAKER;SUBMISSION;SNACKPACK_PISTACHIO;XIRECS;9691.0;2
10200;BOT_TAKER;SUBMISSION;SNACKPACK_STRAWBERRY;XIRECS;10729.0;2
10200;BOT_TAKER;BOT_MAKER;SNACKPACK_RASPBERRY;XIRECS;9955.0;2
10500;BOT_TAKER;SUBMISSION;GALAXY_SOUNDS_DARK_MATTER;XIRECS;10439.0;4
10500;BOT_TAKER;SUBMISSION;GALAXY_SOUNDS_BLACK_HOLES;XIRECS;11440.0;2
10500;BOT_TAKER;BOT_MAKER;GALAXY_SOUNDS_BLACK_HOLES;XIRECS;11441.0;2
10500;BOT_TAKER;SUBMISSION;GALAXY_SOUNDS_PLANETARY_RINGS;XIRECS;11087.0;2
10500;BOT_TAKER;BOT_MAKER;GALAXY_SOUNDS_PLANETARY_RINGS;XIRECS;11088.0;2
10500;BOT_TAKER;SUBMISSION;GALAXY_SOUNDS_SOLAR_WINDS;XIRECS;9538.0;2
10500;BOT_TAKER;BOT_MAKER;GALAXY_SOUNDS_SOLAR_WINDS;XIRECS;9539.0;2
10500;BOT_TAKER;BOT_MAKER;GALAXY_SOUNDS_SOLAR_FLAMES;XIRECS;11201.0;4
10500;BOT_TAKER;SUBMISSION;SLEEP_POD_SUEDE;XIRECS;11284.0;4
10500;BOT_TAKER;BOT_MAKER;SLEEP_POD_LAMB_WOOL;XIRECS;10388.0;4
10500;BOT_TAKER;SUBMISSION;SLEEP_POD_POLYESTER;XIRECS;11716.0;2
10500;BOT_TAKER;BOT_MAKER;SLEEP_POD_POLYESTER;XIRECS;11717.0;2
10500;BOT_TAKER;BOT_MAKER;SLEEP_POD_NYLON;XIRECS;8821.0;4
10500;BOT_TAKER;SUBMISSION;SLEEP_POD_COTTON;XIRECS;11122.0;2
10500;BOT_TAKER;BOT_MAKER;SLEEP_POD_COTTON;XIRECS;11123.0;2
10500;BOT_TAKER;SUBMISSION;ROBOT_VACUUMING;XIRECS;10087.0;4
10500;BOT_TAKER;SUBMISSION;ROBOT_MOPPING;XIRECS;9869.0;2
10500;BOT_TAKER;BOT_MAKER;ROBOT_MOPPING;XIRECS;9870.0;2
10500;BOT_TAKER;BOT_MAKER;ROBOT_DISHES;XIRECS;9518.0;4
10500;BOT_TAKER;BOT_MAKER;ROBOT_LAUNDRY;XIRECS;10121.0;4
10500;BOT_TAKER;SUBMISSION;ROBOT_IRONING;XIRECS;9689.0;2
10500;BOT_TAKER;BOT_MAKER;ROBOT_IRONING;XIRECS;9690.0;2
10500;BOT_TAKER;SUBMISSION;UV_VISOR_YELLOW;XIRECS;11551.0;2
10500;BOT_TAKER;BOT_MAKER;UV_VISOR_YELLOW;XIRECS;11552.0;2
10500;BOT_TAKER;SUBMISSION;UV_VISOR_AMBER;XIRECS;8518.0;2
10500;BOT_TAKER;BOT_MAKER;UV_VISOR_AMBER;XIRECS;8519.0;2
10500;BOT_TAKER;SUBMISSION;UV_VISOR_ORANGE;XIRECS;10083.0;2
10500;BOT_TAKER;BOT_MAKER;UV_VISOR_ORANGE;XIRECS;10084.0;2
10500;BOT_TAKER;BOT_MAKER;UV_VISOR_RED;XIRECS;10847.0;4
10500;BOT_TAKER;SUBMISSION;UV_VISOR_MAGENTA;XIRECS;11395.0;4
10500;BOT_TAKER;SUBMISSION;TRANSLATOR_SPACE_GRAY;XIRECS;9475.0;2
10500;BOT_TAKER;BOT_MAKER;TRANSLATOR_SPACE_GRAY;XIRECS;9476.0;2
10500;BOT_TAKER;BOT_MAKER;TRANSLATOR_ASTRO_BLACK;XIRECS;10134.0;4
10500;BOT_TAKER;BOT_MAKER;TRANSLATOR_ECLIPSE_CHARCOAL;XIRECS;10126.0;4
10500;BOT_TAKER;SUBMISSION;TRANSLATOR_GRAPHITE_MIST;XIRECS;9138.0;2
10500;BOT_TAKER;BOT_MAKER;TRANSLATOR_GRAPHITE_MIST;XIRECS;9139.0;2
10500;BOT_TAKER;SUBMISSION;TRANSLATOR_VOID_BLUE;XIRECS;11151.0;4
10500;BOT_TAKER;SUBMISSION;PANEL_1X2;XIRECS;8405.0;2
10500;BOT_TAKER;BOT_MAKER;PANEL_1X2;XIRECS;8406.0;2
10500;BOT_TAKER;SUBMISSION;PANEL_2X2;XIRECS;10143.0;2
10500;BOT_TAKER;BOT_MAKER;PANEL_2X2;XIRECS;10144.0;2
10500;BOT_TAKER;SUBMISSION;PANEL_1X4;XIRECS;10984.0;2
10500;BOT_TAKER;BOT_MAKER;PANEL_1X4;XIRECS;10985.0;2
10500;BOT_TAKER;SUBMISSION;PANEL_2X4;XIRECS;10881.0;4
10500;BOT_TAKER;SUBMISSION;PANEL_4X4;XIRECS;9647.0;2
10500;BOT_TAKER;BOT_MAKER;PANEL_4X4;XIRECS;9648.0;2
10500;BOT_TAKER;SUBMISSION;OXYGEN_SHAKE_MORNING_BREATH;XIRECS;11085.0;2
10500;BOT_TAKER;BOT_MAKER;OXYGEN_SHAKE_MORNING_BREATH;XIRECS;11086.0;2
10500;BOT_TAKER;SUBMISSION;OXYGEN_SHAKE_EVENING_BREATH;XIRECS;8465.0;2
10500;BOT_TAKER;BOT_MAKER;OXYGEN_SHAKE_EVENING_BREATH;XIRECS;8466.0;2
10500;BOT_TAKER;SUBMISSION;OXYGEN_SHAKE_MINT;XIRECS;10110.0;2
10500;BOT_TAKER;BOT_MAKER;OXYGEN_SHAKE_MINT;XIRECS;10111.0;2
10500;BOT_TAKER;SUBMISSION;OXYGEN_SHAKE_CHOCOLATE;XIRECS;9531.0;4
10500;BOT_TAKER;SUBMISSION;OXYGEN_SHAKE_GARLIC;XIRECS;11839.0;2
10500;BOT_TAKER;BOT_MAKER;OXYGEN_SHAKE_GARLIC;XIRECS;11840.0;2
10500;BOT_TAKER;SUBMISSION;SNACKPACK_CHOCOLATE;XIRECS;9941.0;4
10500;BOT_TAKER;SUBMISSION;SNACKPACK_VANILLA;XIRECS;10013.0;3
10500;BOT_TAKER;BOT_MAKER;SNACKPACK_VANILLA;XIRECS;10014.0;1
10500;BOT_TAKER;SUBMISSION;SNACKPACK_PISTACHIO;XIRECS;9696.0;4
10500;BOT_TAKER;SUBMISSION;SNACKPACK_STRAWBERRY;XIRECS;10728.0;4
10500;BOT_TAKER;BOT_MAKER;SNACKPACK_RASPBERRY;XIRECS;9954.0;4
10700;SUBMISSION;BOT_TAKER;PEBBLES_XS;XIRECS;7893.0;4
10700;SUBMISSION;BOT_TAKER;PEBBLES_S;XIRECS;9132.0;4
10700;BOT_MAKER;BOT_TAKER;PEBBLES_M;XIRECS;9201.0;4
10700;SUBMISSION;BOT_TAKER;PEBBLES_L;XIRECS;10174.0;4
10700;SUBMISSION;BOT_TAKER;PEBBLES_XL;XIRECS;13573.0;4
11700;BOT_TAKER;SUBMISSION;GALAXY_SOUNDS_DARK_MATTER;XIRECS;10436.0;1
11700;BOT_TAKER;SUBMISSION;GALAXY_SOUNDS_BLACK_HOLES;XIRECS;11437.0;1
11700;BOT_TAKER;SUBMISSION;GALAXY_SOUNDS_PLANETARY_RINGS;XIRECS;11007.0;1
11700;BOT_TAKER;SUBMISSION;GALAXY_SOUNDS_SOLAR_WINDS;XIRECS;9514.0;1
11700;BOT_TAKER;BOT_MAKER;GALAXY_SOUNDS_SOLAR_FLAMES;XIRECS;11216.0;1
11700;BOT_TAKER;SUBMISSION;SLEEP_POD_SUEDE;XIRECS;11292.0;1
11700;BOT_TAKER;BOT_MAKER;SLEEP_POD_LAMB_WOOL;XIRECS;10385.0;1
11700;BOT_TAKER;SUBMISSION;SLEEP_POD_POLYESTER;XIRECS;11752.0;1
11700;BOT_TAKER;BOT_MAKER;SLEEP_POD_NYLON;XIRECS;8771.0;1
11700;BOT_TAKER;SUBMISSION;SLEEP_POD_COTTON;XIRECS;11174.0;1
11700;BOT_TAKER;BOT_MAKER;ROBOT_VACUUMING;XIRECS;10079.0;1
11700;BOT_TAKER;SUBMISSION;ROBOT_MOPPING;XIRECS;9878.0;1
11700;BOT_TAKER;BOT_MAKER;ROBOT_DISHES;XIRECS;9560.0;1
11700;BOT_TAKER;BOT_MAKER;ROBOT_LAUNDRY;XIRECS;10104.0;1
11700;BOT_TAKER;SUBMISSION;ROBOT_IRONING;XIRECS;9679.0;1
11700;BOT_TAKER;SUBMISSION;UV_VISOR_YELLOW;XIRECS;11565.0;1
11700;BOT_TAKER;SUBMISSION;UV_VISOR_AMBER;XIRECS;8513.0;1
11700;BOT_TAKER;SUBMISSION;UV_VISOR_ORANGE;XIRECS;10117.0;1
11700;BOT_TAKER;SUBMISSION;UV_VISOR_RED;XIRECS;10875.0;1
11700;BOT_TAKER;SUBMISSION;UV_VISOR_MAGENTA;XIRECS;11386.0;1
11700;BOT_TAKER;SUBMISSION;TRANSLATOR_SPACE_GRAY;XIRECS;9533.0;1
11700;BOT_TAKER;BOT_MAKER;TRANSLATOR_ASTRO_BLACK;XIRECS;10129.0;1
11700;BOT_TAKER;BOT_MAKER;TRANSLATOR_ECLIPSE_CHARCOAL;XIRECS;10069.0;1
11700;BOT_TAKER;SUBMISSION;TRANSLATOR_GRAPHITE_MIST;XIRECS;9141.0;1
11700;BOT_TAKER;SUBMISSION;TRANSLATOR_VOID_BLUE;XIRECS;11166.0;1
11700;BOT_TAKER;SUBMISSION;PANEL_1X2;XIRECS;8439.0;1
11700;BOT_TAKER;SUBMISSION;PANEL_2X2;XIRECS;10124.0;1
11700;BOT_TAKER;SUBMISSION;PANEL_1X4;XIRECS;10990.0;1
11700;BOT_TAKER;SUBMISSION;PANEL_2X4;XIRECS;10927.0;1
11700;BOT_TAKER;SUBMISSION;PANEL_4X4;XIRECS;9630.0;1
11700;BOT_TAKER;SUBMISSION;OXYGEN_SHAKE_MORNING_BREATH;XIRECS;11085.0;1
11700;BOT_TAKER;SUBMISSION;OXYGEN_SHAKE_EVENING_BREATH;XIRECS;8476.0;1
11700;BOT_TAKER;SUBMISSION;OXYGEN_SHAKE_MINT;XIRECS;10070.0;1
11700;BOT_TAKER;SUBMISSION;OXYGEN_SHAKE_CHOCOLATE;XIRECS;9573.0;1
11700;BOT_TAKER;SUBMISSION;OXYGEN_SHAKE_GARLIC;XIRECS;11783.0;1
11700;BOT_TAKER;SUBMISSION;SNACKPACK_CHOCOLATE;XIRECS;9945.0;1
11700;BOT_TAKER;BOT_MAKER;SNACKPACK_VANILLA;XIRECS;9992.0;1
11700;BOT_TAKER;SUBMISSION;SNACKPACK_PISTACHIO;XIRECS;9710.0;1
11700;BOT_TAKER;SUBMISSION;SNACKPACK_STRAWBERRY;XIRECS;10765.0;1
11700;BOT_TAKER;BOT_MAKER;SNACKPACK_RASPBERRY;XIRECS;9907.0;1
13600;SUBMISSION;BOT_TAKER;PEBBLES_XS;XIRECS;7724.0;2
13600;BOT_MAKER;BOT_TAKER;PEBBLES_XS;XIRECS;7723.0;3
13600;BOT_MAKER;BOT_TAKER;PEBBLES_S;XIRECS;9194.0;5
13600;BOT_MAKER;BOT_TAKER;PEBBLES_M;XIRECS;9135.0;5
13600;SUBMISSION;BOT_TAKER;PEBBLES_L;XIRECS;10121.0;2
13600;BOT_MAKER;BOT_TAKER;PEBBLES_L;XIRECS;10120.0;3
13600;BOT_MAKER;BOT_TAKER;PEBBLES_XL;XIRECS;13797.0;5
14100;SUBMISSION;BOT_TAKER;MICROCHIP_CIRCLE;XIRECS;8791.0;2
14100;SUBMISSION;BOT_TAKER;MICROCHIP_OVAL;XIRECS;9023.0;2
14100;SUBMISSION;BOT_TAKER;MICROCHIP_SQUARE;XIRECS;12563.0;2
14100;SUBMISSION;BOT_TAKER;MICROCHIP_RECTANGLE;XIRECS;9232.0;2
14100;SUBMISSION;BOT_TAKER;MICROCHIP_TRIANGLE;XIRECS;10613.0;2
14200;BOT_TAKER;SUBMISSION;PEBBLES_XS;XIRECS;7695.0;5
14200;BOT_TAKER;SUBMISSION;PEBBLES_S;XIRECS;9175.0;5
14200;BOT_TAKER;SUBMISSION;PEBBLES_M;XIRECS;9157.0;5
14200;BOT_TAKER;SUBMISSION;PEBBLES_L;XIRECS;10092.0;5
14200;BOT_TAKER;SUBMISSION;PEBBLES_XL;XIRECS;13907.0;5
15900;BOT_TAKER;SUBMISSION;PEBBLES_XS;XIRECS;7754.0;4
15900;BOT_TAKER;SUBMISSION;PEBBLES_S;XIRECS;9184.0;4
15900;BOT_TAKER;SUBMISSION;PEBBLES_M;XIRECS;9260.0;4
15900;BOT_TAKER;SUBMISSION;PEBBLES_L;XIRECS;10196.0;4
15900;BOT_TAKER;BOT_MAKER;PEBBLES_XL;XIRECS;13633.0;4
17300;BOT_TAKER;SUBMISSION;PEBBLES_XS;XIRECS;7773.0;2
17300;BOT_TAKER;BOT_MAKER;PEBBLES_XS;XIRECS;7774.0;1
17300;BOT_TAKER;BOT_MAKER;PEBBLES_S;XIRECS;9168.0;3
17300;BOT_TAKER;SUBMISSION;PEBBLES_M;XIRECS;9343.0;1
17300;BOT_TAKER;BOT_MAKER;PEBBLES_M;XIRECS;9344.0;2
17300;BOT_TAKER;SUBMISSION;PEBBLES_L;XIRECS;10230.0;2
17300;BOT_TAKER;BOT_MAKER;PEBBLES_L;XIRECS;10231.0;1
17300;BOT_TAKER;BOT_MAKER;PEBBLES_XL;XIRECS;13514.0;3
17500;BOT_TAKER;SUBMISSION;GALAXY_SOUNDS_DARK_MATTER;XIRECS;10478.0;3
17500;BOT_TAKER;BOT_MAKER;GALAXY_SOUNDS_DARK_MATTER;XIRECS;10479.0;1
17500;BOT_TAKER;SUBMISSION;GALAXY_SOUNDS_BLACK_HOLES;XIRECS;11350.0;2
17500;BOT_TAKER;BOT_MAKER;GALAXY_SOUNDS_BLACK_HOLES;XIRECS;11351.0;2
17500;BOT_TAKER;SUBMISSION;GALAXY_SOUNDS_PLANETARY_RINGS;XIRECS;10967.0;2
17500;BOT_TAKER;BOT_MAKER;GALAXY_SOUNDS_PLANETARY_RINGS;XIRECS;10968.0;2
17500;BOT_TAKER;SUBMISSION;GALAXY_SOUNDS_SOLAR_WINDS;XIRECS;9581.0;2
17500;BOT_TAKER;BOT_MAKER;GALAXY_SOUNDS_SOLAR_WINDS;XIRECS;9582.0;2
17500;BOT_TAKER;BOT_MAKER;GALAXY_SOUNDS_SOLAR_FLAMES;XIRECS;11156.0;4
17500;BOT_TAKER;SUBMISSION;SLEEP_POD_SUEDE;XIRECS;11375.0;3
17500;BOT_TAKER;BOT_MAKER;SLEEP_POD_SUEDE;XIRECS;11376.0;1
17500;BOT_TAKER;BOT_MAKER;SLEEP_POD_LAMB_WOOL;XIRECS;10314.0;4
17500;BOT_TAKER;SUBMISSION;SLEEP_POD_POLYESTER;XIRECS;11844.0;2
17500;BOT_TAKER;BOT_MAKER;SLEEP_POD_POLYESTER;XIRECS;11845.0;2
17500;BOT_TAKER;BOT_MAKER;SLEEP_POD_NYLON;XIRECS;8789.0;4
17500;BOT_TAKER;SUBMISSION;SLEEP_POD_COTTON;XIRECS;11095.0;2
17500;BOT_TAKER;BOT_MAKER;SLEEP_POD_COTTON;XIRECS;11096.0;2
17500;BOT_TAKER;BOT_MAKER;ROBOT_VACUUMING;XIRECS;9940.0;4
17500;BOT_TAKER;SUBMISSION;ROBOT_MOPPING;XIRECS;9793.0;2
17500;BOT_TAKER;BOT_MAKER;ROBOT_MOPPING;XIRECS;9794.0;2
17500;BOT_TAKER;BOT_MAKER;ROBOT_DISHES;XIRECS;9596.0;4
17500;BOT_TAKER;BOT_MAKER;ROBOT_LAUNDRY;XIRECS;10172.0;4
17500;BOT_TAKER;SUBMISSION;ROBOT_IRONING;XIRECS;9655.0;2
17500;BOT_TAKER;BOT_MAKER;ROBOT_IRONING;XIRECS;9656.0;2
17500;BOT_TAKER;SUBMISSION;UV_VISOR_YELLOW;XIRECS;11562.0;2
17500;BOT_TAKER;BOT_MAKER;UV_VISOR_YELLOW;XIRECS;11563.0;2
17500;BOT_TAKER;SUBMISSION;UV_VISOR_AMBER;XIRECS;8535.0;2
17500;BOT_TAKER;BOT_MAKER;UV_VISOR_AMBER;XIRECS;8536.0;2
17500;BOT_TAKER;SUBMISSION;UV_VISOR_ORANGE;XIRECS;10172.0;2
17500;BOT_TAKER;BOT_MAKER;UV_VISOR_ORANGE;XIRECS;10173.0;2
17500;BOT_TAKER;SUBMISSION;UV_VISOR_RED;XIRECS;11039.0;4
17500;BOT_TAKER;SUBMISSION;UV_VISOR_MAGENTA;XIRECS;11538.0;1
17500;BOT_TAKER;BOT_MAKER;UV_VISOR_MAGENTA;XIRECS;11539.0;3
17500;BOT_TAKER;SUBMISSION;TRANSLATOR_SPACE_GRAY;XIRECS;9427.0;2
17500;BOT_TAKER;BOT_MAKER;TRANSLATOR_SPACE_GRAY;XIRECS;9428.0;2
17500;BOT_TAKER;BOT_MAKER;TRANSLATOR_ASTRO_BLACK;XIRECS;9998.0;4
17500;BOT_TAKER;BOT_MAKER;TRANSLATOR_ECLIPSE_CHARCOAL;XIRECS;10169.0;4
17500;BOT_TAKER;SUBMISSION;TRANSLATOR_GRAPHITE_MIST;XIRECS;9050.0;2
17500;BOT_TAKER;BOT_MAKER;TRANSLATOR_GRAPHITE_MIST;XIRECS;9051.0;2
17500;BOT_TAKER;SUBMISSION;TRANSLATOR_VOID_BLUE;XIRECS;11171.0;1
17500;BOT_TAKER;BOT_MAKER;TRANSLATOR_VOID_BLUE;XIRECS;11172.0;3
17500;BOT_TAKER;SUBMISSION;PANEL_1X2;XIRECS;8516.0;2
17500;BOT_TAKER;BOT_MAKER;PANEL_1X2;XIRECS;8517.0;2
17500;BOT_TAKER;SUBMISSION;PANEL_2X2;XIRECS;10269.0;2
17500;BOT_TAKER;BOT_MAKER;PANEL_2X2;XIRECS;10270.0;2
17500;BOT_TAKER;SUBMISSION;PANEL_1X4;XIRECS;10979.0;2
17500;BOT_TAKER;BOT_MAKER;PANEL_1X4;XIRECS;10980.0;2
17500;BOT_TAKER;SUBMISSION;PANEL_2X4;XIRECS;10952.0;1
17500;BOT_TAKER;BOT_MAKER;PANEL_2X4;XIRECS;10953.0;3
17500;BOT_TAKER;SUBMISSION;PANEL_4X4;XIRECS;9729.0;2
17500;BOT_TAKER;BOT_MAKER;PANEL_4X4;XIRECS;9730.0;2
17500;BOT_TAKER;SUBMISSION;OXYGEN_SHAKE_MORNING_BREATH;XIRECS;11053.0;2
17500;BOT_TAKER;BOT_MAKER;OXYGEN_SHAKE_MORNING_BREATH;XIRECS;11054.0;2
17500;BOT_TAKER;SUBMISSION;OXYGEN_SHAKE_EVENING_BREATH;XIRECS;8439.0;2
17500;BOT_TAKER;BOT_MAKER;OXYGEN_SHAKE_EVENING_BREATH;XIRECS;8440.0;2
17500;BOT_TAKER;SUBMISSION;OXYGEN_SHAKE_MINT;XIRECS;10087.0;2
17500;BOT_TAKER;BOT_MAKER;OXYGEN_SHAKE_MINT;XIRECS;10088.0;2
17500;BOT_TAKER;SUBMISSION;OXYGEN_SHAKE_CHOCOLATE;XIRECS;9659.0;1
17500;BOT_TAKER;BOT_MAKER;OXYGEN_SHAKE_CHOCOLATE;XIRECS;9660.0;3
17500;BOT_TAKER;SUBMISSION;OXYGEN_SHAKE_GARLIC;XIRECS;11818.0;2
17500;BOT_TAKER;BOT_MAKER;OXYGEN_SHAKE_GARLIC;XIRECS;11819.0;2
17500;BOT_TAKER;BOT_MAKER;SNACKPACK_CHOCOLATE;XIRECS;9923.0;4
17500;BOT_TAKER;BOT_MAKER;SNACKPACK_VANILLA;XIRECS;9998.0;4
17500;BOT_TAKER;SUBMISSION;SNACKPACK_PISTACHIO;XIRECS;9720.0;3
17500;BOT_TAKER;BOT_MAKER;SNACKPACK_PISTACHIO;XIRECS;9721.0;1
17500;BOT_TAKER;SUBMISSION;SNACKPACK_STRAWBERRY;XIRECS;10772.0;3
17500;BOT_TAKER;BOT_MAKER;SNACKPACK_STRAWBERRY;XIRECS;10773.0;1
17500;BOT_TAKER;BOT_MAKER;SNACKPACK_RASPBERRY;XIRECS;9890.0;4
19200;BOT_TAKER;BOT_MAKER;GALAXY_SOUNDS_DARK_MATTER;XIRECS;10520.0;3
19200;BOT_TAKER;SUBMISSION;GALAXY_SOUNDS_BLACK_HOLES;XIRECS;11334.0;1
19200;BOT_TAKER;BOT_MAKER;GALAXY_SOUNDS_BLACK_HOLES;XIRECS;11335.0;2
19200;BOT_TAKER;SUBMISSION;GALAXY_SOUNDS_PLANETARY_RINGS;XIRECS;10981.0;1
19200;BOT_TAKER;BOT_MAKER;GALAXY_SOUNDS_PLANETARY_RINGS;XIRECS;10982.0;2
19200;BOT_TAKER;SUBMISSION;GALAXY_SOUNDS_SOLAR_WINDS;XIRECS;9573.0;1
19200;BOT_TAKER;BOT_MAKER;GALAXY_SOUNDS_SOLAR_WINDS;XIRECS;9574.0;2
19200;BOT_TAKER;BOT_MAKER;GALAXY_SOUNDS_SOLAR_FLAMES;XIRECS;11158.0;3
19200;BOT_TAKER;BOT_MAKER;SLEEP_POD_SUEDE;XIRECS;11301.0;3
19200;BOT_TAKER;BOT_MAKER;SLEEP_POD_LAMB_WOOL;XIRECS;10286.0;3
19200;BOT_TAKER;SUBMISSION;SLEEP_POD_POLYESTER;XIRECS;11865.0;1
19200;BOT_TAKER;BOT_MAKER;SLEEP_POD_POLYESTER;XIRECS;11866.0;2
19200;BOT_TAKER;BOT_MAKER;SLEEP_POD_NYLON;XIRECS;8813.0;3
19200;BOT_TAKER;SUBMISSION;SLEEP_POD_COTTON;XIRECS;11055.0;1
19200;BOT_TAKER;BOT_MAKER;SLEEP_POD_COTTON;XIRECS;11056.0;2
19200;BOT_TAKER;BOT_MAKER;ROBOT_VACUUMING;XIRECS;9900.0;3
19200;BOT_TAKER;SUBMISSION;ROBOT_MOPPING;XIRECS;9790.0;1
19200;BOT_TAKER;BOT_MAKER;ROBOT_MOPPING;XIRECS;9791.0;2
19200;BOT_TAKER;BOT_MAKER;ROBOT_DISHES;XIRECS;9600.0;3
19200;BOT_TAKER;BOT_MAKER;ROBOT_LAUNDRY;XIRECS;10196.0;3
19200;BOT_TAKER;SUBMISSION;ROBOT_IRONING;XIRECS;9615.0;1
19200;BOT_TAKER;BOT_MAKER;ROBOT_IRONING;XIRECS;9616.0;2
19200;BOT_TAKER;SUBMISSION;UV_VISOR_YELLOW;XIRECS;11546.0;1
19200;BOT_TAKER;BOT_MAKER;UV_VISOR_YELLOW;XIRECS;11547.0;2
19200;BOT_TAKER;SUBMISSION;UV_VISOR_AMBER;XIRECS;8513.0;1
19200;BOT_TAKER;BOT_MAKER;UV_VISOR_AMBER;XIRECS;8514.0;2
19200;BOT_TAKER;SUBMISSION;UV_VISOR_ORANGE;XIRECS;10087.0;1
19200;BOT_TAKER;BOT_MAKER;UV_VISOR_ORANGE;XIRECS;10088.0;2
19200;BOT_TAKER;SUBMISSION;UV_VISOR_RED;XIRECS;11010.0;3
19200;BOT_TAKER;BOT_MAKER;UV_VISOR_MAGENTA;XIRECS;11524.0;3
19200;BOT_TAKER;SUBMISSION;TRANSLATOR_SPACE_GRAY;XIRECS;9382.0;1
19200;BOT_TAKER;BOT_MAKER;TRANSLATOR_SPACE_GRAY;XIRECS;9383.0;2
19200;BOT_TAKER;BOT_MAKER;TRANSLATOR_ASTRO_BLACK;XIRECS;9983.0;3
19200;BOT_TAKER;BOT_MAKER;TRANSLATOR_ECLIPSE_CHARCOAL;XIRECS;10129.0;3
19200;BOT_TAKER;SUBMISSION;TRANSLATOR_GRAPHITE_MIST;XIRECS;9076.0;1
19200;BOT_TAKER;BOT_MAKER;TRANSLATOR_GRAPHITE_MIST;XIRECS;9077.0;2
19200;BOT_TAKER;BOT_MAKER;TRANSLATOR_VOID_BLUE;XIRECS;11137.0;3
19200;BOT_TAKER;SUBMISSION;PANEL_1X2;XIRECS;8428.0;1
19200;BOT_TAKER;BOT_MAKER;PANEL_1X2;XIRECS;8429.0;2
19200;BOT_TAKER;SUBMISSION;PANEL_2X2;XIRECS;10278.0;1
19200;BOT_TAKER;BOT_MAKER;PANEL_2X2;XIRECS;10279.0;2
19200;BOT_TAKER;SUBMISSION;PANEL_1X4;XIRECS;10904.0;1
19200;BOT_TAKER;BOT_MAKER;PANEL_1X4;XIRECS;10905.0;2
19200;BOT_TAKER;BOT_MAKER;PANEL_2X4;XIRECS;10973.0;3
19200;BOT_TAKER;SUBMISSION;PANEL_4X4;XIRECS;9805.0;1
19200;BOT_TAKER;BOT_MAKER;PANEL_4X4;XIRECS;9806.0;2
19200;BOT_TAKER;SUBMISSION;OXYGEN_SHAKE_MORNING_BREATH;XIRECS;11084.0;1
19200;BOT_TAKER;BOT_MAKER;OXYGEN_SHAKE_MORNING_BREATH;XIRECS;11085.0;2
19200;BOT_TAKER;SUBMISSION;OXYGEN_SHAKE_EVENING_BREATH;XIRECS;8542.0;1
19200;BOT_TAKER;BOT_MAKER;OXYGEN_SHAKE_EVENING_BREATH;XIRECS;8543.0;2
19200;BOT_TAKER;SUBMISSION;OXYGEN_SHAKE_MINT;XIRECS;10028.0;1
19200;BOT_TAKER;BOT_MAKER;OXYGEN_SHAKE_MINT;XIRECS;10029.0;2
19200;BOT_TAKER;BOT_MAKER;OXYGEN_SHAKE_CHOCOLATE;XIRECS;9690.0;3
19200;BOT_TAKER;SUBMISSION;OXYGEN_SHAKE_GARLIC;XIRECS;11872.0;1
19200;BOT_TAKER;BOT_MAKER;OXYGEN_SHAKE_GARLIC;XIRECS;11873.0;2
19200;BOT_TAKER;BOT_MAKER;SNACKPACK_CHOCOLATE;XIRECS;9911.0;3
19200;BOT_TAKER;BOT_MAKER;SNACKPACK_VANILLA;XIRECS;10015.0;3
19200;BOT_TAKER;BOT_MAKER;SNACKPACK_PISTACHIO;XIRECS;9718.0;3
19200;BOT_TAKER;BOT_MAKER;SNACKPACK_STRAWBERRY;XIRECS;10764.0;3
19200;BOT_TAKER;BOT_MAKER;SNACKPACK_RASPBERRY;XIRECS;9900.0;3
20300;BOT_TAKER;SUBMISSION;PEBBLES_XS;XIRECS;7726.0;2
20300;BOT_TAKER;SUBMISSION;PEBBLES_S;XIRECS;9195.0;2
20300;BOT_TAKER;BOT_MAKER;PEBBLES_M;XIRECS;9374.0;2
20300;BOT_TAKER;SUBMISSION;PEBBLES_L;XIRECS;10344.0;2
20300;BOT_TAKER;BOT_MAKER;PEBBLES_XL;XIRECS;13389.0;2
23800;SUBMISSION;BOT_TAKER;MICROCHIP_CIRCLE;XIRECS;8879.0;3
23800;SUBMISSION;BOT_TAKER;MICROCHIP_OVAL;XIRECS;8926.0;3
23800;SUBMISSION;BOT_TAKER;MICROCHIP_SQUARE;XIRECS;12150.0;3
23800;SUBMISSION;BOT_TAKER;MICROCHIP_RECTANGLE;XIRECS;9376.0;3
23800;SUBMISSION;BOT_TAKER;MICROCHIP_TRIANGLE;XIRECS;10272.0;3
29400;BOT_TAKER;BOT_MAKER;GALAXY_SOUNDS_DARK_MATTER;XIRECS;10329.0;3
29400;BOT_TAKER;BOT_MAKER;GALAXY_SOUNDS_BLACK_HOLES;XIRECS;11246.0;3
29400;BOT_TAKER;BOT_MAKER;GALAXY_SOUNDS_PLANETARY_RINGS;XIRECS;11093.0;3
29400;BOT_TAKER;BOT_MAKER;GALAXY_SOUNDS_SOLAR_WINDS;XIRECS;9542.0;3
29400;BOT_TAKER;BOT_MAKER;GALAXY_SOUNDS_SOLAR_FLAMES;XIRECS;11183.0;3
29400;BOT_TAKER;BOT_MAKER;SLEEP_POD_SUEDE;XIRECS;11274.0;3
29400;BOT_TAKER;SUBMISSION;SLEEP_POD_LAMB_WOOL;XIRECS;10461.0;3
29400;BOT_TAKER;BOT_MAKER;SLEEP_POD_POLYESTER;XIRECS;11965.0;3
29400;BOT_TAKER;SUBMISSION;SLEEP_POD_NYLON;XIRECS;8927.0;3
29400;BOT_TAKER;BOT_MAKER;SLEEP_POD_COTTON;XIRECS;11236.0;3
29400;BOT_TAKER;BOT_MAKER;ROBOT_VACUUMING;XIRECS;9852.0;3
29400;BOT_TAKER;BOT_MAKER;ROBOT_MOPPING;XIRECS;9816.0;3
29400;BOT_TAKER;BOT_MAKER;ROBOT_DISHES;XIRECS;9509.0;3
29400;BOT_TAKER;SUBMISSION;ROBOT_LAUNDRY;XIRECS;10281.0;3
29400;BOT_TAKER;BOT_MAKER;ROBOT_IRONING;XIRECS;9662.0;3
29400;BOT_TAKER;BOT_MAKER;UV_VISOR_YELLOW;XIRECS;11553.0;3
29400;BOT_TAKER;BOT_MAKER;UV_VISOR_AMBER;XIRECS;8399.0;3
29400;BOT_TAKER;BOT_MAKER;UV_VISOR_ORANGE;XIRECS;10293.0;3
29400;BOT_TAKER;BOT_MAKER;UV_VISOR_RED;XIRECS;10869.0;3
29400;BOT_TAKER;BOT_MAKER;UV_VISOR_MAGENTA;XIRECS;11714.0;3
29400;BOT_TAKER;BOT_MAKER;TRANSLATOR_SPACE_GRAY;XIRECS;9329.0;3
29400;BOT_TAKER;BOT_MAKER;TRANSLATOR_ASTRO_BLACK;XIRECS;9772.0;3
29400;BOT_TAKER;BOT_MAKER;TRANSLATOR_ECLIPSE_CHARCOAL;XIRECS;10085.0;3
29400;BOT_TAKER;BOT_MAKER;TRANSLATOR_GRAPHITE_MIST;XIRECS;9003.0;3
29400;BOT_TAKER;BOT_MAKER;TRANSLATOR_VOID_BLUE;XIRECS;11208.0;3
29400;BOT_TAKER;BOT_MAKER;PANEL_1X2;XIRECS;8437.0;3
29400;BOT_TAKER;BOT_MAKER;PANEL_2X2;XIRECS;10220.0;3
29400;BOT_TAKER;BOT_MAKER;PANEL_1X4;XIRECS;11047.0;3
29400;BOT_TAKER;BOT_MAKER;PANEL_2X4;XIRECS;10853.0;3
29400;BOT_TAKER;BOT_MAKER;PANEL_4X4;XIRECS;9839.0;3
29400;BOT_TAKER;BOT_MAKER;OXYGEN_SHAKE_MORNING_BREATH;XIRECS;11237.0;3
29400;BOT_TAKER;BOT_MAKER;OXYGEN_SHAKE_EVENING_BREATH;XIRECS;8621.0;3
29400;BOT_TAKER;BOT_MAKER;OXYGEN_SHAKE_MINT;XIRECS;10273.0;3
29400;BOT_TAKER;BOT_MAKER;OXYGEN_SHAKE_CHOCOLATE;XIRECS;9737.0;3
29400;BOT_TAKER;BOT_MAKER;OXYGEN_SHAKE_GARLIC;XIRECS;11959.0;3
29400;BOT_TAKER;BOT_MAKER;SNACKPACK_CHOCOLATE;XIRECS;9890.0;3
29400;BOT_TAKER;SUBMISSION;SNACKPACK_VANILLA;XIRECS;10098.0;3
29400;BOT_TAKER;BOT_MAKER;SNACKPACK_PISTACHIO;XIRECS;9803.0;3
29400;BOT_TAKER;BOT_MAKER;SNACKPACK_STRAWBERRY;XIRECS;10916.0;3
29400;BOT_TAKER;BOT_MAKER;SNACKPACK_RASPBERRY;XIRECS;9779.0;3
33600;SUBMISSION;BOT_TAKER;MICROCHIP_CIRCLE;XIRECS;8861.0;2
33600;SUBMISSION;BOT_TAKER;MICROCHIP_OVAL;XIRECS;8989.0;2
33600;SUBMISSION;BOT_TAKER;MICROCHIP_SQUARE;XIRECS;12270.0;2
33600;SUBMISSION;BOT_TAKER;MICROCHIP_RECTANGLE;XIRECS;9239.0;2
33600;SUBMISSION;BOT_TAKER;MICROCHIP_TRIANGLE;XIRECS;10141.0;2
40400;BOT_TAKER;BOT_MAKER;GALAXY_SOUNDS_DARK_MATTER;XIRECS;10270.0;2
40400;BOT_TAKER;BOT_MAKER;GALAXY_SOUNDS_BLACK_HOLES;XIRECS;11422.0;2
40400;BOT_TAKER;BOT_MAKER;GALAXY_SOUNDS_PLANETARY_RINGS;XIRECS;11106.0;2
40400;BOT_TAKER;BOT_MAKER;GALAXY_SOUNDS_SOLAR_WINDS;XIRECS;9690.0;2
40400;BOT_TAKER;BOT_MAKER;GALAXY_SOUNDS_SOLAR_FLAMES;XIRECS;11283.0;2
40400;BOT_TAKER;BOT_MAKER;SLEEP_POD_SUEDE;XIRECS;11285.0;2
40400;BOT_TAKER;BOT_MAKER;SLEEP_POD_LAMB_WOOL;XIRECS;10347.0;2
40400;BOT_TAKER;BOT_MAKER;SLEEP_POD_POLYESTER;XIRECS;12127.0;2
40400;BOT_TAKER;BOT_MAKER;SLEEP_POD_NYLON;XIRECS;8817.0;2
40400;BOT_TAKER;BOT_MAKER;SLEEP_POD_COTTON;XIRECS;10992.0;2
40400;BOT_TAKER;BOT_MAKER;ROBOT_VACUUMING;XIRECS;9780.0;2
40400;BOT_TAKER;BOT_MAKER;ROBOT_MOPPING;XIRECS;9838.0;2
40400;BOT_TAKER;BOT_MAKER;ROBOT_DISHES;XIRECS;9513.0;2
40400;BOT_TAKER;SUBMISSION;ROBOT_LAUNDRY;XIRECS;10284.0;2
40400;BOT_TAKER;BOT_MAKER;ROBOT_IRONING;XIRECS;9728.0;2
40400;BOT_TAKER;BOT_MAKER;UV_VISOR_YELLOW;XIRECS;11471.0;2
40400;BOT_TAKER;BOT_MAKER;UV_VISOR_AMBER;XIRECS;8314.0;2
40400;BOT_TAKER;BOT_MAKER;UV_VISOR_ORANGE;XIRECS;10387.0;2
40400;BOT_TAKER;BOT_MAKER;UV_VISOR_RED;XIRECS;10842.0;2
40400;BOT_TAKER;BOT_MAKER;UV_VISOR_MAGENTA;XIRECS;11787.0;2
40400;BOT_TAKER;BOT_MAKER;TRANSLATOR_SPACE_GRAY;XIRECS;9440.0;2
40400;BOT_TAKER;BOT_MAKER;TRANSLATOR_ASTRO_BLACK;XIRECS;9604.0;2
40400;BOT_TAKER;BOT_MAKER;TRANSLATOR_ECLIPSE_CHARCOAL;XIRECS;10087.0;2
40400;BOT_TAKER;BOT_MAKER;TRANSLATOR_GRAPHITE_MIST;XIRECS;8986.0;2
40400;BOT_TAKER;BOT_MAKER;TRANSLATOR_VOID_BLUE;XIRECS;11266.0;2
40400;BOT_TAKER;BOT_MAKER;PANEL_1X2;XIRECS;8253.0;2
40400;BOT_TAKER;BOT_MAKER;PANEL_2X2;XIRECS;10273.0;2
40400;BOT_TAKER;BOT_MAKER;PANEL_1X4;XIRECS;11101.0;2
40400;BOT_TAKER;BOT_MAKER;PANEL_2X4;XIRECS;11013.0;2
40400;BOT_TAKER;BOT_MAKER;PANEL_4X4;XIRECS;9704.0;2
40400;BOT_TAKER;BOT_MAKER;OXYGEN_SHAKE_MORNING_BREATH;XIRECS;11177.0;2
40400;BOT_TAKER;BOT_MAKER;OXYGEN_SHAKE_EVENING_BREATH;XIRECS;8763.0;2
40400;BOT_TAKER;BOT_MAKER;OXYGEN_SHAKE_MINT;XIRECS;10274.0;2
40400;BOT_TAKER;BOT_MAKER;OXYGEN_SHAKE_CHOCOLATE;XIRECS;9545.0;2
40400;BOT_TAKER;BOT_MAKER;OXYGEN_SHAKE_GARLIC;XIRECS;11805.0;2
40400;BOT_TAKER;BOT_MAKER;SNACKPACK_CHOCOLATE;XIRECS;9918.0;2
40400;BOT_TAKER;SUBMISSION;SNACKPACK_VANILLA;XIRECS;10066.0;2
40400;BOT_TAKER;BOT_MAKER;SNACKPACK_PISTACHIO;XIRECS;9737.0;2
40400;BOT_TAKER;BOT_MAKER;SNACKPACK_STRAWBERRY;XIRECS;10830.0;2
40400;BOT_TAKER;BOT_MAKER;SNACKPACK_RASPBERRY;XIRECS;9878.0;2
40500;SUBMISSION;BOT_TAKER;MICROCHIP_CIRCLE;XIRECS;8732.0;2
40500;SUBMISSION;BOT_TAKER;MICROCHIP_OVAL;XIRECS;9086.0;2
40500;SUBMISSION;BOT_TAKER;MICROCHIP_SQUARE;XIRECS;12410.0;2
40500;SUBMISSION;BOT_TAKER;MICROCHIP_RECTANGLE;XIRECS;8954.0;2
40500;SUBMISSION;BOT_TAKER;MICROCHIP_TRIANGLE;XIRECS;10199.0;2
42100;BOT_TAKER;SUBMISSION;PEBBLES_XS;XIRECS;7213.0;2
42100;BOT_TAKER;BOT_MAKER;PEBBLES_XS;XIRECS;7214.0;3
42100;BOT_TAKER;BOT_MAKER;PEBBLES_S;XIRECS;9027.0;5
42100;BOT_TAKER;BOT_MAKER;PEBBLES_M;XIRECS;9716.0;5
42100;BOT_TAKER;SUBMISSION;PEBBLES_L;XIRECS;10659.0;2
42100;BOT_TAKER;BOT_MAKER;PEBBLES_L;XIRECS;10660.0;3
42100;BOT_TAKER;BOT_MAKER;PEBBLES_XL;XIRECS;13414.0;5
47800;BOT_TAKER;SUBMISSION;PEBBLES_XS;XIRECS;7246.0;1
47800;BOT_TAKER;BOT_MAKER;PEBBLES_XS;XIRECS;7247.0;4
47800;BOT_TAKER;BOT_MAKER;PEBBLES_S;XIRECS;9129.0;5
47800;BOT_TAKER;BOT_MAKER;PEBBLES_M;XIRECS;9849.0;5
47800;BOT_TAKER;SUBMISSION;PEBBLES_L;XIRECS;10698.0;1
47800;BOT_TAKER;BOT_MAKER;PEBBLES_L;XIRECS;10699.0;4
47800;BOT_TAKER;BOT_MAKER;PEBBLES_XL;XIRECS;13107.0;5
47800;BOT_TAKER;SUBMISSION;MICROCHIP_CIRCLE;XIRECS;8674.0;2
47800;BOT_TAKER;SUBMISSION;MICROCHIP_OVAL;XIRECS;9066.0;2
47800;BOT_TAKER;SUBMISSION;MICROCHIP_SQUARE;XIRECS;12320.0;2
47800;BOT_TAKER;BOT_MAKER;MICROCHIP_RECTANGLE;XIRECS;8946.0;2
47800;BOT_TAKER;BOT_MAKER;MICROCHIP_TRIANGLE;XIRECS;10328.0;2
48300;BOT_TAKER;BOT_MAKER;PEBBLES_XS;XIRECS;7252.0;3
48300;BOT_TAKER;BOT_MAKER;PEBBLES_S;XIRECS;9127.0;3
48300;BOT_TAKER;BOT_MAKER;PEBBLES_M;XIRECS;9902.0;3
48300;BOT_TAKER;BOT_MAKER;PEBBLES_L;XIRECS;10665.0;3
48300;BOT_TAKER;BOT_MAKER;PEBBLES_XL;XIRECS;13084.0;3
50600;BOT_TAKER;SUBMISSION;MICROCHIP_CIRCLE;XIRECS;8681.0;3
50600;BOT_TAKER;SUBMISSION;MICROCHIP_OVAL;XIRECS;9051.0;3
50600;BOT_TAKER;SUBMISSION;MICROCHIP_SQUARE;XIRECS;12411.0;3
50600;BOT_TAKER;BOT_MAKER;MICROCHIP_RECTANGLE;XIRECS;8899.0;3
50600;BOT_TAKER;BOT_MAKER;MICROCHIP_TRIANGLE;XIRECS;10340.0;3
52100;BOT_TAKER;SUBMISSION;MICROCHIP_CIRCLE;XIRECS;8755.0;1
52100;BOT_TAKER;SUBMISSION;MICROCHIP_OVAL;XIRECS;9122.0;1
52100;BOT_TAKER;SUBMISSION;MICROCHIP_SQUARE;XIRECS;12372.0;1
52100;BOT_TAKER;BOT_MAKER;MICROCHIP_RECTANGLE;XIRECS;8935.0;1
52100;BOT_TAKER;BOT_MAKER;MICROCHIP_TRIANGLE;XIRECS;10393.0;1
53000;BOT_TAKER;BOT_MAKER;GALAXY_SOUNDS_DARK_MATTER;XIRECS;10253.0;4
53000;BOT_TAKER;BOT_MAKER;GALAXY_SOUNDS_BLACK_HOLES;XIRECS;11490.0;4
53000;BOT_TAKER;BOT_MAKER;GALAXY_SOUNDS_PLANETARY_RINGS;XIRECS;11139.0;4
53000;BOT_TAKER;BOT_MAKER;GALAXY_SOUNDS_SOLAR_WINDS;XIRECS;9962.0;4
53000;BOT_TAKER;BOT_MAKER;GALAXY_SOUNDS_SOLAR_FLAMES;XIRECS;11197.0;4
53000;BOT_TAKER;BOT_MAKER;SLEEP_POD_SUEDE;XIRECS;11316.0;4
53000;BOT_TAKER;BOT_MAKER;SLEEP_POD_LAMB_WOOL;XIRECS;10262.0;4
53000;BOT_TAKER;BOT_MAKER;SLEEP_POD_POLYESTER;XIRECS;12115.0;4
53000;BOT_TAKER;SUBMISSION;SLEEP_POD_NYLON;XIRECS;8949.0;4
53000;BOT_TAKER;BOT_MAKER;SLEEP_POD_COTTON;XIRECS;11121.0;4
53000;BOT_TAKER;BOT_MAKER;ROBOT_VACUUMING;XIRECS;9699.0;4
53000;BOT_TAKER;BOT_MAKER;ROBOT_MOPPING;XIRECS;9721.0;4
53000;BOT_TAKER;BOT_MAKER;ROBOT_DISHES;XIRECS;9630.0;4
53000;BOT_TAKER;SUBMISSION;ROBOT_LAUNDRY;XIRECS;10246.0;1
53000;BOT_TAKER;BOT_MAKER;ROBOT_LAUNDRY;XIRECS;10247.0;3
53000;BOT_TAKER;BOT_MAKER;ROBOT_IRONING;XIRECS;9508.0;4
53000;BOT_TAKER;BOT_MAKER;UV_VISOR_YELLOW;XIRECS;11705.0;4
53000;BOT_TAKER;BOT_MAKER;UV_VISOR_AMBER;XIRECS;8170.0;4
53000;BOT_TAKER;BOT_MAKER;UV_VISOR_ORANGE;XIRECS;10550.0;4
53000;BOT_TAKER;BOT_MAKER;UV_VISOR_RED;XIRECS;10751.0;4
53000;BOT_TAKER;BOT_MAKER;UV_VISOR_MAGENTA;XIRECS;11640.0;4
53000;BOT_TAKER;BOT_MAKER;TRANSLATOR_SPACE_GRAY;XIRECS;9307.0;4
53000;BOT_TAKER;BOT_MAKER;TRANSLATOR_ASTRO_BLACK;XIRECS;9332.0;4
53000;BOT_TAKER;BOT_MAKER;TRANSLATOR_ECLIPSE_CHARCOAL;XIRECS;10120.0;4
53000;BOT_TAKER;BOT_MAKER;TRANSLATOR_GRAPHITE_MIST;XIRECS;9181.0;4
53000;BOT_TAKER;BOT_MAKER;TRANSLATOR_VOID_BLUE;XIRECS;11403.0;4
53000;BOT_TAKER;BOT_MAKER;PANEL_1X2;XIRECS;8353.0;4
53000;BOT_TAKER;BOT_MAKER;PANEL_2X2;XIRECS;10351.0;4
53000;BOT_TAKER;BOT_MAKER;PANEL_1X4;XIRECS;11133.0;4
53000;BOT_TAKER;BOT_MAKER;PANEL_2X4;XIRECS;10917.0;4
53000;BOT_TAKER;BOT_MAKER;PANEL_4X4;XIRECS;9771.0;4
53000;BOT_TAKER;BOT_MAKER;OXYGEN_SHAKE_MORNING_BREATH;XIRECS;11109.0;4
53000;BOT_TAKER;BOT_MAKER;OXYGEN_SHAKE_EVENING_BREATH;XIRECS;8611.0;4
53000;BOT_TAKER;BOT_MAKER;OXYGEN_SHAKE_MINT;XIRECS;10120.0;4
53000;BOT_TAKER;BOT_MAKER;OXYGEN_SHAKE_CHOCOLATE;XIRECS;9542.0;4
53000;BOT_TAKER;BOT_MAKER;OXYGEN_SHAKE_GARLIC;XIRECS;11544.0;4
53000;BOT_TAKER;SUBMISSION;SNACKPACK_CHOCOLATE;XIRECS;10046.0;3
53000;BOT_TAKER;BOT_MAKER;SNACKPACK_CHOCOLATE;XIRECS;10047.0;1
53000;BOT_TAKER;BOT_MAKER;SNACKPACK_VANILLA;XIRECS;9893.0;4
53000;BOT_TAKER;BOT_MAKER;SNACKPACK_PISTACHIO;XIRECS;9703.0;4
53000;BOT_TAKER;BOT_MAKER;SNACKPACK_STRAWBERRY;XIRECS;10794.0;4
53000;BOT_TAKER;BOT_MAKER;SNACKPACK_RASPBERRY;XIRECS;9923.0;4
53600;BOT_TAKER;SUBMISSION;MICROCHIP_CIRCLE;XIRECS;8789.0;2
53600;BOT_TAKER;SUBMISSION;MICROCHIP_OVAL;XIRECS;9176.0;2
53600;BOT_TAKER;SUBMISSION;MICROCHIP_SQUARE;XIRECS;12421.0;2
53600;BOT_TAKER;BOT_MAKER;MICROCHIP_RECTANGLE;XIRECS;8939.0;2
53600;BOT_TAKER;BOT_MAKER;MICROCHIP_TRIANGLE;XIRECS;10377.0;2
56600;BOT_TAKER;SUBMISSION;MICROCHIP_CIRCLE;XIRECS;8867.0;2
56600;BOT_TAKER;BOT_MAKER;MICROCHIP_CIRCLE;XIRECS;8868.0;1
56600;BOT_TAKER;SUBMISSION;MICROCHIP_OVAL;XIRECS;9156.0;2
56600;BOT_TAKER;BOT_MAKER;MICROCHIP_OVAL;XIRECS;9157.0;1
56600;BOT_TAKER;SUBMISSION;MICROCHIP_SQUARE;XIRECS;12492.0;2
56600;BOT_TAKER;BOT_MAKER;MICROCHIP_SQUARE;XIRECS;12493.0;1
56600;BOT_TAKER;BOT_MAKER;MICROCHIP_RECTANGLE;XIRECS;8975.0;3
56600;BOT_TAKER;BOT_MAKER;MICROCHIP_TRIANGLE;XIRECS;10434.0;3
58100;SUBMISSION;BOT_TAKER;PEBBLES_XS;XIRECS;7035.0;3
58100;SUBMISSION;BOT_TAKER;PEBBLES_S;XIRECS;9147.0;3
58100;BOT_MAKER;BOT_TAKER;PEBBLES_M;XIRECS;9932.0;3
58100;SUBMISSION;BOT_TAKER;PEBBLES_L;XIRECS;10690.0;3
58100;SUBMISSION;BOT_TAKER;PEBBLES_XL;XIRECS;13169.0;3
58700;SUBMISSION;BOT_TAKER;PEBBLES_XS;XIRECS;6993.0;3
58700;BOT_MAKER;BOT_TAKER;PEBBLES_S;XIRECS;9186.0;3
58700;BOT_MAKER;BOT_TAKER;PEBBLES_M;XIRECS;10042.0;3
58700;SUBMISSION;BOT_TAKER;PEBBLES_L;XIRECS;10730.0;3
58700;SUBMISSION;BOT_TAKER;PEBBLES_XL;XIRECS;13021.0;3
59600;BOT_TAKER;SUBMISSION;PEBBLES_XS;XIRECS;6963.0;2
59600;BOT_TAKER;BOT_MAKER;PEBBLES_XS;XIRECS;6964.0;2
59600;BOT_TAKER;BOT_MAKER;PEBBLES_S;XIRECS;9137.0;4
59600;BOT_TAKER;BOT_MAKER;PEBBLES_M;XIRECS;10140.0;4
59600;BOT_TAKER;SUBMISSION;PEBBLES_L;XIRECS;10657.0;2
59600;BOT_TAKER;BOT_MAKER;PEBBLES_L;XIRECS;10658.0;2
59600;BOT_TAKER;BOT_MAKER;PEBBLES_XL;XIRECS;13132.0;4
59800;SUBMISSION;BOT_TAKER;MICROCHIP_CIRCLE;XIRECS;8884.0;3
59800;SUBMISSION;BOT_TAKER;MICROCHIP_OVAL;XIRECS;9140.0;3
59800;SUBMISSION;BOT_TAKER;MICROCHIP_SQUARE;XIRECS;12691.0;3
59800;SUBMISSION;BOT_TAKER;MICROCHIP_RECTANGLE;XIRECS;8923.0;3
59800;SUBMISSION;BOT_TAKER;MICROCHIP_TRIANGLE;XIRECS;10493.0;1
59800;BOT_MAKER;BOT_TAKER;MICROCHIP_TRIANGLE;XIRECS;10492.0;2
60200;SUBMISSION;BOT_TAKER;GALAXY_SOUNDS_DARK_MATTER;XIRECS;10311.0;4
60200;SUBMISSION;BOT_TAKER;GALAXY_SOUNDS_BLACK_HOLES;XIRECS;11448.0;4
60200;SUBMISSION;BOT_TAKER;GALAXY_SOUNDS_PLANETARY_RINGS;XIRECS;11090.0;4
60200;SUBMISSION;BOT_TAKER;GALAXY_SOUNDS_SOLAR_WINDS;XIRECS;10004.0;4
60200;SUBMISSION;BOT_TAKER;GALAXY_SOUNDS_SOLAR_FLAMES;XIRECS;10968.0;4
60200;BOT_MAKER;BOT_TAKER;SLEEP_POD_SUEDE;XIRECS;11377.0;4
60200;SUBMISSION;BOT_TAKER;SLEEP_POD_LAMB_WOOL;XIRECS;10287.0;4
60200;SUBMISSION;BOT_TAKER;SLEEP_POD_POLYESTER;XIRECS;12124.0;4
60200;BOT_MAKER;BOT_TAKER;SLEEP_POD_NYLON;XIRECS;9101.0;4
60200;SUBMISSION;BOT_TAKER;SLEEP_POD_COTTON;XIRECS;11156.0;4
60200;SUBMISSION;BOT_TAKER;ROBOT_VACUUMING;XIRECS;9652.0;4
60200;SUBMISSION;BOT_TAKER;ROBOT_MOPPING;XIRECS;9695.0;4
60200;SUBMISSION;BOT_TAKER;ROBOT_DISHES;XIRECS;9641.0;4
60200;SUBMISSION;BOT_TAKER;ROBOT_LAUNDRY;XIRECS;10145.0;4
60200;SUBMISSION;BOT_TAKER;ROBOT_IRONING;XIRECS;9543.0;4
60200;SUBMISSION;BOT_TAKER;UV_VISOR_YELLOW;XIRECS;11734.0;4
60200;SUBMISSION;BOT_TAKER;UV_VISOR_AMBER;XIRECS;8215.0;4
60200;SUBMISSION;BOT_TAKER;UV_VISOR_ORANGE;XIRECS;10430.0;4
60200;SUBMISSION;BOT_TAKER;UV_VISOR_RED;XIRECS;10823.0;4
60200;BOT_MAKER;BOT_TAKER;UV_VISOR_MAGENTA;XIRECS;11547.0;4
60200;SUBMISSION;BOT_TAKER;TRANSLATOR_SPACE_GRAY;XIRECS;9223.0;4
60200;SUBMISSION;BOT_TAKER;TRANSLATOR_ASTRO_BLACK;XIRECS;9454.0;4
60200;SUBMISSION;BOT_TAKER;TRANSLATOR_ECLIPSE_CHARCOAL;XIRECS;9957.0;4
60200;SUBMISSION;BOT_TAKER;TRANSLATOR_GRAPHITE_MIST;XIRECS;9196.0;4
60200;BOT_MAKER;BOT_TAKER;TRANSLATOR_VOID_BLUE;XIRECS;11310.0;4
60200;SUBMISSION;BOT_TAKER;PANEL_1X2;XIRECS;8281.0;4
60200;SUBMISSION;BOT_TAKER;PANEL_2X2;XIRECS;10472.0;4
60200;SUBMISSION;BOT_TAKER;PANEL_1X4;XIRECS;11172.0;4
60200;BOT_MAKER;BOT_TAKER;PANEL_2X4;XIRECS;10933.0;4
60200;SUBMISSION;BOT_TAKER;PANEL_4X4;XIRECS;9768.0;4
60200;SUBMISSION;BOT_TAKER;OXYGEN_SHAKE_MORNING_BREATH;XIRECS;10978.0;4
60200;SUBMISSION;BOT_TAKER;OXYGEN_SHAKE_EVENING_BREATH;XIRECS;8720.0;4
60200;SUBMISSION;BOT_TAKER;OXYGEN_SHAKE_MINT;XIRECS;10267.0;4
60200;BOT_MAKER;BOT_TAKER;OXYGEN_SHAKE_CHOCOLATE;XIRECS;9536.0;4
60200;SUBMISSION;BOT_TAKER;OXYGEN_SHAKE_GARLIC;XIRECS;11419.0;4
60200;SUBMISSION;BOT_TAKER;SNACKPACK_CHOCOLATE;XIRECS;9957.0;2
60200;BOT_MAKER;BOT_TAKER;SNACKPACK_CHOCOLATE;XIRECS;9956.0;2
60200;SUBMISSION;BOT_TAKER;SNACKPACK_VANILLA;XIRECS;9929.0;4
60200;SUBMISSION;BOT_TAKER;SNACKPACK_PISTACHIO;XIRECS;9601.0;4
60200;BOT_MAKER;BOT_TAKER;SNACKPACK_STRAWBERRY;XIRECS;10665.0;4
60200;SUBMISSION;BOT_TAKER;SNACKPACK_RASPBERRY;XIRECS;10016.0;4
64300;BOT_TAKER;BOT_MAKER;GALAXY_SOUNDS_DARK_MATTER;XIRECS;10224.0;1
64300;BOT_TAKER;SUBMISSION;GALAXY_SOUNDS_BLACK_HOLES;XIRECS;11438.0;1
64300;BOT_TAKER;SUBMISSION;GALAXY_SOUNDS_PLANETARY_RINGS;XIRECS;11067.0;1
64300;BOT_TAKER;SUBMISSION;GALAXY_SOUNDS_SOLAR_WINDS;XIRECS;10065.0;1
64300;BOT_TAKER;BOT_MAKER;GALAXY_SOUNDS_SOLAR_FLAMES;XIRECS;11075.0;1
64300;BOT_TAKER;BOT_MAKER;SLEEP_POD_SUEDE;XIRECS;11412.0;1
64300;BOT_TAKER;BOT_MAKER;SLEEP_POD_LAMB_WOOL;XIRECS;10075.0;1
64300;BOT_TAKER;SUBMISSION;SLEEP_POD_POLYESTER;XIRECS;12113.0;1
64300;BOT_TAKER;SUBMISSION;SLEEP_POD_NYLON;XIRECS;9138.0;1
64300;BOT_TAKER;SUBMISSION;SLEEP_POD_COTTON;XIRECS;11167.0;1
64300;BOT_TAKER;BOT_MAKER;ROBOT_VACUUMING;XIRECS;9713.0;1
64300;BOT_TAKER;SUBMISSION;ROBOT_MOPPING;XIRECS;9557.0;1
64300;BOT_TAKER;BOT_MAKER;ROBOT_DISHES;XIRECS;9663.0;1
64300;BOT_TAKER;BOT_MAKER;ROBOT_LAUNDRY;XIRECS;10180.0;1
64300;BOT_TAKER;SUBMISSION;ROBOT_IRONING;XIRECS;9593.0;1
64300;BOT_TAKER;SUBMISSION;UV_VISOR_YELLOW;XIRECS;11797.0;1
64300;BOT_TAKER;SUBMISSION;UV_VISOR_AMBER;XIRECS;8247.0;1
64300;BOT_TAKER;SUBMISSION;UV_VISOR_ORANGE;XIRECS;10558.0;1
64300;BOT_TAKER;SUBMISSION;UV_VISOR_RED;XIRECS;10901.0;1
64300;BOT_TAKER;BOT_MAKER;UV_VISOR_MAGENTA;XIRECS;11641.0;1
64300;BOT_TAKER;SUBMISSION;TRANSLATOR_SPACE_GRAY;XIRECS;9199.0;1
64300;BOT_TAKER;BOT_MAKER;TRANSLATOR_ASTRO_BLACK;XIRECS;9386.0;1
64300;BOT_TAKER;BOT_MAKER;TRANSLATOR_ECLIPSE_CHARCOAL;XIRECS;9975.0;1
64300;BOT_TAKER;SUBMISSION;TRANSLATOR_GRAPHITE_MIST;XIRECS;9257.0;1
64300;BOT_TAKER;BOT_MAKER;TRANSLATOR_VOID_BLUE;XIRECS;11303.0;1
64300;BOT_TAKER;SUBMISSION;PANEL_1X2;XIRECS;8199.0;1
64300;BOT_TAKER;SUBMISSION;PANEL_2X2;XIRECS;10507.0;1
64300;BOT_TAKER;SUBMISSION;PANEL_1X4;XIRECS;11131.0;1
64300;BOT_TAKER;BOT_MAKER;PANEL_2X4;XIRECS;10955.0;1
64300;BOT_TAKER;SUBMISSION;PANEL_4X4;XIRECS;9729.0;1
64300;BOT_TAKER;SUBMISSION;OXYGEN_SHAKE_MORNING_BREATH;XIRECS;10995.0;1
64300;BOT_TAKER;SUBMISSION;OXYGEN_SHAKE_EVENING_BREATH;XIRECS;8771.0;1
64300;BOT_TAKER;SUBMISSION;OXYGEN_SHAKE_MINT;XIRECS;10206.0;1
64300;BOT_TAKER;BOT_MAKER;OXYGEN_SHAKE_CHOCOLATE;XIRECS;9680.0;1
64300;BOT_TAKER;SUBMISSION;OXYGEN_SHAKE_GARLIC;XIRECS;11481.0;1
64300;BOT_TAKER;BOT_MAKER;SNACKPACK_CHOCOLATE;XIRECS;9953.0;1
64300;BOT_TAKER;BOT_MAKER;SNACKPACK_VANILLA;XIRECS;9937.0;1
64300;BOT_TAKER;BOT_MAKER;SNACKPACK_PISTACHIO;XIRECS;9642.0;1
64300;BOT_TAKER;BOT_MAKER;SNACKPACK_STRAWBERRY;XIRECS;10733.0;1
64300;BOT_TAKER;BOT_MAKER;SNACKPACK_RASPBERRY;XIRECS;9992.0;1
67600;SUBMISSION;BOT_TAKER;MICROCHIP_CIRCLE;XIRECS;8846.0;1
67600;SUBMISSION;BOT_TAKER;MICROCHIP_OVAL;XIRECS;8903.0;1
67600;SUBMISSION;BOT_TAKER;MICROCHIP_SQUARE;XIRECS;12794.0;1
67600;SUBMISSION;BOT_TAKER;MICROCHIP_RECTANGLE;XIRECS;8835.0;1
67600;BOT_MAKER;BOT_TAKER;MICROCHIP_TRIANGLE;XIRECS;10544.0;1
67900;SUBMISSION;BOT_TAKER;GALAXY_SOUNDS_DARK_MATTER;XIRECS;10190.0;4
67900;SUBMISSION;BOT_TAKER;GALAXY_SOUNDS_BLACK_HOLES;XIRECS;11519.0;4
67900;SUBMISSION;BOT_TAKER;GALAXY_SOUNDS_PLANETARY_RINGS;XIRECS;11103.0;4
67900;SUBMISSION;BOT_TAKER;GALAXY_SOUNDS_SOLAR_WINDS;XIRECS;10097.0;4
67900;SUBMISSION;BOT_TAKER;GALAXY_SOUNDS_SOLAR_FLAMES;XIRECS;11093.0;4
67900;BOT_MAKER;BOT_TAKER;SLEEP_POD_SUEDE;XIRECS;11365.0;4
67900;SUBMISSION;BOT_TAKER;SLEEP_POD_LAMB_WOOL;XIRECS;10156.0;4
67900;SUBMISSION;BOT_TAKER;SLEEP_POD_POLYESTER;XIRECS;12107.0;4
67900;BOT_MAKER;BOT_TAKER;SLEEP_POD_NYLON;XIRECS;9165.0;4
67900;SUBMISSION;BOT_TAKER;SLEEP_POD_COTTON;XIRECS;11146.0;4
67900;SUBMISSION;BOT_TAKER;ROBOT_VACUUMING;XIRECS;9647.0;4
67900;SUBMISSION;BOT_TAKER;ROBOT_MOPPING;XIRECS;9489.0;4
67900;SUBMISSION;BOT_TAKER;ROBOT_DISHES;XIRECS;9598.0;4
67900;BOT_MAKER;BOT_TAKER;ROBOT_LAUNDRY;XIRECS;10249.0;4
67900;SUBMISSION;BOT_TAKER;ROBOT_IRONING;XIRECS;9600.0;4
67900;SUBMISSION;BOT_TAKER;UV_VISOR_YELLOW;XIRECS;11666.0;4
67900;SUBMISSION;BOT_TAKER;UV_VISOR_AMBER;XIRECS;8174.0;4
67900;SUBMISSION;BOT_TAKER;UV_VISOR_ORANGE;XIRECS;10558.0;4
67900;SUBMISSION;BOT_TAKER;UV_VISOR_RED;XIRECS;10846.0;4
67900;BOT_MAKER;BOT_TAKER;UV_VISOR_MAGENTA;XIRECS;11611.0;4
67900;SUBMISSION;BOT_TAKER;TRANSLATOR_SPACE_GRAY;XIRECS;9129.0;4
67900;SUBMISSION;BOT_TAKER;TRANSLATOR_ASTRO_BLACK;XIRECS;9333.0;4
67900;SUBMISSION;BOT_TAKER;TRANSLATOR_ECLIPSE_CHARCOAL;XIRECS;9881.0;4
67900;SUBMISSION;BOT_TAKER;TRANSLATOR_GRAPHITE_MIST;XIRECS;9231.0;4
67900;BOT_MAKER;BOT_TAKER;TRANSLATOR_VOID_BLUE;XIRECS;11364.0;4
67900;SUBMISSION;BOT_TAKER;PANEL_1X2;XIRECS;8241.0;4
67900;SUBMISSION;BOT_TAKER;PANEL_2X2;XIRECS;10484.0;4
67900;SUBMISSION;BOT_TAKER;PANEL_1X4;XIRECS;11101.0;4
67900;BOT_MAKER;BOT_TAKER;PANEL_2X4;XIRECS;10950.0;4
67900;SUBMISSION;BOT_TAKER;PANEL_4X4;XIRECS;9811.0;4
67900;SUBMISSION;BOT_TAKER;OXYGEN_SHAKE_MORNING_BREATH;XIRECS;10952.0;4
67900;SUBMISSION;BOT_TAKER;OXYGEN_SHAKE_EVENING_BREATH;XIRECS;8640.0;4
67900;SUBMISSION;BOT_TAKER;OXYGEN_SHAKE_MINT;XIRECS;10241.0;4
67900;BOT_MAKER;BOT_TAKER;OXYGEN_SHAKE_CHOCOLATE;XIRECS;9731.0;4
67900;SUBMISSION;BOT_TAKER;OXYGEN_SHAKE_GARLIC;XIRECS;11461.0;4
67900;SUBMISSION;BOT_TAKER;SNACKPACK_CHOCOLATE;XIRECS;10027.0;4
67900;SUBMISSION;BOT_TAKER;SNACKPACK_VANILLA;XIRECS;9821.0;4
67900;SUBMISSION;BOT_TAKER;SNACKPACK_PISTACHIO;XIRECS;9585.0;4
67900;BOT_MAKER;BOT_TAKER;SNACKPACK_STRAWBERRY;XIRECS;10675.0;4
67900;SUBMISSION;BOT_TAKER;SNACKPACK_RASPBERRY;XIRECS;10018.0;4
69100;BOT_TAKER;SUBMISSION;PEBBLES_XS;XIRECS;6862.0;2
69100;BOT_TAKER;BOT_MAKER;PEBBLES_XS;XIRECS;6863.0;2
69100;BOT_TAKER;BOT_MAKER;PEBBLES_S;XIRECS;9158.0;4
69100;BOT_TAKER;BOT_MAKER;PEBBLES_M;XIRECS;10073.0;4
69100;BOT_TAKER;SUBMISSION;PEBBLES_L;XIRECS;10856.0;2
69100;BOT_TAKER;BOT_MAKER;PEBBLES_L;XIRECS;10857.0;2
69100;BOT_TAKER;BOT_MAKER;PEBBLES_XL;XIRECS;13079.0;4
72600;SUBMISSION;BOT_TAKER;MICROCHIP_CIRCLE;XIRECS;8998.0;1
72600;SUBMISSION;BOT_TAKER;MICROCHIP_OVAL;XIRECS;8951.0;1
72600;SUBMISSION;BOT_TAKER;MICROCHIP_SQUARE;XIRECS;13093.0;1
72600;SUBMISSION;BOT_TAKER;MICROCHIP_RECTANGLE;XIRECS;8779.0;1
72600;BOT_MAKER;BOT_TAKER;MICROCHIP_TRIANGLE;XIRECS;10364.0;1
73400;BOT_TAKER;SUBMISSION;MICROCHIP_CIRCLE;XIRECS;9014.0;2
73400;BOT_TAKER;SUBMISSION;MICROCHIP_OVAL;XIRECS;8944.0;2
73400;BOT_TAKER;SUBMISSION;MICROCHIP_SQUARE;XIRECS;13009.0;2
73400;BOT_TAKER;BOT_MAKER;MICROCHIP_RECTANGLE;XIRECS;8770.0;2
73400;BOT_TAKER;BOT_MAKER;MICROCHIP_TRIANGLE;XIRECS;10385.0;2
75900;SUBMISSION;BOT_TAKER;PEBBLES_XS;XIRECS;7062.0;3
75900;SUBMISSION;BOT_TAKER;PEBBLES_S;XIRECS;8890.0;3
75900;BOT_MAKER;BOT_TAKER;PEBBLES_M;XIRECS;10122.0;3
75900;SUBMISSION;BOT_TAKER;PEBBLES_L;XIRECS;10800.0;3
75900;SUBMISSION;BOT_TAKER;PEBBLES_XL;XIRECS;13098.0;3
77600;SUBMISSION;BOT_TAKER;GALAXY_SOUNDS_DARK_MATTER;XIRECS;10297.0;3
77600;SUBMISSION;BOT_TAKER;GALAXY_SOUNDS_BLACK_HOLES;XIRECS;11474.0;3
77600;SUBMISSION;BOT_TAKER;GALAXY_SOUNDS_PLANETARY_RINGS;XIRECS;11206.0;3
77600;SUBMISSION;BOT_TAKER;GALAXY_SOUNDS_SOLAR_WINDS;XIRECS;10307.0;3
77600;SUBMISSION;BOT_TAKER;GALAXY_SOUNDS_SOLAR_FLAMES;XIRECS;11151.0;2
77600;BOT_MAKER;BOT_TAKER;GALAXY_SOUNDS_SOLAR_FLAMES;XIRECS;11150.0;1
77600;BOT_MAKER;BOT_TAKER;SLEEP_POD_SUEDE;XIRECS;11464.0;3
77600;SUBMISSION;BOT_TAKER;SLEEP_POD_LAMB_WOOL;XIRECS;10162.0;3
77600;SUBMISSION;BOT_TAKER;SLEEP_POD_POLYESTER;XIRECS;12117.0;3
77600;BOT_MAKER;BOT_TAKER;SLEEP_POD_NYLON;XIRECS;9017.0;3
77600;SUBMISSION;BOT_TAKER;SLEEP_POD_COTTON;XIRECS;11062.0;3
77600;SUBMISSION;BOT_TAKER;ROBOT_VACUUMING;XIRECS;9562.0;3
77600;SUBMISSION;BOT_TAKER;ROBOT_MOPPING;XIRECS;9573.0;3
77600;SUBMISSION;BOT_TAKER;ROBOT_DISHES;XIRECS;9740.0;3
77600;BOT_MAKER;BOT_TAKER;ROBOT_LAUNDRY;XIRECS;10376.0;3
77600;SUBMISSION;BOT_TAKER;ROBOT_IRONING;XIRECS;9532.0;3
77600;SUBMISSION;BOT_TAKER;UV_VISOR_YELLOW;XIRECS;11622.0;3
77600;SUBMISSION;BOT_TAKER;UV_VISOR_AMBER;XIRECS;8127.0;3
77600;SUBMISSION;BOT_TAKER;UV_VISOR_ORANGE;XIRECS;10582.0;3
77600;SUBMISSION;BOT_TAKER;UV_VISOR_RED;XIRECS;10686.0;3
77600;BOT_MAKER;BOT_TAKER;UV_VISOR_MAGENTA;XIRECS;11682.0;3
77600;SUBMISSION;BOT_TAKER;TRANSLATOR_SPACE_GRAY;XIRECS;8868.0;3
77600;SUBMISSION;BOT_TAKER;TRANSLATOR_ASTRO_BLACK;XIRECS;9413.0;2
77600;BOT_MAKER;BOT_TAKER;TRANSLATOR_ASTRO_BLACK;XIRECS;9412.0;1
77600;SUBMISSION;BOT_TAKER;TRANSLATOR_ECLIPSE_CHARCOAL;XIRECS;9711.0;2
77600;BOT_MAKER;BOT_TAKER;TRANSLATOR_ECLIPSE_CHARCOAL;XIRECS;9710.0;1
77600;SUBMISSION;BOT_TAKER;TRANSLATOR_GRAPHITE_MIST;XIRECS;9344.0;3
77600;BOT_MAKER;BOT_TAKER;TRANSLATOR_VOID_BLUE;XIRECS;11280.0;3
77600;SUBMISSION;BOT_TAKER;PANEL_1X2;XIRECS;8209.0;3
77600;SUBMISSION;BOT_TAKER;PANEL_2X2;XIRECS;10402.0;3
77600;SUBMISSION;BOT_TAKER;PANEL_1X4;XIRECS;11149.0;3
77600;BOT_MAKER;BOT_TAKER;PANEL_2X4;XIRECS;11058.0;3
77600;SUBMISSION;BOT_TAKER;PANEL_4X4;XIRECS;10007.0;3
77600;SUBMISSION;BOT_TAKER;OXYGEN_SHAKE_MORNING_BREATH;XIRECS;10696.0;3
77600;SUBMISSION;BOT_TAKER;OXYGEN_SHAKE_EVENING_BREATH;XIRECS;8388.0;3
77600;SUBMISSION;BOT_TAKER;OXYGEN_SHAKE_MINT;XIRECS;10411.0;3
77600;BOT_MAKER;BOT_TAKER;OXYGEN_SHAKE_CHOCOLATE;XIRECS;9684.0;3
77600;SUBMISSION;BOT_TAKER;OXYGEN_SHAKE_GARLIC;XIRECS;11341.0;3
77600;SUBMISSION;BOT_TAKER;SNACKPACK_CHOCOLATE;XIRECS;9903.0;3
77600;SUBMISSION;BOT_TAKER;SNACKPACK_VANILLA;XIRECS;9941.0;3
77600;SUBMISSION;BOT_TAKER;SNACKPACK_PISTACHIO;XIRECS;9603.0;3
77600;BOT_MAKER;BOT_TAKER;SNACKPACK_STRAWBERRY;XIRECS;10743.0;3
77600;SUBMISSION;BOT_TAKER;SNACKPACK_RASPBERRY;XIRECS;9995.0;3
79400;SUBMISSION;BOT_TAKER;PEBBLES_XS;XIRECS;7175.0;3
79400;SUBMISSION;BOT_TAKER;PEBBLES_S;XIRECS;8824.0;3
79400;BOT_MAKER;BOT_TAKER;PEBBLES_M;XIRECS;10221.0;3
79400;SUBMISSION;BOT_TAKER;PEBBLES_L;XIRECS;10723.0;3
79400;SUBMISSION;BOT_TAKER;PEBBLES_XL;XIRECS;13030.0;2
79400;BOT_MAKER;BOT_TAKER;PEBBLES_XL;XIRECS;13029.0;1
79500;BOT_TAKER;SUBMISSION;PEBBLES_XS;XIRECS;7182.0;2
79500;BOT_TAKER;BOT_MAKER;PEBBLES_XS;XIRECS;7183.0;1
79500;BOT_TAKER;BOT_MAKER;PEBBLES_S;XIRECS;8855.0;3
79500;BOT_TAKER;BOT_MAKER;PEBBLES_M;XIRECS;10222.0;3
79500;BOT_TAKER;SUBMISSION;PEBBLES_L;XIRECS;10738.0;2
79500;BOT_TAKER;BOT_MAKER;PEBBLES_L;XIRECS;10739.0;1
79500;BOT_TAKER;BOT_MAKER;PEBBLES_XL;XIRECS;13032.0;3
80800;SUBMISSION;BOT_TAKER;GALAXY_SOUNDS_DARK_MATTER;XIRECS;10359.0;2
80800;SUBMISSION;BOT_TAKER;GALAXY_SOUNDS_BLACK_HOLES;XIRECS;11642.0;2
80800;SUBMISSION;BOT_TAKER;GALAXY_SOUNDS_PLANETARY_RINGS;XIRECS;11253.0;2
80800;SUBMISSION;BOT_TAKER;GALAXY_SOUNDS_SOLAR_WINDS;XIRECS;10307.0;2
80800;BOT_MAKER;BOT_TAKER;GALAXY_SOUNDS_SOLAR_FLAMES;XIRECS;11051.0;2
80800;BOT_MAKER;BOT_TAKER;SLEEP_POD_SUEDE;XIRECS;11381.0;2
80800;SUBMISSION;BOT_TAKER;SLEEP_POD_LAMB_WOOL;XIRECS;10207.0;2
80800;SUBMISSION;BOT_TAKER;SLEEP_POD_POLYESTER;XIRECS;12056.0;2
80800;BOT_MAKER;BOT_TAKER;SLEEP_POD_NYLON;XIRECS;9031.0;2
80800;SUBMISSION;BOT_TAKER;SLEEP_POD_COTTON;XIRECS;11120.0;2
80800;SUBMISSION;BOT_TAKER;ROBOT_VACUUMING;XIRECS;9557.0;2
80800;SUBMISSION;BOT_TAKER;ROBOT_MOPPING;XIRECS;9579.0;2
80800;SUBMISSION;BOT_TAKER;ROBOT_DISHES;XIRECS;9612.0;1
80800;BOT_MAKER;BOT_TAKER;ROBOT_DISHES;XIRECS;9611.0;1
80800;BOT_MAKER;BOT_TAKER;ROBOT_LAUNDRY;XIRECS;10432.0;2
80800;SUBMISSION;BOT_TAKER;ROBOT_IRONING;XIRECS;9571.0;2
80800;SUBMISSION;BOT_TAKER;UV_VISOR_YELLOW;XIRECS;11568.0;2
80800;SUBMISSION;BOT_TAKER;UV_VISOR_AMBER;XIRECS;8100.0;2
80800;SUBMISSION;BOT_TAKER;UV_VISOR_ORANGE;XIRECS;10548.0;2
80800;SUBMISSION;BOT_TAKER;UV_VISOR_RED;XIRECS;10712.0;2
80800;BOT_MAKER;BOT_TAKER;UV_VISOR_MAGENTA;XIRECS;11721.0;2
80800;SUBMISSION;BOT_TAKER;TRANSLATOR_SPACE_GRAY;XIRECS;8912.0;2
80800;BOT_MAKER;BOT_TAKER;TRANSLATOR_ASTRO_BLACK;XIRECS;9350.0;2
80800;BOT_MAKER;BOT_TAKER;TRANSLATOR_ECLIPSE_CHARCOAL;XIRECS;9795.0;2
80800;SUBMISSION;BOT_TAKER;TRANSLATOR_GRAPHITE_MIST;XIRECS;9330.0;2
80800;BOT_MAKER;BOT_TAKER;TRANSLATOR_VOID_BLUE;XIRECS;11265.0;2
80800;SUBMISSION;BOT_TAKER;PANEL_1X2;XIRECS;8203.0;2
80800;SUBMISSION;BOT_TAKER;PANEL_2X2;XIRECS;10414.0;2
80800;SUBMISSION;BOT_TAKER;PANEL_1X4;XIRECS;11176.0;2
80800;BOT_MAKER;BOT_TAKER;PANEL_2X4;XIRECS;10957.0;2
80800;SUBMISSION;BOT_TAKER;PANEL_4X4;XIRECS;10036.0;2
80800;SUBMISSION;BOT_TAKER;OXYGEN_SHAKE_MORNING_BREATH;XIRECS;10624.0;2
80800;SUBMISSION;BOT_TAKER;OXYGEN_SHAKE_EVENING_BREATH;XIRECS;8508.0;2
80800;SUBMISSION;BOT_TAKER;OXYGEN_SHAKE_MINT;XIRECS;10504.0;2
80800;BOT_MAKER;BOT_TAKER;OXYGEN_SHAKE_CHOCOLATE;XIRECS;9658.0;2
80800;SUBMISSION;BOT_TAKER;OXYGEN_SHAKE_GARLIC;XIRECS;11302.0;2
80800;SUBMISSION;BOT_TAKER;SNACKPACK_CHOCOLATE;XIRECS;9873.0;2
80800;SUBMISSION;BOT_TAKER;SNACKPACK_VANILLA;XIRECS;9962.0;2
80800;BOT_MAKER;BOT_TAKER;SNACKPACK_PISTACHIO;XIRECS;9617.0;2
80800;BOT_MAKER;BOT_TAKER;SNACKPACK_STRAWBERRY;XIRECS;10761.0;2
80800;SUBMISSION;BOT_TAKER;SNACKPACK_RASPBERRY;XIRECS;9993.0;1
80800;BOT_MAKER;BOT_TAKER;SNACKPACK_RASPBERRY;XIRECS;9992.0;1
81200;BOT_MAKER;BOT_TAKER;GALAXY_SOUNDS_DARK_MATTER;XIRECS;10378.0;1
81200;SUBMISSION;BOT_TAKER;GALAXY_SOUNDS_BLACK_HOLES;XIRECS;11604.0;1
81200;SUBMISSION;BOT_TAKER;GALAXY_SOUNDS_PLANETARY_RINGS;XIRECS;11277.0;1
81200;SUBMISSION;BOT_TAKER;GALAXY_SOUNDS_SOLAR_WINDS;XIRECS;10331.0;1
81200;BOT_MAKER;BOT_TAKER;GALAXY_SOUNDS_SOLAR_FLAMES;XIRECS;11056.0;1
81200;BOT_MAKER;BOT_TAKER;SLEEP_POD_SUEDE;XIRECS;11386.0;1
81200;BOT_MAKER;BOT_TAKER;SLEEP_POD_LAMB_WOOL;XIRECS;10175.0;1
81200;SUBMISSION;BOT_TAKER;SLEEP_POD_POLYESTER;XIRECS;12060.0;1
81200;BOT_MAKER;BOT_TAKER;SLEEP_POD_NYLON;XIRECS;9045.0;1
81200;SUBMISSION;BOT_TAKER;SLEEP_POD_COTTON;XIRECS;11079.0;1
81200;SUBMISSION;BOT_TAKER;ROBOT_VACUUMING;XIRECS;9543.0;1
81200;SUBMISSION;BOT_TAKER;ROBOT_MOPPING;XIRECS;9562.0;1
81200;BOT_MAKER;BOT_TAKER;ROBOT_DISHES;XIRECS;9512.0;1
81200;BOT_MAKER;BOT_TAKER;ROBOT_LAUNDRY;XIRECS;10417.0;1
81200;SUBMISSION;BOT_TAKER;ROBOT_IRONING;XIRECS;9600.0;1
81200;SUBMISSION;BOT_TAKER;UV_VISOR_YELLOW;XIRECS;11580.0;1
81200;SUBMISSION;BOT_TAKER;UV_VISOR_AMBER;XIRECS;8089.0;1
81200;SUBMISSION;BOT_TAKER;UV_VISOR_ORANGE;XIRECS;10564.0;1
81200;SUBMISSION;BOT_TAKER;UV_VISOR_RED;XIRECS;10746.0;1
81200;BOT_MAKER;BOT_TAKER;UV_VISOR_MAGENTA;XIRECS;11696.0;1
81200;SUBMISSION;BOT_TAKER;TRANSLATOR_SPACE_GRAY;XIRECS;8877.0;1
81200;BOT_MAKER;BOT_TAKER;TRANSLATOR_ASTRO_BLACK;XIRECS;9375.0;1
81200;BOT_MAKER;BOT_TAKER;TRANSLATOR_ECLIPSE_CHARCOAL;XIRECS;9809.0;1
81200;SUBMISSION;BOT_TAKER;TRANSLATOR_GRAPHITE_MIST;XIRECS;9355.0;1
81200;BOT_MAKER;BOT_TAKER;TRANSLATOR_VOID_BLUE;XIRECS;11301.0;1
81200;SUBMISSION;BOT_TAKER;PANEL_1X2;XIRECS;8196.0;1
81200;SUBMISSION;BOT_TAKER;PANEL_2X2;XIRECS;10430.0;1
81200;SUBMISSION;BOT_TAKER;PANEL_1X4;XIRECS;11193.0;1
81200;BOT_MAKER;BOT_TAKER;PANEL_2X4;XIRECS;10984.0;1
81200;SUBMISSION;BOT_TAKER;PANEL_4X4;XIRECS;10017.0;1
81200;SUBMISSION;BOT_TAKER;OXYGEN_SHAKE_MORNING_BREATH;XIRECS;10629.0;1
81200;SUBMISSION;BOT_TAKER;OXYGEN_SHAKE_EVENING_BREATH;XIRECS;8505.0;1
81200;SUBMISSION;BOT_TAKER;OXYGEN_SHAKE_MINT;XIRECS;10478.0;1
81200;BOT_MAKER;BOT_TAKER;OXYGEN_SHAKE_CHOCOLATE;XIRECS;9642.0;1
81200;SUBMISSION;BOT_TAKER;OXYGEN_SHAKE_GARLIC;XIRECS;11305.0;1
81200;SUBMISSION;BOT_TAKER;SNACKPACK_CHOCOLATE;XIRECS;9883.0;1
81200;SUBMISSION;BOT_TAKER;SNACKPACK_VANILLA;XIRECS;9952.0;1
81200;SUBMISSION;BOT_TAKER;SNACKPACK_PISTACHIO;XIRECS;9596.0;1
81200;BOT_MAKER;BOT_TAKER;SNACKPACK_STRAWBERRY;XIRECS;10729.0;1
81200;BOT_MAKER;BOT_TAKER;SNACKPACK_RASPBERRY;XIRECS;10026.0;1
81700;BOT_MAKER;BOT_TAKER;GALAXY_SOUNDS_DARK_MATTER;XIRECS;10384.0;1
81700;SUBMISSION;BOT_TAKER;GALAXY_SOUNDS_BLACK_HOLES;XIRECS;11620.0;1
81700;SUBMISSION;BOT_TAKER;GALAXY_SOUNDS_PLANETARY_RINGS;XIRECS;11271.0;1
81700;SUBMISSION;BOT_TAKER;GALAXY_SOUNDS_SOLAR_WINDS;XIRECS;10379.0;1
81700;BOT_MAKER;BOT_TAKER;GALAXY_SOUNDS_SOLAR_FLAMES;XIRECS;11030.0;1
81700;BOT_MAKER;BOT_TAKER;SLEEP_POD_SUEDE;XIRECS;11397.0;1
81700;BOT_MAKER;BOT_TAKER;SLEEP_POD_LAMB_WOOL;XIRECS;10176.0;1
81700;SUBMISSION;BOT_TAKER;SLEEP_POD_POLYESTER;XIRECS;12030.0;1
81700;BOT_MAKER;BOT_TAKER;SLEEP_POD_NYLON;XIRECS;9028.0;1
81700;SUBMISSION;BOT_TAKER;SLEEP_POD_COTTON;XIRECS;11075.0;1
81700;SUBMISSION;BOT_TAKER;ROBOT_VACUUMING;XIRECS;9575.0;1
81700;SUBMISSION;BOT_TAKER;ROBOT_MOPPING;XIRECS;9559.0;1
81700;BOT_MAKER;BOT_TAKER;ROBOT_DISHES;XIRECS;9523.0;1
81700;BOT_MAKER;BOT_TAKER;ROBOT_LAUNDRY;XIRECS;10425.0;1
81700;SUBMISSION;BOT_TAKER;ROBOT_IRONING;XIRECS;9594.0;1
81700;SUBMISSION;BOT_TAKER;UV_VISOR_YELLOW;XIRECS;11584.0;1
81700;SUBMISSION;BOT_TAKER;UV_VISOR_AMBER;XIRECS;8097.0;1
81700;SUBMISSION;BOT_TAKER;UV_VISOR_ORANGE;XIRECS;10566.0;1
81700;SUBMISSION;BOT_TAKER;UV_VISOR_RED;XIRECS;10741.0;1
81700;BOT_MAKER;BOT_TAKER;UV_VISOR_MAGENTA;XIRECS;11726.0;1
81700;SUBMISSION;BOT_TAKER;TRANSLATOR_SPACE_GRAY;XIRECS;8850.0;1
81700;BOT_MAKER;BOT_TAKER;TRANSLATOR_ASTRO_BLACK;XIRECS;9357.0;1
81700;BOT_MAKER;BOT_TAKER;TRANSLATOR_ECLIPSE_CHARCOAL;XIRECS;9833.0;1
81700;SUBMISSION;BOT_TAKER;TRANSLATOR_GRAPHITE_MIST;XIRECS;9299.0;1
81700;BOT_MAKER;BOT_TAKER;TRANSLATOR_VOID_BLUE;XIRECS;11273.0;1
81700;SUBMISSION;BOT_TAKER;PANEL_1X2;XIRECS;8168.0;1
81700;SUBMISSION;BOT_TAKER;PANEL_2X2;XIRECS;10451.0;1
81700;SUBMISSION;BOT_TAKER;PANEL_1X4;XIRECS;11192.0;1
81700;BOT_MAKER;BOT_TAKER;PANEL_2X4;XIRECS;11005.0;1
81700;SUBMISSION;BOT_TAKER;PANEL_4X4;XIRECS;10016.0;1
81700;SUBMISSION;BOT_TAKER;OXYGEN_SHAKE_MORNING_BREATH;XIRECS;10618.0;1
81700;SUBMISSION;BOT_TAKER;OXYGEN_SHAKE_EVENING_BREATH;XIRECS;8471.0;1
81700;SUBMISSION;BOT_TAKER;OXYGEN_SHAKE_MINT;XIRECS;10466.0;1
81700;BOT_MAKER;BOT_TAKER;OXYGEN_SHAKE_CHOCOLATE;XIRECS;9671.0;1
81700;SUBMISSION;BOT_TAKER;OXYGEN_SHAKE_GARLIC;XIRECS;11335.0;1
81700;SUBMISSION;BOT_TAKER;SNACKPACK_CHOCOLATE;XIRECS;9879.0;1
81700;SUBMISSION;BOT_TAKER;SNACKPACK_VANILLA;XIRECS;9953.0;1
81700;SUBMISSION;BOT_TAKER;SNACKPACK_PISTACHIO;XIRECS;9607.0;1
81700;BOT_MAKER;BOT_TAKER;SNACKPACK_STRAWBERRY;XIRECS;10729.0;1
81700;BOT_MAKER;BOT_TAKER;SNACKPACK_RASPBERRY;XIRECS;10017.0;1
85300;SUBMISSION;BOT_TAKER;PEBBLES_XS;XIRECS;7059.0;2
85300;SUBMISSION;BOT_TAKER;PEBBLES_S;XIRECS;9096.0;2
85300;BOT_MAKER;BOT_TAKER;PEBBLES_M;XIRECS;10141.0;2
85300;SUBMISSION;BOT_TAKER;PEBBLES_L;XIRECS;10697.0;2
85300;BOT_MAKER;BOT_TAKER;PEBBLES_XL;XIRECS;12980.0;2
86200;SUBMISSION;BOT_TAKER;PEBBLES_XS;XIRECS;7036.0;3
86200;SUBMISSION;BOT_TAKER;PEBBLES_S;XIRECS;9069.0;3
86200;BOT_MAKER;BOT_TAKER;PEBBLES_M;XIRECS;10143.0;3
86200;SUBMISSION;BOT_TAKER;PEBBLES_L;XIRECS;10705.0;3
86200;BOT_MAKER;BOT_TAKER;PEBBLES_XL;XIRECS;13019.0;3
87300;BOT_MAKER;BOT_TAKER;GALAXY_SOUNDS_DARK_MATTER;XIRECS;10372.0;3
87300;SUBMISSION;BOT_TAKER;GALAXY_SOUNDS_BLACK_HOLES;XIRECS;11646.0;2
87300;BOT_MAKER;BOT_TAKER;GALAXY_SOUNDS_BLACK_HOLES;XIRECS;11645.0;1
87300;SUBMISSION;BOT_TAKER;GALAXY_SOUNDS_PLANETARY_RINGS;XIRECS;11223.0;2
87300;BOT_MAKER;BOT_TAKER;GALAXY_SOUNDS_PLANETARY_RINGS;XIRECS;11222.0;1
87300;SUBMISSION;BOT_TAKER;GALAXY_SOUNDS_SOLAR_WINDS;XIRECS;10290.0;2
87300;BOT_MAKER;BOT_TAKER;GALAXY_SOUNDS_SOLAR_WINDS;XIRECS;10289.0;1
87300;BOT_MAKER;BOT_TAKER;GALAXY_SOUNDS_SOLAR_FLAMES;XIRECS;11124.0;3
87300;BOT_MAKER;BOT_TAKER;SLEEP_POD_SUEDE;XIRECS;11334.0;3
87300;BOT_MAKER;BOT_TAKER;SLEEP_POD_LAMB_WOOL;XIRECS;10175.0;3
87300;SUBMISSION;BOT_TAKER;SLEEP_POD_POLYESTER;XIRECS;12209.0;2
87300;BOT_MAKER;BOT_TAKER;SLEEP_POD_POLYESTER;XIRECS;12208.0;1
87300;BOT_MAKER;BOT_TAKER;SLEEP_POD_NYLON;XIRECS;9035.0;3
87300;SUBMISSION;BOT_TAKER;SLEEP_POD_COTTON;XIRECS;11054.0;2
87300;BOT_MAKER;BOT_TAKER;SLEEP_POD_COTTON;XIRECS;11053.0;1
87300;SUBMISSION;BOT_TAKER;ROBOT_VACUUMING;XIRECS;9591.0;1
87300;BOT_MAKER;BOT_TAKER;ROBOT_VACUUMING;XIRECS;9590.0;2
87300;SUBMISSION;BOT_TAKER;ROBOT_MOPPING;XIRECS;9595.0;2
87300;BOT_MAKER;BOT_TAKER;ROBOT_MOPPING;XIRECS;9594.0;1
87300;BOT_MAKER;BOT_TAKER;ROBOT_DISHES;XIRECS;9662.0;3
87300;BOT_MAKER;BOT_TAKER;ROBOT_LAUNDRY;XIRECS;10266.0;3
87300;SUBMISSION;BOT_TAKER;ROBOT_IRONING;XIRECS;9539.0;2
87300;BOT_MAKER;BOT_TAKER;ROBOT_IRONING;XIRECS;9538.0;1
87300;SUBMISSION;BOT_TAKER;UV_VISOR_YELLOW;XIRECS;11613.0;2
87300;BOT_MAKER;BOT_TAKER;UV_VISOR_YELLOW;XIRECS;11612.0;1
87300;SUBMISSION;BOT_TAKER;UV_VISOR_AMBER;XIRECS;8219.0;2
87300;BOT_MAKER;BOT_TAKER;UV_VISOR_AMBER;XIRECS;8218.0;1
87300;SUBMISSION;BOT_TAKER;UV_VISOR_ORANGE;XIRECS;10603.0;2
87300;BOT_MAKER;BOT_TAKER;UV_VISOR_ORANGE;XIRECS;10602.0;1
87300;SUBMISSION;BOT_TAKER;UV_VISOR_RED;XIRECS;10688.0;3
87300;BOT_MAKER;BOT_TAKER;UV_VISOR_MAGENTA;XIRECS;11740.0;3
87300;SUBMISSION;BOT_TAKER;TRANSLATOR_SPACE_GRAY;XIRECS;8959.0;2
87300;BOT_MAKER;BOT_TAKER;TRANSLATOR_SPACE_GRAY;XIRECS;8958.0;1
87300;BOT_MAKER;BOT_TAKER;TRANSLATOR_ASTRO_BLACK;XIRECS;9256.0;3
87300;BOT_MAKER;BOT_TAKER;TRANSLATOR_ECLIPSE_CHARCOAL;XIRECS;9830.0;3
87300;SUBMISSION;BOT_TAKER;TRANSLATOR_GRAPHITE_MIST;XIRECS;9338.0;2
87300;BOT_MAKER;BOT_TAKER;TRANSLATOR_GRAPHITE_MIST;XIRECS;9337.0;1
87300;BOT_MAKER;BOT_TAKER;TRANSLATOR_VOID_BLUE;XIRECS;11305.0;3
87300;SUBMISSION;BOT_TAKER;PANEL_1X2;XIRECS;8251.0;2
87300;BOT_MAKER;BOT_TAKER;PANEL_1X2;XIRECS;8250.0;1
87300;SUBMISSION;BOT_TAKER;PANEL_2X2;XIRECS;10357.0;2
87300;BOT_MAKER;BOT_TAKER;PANEL_2X2;XIRECS;10356.0;1
87300;SUBMISSION;BOT_TAKER;PANEL_1X4;XIRECS;11229.0;2
87300;BOT_MAKER;BOT_TAKER;PANEL_1X4;XIRECS;11228.0;1
87300;BOT_MAKER;BOT_TAKER;PANEL_2X4;XIRECS;10991.0;3
87300;SUBMISSION;BOT_TAKER;PANEL_4X4;XIRECS;9896.0;2
87300;BOT_MAKER;BOT_TAKER;PANEL_4X4;XIRECS;9895.0;1
87300;SUBMISSION;BOT_TAKER;OXYGEN_SHAKE_MORNING_BREATH;XIRECS;10613.0;2
87300;BOT_MAKER;BOT_TAKER;OXYGEN_SHAKE_MORNING_BREATH;XIRECS;10612.0;1
87300;SUBMISSION;BOT_TAKER;OXYGEN_SHAKE_EVENING_BREATH;XIRECS;8443.0;2
87300;BOT_MAKER;BOT_TAKER;OXYGEN_SHAKE_EVENING_BREATH;XIRECS;8442.0;1
87300;SUBMISSION;BOT_TAKER;OXYGEN_SHAKE_MINT;XIRECS;10378.0;2
87300;BOT_MAKER;BOT_TAKER;OXYGEN_SHAKE_MINT;XIRECS;10377.0;1
87300;BOT_MAKER;BOT_TAKER;OXYGEN_SHAKE_CHOCOLATE;XIRECS;9698.0;3
87300;SUBMISSION;BOT_TAKER;OXYGEN_SHAKE_GARLIC;XIRECS;11299.0;2
87300;BOT_MAKER;BOT_TAKER;OXYGEN_SHAKE_GARLIC;XIRECS;11298.0;1
87300;SUBMISSION;BOT_TAKER;SNACKPACK_CHOCOLATE;XIRECS;9893.0;3
87300;SUBMISSION;BOT_TAKER;SNACKPACK_VANILLA;XIRECS;9956.0;3
87300;BOT_MAKER;BOT_TAKER;SNACKPACK_PISTACHIO;XIRECS;9628.0;3
87300;BOT_MAKER;BOT_TAKER;SNACKPACK_STRAWBERRY;XIRECS;10760.0;3
87300;BOT_MAKER;BOT_TAKER;SNACKPACK_RASPBERRY;XIRECS;10019.0;3
87900;BOT_MAKER;BOT_TAKER;GALAXY_SOUNDS_DARK_MATTER;XIRECS;10367.0;1
87900;SUBMISSION;BOT_TAKER;GALAXY_SOUNDS_BLACK_HOLES;XIRECS;11715.0;1
87900;SUBMISSION;BOT_TAKER;GALAXY_SOUNDS_PLANETARY_RINGS;XIRECS;11217.0;1
87900;SUBMISSION;BOT_TAKER;GALAXY_SOUNDS_SOLAR_WINDS;XIRECS;10301.0;1
87900;BOT_MAKER;BOT_TAKER;GALAXY_SOUNDS_SOLAR_FLAMES;XIRECS;11135.0;1
87900;BOT_MAKER;BOT_TAKER;SLEEP_POD_SUEDE;XIRECS;11293.0;1
87900;BOT_MAKER;BOT_TAKER;SLEEP_POD_LAMB_WOOL;XIRECS;10169.0;1
87900;SUBMISSION;BOT_TAKER;SLEEP_POD_POLYESTER;XIRECS;12235.0;1
87900;BOT_MAKER;BOT_TAKER;SLEEP_POD_NYLON;XIRECS;9041.0;1
87900;SUBMISSION;BOT_TAKER;SLEEP_POD_COTTON;XIRECS;10992.0;1
87900;BOT_MAKER;BOT_TAKER;ROBOT_VACUUMING;XIRECS;9586.0;1
87900;SUBMISSION;BOT_TAKER;ROBOT_MOPPING;XIRECS;9554.0;1
87900;BOT_MAKER;BOT_TAKER;ROBOT_DISHES;XIRECS;9619.0;1
87900;BOT_MAKER;BOT_TAKER;ROBOT_LAUNDRY;XIRECS;10247.0;1
87900;SUBMISSION;BOT_TAKER;ROBOT_IRONING;XIRECS;9549.0;1
87900;SUBMISSION;BOT_TAKER;UV_VISOR_YELLOW;XIRECS;11617.0;1
87900;SUBMISSION;BOT_TAKER;UV_VISOR_AMBER;XIRECS;8229.0;1
87900;SUBMISSION;BOT_TAKER;UV_VISOR_ORANGE;XIRECS;10548.0;1
87900;SUBMISSION;BOT_TAKER;UV_VISOR_RED;XIRECS;10660.0;1
87900;BOT_MAKER;BOT_TAKER;UV_VISOR_MAGENTA;XIRECS;11745.0;1
87900;SUBMISSION;BOT_TAKER;TRANSLATOR_SPACE_GRAY;XIRECS;8931.0;1
87900;BOT_MAKER;BOT_TAKER;TRANSLATOR_ASTRO_BLACK;XIRECS;9277.0;1
87900;BOT_MAKER;BOT_TAKER;TRANSLATOR_ECLIPSE_CHARCOAL;XIRECS;9840.0;1
87900;SUBMISSION;BOT_TAKER;TRANSLATOR_GRAPHITE_MIST;XIRECS;9319.0;1
87900;BOT_MAKER;BOT_TAKER;TRANSLATOR_VOID_BLUE;XIRECS;11277.0;1
87900;SUBMISSION;BOT_TAKER;PANEL_1X2;XIRECS;8237.0;1
87900;SUBMISSION;BOT_TAKER;PANEL_2X2;XIRECS;10374.0;1
87900;SUBMISSION;BOT_TAKER;PANEL_1X4;XIRECS;11242.0;1
87900;BOT_MAKER;BOT_TAKER;PANEL_2X4;XIRECS;10967.0;1
87900;SUBMISSION;BOT_TAKER;PANEL_4X4;XIRECS;9907.0;1
87900;SUBMISSION;BOT_TAKER;OXYGEN_SHAKE_MORNING_BREATH;XIRECS;10654.0;1
87900;SUBMISSION;BOT_TAKER;OXYGEN_SHAKE_EVENING_BREATH;XIRECS;8483.0;1
87900;SUBMISSION;BOT_TAKER;OXYGEN_SHAKE_MINT;XIRECS;10398.0;1
87900;BOT_MAKER;BOT_TAKER;OXYGEN_SHAKE_CHOCOLATE;XIRECS;9678.0;1
87900;SUBMISSION;BOT_TAKER;OXYGEN_SHAKE_GARLIC;XIRECS;11294.0;1
87900;SUBMISSION;BOT_TAKER;SNACKPACK_CHOCOLATE;XIRECS;9893.0;1
87900;SUBMISSION;BOT_TAKER;SNACKPACK_VANILLA;XIRECS;9950.0;1
87900;SUBMISSION;BOT_TAKER;SNACKPACK_PISTACHIO;XIRECS;9605.0;1
87900;BOT_MAKER;BOT_TAKER;SNACKPACK_STRAWBERRY;XIRECS;10724.0;1
87900;BOT_MAKER;BOT_TAKER;SNACKPACK_RASPBERRY;XIRECS;10052.0;1
90900;BOT_MAKER;BOT_TAKER;GALAXY_SOUNDS_DARK_MATTER;XIRECS;10410.0;1
90900;SUBMISSION;BOT_TAKER;GALAXY_SOUNDS_BLACK_HOLES;XIRECS;11766.0;1
90900;SUBMISSION;BOT_TAKER;GALAXY_SOUNDS_PLANETARY_RINGS;XIRECS;11192.0;1
90900;SUBMISSION;BOT_TAKER;GALAXY_SOUNDS_SOLAR_WINDS;XIRECS;10306.0;1
90900;BOT_MAKER;BOT_TAKER;GALAXY_SOUNDS_SOLAR_FLAMES;XIRECS;11183.0;1
90900;BOT_MAKER;BOT_TAKER;SLEEP_POD_SUEDE;XIRECS;11285.0;1
90900;BOT_MAKER;BOT_TAKER;SLEEP_POD_LAMB_WOOL;XIRECS;10095.0;1
90900;SUBMISSION;BOT_TAKER;SLEEP_POD_POLYESTER;XIRECS;12207.0;1
90900;BOT_MAKER;BOT_TAKER;SLEEP_POD_NYLON;XIRECS;9089.0;1
90900;SUBMISSION;BOT_TAKER;SLEEP_POD_COTTON;XIRECS;11052.0;1
90900;BOT_MAKER;BOT_TAKER;ROBOT_VACUUMING;XIRECS;9597.0;1
90900;SUBMISSION;BOT_TAKER;ROBOT_MOPPING;XIRECS;9728.0;1
90900;BOT_MAKER;BOT_TAKER;ROBOT_DISHES;XIRECS;9566.0;1
90900;SUBMISSION;BOT_TAKER;ROBOT_LAUNDRY;XIRECS;10131.0;1
90900;SUBMISSION;BOT_TAKER;ROBOT_IRONING;XIRECS;9595.0;1
90900;SUBMISSION;BOT_TAKER;UV_VISOR_YELLOW;XIRECS;11595.0;1
90900;SUBMISSION;BOT_TAKER;UV_VISOR_AMBER;XIRECS;8185.0;1
90900;SUBMISSION;BOT_TAKER;UV_VISOR_ORANGE;XIRECS;10658.0;1
90900;SUBMISSION;BOT_TAKER;UV_VISOR_RED;XIRECS;10626.0;1
90900;BOT_MAKER;BOT_TAKER;UV_VISOR_MAGENTA;XIRECS;11638.0;1
90900;SUBMISSION;BOT_TAKER;TRANSLATOR_SPACE_GRAY;XIRECS;8885.0;1
90900;BOT_MAKER;BOT_TAKER;TRANSLATOR_ASTRO_BLACK;XIRECS;9334.0;1
90900;BOT_MAKER;BOT_TAKER;TRANSLATOR_ECLIPSE_CHARCOAL;XIRECS;9891.0;1
90900;SUBMISSION;BOT_TAKER;TRANSLATOR_GRAPHITE_MIST;XIRECS;9424.0;1
90900;BOT_MAKER;BOT_TAKER;TRANSLATOR_VOID_BLUE;XIRECS;11288.0;1
90900;SUBMISSION;BOT_TAKER;PANEL_1X2;XIRECS;8193.0;1
90900;SUBMISSION;BOT_TAKER;PANEL_2X2;XIRECS;10427.0;1
90900;SUBMISSION;BOT_TAKER;PANEL_1X4;XIRECS;11152.0;1
90900;BOT_MAKER;BOT_TAKER;PANEL_2X4;XIRECS;10982.0;1
90900;SUBMISSION;BOT_TAKER;PANEL_4X4;XIRECS;9888.0;1
90900;SUBMISSION;BOT_TAKER;OXYGEN_SHAKE_MORNING_BREATH;XIRECS;10711.0;1
90900;SUBMISSION;BOT_TAKER;OXYGEN_SHAKE_EVENING_BREATH;XIRECS;8531.0;1
90900;SUBMISSION;BOT_TAKER;OXYGEN_SHAKE_MINT;XIRECS;10462.0;1
90900;BOT_MAKER;BOT_TAKER;OXYGEN_SHAKE_CHOCOLATE;XIRECS;9641.0;1
90900;SUBMISSION;BOT_TAKER;OXYGEN_SHAKE_GARLIC;XIRECS;11348.0;1
90900;BOT_MAKER;BOT_TAKER;SNACKPACK_CHOCOLATE;XIRECS;9944.0;1
90900;SUBMISSION;BOT_TAKER;SNACKPACK_VANILLA;XIRECS;9893.0;1
90900;BOT_MAKER;BOT_TAKER;SNACKPACK_PISTACHIO;XIRECS;9621.0;1
90900;BOT_MAKER;BOT_TAKER;SNACKPACK_STRAWBERRY;XIRECS;10738.0;1
90900;BOT_MAKER;BOT_TAKER;SNACKPACK_RASPBERRY;XIRECS;10061.0;1
91800;BOT_TAKER;SUBMISSION;MICROCHIP_CIRCLE;XIRECS;8973.0;1
91800;BOT_TAKER;SUBMISSION;MICROCHIP_OVAL;XIRECS;9077.0;1
91800;BOT_TAKER;SUBMISSION;MICROCHIP_SQUARE;XIRECS;13145.0;1
91800;BOT_TAKER;BOT_MAKER;MICROCHIP_RECTANGLE;XIRECS;8595.0;1
91800;BOT_TAKER;BOT_MAKER;MICROCHIP_TRIANGLE;XIRECS;10208.0;1
93000;BOT_TAKER;SUBMISSION;PEBBLES_XS;XIRECS;6857.0;3
93000;BOT_TAKER;BOT_MAKER;PEBBLES_S;XIRECS;9044.0;3
93000;BOT_TAKER;BOT_MAKER;PEBBLES_M;XIRECS;10113.0;3
93000;BOT_TAKER;SUBMISSION;PEBBLES_L;XIRECS;10869.0;3
93000;BOT_TAKER;BOT_MAKER;PEBBLES_XL;XIRECS;13145.0;3
94100;SUBMISSION;BOT_TAKER;PEBBLES_XS;XIRECS;6813.0;5
94100;SUBMISSION;BOT_TAKER;PEBBLES_S;XIRECS;9062.0;3
94100;BOT_MAKER;BOT_TAKER;PEBBLES_S;XIRECS;9061.0;2
94100;BOT_MAKER;BOT_TAKER;PEBBLES_M;XIRECS;10154.0;5
94100;SUBMISSION;BOT_TAKER;PEBBLES_L;XIRECS;10827.0;5
94100;BOT_MAKER;BOT_TAKER;PEBBLES_XL;XIRECS;13116.0;5
97300;BOT_TAKER;SUBMISSION;GALAXY_SOUNDS_DARK_MATTER;XIRECS;10532.0;3
97300;BOT_TAKER;SUBMISSION;GALAXY_SOUNDS_BLACK_HOLES;XIRECS;11738.0;3
97300;BOT_TAKER;SUBMISSION;GALAXY_SOUNDS_PLANETARY_RINGS;XIRECS;10974.0;3
97300;BOT_TAKER;SUBMISSION;GALAXY_SOUNDS_SOLAR_WINDS;XIRECS;10219.0;3
97300;BOT_TAKER;BOT_MAKER;GALAXY_SOUNDS_SOLAR_FLAMES;XIRECS;11082.0;3
97300;BOT_TAKER;BOT_MAKER;SLEEP_POD_SUEDE;XIRECS;11245.0;3
97300;BOT_TAKER;BOT_MAKER;SLEEP_POD_LAMB_WOOL;XIRECS;10092.0;3
97300;BOT_TAKER;SUBMISSION;SLEEP_POD_POLYESTER;XIRECS;12131.0;3
97300;BOT_TAKER;SUBMISSION;SLEEP_POD_NYLON;XIRECS;9103.0;1
97300;BOT_TAKER;BOT_MAKER;SLEEP_POD_NYLON;XIRECS;9104.0;2
97300;BOT_TAKER;SUBMISSION;SLEEP_POD_COTTON;XIRECS;11185.0;3
97300;BOT_TAKER;BOT_MAKER;ROBOT_VACUUMING;XIRECS;9544.0;3
97300;BOT_TAKER;SUBMISSION;ROBOT_MOPPING;XIRECS;9818.0;3
97300;BOT_TAKER;BOT_MAKER;ROBOT_DISHES;XIRECS;9547.0;3
97300;BOT_TAKER;SUBMISSION;ROBOT_LAUNDRY;XIRECS;10261.0;3
97300;BOT_TAKER;SUBMISSION;ROBOT_IRONING;XIRECS;9647.0;3
97300;BOT_TAKER;SUBMISSION;UV_VISOR_YELLOW;XIRECS;11553.0;3
97300;BOT_TAKER;SUBMISSION;UV_VISOR_AMBER;XIRECS;8198.0;3
97300;BOT_TAKER;SUBMISSION;UV_VISOR_ORANGE;XIRECS;10572.0;3
97300;BOT_TAKER;SUBMISSION;UV_VISOR_RED;XIRECS;10838.0;3
97300;BOT_TAKER;BOT_MAKER;UV_VISOR_MAGENTA;XIRECS;11664.0;3
97300;BOT_TAKER;SUBMISSION;TRANSLATOR_SPACE_GRAY;XIRECS;9011.0;3
97300;BOT_TAKER;BOT_MAKER;TRANSLATOR_ASTRO_BLACK;XIRECS;9498.0;3
97300;BOT_TAKER;BOT_MAKER;TRANSLATOR_ECLIPSE_CHARCOAL;XIRECS;9813.0;3
97300;BOT_TAKER;SUBMISSION;TRANSLATOR_GRAPHITE_MIST;XIRECS;9445.0;3
97300;BOT_TAKER;BOT_MAKER;TRANSLATOR_VOID_BLUE;XIRECS;11202.0;3
97300;BOT_TAKER;SUBMISSION;PANEL_1X2;XIRECS;8225.0;3
97300;BOT_TAKER;SUBMISSION;PANEL_2X2;XIRECS;10393.0;3
97300;BOT_TAKER;SUBMISSION;PANEL_1X4;XIRECS;11244.0;3
97300;BOT_TAKER;BOT_MAKER;PANEL_2X4;XIRECS;11019.0;3
97300;BOT_TAKER;SUBMISSION;PANEL_4X4;XIRECS;9845.0;3
97300;BOT_TAKER;SUBMISSION;OXYGEN_SHAKE_MORNING_BREATH;XIRECS;10726.0;3
97300;BOT_TAKER;SUBMISSION;OXYGEN_SHAKE_EVENING_BREATH;XIRECS;8581.0;3
97300;BOT_TAKER;SUBMISSION;OXYGEN_SHAKE_MINT;XIRECS;10385.0;3
97300;BOT_TAKER;BOT_MAKER;OXYGEN_SHAKE_CHOCOLATE;XIRECS;9466.0;3
97300;BOT_TAKER;SUBMISSION;OXYGEN_SHAKE_GARLIC;XIRECS;11333.0;3
97300;BOT_TAKER;SUBMISSION;SNACKPACK_CHOCOLATE;XIRECS;10001.0;3
97300;BOT_TAKER;BOT_MAKER;SNACKPACK_VANILLA;XIRECS;9848.0;3
97300;BOT_TAKER;SUBMISSION;SNACKPACK_PISTACHIO;XIRECS;9639.0;3
97300;BOT_TAKER;BOT_MAKER;SNACKPACK_STRAWBERRY;XIRECS;10830.0;3
97300;BOT_TAKER;BOT_MAKER;SNACKPACK_RASPBERRY;XIRECS;10022.0;3
97500;BOT_TAKER;SUBMISSION;PEBBLES_XS;XIRECS;6841.0;5
97500;BOT_TAKER;SUBMISSION;PEBBLES_S;XIRECS;9105.0;5
97500;BOT_TAKER;BOT_MAKER;PEBBLES_M;XIRECS;10211.0;5
97500;BOT_TAKER;SUBMISSION;PEBBLES_L;XIRECS;10901.0;5
97500;BOT_TAKER;BOT_MAKER;PEBBLES_XL;XIRECS;12970.0;5
98000;SUBMISSION;BOT_TAKER;PEBBLES_XS;XIRECS;6852.0;4
98000;BOT_MAKER;BOT_TAKER;PEBBLES_S;XIRECS;9093.0;4
98000;BOT_MAKER;BOT_TAKER;PEBBLES_M;XIRECS;10207.0;4
98000;SUBMISSION;BOT_TAKER;PEBBLES_L;XIRECS;10927.0;4
98000;BOT_MAKER;BOT_TAKER;PEBBLES_XL;XIRECS;12892.0;4
98400;BOT_TAKER;SUBMISSION;GALAXY_SOUNDS_DARK_MATTER;XIRECS;10564.0;1
98400;BOT_TAKER;SUBMISSION;GALAXY_SOUNDS_BLACK_HOLES;XIRECS;11756.0;1
98400;BOT_TAKER;SUBMISSION;GALAXY_SOUNDS_PLANETARY_RINGS;XIRECS;11011.0;1
98400;BOT_TAKER;SUBMISSION;GALAXY_SOUNDS_SOLAR_WINDS;XIRECS;10197.0;1
98400;BOT_TAKER;BOT_MAKER;GALAXY_SOUNDS_SOLAR_FLAMES;XIRECS;11111.0;1
98400;BOT_TAKER;BOT_MAKER;SLEEP_POD_SUEDE;XIRECS;11209.0;1
98400;BOT_TAKER;BOT_MAKER;SLEEP_POD_LAMB_WOOL;XIRECS;10104.0;1
98400;BOT_TAKER;SUBMISSION;SLEEP_POD_POLYESTER;XIRECS;12171.0;1
98400;BOT_TAKER;BOT_MAKER;SLEEP_POD_NYLON;XIRECS;9096.0;1
98400;BOT_TAKER;SUBMISSION;SLEEP_POD_COTTON;XIRECS;11199.0;1
98400;BOT_TAKER;BOT_MAKER;ROBOT_VACUUMING;XIRECS;9539.0;1
98400;BOT_TAKER;SUBMISSION;ROBOT_MOPPING;XIRECS;9818.0;1
98400;BOT_TAKER;BOT_MAKER;ROBOT_DISHES;XIRECS;9480.0;1
98400;BOT_TAKER;SUBMISSION;ROBOT_LAUNDRY;XIRECS;10343.0;1
98400;BOT_TAKER;SUBMISSION;ROBOT_IRONING;XIRECS;9603.0;1
98400;BOT_TAKER;SUBMISSION;UV_VISOR_YELLOW;XIRECS;11548.0;1
98400;BOT_TAKER;SUBMISSION;UV_VISOR_AMBER;XIRECS;8147.0;1
98400;BOT_TAKER;SUBMISSION;UV_VISOR_ORANGE;XIRECS;10566.0;1
98400;BOT_TAKER;SUBMISSION;UV_VISOR_RED;XIRECS;10836.0;1
98400;BOT_TAKER;BOT_MAKER;UV_VISOR_MAGENTA;XIRECS;11693.0;1
98400;BOT_TAKER;SUBMISSION;TRANSLATOR_SPACE_GRAY;XIRECS;9009.0;1
98400;BOT_TAKER;BOT_MAKER;TRANSLATOR_ASTRO_BLACK;XIRECS;9521.0;1
98400;BOT_TAKER;BOT_MAKER;TRANSLATOR_ECLIPSE_CHARCOAL;XIRECS;9843.0;1
98400;BOT_TAKER;SUBMISSION;TRANSLATOR_GRAPHITE_MIST;XIRECS;9405.0;1
98400;BOT_TAKER;BOT_MAKER;TRANSLATOR_VOID_BLUE;XIRECS;11237.0;1
98400;BOT_TAKER;SUBMISSION;PANEL_1X2;XIRECS;8189.0;1
98400;BOT_TAKER;SUBMISSION;PANEL_2X2;XIRECS;10428.0;1
98400;BOT_TAKER;SUBMISSION;PANEL_1X4;XIRECS;11217.0;1
98400;BOT_TAKER;BOT_MAKER;PANEL_2X4;XIRECS;11058.0;1
98400;BOT_TAKER;SUBMISSION;PANEL_4X4;XIRECS;9860.0;1
98400;BOT_TAKER;SUBMISSION;OXYGEN_SHAKE_MORNING_BREATH;XIRECS;10717.0;1
98400;BOT_TAKER;SUBMISSION;OXYGEN_SHAKE_EVENING_BREATH;XIRECS;8553.0;1
98400;BOT_TAKER;SUBMISSION;OXYGEN_SHAKE_MINT;XIRECS;10405.0;1
98400;BOT_TAKER;BOT_MAKER;OXYGEN_SHAKE_CHOCOLATE;XIRECS;9405.0;1
98400;BOT_TAKER;SUBMISSION;OXYGEN_SHAKE_GARLIC;XIRECS;11319.0;1
98400;BOT_TAKER;SUBMISSION;SNACKPACK_CHOCOLATE;XIRECS;10012.0;1
98400;BOT_TAKER;BOT_MAKER;SNACKPACK_VANILLA;XIRECS;9852.0;1
98400;BOT_TAKER;SUBMISSION;SNACKPACK_PISTACHIO;XIRECS;9633.0;1
98400;BOT_TAKER;BOT_MAKER;SNACKPACK_STRAWBERRY;XIRECS;10820.0;1
98400;BOT_TAKER;SUBMISSION;SNACKPACK_RASPBERRY;XIRECS;10030.0;1
99900;BOT_TAKER;SUBMISSION;PEBBLES_XS;XIRECS;6754.0;2
99900;BOT_TAKER;SUBMISSION;PEBBLES_S;XIRECS;9141.0;2
99900;BOT_TAKER;BOT_MAKER;PEBBLES_M;XIRECS;10198.0;2
99900;BOT_TAKER;SUBMISSION;PEBBLES_L;XIRECS;10908.0;2
99900;BOT_TAKER;BOT_MAKER;PEBBLES_XL;XIRECS;13026.0;2
102900;BOT_TAKER;SUBMISSION;PEBBLES_XS;XIRECS;6942.0;4
102900;BOT_TAKER;SUBMISSION;PEBBLES_S;XIRECS;9128.0;4
102900;BOT_TAKER;BOT_MAKER;PEBBLES_M;XIRECS;10062.0;4
102900;BOT_TAKER;SUBMISSION;PEBBLES_L;XIRECS;11004.0;4
102900;BOT_TAKER;BOT_MAKER;PEBBLES_XL;XIRECS;12892.0;4
103700;BOT_MAKER;BOT_TAKER;GALAXY_SOUNDS_DARK_MATTER;XIRECS;10660.0;4
103700;SUBMISSION;BOT_TAKER;GALAXY_SOUNDS_BLACK_HOLES;XIRECS;11897.0;2
103700;BOT_MAKER;BOT_TAKER;GALAXY_SOUNDS_BLACK_HOLES;XIRECS;11896.0;2
103700;SUBMISSION;BOT_TAKER;GALAXY_SOUNDS_PLANETARY_RINGS;XIRECS;10986.0;2
103700;BOT_MAKER;BOT_TAKER;GALAXY_SOUNDS_PLANETARY_RINGS;XIRECS;10985.0;2
103700;SUBMISSION;BOT_TAKER;GALAXY_SOUNDS_SOLAR_WINDS;XIRECS;10208.0;2
103700;BOT_MAKER;BOT_TAKER;GALAXY_SOUNDS_SOLAR_WINDS;XIRECS;10207.0;2
103700;BOT_MAKER;BOT_TAKER;GALAXY_SOUNDS_SOLAR_FLAMES;XIRECS;11123.0;4
103700;SUBMISSION;BOT_TAKER;SLEEP_POD_SUEDE;XIRECS;11157.0;4
103700;BOT_MAKER;BOT_TAKER;SLEEP_POD_LAMB_WOOL;XIRECS;10182.0;4
103700;SUBMISSION;BOT_TAKER;SLEEP_POD_POLYESTER;XIRECS;12083.0;2
103700;BOT_MAKER;BOT_TAKER;SLEEP_POD_POLYESTER;XIRECS;12082.0;2
103700;BOT_MAKER;BOT_TAKER;SLEEP_POD_NYLON;XIRECS;9060.0;4
103700;SUBMISSION;BOT_TAKER;SLEEP_POD_COTTON;XIRECS;11090.0;2
103700;BOT_MAKER;BOT_TAKER;SLEEP_POD_COTTON;XIRECS;11089.0;2
103700;BOT_MAKER;BOT_TAKER;ROBOT_VACUUMING;XIRECS;9410.0;4
103700;SUBMISSION;BOT_TAKER;ROBOT_MOPPING;XIRECS;9926.0;2
103700;BOT_MAKER;BOT_TAKER;ROBOT_MOPPING;XIRECS;9925.0;2
103700;BOT_MAKER;BOT_TAKER;ROBOT_DISHES;XIRECS;9354.0;4
103700;BOT_MAKER;BOT_TAKER;ROBOT_LAUNDRY;XIRECS;10395.0;4
103700;SUBMISSION;BOT_TAKER;ROBOT_IRONING;XIRECS;9639.0;2
103700;BOT_MAKER;BOT_TAKER;ROBOT_IRONING;XIRECS;9638.0;2
103700;SUBMISSION;BOT_TAKER;UV_VISOR_YELLOW;XIRECS;11453.0;2
103700;BOT_MAKER;BOT_TAKER;UV_VISOR_YELLOW;XIRECS;11452.0;2
103700;SUBMISSION;BOT_TAKER;UV_VISOR_AMBER;XIRECS;8220.0;2
103700;BOT_MAKER;BOT_TAKER;UV_VISOR_AMBER;XIRECS;8219.0;2
103700;SUBMISSION;BOT_TAKER;UV_VISOR_ORANGE;XIRECS;10625.0;2
103700;BOT_MAKER;BOT_TAKER;UV_VISOR_ORANGE;XIRECS;10624.0;2
103700;SUBMISSION;BOT_TAKER;UV_VISOR_RED;XIRECS;10767.0;4
103700;BOT_MAKER;BOT_TAKER;UV_VISOR_MAGENTA;XIRECS;11755.0;4
103700;SUBMISSION;BOT_TAKER;TRANSLATOR_SPACE_GRAY;XIRECS;8956.0;2
103700;BOT_MAKER;BOT_TAKER;TRANSLATOR_SPACE_GRAY;XIRECS;8955.0;2
103700;BOT_MAKER;BOT_TAKER;TRANSLATOR_ASTRO_BLACK;XIRECS;9431.0;4
103700;BOT_MAKER;BOT_TAKER;TRANSLATOR_ECLIPSE_CHARCOAL;XIRECS;9759.0;4
103700;SUBMISSION;BOT_TAKER;TRANSLATOR_GRAPHITE_MIST;XIRECS;9348.0;2
103700;BOT_MAKER;BOT_TAKER;TRANSLATOR_GRAPHITE_MIST;XIRECS;9347.0;2
103700;BOT_MAKER;BOT_TAKER;TRANSLATOR_VOID_BLUE;XIRECS;11222.0;4
103700;SUBMISSION;BOT_TAKER;PANEL_1X2;XIRECS;8201.0;2
103700;BOT_MAKER;BOT_TAKER;PANEL_1X2;XIRECS;8200.0;2
103700;SUBMISSION;BOT_TAKER;PANEL_2X2;XIRECS;10379.0;2
103700;BOT_MAKER;BOT_TAKER;PANEL_2X2;XIRECS;10378.0;2
103700;SUBMISSION;BOT_TAKER;PANEL_1X4;XIRECS;11300.0;2
103700;BOT_MAKER;BOT_TAKER;PANEL_1X4;XIRECS;11299.0;2
103700;BOT_MAKER;BOT_TAKER;PANEL_2X4;XIRECS;11104.0;4
103700;SUBMISSION;BOT_TAKER;PANEL_4X4;XIRECS;9899.0;2
103700;BOT_MAKER;BOT_TAKER;PANEL_4X4;XIRECS;9898.0;2
103700;SUBMISSION;BOT_TAKER;OXYGEN_SHAKE_MORNING_BREATH;XIRECS;10679.0;2
103700;BOT_MAKER;BOT_TAKER;OXYGEN_SHAKE_MORNING_BREATH;XIRECS;10678.0;2
103700;SUBMISSION;BOT_TAKER;OXYGEN_SHAKE_EVENING_BREATH;XIRECS;8740.0;2
103700;BOT_MAKER;BOT_TAKER;OXYGEN_SHAKE_EVENING_BREATH;XIRECS;8739.0;2
103700;SUBMISSION;BOT_TAKER;OXYGEN_SHAKE_MINT;XIRECS;10357.0;2
103700;BOT_MAKER;BOT_TAKER;OXYGEN_SHAKE_MINT;XIRECS;10356.0;2
103700;SUBMISSION;BOT_TAKER;OXYGEN_SHAKE_CHOCOLATE;XIRECS;9228.0;4
103700;SUBMISSION;BOT_TAKER;OXYGEN_SHAKE_GARLIC;XIRECS;11389.0;2
103700;BOT_MAKER;BOT_TAKER;OXYGEN_SHAKE_GARLIC;XIRECS;11388.0;2
103700;BOT_MAKER;BOT_TAKER;SNACKPACK_CHOCOLATE;XIRECS;9997.0;4
103700;BOT_MAKER;BOT_TAKER;SNACKPACK_VANILLA;XIRECS;9834.0;4
103700;SUBMISSION;BOT_TAKER;SNACKPACK_PISTACHIO;XIRECS;9572.0;4
103700;BOT_MAKER;BOT_TAKER;SNACKPACK_STRAWBERRY;XIRECS;10765.0;4
103700;BOT_MAKER;BOT_TAKER;SNACKPACK_RASPBERRY;XIRECS;10080.0;4
104100;BOT_MAKER;BOT_TAKER;GALAXY_SOUNDS_DARK_MATTER;XIRECS;10683.0;1
104100;SUBMISSION;BOT_TAKER;GALAXY_SOUNDS_BLACK_HOLES;XIRECS;11905.0;1
104100;SUBMISSION;BOT_TAKER;GALAXY_SOUNDS_PLANETARY_RINGS;XIRECS;10987.0;1
104100;SUBMISSION;BOT_TAKER;GALAXY_SOUNDS_SOLAR_WINDS;XIRECS;10214.0;1
104100;BOT_MAKER;BOT_TAKER;GALAXY_SOUNDS_SOLAR_FLAMES;XIRECS;11136.0;1
104100;SUBMISSION;BOT_TAKER;SLEEP_POD_SUEDE;XIRECS;11137.0;1
104100;BOT_MAKER;BOT_TAKER;SLEEP_POD_LAMB_WOOL;XIRECS;10200.0;1
104100;SUBMISSION;BOT_TAKER;SLEEP_POD_POLYESTER;XIRECS;12105.0;1
104100;BOT_MAKER;BOT_TAKER;SLEEP_POD_NYLON;XIRECS;9079.0;1
104100;SUBMISSION;BOT_TAKER;SLEEP_POD_COTTON;XIRECS;11082.0;1
104100;BOT_MAKER;BOT_TAKER;ROBOT_VACUUMING;XIRECS;9408.0;1
104100;SUBMISSION;BOT_TAKER;ROBOT_MOPPING;XIRECS;9930.0;1
104100;BOT_MAKER;BOT_TAKER;ROBOT_DISHES;XIRECS;9348.0;1
104100;BOT_MAKER;BOT_TAKER;ROBOT_LAUNDRY;XIRECS;10388.0;1
104100;SUBMISSION;BOT_TAKER;ROBOT_IRONING;XIRECS;9658.0;1
104100;SUBMISSION;BOT_TAKER;UV_VISOR_YELLOW;XIRECS;11451.0;1
104100;SUBMISSION;BOT_TAKER;UV_VISOR_AMBER;XIRECS;8212.0;1
104100;SUBMISSION;BOT_TAKER;UV_VISOR_ORANGE;XIRECS;10659.0;1
104100;BOT_MAKER;BOT_TAKER;UV_VISOR_RED;XIRECS;10796.0;1
104100;BOT_MAKER;BOT_TAKER;UV_VISOR_MAGENTA;XIRECS;11736.0;1
104100;SUBMISSION;BOT_TAKER;TRANSLATOR_SPACE_GRAY;XIRECS;8975.0;1
104100;BOT_MAKER;BOT_TAKER;TRANSLATOR_ASTRO_BLACK;XIRECS;9418.0;1
104100;BOT_MAKER;BOT_TAKER;TRANSLATOR_ECLIPSE_CHARCOAL;XIRECS;9766.0;1
104100;SUBMISSION;BOT_TAKER;TRANSLATOR_GRAPHITE_MIST;XIRECS;9343.0;1
104100;SUBMISSION;BOT_TAKER;TRANSLATOR_VOID_BLUE;XIRECS;11172.0;1
104100;SUBMISSION;BOT_TAKER;PANEL_1X2;XIRECS;8194.0;1
104100;SUBMISSION;BOT_TAKER;PANEL_2X2;XIRECS;10358.0;1
104100;SUBMISSION;BOT_TAKER;PANEL_1X4;XIRECS;11313.0;1
104100;BOT_MAKER;BOT_TAKER;PANEL_2X4;XIRECS;11118.0;1
104100;SUBMISSION;BOT_TAKER;PANEL_4X4;XIRECS;9885.0;1
104100;SUBMISSION;BOT_TAKER;OXYGEN_SHAKE_MORNING_BREATH;XIRECS;10711.0;1
104100;SUBMISSION;BOT_TAKER;OXYGEN_SHAKE_EVENING_BREATH;XIRECS;8716.0;1
104100;SUBMISSION;BOT_TAKER;OXYGEN_SHAKE_MINT;XIRECS;10369.0;1
104100;SUBMISSION;BOT_TAKER;OXYGEN_SHAKE_CHOCOLATE;XIRECS;9201.0;1
104100;SUBMISSION;BOT_TAKER;OXYGEN_SHAKE_GARLIC;XIRECS;11349.0;1
104100;BOT_MAKER;BOT_TAKER;SNACKPACK_CHOCOLATE;XIRECS;10006.0;1
104100;BOT_MAKER;BOT_TAKER;SNACKPACK_VANILLA;XIRECS;9815.0;1
104100;SUBMISSION;BOT_TAKER;SNACKPACK_PISTACHIO;XIRECS;9560.0;1
104100;BOT_MAKER;BOT_TAKER;SNACKPACK_STRAWBERRY;XIRECS;10753.0;1
104100;BOT_MAKER;BOT_TAKER;SNACKPACK_RASPBERRY;XIRECS;10098.0;1
104100;SUBMISSION;BOT_TAKER;PEBBLES_XS;XIRECS;6912.0;2
104100;BOT_MAKER;BOT_TAKER;PEBBLES_S;XIRECS;9121.0;2
104100;BOT_MAKER;BOT_TAKER;PEBBLES_M;XIRECS;10072.0;2
104100;SUBMISSION;BOT_TAKER;PEBBLES_L;XIRECS;10954.0;2
104100;BOT_MAKER;BOT_TAKER;PEBBLES_XL;XIRECS;12912.0;2
105200;SUBMISSION;BOT_TAKER;MICROCHIP_CIRCLE;XIRECS;8906.0;1
105200;SUBMISSION;BOT_TAKER;MICROCHIP_OVAL;XIRECS;9151.0;1
105200;SUBMISSION;BOT_TAKER;MICROCHIP_SQUARE;XIRECS;13106.0;1
105200;SUBMISSION;BOT_TAKER;MICROCHIP_RECTANGLE;XIRECS;8331.0;1
105200;BOT_MAKER;BOT_TAKER;MICROCHIP_TRIANGLE;XIRECS;10049.0;1
106300;BOT_TAKER;SUBMISSION;MICROCHIP_CIRCLE;XIRECS;8985.0;1
106300;BOT_TAKER;SUBMISSION;MICROCHIP_OVAL;XIRECS;9140.0;1
106300;BOT_TAKER;SUBMISSION;MICROCHIP_SQUARE;XIRECS;13192.0;1
106300;BOT_TAKER;BOT_MAKER;MICROCHIP_RECTANGLE;XIRECS;8266.0;1
106300;BOT_TAKER;BOT_MAKER;MICROCHIP_TRIANGLE;XIRECS;10079.0;1
106400;BOT_TAKER;SUBMISSION;MICROCHIP_CIRCLE;XIRECS;8985.0;1
106400;BOT_TAKER;SUBMISSION;MICROCHIP_OVAL;XIRECS;9150.0;1
106400;BOT_TAKER;SUBMISSION;MICROCHIP_SQUARE;XIRECS;13186.0;1
106400;BOT_TAKER;BOT_MAKER;MICROCHIP_RECTANGLE;XIRECS;8273.0;1
106400;BOT_TAKER;BOT_MAKER;MICROCHIP_TRIANGLE;XIRECS;10099.0;1
106500;BOT_TAKER;SUBMISSION;MICROCHIP_CIRCLE;XIRECS;8958.0;2
106500;BOT_TAKER;SUBMISSION;MICROCHIP_OVAL;XIRECS;9154.0;2
106500;BOT_TAKER;SUBMISSION;MICROCHIP_SQUARE;XIRECS;13226.0;2
106500;BOT_TAKER;BOT_MAKER;MICROCHIP_RECTANGLE;XIRECS;8249.0;2
106500;BOT_TAKER;BOT_MAKER;MICROCHIP_TRIANGLE;XIRECS;10099.0;2
107300;BOT_TAKER;SUBMISSION;GALAXY_SOUNDS_DARK_MATTER;XIRECS;10636.0;2
107300;BOT_TAKER;SUBMISSION;GALAXY_SOUNDS_BLACK_HOLES;XIRECS;11841.0;2
107300;BOT_TAKER;SUBMISSION;GALAXY_SOUNDS_PLANETARY_RINGS;XIRECS;10890.0;2
107300;BOT_TAKER;SUBMISSION;GALAXY_SOUNDS_SOLAR_WINDS;XIRECS;10317.0;2
107300;BOT_TAKER;BOT_MAKER;GALAXY_SOUNDS_SOLAR_FLAMES;XIRECS;11204.0;2
107300;BOT_TAKER;BOT_MAKER;SLEEP_POD_SUEDE;XIRECS;11094.0;2
107300;BOT_TAKER;BOT_MAKER;SLEEP_POD_LAMB_WOOL;XIRECS;10204.0;2
107300;BOT_TAKER;SUBMISSION;SLEEP_POD_POLYESTER;XIRECS;12076.0;2
107300;BOT_TAKER;BOT_MAKER;SLEEP_POD_NYLON;XIRECS;9102.0;2
107300;BOT_TAKER;SUBMISSION;SLEEP_POD_COTTON;XIRECS;11089.0;2
107300;BOT_TAKER;BOT_MAKER;ROBOT_VACUUMING;XIRECS;9478.0;2
107300;BOT_TAKER;SUBMISSION;ROBOT_MOPPING;XIRECS;10046.0;2
107300;BOT_TAKER;BOT_MAKER;ROBOT_DISHES;XIRECS;9480.0;2
107300;BOT_TAKER;SUBMISSION;ROBOT_LAUNDRY;XIRECS;10331.0;2
107300;BOT_TAKER;SUBMISSION;ROBOT_IRONING;XIRECS;9588.0;2
107300;BOT_TAKER;SUBMISSION;UV_VISOR_YELLOW;XIRECS;11399.0;2
107300;BOT_TAKER;SUBMISSION;UV_VISOR_AMBER;XIRECS;8219.0;2
107300;BOT_TAKER;SUBMISSION;UV_VISOR_ORANGE;XIRECS;10645.0;2
107300;BOT_TAKER;BOT_MAKER;UV_VISOR_RED;XIRECS;10796.0;2
107300;BOT_TAKER;BOT_MAKER;UV_VISOR_MAGENTA;XIRECS;11745.0;2
107300;BOT_TAKER;SUBMISSION;TRANSLATOR_SPACE_GRAY;XIRECS;9038.0;2
107300;BOT_TAKER;BOT_MAKER;TRANSLATOR_ASTRO_BLACK;XIRECS;9407.0;2
107300;BOT_TAKER;BOT_MAKER;TRANSLATOR_ECLIPSE_CHARCOAL;XIRECS;9798.0;2
107300;BOT_TAKER;SUBMISSION;TRANSLATOR_GRAPHITE_MIST;XIRECS;9380.0;2
107300;BOT_TAKER;BOT_MAKER;TRANSLATOR_VOID_BLUE;XIRECS;11112.0;2
107300;BOT_TAKER;SUBMISSION;PANEL_1X2;XIRECS;8186.0;2
107300;BOT_TAKER;SUBMISSION;PANEL_2X2;XIRECS;10203.0;2
107300;BOT_TAKER;SUBMISSION;PANEL_1X4;XIRECS;11400.0;2
107300;BOT_TAKER;BOT_MAKER;PANEL_2X4;XIRECS;11219.0;2
107300;BOT_TAKER;SUBMISSION;PANEL_4X4;XIRECS;9943.0;2
107300;BOT_TAKER;SUBMISSION;OXYGEN_SHAKE_MORNING_BREATH;XIRECS;10708.0;2
107300;BOT_TAKER;SUBMISSION;OXYGEN_SHAKE_EVENING_BREATH;XIRECS;8654.0;2
107300;BOT_TAKER;SUBMISSION;OXYGEN_SHAKE_MINT;XIRECS;10410.0;2
107300;BOT_TAKER;BOT_MAKER;OXYGEN_SHAKE_CHOCOLATE;XIRECS;9336.0;2
107300;BOT_TAKER;SUBMISSION;OXYGEN_SHAKE_GARLIC;XIRECS;11273.0;2
107300;BOT_TAKER;BOT_MAKER;SNACKPACK_CHOCOLATE;XIRECS;9988.0;2
107300;BOT_TAKER;BOT_MAKER;SNACKPACK_VANILLA;XIRECS;9860.0;2
107300;BOT_TAKER;BOT_MAKER;SNACKPACK_PISTACHIO;XIRECS;9618.0;2
107300;BOT_TAKER;BOT_MAKER;SNACKPACK_STRAWBERRY;XIRECS;10837.0;2
107300;BOT_TAKER;SUBMISSION;SNACKPACK_RASPBERRY;XIRECS;10055.0;2
109600;BOT_TAKER;SUBMISSION;GALAXY_SOUNDS_DARK_MATTER;XIRECS;10657.0;2
109600;BOT_TAKER;SUBMISSION;GALAXY_SOUNDS_BLACK_HOLES;XIRECS;11802.0;2
109600;BOT_TAKER;SUBMISSION;GALAXY_SOUNDS_PLANETARY_RINGS;XIRECS;10874.0;2
109600;BOT_TAKER;SUBMISSION;GALAXY_SOUNDS_SOLAR_WINDS;XIRECS;10337.0;2
109600;BOT_TAKER;BOT_MAKER;GALAXY_SOUNDS_SOLAR_FLAMES;XIRECS;11252.0;2
109600;BOT_TAKER;BOT_MAKER;SLEEP_POD_SUEDE;XIRECS;11052.0;2
109600;BOT_TAKER;BOT_MAKER;SLEEP_POD_LAMB_WOOL;XIRECS;10187.0;2
109600;BOT_TAKER;SUBMISSION;SLEEP_POD_POLYESTER;XIRECS;12138.0;2
109600;BOT_TAKER;BOT_MAKER;SLEEP_POD_NYLON;XIRECS;9133.0;2
109600;BOT_TAKER;SUBMISSION;SLEEP_POD_COTTON;XIRECS;11108.0;2
109600;BOT_TAKER;BOT_MAKER;ROBOT_VACUUMING;XIRECS;9556.0;2
109600;BOT_TAKER;SUBMISSION;ROBOT_MOPPING;XIRECS;10040.0;2
109600;BOT_TAKER;BOT_MAKER;ROBOT_DISHES;XIRECS;9655.0;2
109600;BOT_TAKER;BOT_MAKER;ROBOT_LAUNDRY;XIRECS;10268.0;2
109600;BOT_TAKER;SUBMISSION;ROBOT_IRONING;XIRECS;9653.0;2
109600;BOT_TAKER;SUBMISSION;UV_VISOR_YELLOW;XIRECS;11389.0;2
109600;BOT_TAKER;SUBMISSION;UV_VISOR_AMBER;XIRECS;8200.0;2
109600;BOT_TAKER;SUBMISSION;UV_VISOR_ORANGE;XIRECS;10586.0;2
109600;BOT_TAKER;SUBMISSION;UV_VISOR_RED;XIRECS;10845.0;2
109600;BOT_TAKER;BOT_MAKER;UV_VISOR_MAGENTA;XIRECS;11671.0;2
109600;BOT_TAKER;SUBMISSION;TRANSLATOR_SPACE_GRAY;XIRECS;9021.0;2
109600;BOT_TAKER;BOT_MAKER;TRANSLATOR_ASTRO_BLACK;XIRECS;9418.0;2
109600;BOT_TAKER;BOT_MAKER;TRANSLATOR_ECLIPSE_CHARCOAL;XIRECS;9843.0;2
109600;BOT_TAKER;SUBMISSION;TRANSLATOR_GRAPHITE_MIST;XIRECS;9412.0;2
109600;BOT_TAKER;BOT_MAKER;TRANSLATOR_VOID_BLUE;XIRECS;11127.0;2
109600;BOT_TAKER;SUBMISSION;PANEL_1X2;XIRECS;8281.0;2
109600;BOT_TAKER;SUBMISSION;PANEL_2X2;XIRECS;10114.0;2
109600;BOT_TAKER;SUBMISSION;PANEL_1X4;XIRECS;11409.0;2
109600;BOT_TAKER;BOT_MAKER;PANEL_2X4;XIRECS;11240.0;2
109600;BOT_TAKER;SUBMISSION;PANEL_4X4;XIRECS;10008.0;2
109600;BOT_TAKER;SUBMISSION;OXYGEN_SHAKE_MORNING_BREATH;XIRECS;10650.0;2
109600;BOT_TAKER;SUBMISSION;OXYGEN_SHAKE_EVENING_BREATH;XIRECS;8720.0;2
109600;BOT_TAKER;SUBMISSION;OXYGEN_SHAKE_MINT;XIRECS;10414.0;2
109600;BOT_TAKER;BOT_MAKER;OXYGEN_SHAKE_CHOCOLATE;XIRECS;9425.0;2
109600;BOT_TAKER;SUBMISSION;OXYGEN_SHAKE_GARLIC;XIRECS;11330.0;2
109600;BOT_TAKER;BOT_MAKER;SNACKPACK_CHOCOLATE;XIRECS;10007.0;2
109600;BOT_TAKER;BOT_MAKER;SNACKPACK_VANILLA;XIRECS;9833.0;2
109600;BOT_TAKER;SUBMISSION;SNACKPACK_PISTACHIO;XIRECS;9632.0;2
109600;BOT_TAKER;BOT_MAKER;SNACKPACK_STRAWBERRY;XIRECS;10872.0;2
109600;BOT_TAKER;SUBMISSION;SNACKPACK_RASPBERRY;XIRECS;10036.0;2
115500;BOT_MAKER;BOT_TAKER;GALAXY_SOUNDS_DARK_MATTER;XIRECS;10771.0;4
115500;SUBMISSION;BOT_TAKER;GALAXY_SOUNDS_BLACK_HOLES;XIRECS;11707.0;2
115500;BOT_MAKER;BOT_TAKER;GALAXY_SOUNDS_BLACK_HOLES;XIRECS;11706.0;2
115500;SUBMISSION;BOT_TAKER;GALAXY_SOUNDS_PLANETARY_RINGS;XIRECS;10857.0;2
115500;BOT_MAKER;BOT_TAKER;GALAXY_SOUNDS_PLANETARY_RINGS;XIRECS;10856.0;2
115500;SUBMISSION;BOT_TAKER;GALAXY_SOUNDS_SOLAR_WINDS;XIRECS;10451.0;2
115500;BOT_MAKER;BOT_TAKER;GALAXY_SOUNDS_SOLAR_WINDS;XIRECS;10450.0;2
115500;BOT_MAKER;BOT_TAKER;GALAXY_SOUNDS_SOLAR_FLAMES;XIRECS;11241.0;4
115500;SUBMISSION;BOT_TAKER;SLEEP_POD_SUEDE;XIRECS;11061.0;4
115500;BOT_MAKER;BOT_TAKER;SLEEP_POD_LAMB_WOOL;XIRECS;10314.0;4
115500;SUBMISSION;BOT_TAKER;SLEEP_POD_POLYESTER;XIRECS;11938.0;2
115500;BOT_MAKER;BOT_TAKER;SLEEP_POD_POLYESTER;XIRECS;11937.0;2
115500;BOT_MAKER;BOT_TAKER;SLEEP_POD_NYLON;XIRECS;9114.0;4
115500;SUBMISSION;BOT_TAKER;SLEEP_POD_COTTON;XIRECS;11099.0;2
115500;BOT_MAKER;BOT_TAKER;SLEEP_POD_COTTON;XIRECS;11098.0;2
115500;BOT_MAKER;BOT_TAKER;ROBOT_VACUUMING;XIRECS;9478.0;4
115500;SUBMISSION;BOT_TAKER;ROBOT_MOPPING;XIRECS;10072.0;2
115500;BOT_MAKER;BOT_TAKER;ROBOT_MOPPING;XIRECS;10071.0;2
115500;BOT_MAKER;BOT_TAKER;ROBOT_DISHES;XIRECS;9813.0;4
115500;SUBMISSION;BOT_TAKER;ROBOT_LAUNDRY;XIRECS;10245.0;4
115500;SUBMISSION;BOT_TAKER;ROBOT_IRONING;XIRECS;9671.0;2
115500;BOT_MAKER;BOT_TAKER;ROBOT_IRONING;XIRECS;9670.0;2
115500;SUBMISSION;BOT_TAKER;UV_VISOR_YELLOW;XIRECS;11321.0;2
115500;BOT_MAKER;BOT_TAKER;UV_VISOR_YELLOW;XIRECS;11320.0;2
115500;SUBMISSION;BOT_TAKER;UV_VISOR_AMBER;XIRECS;8278.0;2
115500;BOT_MAKER;BOT_TAKER;UV_VISOR_AMBER;XIRECS;8277.0;2
115500;SUBMISSION;BOT_TAKER;UV_VISOR_ORANGE;XIRECS;10429.0;2
115500;BOT_MAKER;BOT_TAKER;UV_VISOR_ORANGE;XIRECS;10428.0;2
115500;BOT_MAKER;BOT_TAKER;UV_VISOR_RED;XIRECS;10850.0;4
115500;BOT_MAKER;BOT_TAKER;UV_VISOR_MAGENTA;XIRECS;11485.0;4
115500;SUBMISSION;BOT_TAKER;TRANSLATOR_SPACE_GRAY;XIRECS;9187.0;2
115500;BOT_MAKER;BOT_TAKER;TRANSLATOR_SPACE_GRAY;XIRECS;9186.0;2
115500;BOT_MAKER;BOT_TAKER;TRANSLATOR_ASTRO_BLACK;XIRECS;9469.0;4
115500;BOT_MAKER;BOT_TAKER;TRANSLATOR_ECLIPSE_CHARCOAL;XIRECS;9830.0;4
115500;SUBMISSION;BOT_TAKER;TRANSLATOR_GRAPHITE_MIST;XIRECS;9294.0;2
115500;BOT_MAKER;BOT_TAKER;TRANSLATOR_GRAPHITE_MIST;XIRECS;9293.0;2
115500;BOT_MAKER;BOT_TAKER;TRANSLATOR_VOID_BLUE;XIRECS;11267.0;4
115500;SUBMISSION;BOT_TAKER;PANEL_1X2;XIRECS;8293.0;2
115500;BOT_MAKER;BOT_TAKER;PANEL_1X2;XIRECS;8292.0;2
115500;SUBMISSION;BOT_TAKER;PANEL_2X2;XIRECS;10023.0;2
115500;BOT_MAKER;BOT_TAKER;PANEL_2X2;XIRECS;10022.0;2
115500;SUBMISSION;BOT_TAKER;PANEL_1X4;XIRECS;11539.0;2
115500;BOT_MAKER;BOT_TAKER;PANEL_1X4;XIRECS;11538.0;2
115500;BOT_MAKER;BOT_TAKER;PANEL_2X4;XIRECS;11224.0;4
115500;SUBMISSION;BOT_TAKER;PANEL_4X4;XIRECS;10033.0;2
115500;BOT_MAKER;BOT_TAKER;PANEL_4X4;XIRECS;10032.0;2
115500;SUBMISSION;BOT_TAKER;OXYGEN_SHAKE_MORNING_BREATH;XIRECS;10551.0;2
115500;BOT_MAKER;BOT_TAKER;OXYGEN_SHAKE_MORNING_BREATH;XIRECS;10550.0;2
115500;SUBMISSION;BOT_TAKER;OXYGEN_SHAKE_EVENING_BREATH;XIRECS;8752.0;2
115500;BOT_MAKER;BOT_TAKER;OXYGEN_SHAKE_EVENING_BREATH;XIRECS;8751.0;2
115500;SUBMISSION;BOT_TAKER;OXYGEN_SHAKE_MINT;XIRECS;10504.0;2
115500;BOT_MAKER;BOT_TAKER;OXYGEN_SHAKE_MINT;XIRECS;10503.0;2
115500;SUBMISSION;BOT_TAKER;OXYGEN_SHAKE_CHOCOLATE;XIRECS;9516.0;1
115500;BOT_MAKER;BOT_TAKER;OXYGEN_SHAKE_CHOCOLATE;XIRECS;9515.0;3
115500;SUBMISSION;BOT_TAKER;OXYGEN_SHAKE_GARLIC;XIRECS;11294.0;2
115500;BOT_MAKER;BOT_TAKER;OXYGEN_SHAKE_GARLIC;XIRECS;11293.0;2
115500;SUBMISSION;BOT_TAKER;SNACKPACK_CHOCOLATE;XIRECS;9970.0;3
115500;BOT_MAKER;BOT_TAKER;SNACKPACK_CHOCOLATE;XIRECS;9969.0;1
115500;BOT_MAKER;BOT_TAKER;SNACKPACK_VANILLA;XIRECS;9812.0;4
115500;SUBMISSION;BOT_TAKER;SNACKPACK_PISTACHIO;XIRECS;9610.0;2
115500;BOT_MAKER;BOT_TAKER;SNACKPACK_PISTACHIO;XIRECS;9609.0;2
115500;BOT_MAKER;BOT_TAKER;SNACKPACK_STRAWBERRY;XIRECS;10847.0;4
115500;BOT_MAKER;BOT_TAKER;SNACKPACK_RASPBERRY;XIRECS;10020.0;4
118000;BOT_TAKER;SUBMISSION;PEBBLES_XS;XIRECS;6904.0;2
118000;BOT_TAKER;BOT_MAKER;PEBBLES_XS;XIRECS;6905.0;3
118000;BOT_TAKER;SUBMISSION;PEBBLES_S;XIRECS;9217.0;5
118000;BOT_TAKER;BOT_MAKER;PEBBLES_M;XIRECS;10225.0;5
118000;BOT_TAKER;SUBMISSION;PEBBLES_L;XIRECS;11198.0;2
118000;BOT_TAKER;BOT_MAKER;PEBBLES_L;XIRECS;11199.0;3
118000;BOT_TAKER;BOT_MAKER;PEBBLES_XL;XIRECS;12484.0;5
124400;BOT_TAKER;SUBMISSION;PEBBLES_XS;XIRECS;7002.0;2
124400;BOT_TAKER;BOT_MAKER;PEBBLES_XS;XIRECS;7003.0;1
124400;BOT_TAKER;BOT_MAKER;PEBBLES_S;XIRECS;9069.0;3
124400;BOT_TAKER;BOT_MAKER;PEBBLES_M;XIRECS;10283.0;3
124400;BOT_TAKER;SUBMISSION;PEBBLES_L;XIRECS;11087.0;2
124400;BOT_TAKER;BOT_MAKER;PEBBLES_L;XIRECS;11088.0;1
124400;BOT_TAKER;BOT_MAKER;PEBBLES_XL;XIRECS;12587.0;3
125600;SUBMISSION;BOT_TAKER;PEBBLES_XS;XIRECS;6977.0;2
125600;SUBMISSION;BOT_TAKER;PEBBLES_S;XIRECS;9054.0;2
125600;BOT_MAKER;BOT_TAKER;PEBBLES_M;XIRECS;10237.0;2
125600;SUBMISSION;BOT_TAKER;PEBBLES_L;XIRECS;11098.0;2
125600;BOT_MAKER;BOT_TAKER;PEBBLES_XL;XIRECS;12606.0;2
125900;BOT_MAKER;BOT_TAKER;GALAXY_SOUNDS_DARK_MATTER;XIRECS;10707.0;3
125900;SUBMISSION;BOT_TAKER;GALAXY_SOUNDS_BLACK_HOLES;XIRECS;11724.0;2
125900;BOT_MAKER;BOT_TAKER;GALAXY_SOUNDS_BLACK_HOLES;XIRECS;11723.0;1
125900;SUBMISSION;BOT_TAKER;GALAXY_SOUNDS_PLANETARY_RINGS;XIRECS;10862.0;2
125900;BOT_MAKER;BOT_TAKER;GALAXY_SOUNDS_PLANETARY_RINGS;XIRECS;10861.0;1
125900;SUBMISSION;BOT_TAKER;GALAXY_SOUNDS_SOLAR_WINDS;XIRECS;10553.0;2
125900;BOT_MAKER;BOT_TAKER;GALAXY_SOUNDS_SOLAR_WINDS;XIRECS;10552.0;1
125900;BOT_MAKER;BOT_TAKER;GALAXY_SOUNDS_SOLAR_FLAMES;XIRECS;11256.0;3
125900;SUBMISSION;BOT_TAKER;SLEEP_POD_SUEDE;XIRECS;10838.0;3
125900;BOT_MAKER;BOT_TAKER;SLEEP_POD_LAMB_WOOL;XIRECS;10558.0;3
125900;SUBMISSION;BOT_TAKER;SLEEP_POD_POLYESTER;XIRECS;11953.0;2
125900;BOT_MAKER;BOT_TAKER;SLEEP_POD_POLYESTER;XIRECS;11952.0;1
125900;BOT_MAKER;BOT_TAKER;SLEEP_POD_NYLON;XIRECS;9175.0;3
125900;SUBMISSION;BOT_TAKER;SLEEP_POD_COTTON;XIRECS;11314.0;2
125900;BOT_MAKER;BOT_TAKER;SLEEP_POD_COTTON;XIRECS;11313.0;1
125900;BOT_MAKER;BOT_TAKER;ROBOT_VACUUMING;XIRECS;9345.0;3
125900;SUBMISSION;BOT_TAKER;ROBOT_MOPPING;XIRECS;10112.0;2
125900;BOT_MAKER;BOT_TAKER;ROBOT_MOPPING;XIRECS;10111.0;1
125900;BOT_MAKER;BOT_TAKER;ROBOT_DISHES;XIRECS;9950.0;3
125900;SUBMISSION;BOT_TAKER;ROBOT_LAUNDRY;XIRECS;10095.0;3
125900;SUBMISSION;BOT_TAKER;ROBOT_IRONING;XIRECS;9794.0;2
125900;BOT_MAKER;BOT_TAKER;ROBOT_IRONING;XIRECS;9793.0;1
125900;SUBMISSION;BOT_TAKER;UV_VISOR_YELLOW;XIRECS;11357.0;2
125900;BOT_MAKER;BOT_TAKER;UV_VISOR_YELLOW;XIRECS;11356.0;1
125900;SUBMISSION;BOT_TAKER;UV_VISOR_AMBER;XIRECS;8190.0;2
125900;BOT_MAKER;BOT_TAKER;UV_VISOR_AMBER;XIRECS;8189.0;1
125900;SUBMISSION;BOT_TAKER;UV_VISOR_ORANGE;XIRECS;10435.0;2
125900;BOT_MAKER;BOT_TAKER;UV_VISOR_ORANGE;XIRECS;10434.0;1
125900;BOT_MAKER;BOT_TAKER;UV_VISOR_RED;XIRECS;10853.0;3
125900;BOT_MAKER;BOT_TAKER;UV_VISOR_MAGENTA;XIRECS;11565.0;3
125900;SUBMISSION;BOT_TAKER;TRANSLATOR_SPACE_GRAY;XIRECS;9305.0;2
125900;BOT_MAKER;BOT_TAKER;TRANSLATOR_SPACE_GRAY;XIRECS;9304.0;1
125900;BOT_MAKER;BOT_TAKER;TRANSLATOR_ASTRO_BLACK;XIRECS;9457.0;3
125900;BOT_MAKER;BOT_TAKER;TRANSLATOR_ECLIPSE_CHARCOAL;XIRECS;9882.0;3
125900;SUBMISSION;BOT_TAKER;TRANSLATOR_GRAPHITE_MIST;XIRECS;9296.0;2
125900;BOT_MAKER;BOT_TAKER;TRANSLATOR_GRAPHITE_MIST;XIRECS;9295.0;1
125900;SUBMISSION;BOT_TAKER;TRANSLATOR_VOID_BLUE;XIRECS;11166.0;3
125900;SUBMISSION;BOT_TAKER;PANEL_1X2;XIRECS;8411.0;2
125900;BOT_MAKER;BOT_TAKER;PANEL_1X2;XIRECS;8410.0;1
125900;SUBMISSION;BOT_TAKER;PANEL_2X2;XIRECS;10013.0;2
125900;BOT_MAKER;BOT_TAKER;PANEL_2X2;XIRECS;10012.0;1
125900;SUBMISSION;BOT_TAKER;PANEL_1X4;XIRECS;11469.0;2
125900;BOT_MAKER;BOT_TAKER;PANEL_1X4;XIRECS;11468.0;1
125900;BOT_MAKER;BOT_TAKER;PANEL_2X4;XIRECS;11052.0;3
125900;SUBMISSION;BOT_TAKER;PANEL_4X4;XIRECS;10074.0;2
125900;BOT_MAKER;BOT_TAKER;PANEL_4X4;XIRECS;10073.0;1
125900;SUBMISSION;BOT_TAKER;OXYGEN_SHAKE_MORNING_BREATH;XIRECS;10508.0;2
125900;BOT_MAKER;BOT_TAKER;OXYGEN_SHAKE_MORNING_BREATH;XIRECS;10507.0;1
125900;SUBMISSION;BOT_TAKER;OXYGEN_SHAKE_EVENING_BREATH;XIRECS;8538.0;2
125900;BOT_MAKER;BOT_TAKER;OXYGEN_SHAKE_EVENING_BREATH;XIRECS;8537.0;1
125900;SUBMISSION;BOT_TAKER;OXYGEN_SHAKE_MINT;XIRECS;10603.0;2
125900;BOT_MAKER;BOT_TAKER;OXYGEN_SHAKE_MINT;XIRECS;10602.0;1
125900;BOT_MAKER;BOT_TAKER;OXYGEN_SHAKE_CHOCOLATE;XIRECS;9647.0;3
125900;SUBMISSION;BOT_TAKER;OXYGEN_SHAKE_GARLIC;XIRECS;11296.0;2
125900;BOT_MAKER;BOT_TAKER;OXYGEN_SHAKE_GARLIC;XIRECS;11295.0;1
125900;BOT_MAKER;BOT_TAKER;SNACKPACK_CHOCOLATE;XIRECS;9993.0;3
125900;BOT_MAKER;BOT_TAKER;SNACKPACK_VANILLA;XIRECS;9826.0;3
125900;SUBMISSION;BOT_TAKER;SNACKPACK_PISTACHIO;XIRECS;9587.0;3
125900;BOT_MAKER;BOT_TAKER;SNACKPACK_STRAWBERRY;XIRECS;10825.0;3
125900;BOT_MAKER;BOT_TAKER;SNACKPACK_RASPBERRY;XIRECS;10032.0;3
126600;BOT_MAKER;BOT_TAKER;GALAXY_SOUNDS_DARK_MATTER;XIRECS;10651.0;4
126600;SUBMISSION;BOT_TAKER;GALAXY_SOUNDS_BLACK_HOLES;XIRECS;11686.0;2
126600;BOT_MAKER;BOT_TAKER;GALAXY_SOUNDS_BLACK_HOLES;XIRECS;11685.0;2
126600;SUBMISSION;BOT_TAKER;GALAXY_SOUNDS_PLANETARY_RINGS;XIRECS;10875.0;2
126600;BOT_MAKER;BOT_TAKER;GALAXY_SOUNDS_PLANETARY_RINGS;XIRECS;10874.0;2
126600;SUBMISSION;BOT_TAKER;GALAXY_SOUNDS_SOLAR_WINDS;XIRECS;10546.0;2
126600;BOT_MAKER;BOT_TAKER;GALAXY_SOUNDS_SOLAR_WINDS;XIRECS;10545.0;2
126600;BOT_MAKER;BOT_TAKER;GALAXY_SOUNDS_SOLAR_FLAMES;XIRECS;11319.0;4
126600;SUBMISSION;BOT_TAKER;SLEEP_POD_SUEDE;XIRECS;10808.0;4
126600;BOT_MAKER;BOT_TAKER;SLEEP_POD_LAMB_WOOL;XIRECS;10562.0;4
126600;SUBMISSION;BOT_TAKER;SLEEP_POD_POLYESTER;XIRECS;11935.0;2
126600;BOT_MAKER;BOT_TAKER;SLEEP_POD_POLYESTER;XIRECS;11934.0;2
126600;BOT_MAKER;BOT_TAKER;SLEEP_POD_NYLON;XIRECS;9198.0;4
126600;SUBMISSION;BOT_TAKER;SLEEP_POD_COTTON;XIRECS;11343.0;2
126600;BOT_MAKER;BOT_TAKER;SLEEP_POD_COTTON;XIRECS;11342.0;2
126600;BOT_MAKER;BOT_TAKER;ROBOT_VACUUMING;XIRECS;9372.0;4
126600;SUBMISSION;BOT_TAKER;ROBOT_MOPPING;XIRECS;10119.0;2
126600;BOT_MAKER;BOT_TAKER;ROBOT_MOPPING;XIRECS;10118.0;2
126600;BOT_MAKER;BOT_TAKER;ROBOT_DISHES;XIRECS;9961.0;4
126600;SUBMISSION;BOT_TAKER;ROBOT_LAUNDRY;XIRECS;10074.0;4
126600;SUBMISSION;BOT_TAKER;ROBOT_IRONING;XIRECS;9775.0;2
126600;BOT_MAKER;BOT_TAKER;ROBOT_IRONING;XIRECS;9774.0;2
126600;SUBMISSION;BOT_TAKER;UV_VISOR_YELLOW;XIRECS;11349.0;2
126600;BOT_MAKER;BOT_TAKER;UV_VISOR_YELLOW;XIRECS;11348.0;2
126600;SUBMISSION;BOT_TAKER;UV_VISOR_AMBER;XIRECS;8208.0;2
126600;BOT_MAKER;BOT_TAKER;UV_VISOR_AMBER;XIRECS;8207.0;2
126600;SUBMISSION;BOT_TAKER;UV_VISOR_ORANGE;XIRECS;10423.0;2
126600;BOT_MAKER;BOT_TAKER;UV_VISOR_ORANGE;XIRECS;10422.0;2
126600;BOT_MAKER;BOT_TAKER;UV_VISOR_RED;XIRECS;10846.0;4
126600;BOT_MAKER;BOT_TAKER;UV_VISOR_MAGENTA;XIRECS;11585.0;4
126600;SUBMISSION;BOT_TAKER;TRANSLATOR_SPACE_GRAY;XIRECS;9307.0;2
126600;BOT_MAKER;BOT_TAKER;TRANSLATOR_SPACE_GRAY;XIRECS;9306.0;2
126600;BOT_MAKER;BOT_TAKER;TRANSLATOR_ASTRO_BLACK;XIRECS;9443.0;4
126600;BOT_MAKER;BOT_TAKER;TRANSLATOR_ECLIPSE_CHARCOAL;XIRECS;9887.0;4
126600;SUBMISSION;BOT_TAKER;TRANSLATOR_GRAPHITE_MIST;XIRECS;9309.0;2
126600;BOT_MAKER;BOT_TAKER;TRANSLATOR_GRAPHITE_MIST;XIRECS;9308.0;2
126600;BOT_MAKER;BOT_TAKER;TRANSLATOR_VOID_BLUE;XIRECS;11210.0;4
126600;SUBMISSION;BOT_TAKER;PANEL_1X2;XIRECS;8359.0;2
126600;BOT_MAKER;BOT_TAKER;PANEL_1X2;XIRECS;8358.0;2
126600;SUBMISSION;BOT_TAKER;PANEL_2X2;XIRECS;10028.0;2
126600;BOT_MAKER;BOT_TAKER;PANEL_2X2;XIRECS;10027.0;2
126600;SUBMISSION;BOT_TAKER;PANEL_1X4;XIRECS;11446.0;2
126600;BOT_MAKER;BOT_TAKER;PANEL_1X4;XIRECS;11445.0;2
126600;BOT_MAKER;BOT_TAKER;PANEL_2X4;XIRECS;11041.0;4
126600;SUBMISSION;BOT_TAKER;PANEL_4X4;XIRECS;10057.0;2
126600;BOT_MAKER;BOT_TAKER;PANEL_4X4;XIRECS;10056.0;2
126600;SUBMISSION;BOT_TAKER;OXYGEN_SHAKE_MORNING_BREATH;XIRECS;10523.0;2
126600;BOT_MAKER;BOT_TAKER;OXYGEN_SHAKE_MORNING_BREATH;XIRECS;10522.0;2
126600;SUBMISSION;BOT_TAKER;OXYGEN_SHAKE_EVENING_BREATH;XIRECS;8583.0;2
126600;BOT_MAKER;BOT_TAKER;OXYGEN_SHAKE_EVENING_BREATH;XIRECS;8582.0;2
126600;SUBMISSION;BOT_TAKER;OXYGEN_SHAKE_MINT;XIRECS;10586.0;2
126600;BOT_MAKER;BOT_TAKER;OXYGEN_SHAKE_MINT;XIRECS;10585.0;2
126600;BOT_MAKER;BOT_TAKER;OXYGEN_SHAKE_CHOCOLATE;XIRECS;9699.0;4
126600;SUBMISSION;BOT_TAKER;OXYGEN_SHAKE_GARLIC;XIRECS;11350.0;2
126600;BOT_MAKER;BOT_TAKER;OXYGEN_SHAKE_GARLIC;XIRECS;11349.0;2
126600;BOT_MAKER;BOT_TAKER;SNACKPACK_CHOCOLATE;XIRECS;9955.0;4
126600;BOT_MAKER;BOT_TAKER;SNACKPACK_VANILLA;XIRECS;9864.0;4
126600;SUBMISSION;BOT_TAKER;SNACKPACK_PISTACHIO;XIRECS;9578.0;2
126600;BOT_MAKER;BOT_TAKER;SNACKPACK_PISTACHIO;XIRECS;9577.0;2
126600;BOT_MAKER;BOT_TAKER;SNACKPACK_STRAWBERRY;XIRECS;10804.0;4
126600;BOT_MAKER;BOT_TAKER;SNACKPACK_RASPBERRY;XIRECS;10065.0;4
128700;SUBMISSION;BOT_TAKER;PEBBLES_XS;XIRECS;7085.0;2
128700;SUBMISSION;BOT_TAKER;PEBBLES_S;XIRECS;9037.0;2
128700;BOT_MAKER;BOT_TAKER;PEBBLES_M;XIRECS;10282.0;2
128700;SUBMISSION;BOT_TAKER;PEBBLES_L;XIRECS;11284.0;2
128700;BOT_MAKER;BOT_TAKER;PEBBLES_XL;XIRECS;12284.0;2
132400;BOT_TAKER;SUBMISSION;GALAXY_SOUNDS_DARK_MATTER;XIRECS;10548.0;1
132400;BOT_TAKER;SUBMISSION;GALAXY_SOUNDS_BLACK_HOLES;XIRECS;11629.0;1
132400;BOT_TAKER;SUBMISSION;GALAXY_SOUNDS_PLANETARY_RINGS;XIRECS;10843.0;1
132400;BOT_TAKER;SUBMISSION;GALAXY_SOUNDS_SOLAR_WINDS;XIRECS;10519.0;1
132400;BOT_TAKER;SUBMISSION;GALAXY_SOUNDS_SOLAR_FLAMES;XIRECS;11396.0;1
132400;BOT_TAKER;BOT_MAKER;SLEEP_POD_SUEDE;XIRECS;10818.0;1
132400;BOT_TAKER;SUBMISSION;SLEEP_POD_LAMB_WOOL;XIRECS;10499.0;1
132400;BOT_TAKER;SUBMISSION;SLEEP_POD_POLYESTER;XIRECS;11923.0;1
132400;BOT_TAKER;BOT_MAKER;SLEEP_POD_NYLON;XIRECS;9269.0;1
132400;BOT_TAKER;SUBMISSION;SLEEP_POD_COTTON;XIRECS;11416.0;1
132400;BOT_TAKER;BOT_MAKER;ROBOT_VACUUMING;XIRECS;9350.0;1
132400;BOT_TAKER;SUBMISSION;ROBOT_MOPPING;XIRECS;10044.0;1
132400;BOT_TAKER;SUBMISSION;ROBOT_DISHES;XIRECS;9900.0;1
132400;BOT_TAKER;BOT_MAKER;ROBOT_LAUNDRY;XIRECS;10098.0;1
132400;BOT_TAKER;SUBMISSION;ROBOT_IRONING;XIRECS;9838.0;1
132400;BOT_TAKER;SUBMISSION;UV_VISOR_YELLOW;XIRECS;11346.0;1
132400;BOT_TAKER;SUBMISSION;UV_VISOR_AMBER;XIRECS;8204.0;1
132400;BOT_TAKER;SUBMISSION;UV_VISOR_ORANGE;XIRECS;10442.0;1
132400;BOT_TAKER;SUBMISSION;UV_VISOR_RED;XIRECS;10952.0;1
132400;BOT_TAKER;BOT_MAKER;UV_VISOR_MAGENTA;XIRECS;11464.0;1
132400;BOT_TAKER;SUBMISSION;TRANSLATOR_SPACE_GRAY;XIRECS;9265.0;1
132400;BOT_TAKER;BOT_MAKER;TRANSLATOR_ASTRO_BLACK;XIRECS;9306.0;1
132400;BOT_TAKER;BOT_MAKER;TRANSLATOR_ECLIPSE_CHARCOAL;XIRECS;9937.0;1
132400;BOT_TAKER;SUBMISSION;TRANSLATOR_GRAPHITE_MIST;XIRECS;9358.0;1
132400;BOT_TAKER;SUBMISSION;TRANSLATOR_VOID_BLUE;XIRECS;11254.0;1
132400;BOT_TAKER;SUBMISSION;PANEL_1X2;XIRECS;8375.0;1
132400;BOT_TAKER;SUBMISSION;PANEL_2X2;XIRECS;10076.0;1
132400;BOT_TAKER;SUBMISSION;PANEL_1X4;XIRECS;11466.0;1
132400;BOT_TAKER;BOT_MAKER;PANEL_2X4;XIRECS;11000.0;1
132400;BOT_TAKER;SUBMISSION;PANEL_4X4;XIRECS;10199.0;1
132400;BOT_TAKER;SUBMISSION;OXYGEN_SHAKE_MORNING_BREATH;XIRECS;10537.0;1
132400;BOT_TAKER;SUBMISSION;OXYGEN_SHAKE_EVENING_BREATH;XIRECS;8694.0;1
132400;BOT_TAKER;SUBMISSION;OXYGEN_SHAKE_MINT;XIRECS;10581.0;1
132400;BOT_TAKER;SUBMISSION;OXYGEN_SHAKE_CHOCOLATE;XIRECS;9601.0;1
132400;BOT_TAKER;SUBMISSION;OXYGEN_SHAKE_GARLIC;XIRECS;11327.0;1
132400;BOT_TAKER;BOT_MAKER;SNACKPACK_CHOCOLATE;XIRECS;9901.0;1
132400;BOT_TAKER;BOT_MAKER;SNACKPACK_VANILLA;XIRECS;9958.0;1
132400;BOT_TAKER;BOT_MAKER;SNACKPACK_PISTACHIO;XIRECS;9604.0;1
132400;BOT_TAKER;BOT_MAKER;SNACKPACK_STRAWBERRY;XIRECS;10801.0;1
132400;BOT_TAKER;SUBMISSION;SNACKPACK_RASPBERRY;XIRECS;10103.0;1
132600;BOT_TAKER;SUBMISSION;MICROCHIP_CIRCLE;XIRECS;8769.0;1
132600;BOT_TAKER;BOT_MAKER;MICROCHIP_CIRCLE;XIRECS;8770.0;2
132600;BOT_TAKER;SUBMISSION;MICROCHIP_OVAL;XIRECS;9171.0;1
132600;BOT_TAKER;BOT_MAKER;MICROCHIP_OVAL;XIRECS;9172.0;2
132600;BOT_TAKER;SUBMISSION;MICROCHIP_SQUARE;XIRECS;13318.0;1
132600;BOT_TAKER;BOT_MAKER;MICROCHIP_SQUARE;XIRECS;13319.0;2
132600;BOT_TAKER;BOT_MAKER;MICROCHIP_RECTANGLE;XIRECS;8573.0;3
132600;BOT_TAKER;BOT_MAKER;MICROCHIP_TRIANGLE;XIRECS;9676.0;3
133900;BOT_TAKER;BOT_MAKER;MICROCHIP_CIRCLE;XIRECS;8713.0;3
