day;timestamp;product;bid_price_1;bid_volume_1;bid_price_2;bid_volume_2;bid_price_3;bid_volume_3;ask_price_1;ask_volume_1;ask_price_2;ask_volume_2;ask_price_3;ask_volume_3;mid_price;profit_and_loss
-2;0;HYDROGEL_PACK;9971;15;9969;21;;;9987;15;9990;21;;;9979.0;0.0
-2;0;VELVETFRUIT_EXTRACT;5259;32;;;;;5265;55;;;;;5262.0;0.0
-2;0;VEV_4000;1252;15;1249;28;;;1273;15;1276;28;;;1262.5;0.0
-2;0;VEV_4500;754;12;752;12;;;770;12;772;12;;;762.0;0.0
-2;0;VEV_5000;263;11;262;15;;;269;8;270;25;;;266.0;0.0
-2;0;VEV_5100;173;12;;;;;177;9;178;23;;;175.0;0.0
-2;0;VEV_5200;100;31;99;24;;;103;20;;;;;101.5;0.0
-2;0;VEV_5300;;;;;;;51;20;;;;;51.0;0.0
-2;0;VEV_5400;15;27;;;;;;;;;;;15.0;0.0
-2;0;VEV_5500;6;20;;;;;7;25;;;;;6.5;0.0
-2;0;VEV_6000;0;25;;;;;1;25;;;;;0.5;0.0
-2;0;VEV_6500;0;10;;;;;1;10;;;;;0.5;0.0
-2;100;HYDROGEL_PACK;9970;15;9968;30;;;9986;15;9989;30;;;9978.0;0.0
-2;100;VELVETFRUIT_EXTRACT;5260;56;;;;;5265;24;5266;41;;;5262.5;0.0
-2;100;VEV_4000;1253;12;1250;15;;;1274;12;1276;15;;;1263.5;0.0
-2;100;VEV_4500;752;12;751;21;;;769;8;771;21;;;760.5;0.0
-2;100;VEV_5000;261;18;260;15;;;267;6;268;13;;;264.0;0.0
-2;100;VEV_5100;173;6;172;12;;;178;31;;;;;175.5;0.0
-2;100;VEV_5200;100;31;99;21;;;;;;;;;100.0;0.0
-2;100;VEV_5300;49;10;;;;;51;25;;;;;50.0;0.0
-2;100;VEV_5400;15;17;;;;;;;;;;;15.0;0.0
-2;100;VEV_5500;6;15;;;;;7;22;;;;;6.5;0.0
-2;100;VEV_6000;0;20;;;;;1;20;;;;;0.5;0.0
-2;100;VEV_6500;0;14;;;;;1;14;;;;;0.5;0.0
-2;200;HYDROGEL_PACK;9972;10;9969;27;;;9988;10;9990;27;;;9980.0;0.0
-2;200;VELVETFRUIT_EXTRACT;5261;31;5261;15;;;5267;17;;;;;5264.0;0.0
-2;200;VEV_4000;1254;15;1251;15;;;1275;15;1277;15;;;1264.5;0.0
-2;200;VEV_4500;752;9;750;16;;;768;9;770;16;;;760.0;0.0
-2;200;VEV_5000;264;8;;;;;270;12;271;19;;;267.0;0.0
-2;200;VEV_5100;174;12;173;15;;;178;21;;;;;176.0;0.0
-2;200;VEV_5200;;;;;;;102;18;103;21;;;102.0;0.0
-2;200;VEV_5300;49;22;;;;;51;21;;;;;50.0;0.0
-2;200;VEV_5400;16;6;15;20;;;16;21;17;17;;;16.0;0.0
-2;200;VEV_5500;6;22;;;;;7;23;;;;;6.5;0.0
-2;200;VEV_6000;0;27;;;;;1;27;;;;;0.5;0.0
-2;200;VEV_6500;0;17;;;;;1;17;;;;;0.5;0.0
-2;300;HYDROGEL_PACK;9968;13;9966;21;;;9984;13;9987;21;;;9976.0;0.0
-2;300;VELVETFRUIT_EXTRACT;5261;54;;;;;5266;19;5267;31;;;5263.5;0.0
-2;300;VEV_4000;1252;15;1250;19;;;1274;15;1276;19;;;1263.0;0.0
-2;300;VEV_4500;752;11;750;21;;;769;12;770;21;;;760.5;0.0
-2;300;VEV_5000;265;10;264;15;;;271;24;272;13;;;268.0;0.0
-2;300;VEV_5100;174;9;173;34;;;;;;;;;174.0;0.0
-2;300;VEV_5200;98;23;;;;;101;22;;;;;99.5;0.0
-2;300;VEV_5300;;;;;;;51;22;;;;;51.0;0.0
-2;300;VEV_5400;15;17;;;;;17;22;;;;;16.0;0.0
-2;300;VEV_5500;6;22;;;;;7;18;;;;;6.5;0.0
-2;300;VEV_6000;0;23;;;;;1;23;;;;;0.5;0.0
-2;300;VEV_6500;0;16;;;;;1;16;;;;;0.5;0.0
-2;400;HYDROGEL_PACK;9968;13;9966;21;;;9984;13;9987;21;;;9976.0;0.0
-2;400;VELVETFRUIT_EXTRACT;5261;23;5260;47;;;5265;23;5266;32;;;5263.0;0.0
-2;400;VEV_4000;1252;10;1250;20;;;1274;10;1276;20;;;1263.0;0.0
-2;400;VEV_4500;751;11;749;20;;;767;11;769;20;;;759.0;0.0
-2;400;VEV_5000;264;8;;;;;270;28;271;15;;;267.0;0.0
-2;400;VEV_5100;174;25;;;;;179;22;;;;;176.5;0.0
-2;400;VEV_5200;96;20;;;;;99;6;100;23;;;97.5;0.0
-2;400;VEV_5300;49;24;;;;;51;29;;;;;50.0;0.0
-2;400;VEV_5400;15;22;;;;;16;23;;;;;15.5;0.0
-2;400;VEV_5500;6;17;;;;;7;25;;;;;6.5;0.0
-2;400;VEV_6000;0;21;;;;;1;21;;;;;0.5;0.0
-2;400;VEV_6500;0;11;;;;;1;11;;;;;0.5;0.0
-2;500;HYDROGEL_PACK;9971;13;9968;26;;;9987;13;9989;26;;;9979.0;0.0
-2;500;VELVETFRUIT_EXTRACT;5260;19;5259;62;;;5264;19;5265;72;;;5262.0;0.0
-2;500;VEV_4000;1251;9;1248;20;;;1272;9;1275;20;;;1261.5;0.0
-2;500;VEV_4500;753;10;751;18;;;769;10;771;18;;;761.0;0.0
-2;500;VEV_5000;263;20;;;;;270;11;;;;;266.5;0.0
-2;500;VEV_5100;174;6;173;27;;;178;34;179;21;;;176.0;0.0
-2;500;VEV_5200;96;30;;;;;99;6;100;14;;;97.5;0.0
-2;500;VEV_5300;49;6;;;;;51;18;;;;;50.0;0.0
-2;500;VEV_5400;16;29;15;16;;;16;25;17;26;;;16.0;0.0
-2;500;VEV_5500;6;23;;;;;7;18;;;;;6.5;0.0
-2;500;VEV_6000;0;22;;;;;1;22;;;;;0.5;0.0
-2;500;VEV_6500;0;16;;;;;1;16;;;;;0.5;0.0
-2;600;HYDROGEL_PACK;9970;15;9968;21;;;9986;15;9989;21;;;9978.0;0.0
-2;600;VELVETFRUIT_EXTRACT;5259;49;;;;;5265;52;;;;;5262.0;0.0
-2;600;VEV_4000;1249;12;1247;17;;;1271;12;1273;17;;;1260.0;0.0
-2;600;VEV_4500;753;9;751;15;;;769;9;771;15;;;761.0;0.0
-2;600;VEV_5000;263;6;262;22;;;269;11;;;;;266.0;0.0
-2;600;VEV_5100;175;12;;;;;179;9;;;;;177.0;0.0
-2;600;VEV_5200;97;21;96;33;;;99;9;100;24;;;98.0;0.0
-2;600;VEV_5300;49;19;;;;;;;;;;;49.0;0.0
-2;600;VEV_5400;16;20;;;;;18;17;;;;;17.0;0.0
-2;600;VEV_5500;6;23;;;;;7;19;;;;;6.5;0.0
-2;600;VEV_6000;0;20;;;;;1;20;;;;;0.5;0.0
-2;600;VEV_6500;0;17;;;;;1;17;;;;;0.5;0.0
-2;700;HYDROGEL_PACK;9972;10;9970;27;;;9988;10;9991;27;;;9980.0;0.0
-2;700;VELVETFRUIT_EXTRACT;5260;19;;;;;5266;30;;;;;5263.0;0.0
-2;700;VEV_4000;1250;8;1248;19;;;1271;8;1274;19;;;1260.5;0.0
-2;700;VEV_4500;755;8;754;15;753;13;771;8;773;13;;;763.0;0.0
-2;700;VEV_5000;262;6;;;;;268;9;269;16;;;265.0;0.0
-2;700;VEV_5100;175;6;174;19;;;180;18;;;;;177.5;0.0
-2;700;VEV_5200;95;31;;;;;;;;;;;95.0;0.0
-2;700;VEV_5300;;;;;;;50;24;;;;;50.0;0.0
-2;700;VEV_5400;16;20;;;;;18;24;;;;;17.0;0.0
-2;700;VEV_5500;6;25;;;;;7;30;;;;;6.5;0.0
-2;700;VEV_6000;0;23;;;;;1;23;;;;;0.5;0.0
-2;700;VEV_6500;0;18;;;;;1;18;;;;;0.5;0.0
-2;800;HYDROGEL_PACK;9971;15;9969;26;;;9987;15;9990;26;;;9979.0;0.0
-2;800;VELVETFRUIT_EXTRACT;5260;33;;;;;5266;42;5266;37;;;5263.0;0.0
-2;800;VEV_4000;1249;15;1246;18;;;1270;15;1272;18;;;1259.5;0.0
-2;800;VEV_4500;754;17;;;;;772;8;775;17;;;763.0;0.0
-2;800;VEV_5000;260;25;;;;;266;7;;;;;263.0;0.0
-2;800;VEV_5100;;;;;;;177;28;178;21;;;177.0;0.0
-2;800;VEV_5200;97;21;96;12;;;99;11;100;20;;;98.0;0.0
-2;800;VEV_5300;48;16;;;;;51;15;51;19;;;49.5;0.0
-2;800;VEV_5400;16;25;;;;;18;23;;;;;17.0;0.0
-2;800;VEV_5500;6;24;;;;;7;25;;;;;6.5;0.0
-2;800;VEV_6000;0;20;;;;;1;20;;;;;0.5;0.0
-2;800;VEV_6500;0;10;;;;;1;10;;;;;0.5;0.0
-2;900;HYDROGEL_PACK;9975;15;9972;26;;;9991;15;9993;26;;;9983.0;0.0
-2;900;VELVETFRUIT_EXTRACT;5261;33;5261;57;;;5267;75;;;;;5264.0;0.0
-2;900;VEV_4000;1249;15;1246;22;;;1270;15;1273;22;;;1259.5;0.0
-2;900;VEV_4500;756;9;755;22;754;18;772;9;774;18;;;764.0;0.0
-2;900;VEV_5000;261;8;260;19;;;268;21;;;;;264.5;0.0
-2;900;VEV_5100;172;21;;;;;176;11;177;13;;;174.0;0.0
-2;900;VEV_5200;95;32;;;;;99;31;;;;;97.0;0.0
-2;900;VEV_5300;49;21;48;16;;;51;27;;;;;50.0;0.0
-2;900;VEV_5400;16;17;;;;;18;25;;;;;17.0;0.0
-2;900;VEV_5500;6;23;;;;;7;23;;;;;6.5;0.0
-2;900;VEV_6000;0;28;;;;;1;28;;;;;0.5;0.0
-2;900;VEV_6500;0;21;;;;;1;21;;;;;0.5;0.0
-2;1000;HYDROGEL_PACK;9974;14;9971;21;;;9990;14;9992;21;;;9982.0;0.0
-2;1000;VELVETFRUIT_EXTRACT;5261;49;;;;;5267;37;5268;41;;;5264.0;0.0
-2;1000;VEV_4000;1248;13;1246;29;;;1269;13;1272;29;;;1258.5;0.0
-2;1000;VEV_4500;755;8;753;21;;;771;8;773;21;;;763.0;0.0
-2;1000;VEV_5000;261;12;260;19;;;267;8;;;;;264.0;0.0
-2;1000;VEV_5100;173;8;172;22;;;178;12;;;;;175.5;0.0
-2;1000;VEV_5200;98;8;97;14;;;101;30;;;;;99.5;0.0
-2;1000;VEV_5300;49;20;;;;;51;21;;;;;50.0;0.0
-2;1000;VEV_5400;16;22;;;;;;;;;;;16.0;0.0
-2;1000;VEV_5500;6;22;;;;;7;20;;;;;6.5;0.0
-2;1000;VEV_6000;0;29;;;;;1;29;;;;;0.5;0.0
-2;1000;VEV_6500;0;19;;;;;1;19;;;;;0.5;0.0
-2;1100;HYDROGEL_PACK;9971;11;9969;30;;;9987;11;9990;30;;;9979.0;0.0
-2;1100;VELVETFRUIT_EXTRACT;5262;57;;;;;5268;61;;;;;5265.0;0.0
-2;1100;VEV_4000;1248;9;1245;26;;;1269;9;1271;26;;;1258.5;0.0
-2;1100;VEV_4500;756;11;754;16;;;772;11;774;16;;;764.0;0.0
-2;1100;VEV_5000;262;11;261;16;;;268;6;269;24;;;265.0;0.0
-2;1100;VEV_5100;173;33;172;35;;;177;9;178;16;;;175.0;0.0
-2;1100;VEV_5200;96;27;;;;;99;6;100;27;;;97.5;0.0
-2;1100;VEV_5300;49;25;;;;;51;8;52;25;;;50.0;0.0
-2;1100;VEV_5400;15;22;;;;;;;;;;;15.0;0.0
-2;1100;VEV_5500;6;22;;;;;7;24;;;;;6.5;0.0
-2;1100;VEV_6000;0;23;;;;;1;23;;;;;0.5;0.0
-2;1100;VEV_6500;0;18;;;;;1;18;;;;;0.5;0.0
-2;1200;HYDROGEL_PACK;9970;13;9968;20;;;9986;13;9989;20;;;9978.0;0.0
-2;1200;VELVETFRUIT_EXTRACT;5264;61;;;;;5269;21;5270;43;;;5266.5;0.0
-2;1200;VEV_4000;1248;12;1245;24;;;1269;12;1271;24;;;1258.5;0.0
-2;1200;VEV_4500;757;12;755;15;;;773;12;;;;;765.0;0.0
-2;1200;VEV_5000;261;11;260;22;;;267;29;268;27;;;264.0;0.0
-2;1200;VEV_5100;172;27;;;;;177;12;178;27;;;174.5;0.0
-2;1200;VEV_5200;97;12;96;35;;;99;10;100;17;;;98.0;0.0
-2;1200;VEV_5300;50;25;;;;;52;26;;;;;51.0;0.0
-2;1200;VEV_5400;15;19;;;;;;;;;;;15.0;0.0
-2;1200;VEV_5500;6;24;;;;;7;16;;;;;6.5;0.0
-2;1200;VEV_6000;0;18;;;;;1;18;;;;;0.5;0.0
-2;1200;VEV_6500;0;14;;;;;1;14;;;;;0.5;0.0
-2;1300;HYDROGEL_PACK;9970;15;9968;23;;;9986;15;9989;23;;;9978.0;0.0
-2;1300;VELVETFRUIT_EXTRACT;5264;20;;;;;5269;25;5270;67;;;5266.5;0.0
-2;1300;VEV_4000;1248;7;1245;19;;;1269;7;1271;19;;;1258.5;0.0
-2;1300;VEV_4500;757;9;755;12;;;773;9;775;12;;;765.0;0.0
-2;1300;VEV_5000;260;9;259;16;;;266;22;;;;;263.0;0.0
-2;1300;VEV_5100;173;14;;;;;178;29;179;24;;;175.5;0.0
-2;1300;VEV_5200;96;9;;;;;99;22;;;;;97.5;0.0
-2;1300;VEV_5300;50;29;;;;;52;25;53;10;;;51.0;0.0
-2;1300;VEV_5400;16;6;15;20;;;17;18;;;;;16.5;0.0
-2;1300;VEV_5500;6;22;;;;;7;28;;;;;6.5;0.0
-2;1300;VEV_6000;0;22;;;;;1;22;;;;;0.5;0.0
-2;1300;VEV_6500;0;14;;;;;1;14;;;;;0.5;0.0
-2;1400;HYDROGEL_PACK;9968;15;9965;24;;;9984;15;9986;24;;;9976.0;0.0
-2;1400;VELVETFRUIT_EXTRACT;5264;15;5263;58;;;5268;15;5269;44;;;5266.0;0.0
-2;1400;VEV_4000;1246;8;1244;22;;;1267;8;1270;22;;;1256.5;0.0
-2;1400;VEV_4500;757;9;755;15;;;773;9;775;15;;;765.0;0.0
-2;1400;VEV_5000;261;9;260;16;;;267;10;268;21;;;264.0;0.0
-2;1400;VEV_5100;173;10;;;;;177;9;178;17;;;175.0;0.0
-2;1400;VEV_5200;96;24;95;25;;;99;31;;;;;97.5;0.0
-2;1400;VEV_5300;;;;;;;52;20;52;20;;;52.0;0.0
-2;1400;VEV_5400;16;23;;;;;18;21;;;;;17.0;0.0
-2;1400;VEV_5500;6;19;;;;;7;16;;;;;6.5;0.0
-2;1400;VEV_6000;0;16;;;;;1;16;;;;;0.5;0.0
-2;1400;VEV_6500;0;11;;;;;1;11;;;;;0.5;0.0
-2;1500;HYDROGEL_PACK;9965;15;9963;24;;;9981;15;9984;24;;;9973.0;0.0
-2;1500;VELVETFRUIT_EXTRACT;5263;34;;;;;5268;24;5269;47;5270;34;5265.5;0.0
-2;1500;VEV_4000;1247;13;1244;24;;;1268;13;1270;24;;;1257.5;0.0
-2;1500;VEV_4500;758;9;757;12;756;17;774;9;776;17;;;766.0;0.0
-2;1500;VEV_5000;260;32;;;;;;;;;;;260.0;0.0
-2;1500;VEV_5100;173;6;172;18;;;;;;;;;173.0;0.0
-2;1500;VEV_5200;97;34;96;32;;;100;22;;;;;98.5;0.0
-2;1500;VEV_5300;50;25;;;;;52;17;52;9;;;51.0;0.0
-2;1500;VEV_5400;;;;;;;;;;;;;0.0;0.0
-2;1500;VEV_5500;6;27;;;;;7;21;;;;;6.5;0.0
-2;1500;VEV_6000;0;27;;;;;1;27;;;;;0.5;0.0
-2;1500;VEV_6500;0;15;;;;;1;15;;;;;0.5;0.0
-2;1600;HYDROGEL_PACK;9965;14;9962;22;;;9981;14;9983;22;;;9973.0;0.0
-2;1600;VELVETFRUIT_EXTRACT;5265;19;5264;50;;;5270;22;5271;41;;;5267.5;0.0
-2;1600;VEV_4000;1246;9;1243;22;;;1267;9;1269;22;;;1256.5;0.0
-2;1600;VEV_4500;758;10;756;12;;;774;10;776;12;;;766.0;0.0
-2;1600;VEV_5000;263;20;262;21;;;270;16;;;;;266.5;0.0
-2;1600;VEV_5100;174;8;;;;;178;26;;;;;176.0;0.0
-2;1600;VEV_5200;96;19;;;;;100;12;;;;;98.0;0.0
-2;1600;VEV_5300;50;23;;;;;52;20;53;14;;;51.0;0.0
-2;1600;VEV_5400;15;19;;;;;16;3;;;;;15.5;0.0
-2;1600;VEV_5500;6;21;;;;;7;28;;;;;6.5;0.0
-2;1600;VEV_6000;0;28;;;;;1;28;;;;;0.5;0.0
-2;1600;VEV_6500;0;21;;;;;1;21;;;;;0.5;0.0
-2;1700;HYDROGEL_PACK;9966;15;9964;29;;;9982;15;9984;29;;;9974.0;0.0
-2;1700;VELVETFRUIT_EXTRACT;5264;47;5264;56;;;5270;61;;;;;5267.0;0.0
-2;1700;VEV_4000;1247;9;1244;17;;;1268;9;1270;17;;;1257.5;0.0
-2;1700;VEV_4500;758;7;757;6;;;774;7;776;19;;;766.0;0.0
-2;1700;VEV_5000;263;8;262;22;;;269;6;270;21;;;266.0;0.0
-2;1700;VEV_5100;;;;;;;178;11;;;;;178.0;0.0
-2;1700;VEV_5200;96;33;;;;;;;;;;;96.0;0.0
-2;1700;VEV_5300;50;24;;;;;52;20;53;12;;;51.0;0.0
-2;1700;VEV_5400;;;;;;;;;;;;;0.0;0.0
-2;1700;VEV_5500;6;20;;;;;7;18;;;;;6.5;0.0
-2;1700;VEV_6000;0;18;;;;;1;18;;;;;0.5;0.0
-2;1700;VEV_6500;0;19;;;;;1;19;;;;;0.5;0.0
-2;1800;HYDROGEL_PACK;9967;11;9964;25;;;9983;11;9985;25;;;9975.0;0.0
-2;1800;VELVETFRUIT_EXTRACT;5264;34;;;;;5269;25;5270;75;;;5266.5;0.0
-2;1800;VEV_4000;1247;12;1245;22;;;1268;12;1271;22;;;1257.5;0.0
-2;1800;VEV_4500;755;15;;;;;775;15;;;;;765.0;0.0
-2;1800;VEV_5000;263;12;262;14;;;269;23;270;20;;;266.0;0.0
-2;1800;VEV_5100;175;33;;;;;179;11;;;;;177.0;0.0
-2;1800;VEV_5200;96;21;;;;;99;11;100;28;;;97.5;0.0
-2;1800;VEV_5300;;;;;;;;;;;;;0.0;0.0
-2;1800;VEV_5400;16;20;15;20;;;16;7;17;21;;;16.0;0.0
-2;1800;VEV_5500;6;20;;;;;7;28;;;;;6.5;0.0
-2;1800;VEV_6000;0;29;;;;;1;29;;;;;0.5;0.0
-2;1800;VEV_6500;0;17;;;;;1;17;;;;;0.5;0.0
-2;1900;HYDROGEL_PACK;9967;15;9965;23;;;9983;15;9986;23;;;9975.0;0.0
-2;1900;VELVETFRUIT_EXTRACT;5264;72;;;;;5270;39;;;;;5267.0;0.0
-2;1900;VEV_4000;1246;14;1244;19;;;1267;14;1270;19;;;1256.5;0.0
-2;1900;VEV_4500;755;17;;;;;773;11;775;17;;;764.0;0.0
-2;1900;VEV_5000;264;7;263;15;;;270;12;271;20;;;267.0;0.0
-2;1900;VEV_5100;175;35;174;15;;;179;7;180;27;;;177.0;0.0
-2;1900;VEV_5200;98;9;97;27;;;100;8;;;;;99.0;0.0
-2;1900;VEV_5300;51;5;;;;;53;17;;;;;52.0;0.0
-2;1900;VEV_5400;;;;;;;16;21;17;21;;;16.0;0.0
-2;1900;VEV_5500;6;23;;;;;7;24;;;;;6.5;0.0
-2;1900;VEV_6000;0;21;;;;;1;21;;;;;0.5;0.0
-2;1900;VEV_6500;0;14;;;;;1;14;;;;;0.5;0.0
-2;2000;HYDROGEL_PACK;9967;14;9965;30;;;9983;14;9986;30;;;9975.0;0.0
-2;2000;VELVETFRUIT_EXTRACT;5263;18;5262;34;;;5267;18;5268;22;;;5265.0;0.0
-2;2000;VEV_4000;1247;8;1244;23;;;1268;8;1271;23;;;1257.5;0.0
-2;2000;VEV_4500;758;12;756;24;;;774;12;776;24;;;766.0;0.0
-2;2000;VEV_5000;265;12;264;17;;;272;12;;;;;268.5;0.0
-2;2000;VEV_5100;174;30;173;17;;;178;12;179;16;;;176.0;0.0
-2;2000;VEV_5200;97;20;;;;;101;21;;;;;99.0;0.0
-2;2000;VEV_5300;51;21;;;;;53;23;;;;;52.0;0.0
-2;2000;VEV_5400;15;21;;;;;17;26;;;;;16.0;0.0
-2;2000;VEV_5500;6;17;;;;;7;18;;;;;6.5;0.0
-2;2000;VEV_6000;0;25;;;;;1;25;;;;;0.5;0.0
-2;2000;VEV_6500;0;11;;;;;1;11;;;;;0.5;0.0
-2;2100;HYDROGEL_PACK;9966;10;9963;26;;;9982;10;9984;26;;;9974.0;0.0
-2;2100;VELVETFRUIT_EXTRACT;5264;15;5263;48;5263;53;5268;15;5269;61;;;5266.0;0.0
-2;2100;VEV_4000;1246;11;1243;30;;;1267;11;1269;30;;;1256.5;0.0
-2;2100;VEV_4500;758;11;756;16;;;774;11;775;7;776;16;766.0;0.0
-2;2100;VEV_5000;266;12;265;13;;;272;8;;;;;269.0;0.0
-2;2100;VEV_5100;175;22;174;21;;;179;27;180;30;;;177.0;0.0
-2;2100;VEV_5200;97;22;;;;;100;25;101;33;;;98.5;0.0
-2;2100;VEV_5300;;;;;;;53;15;53;30;;;53.0;0.0
-2;2100;VEV_5400;16;26;15;24;;;17;20;;;;;16.5;0.0
-2;2100;VEV_5500;6;22;;;;;7;25;;;;;6.5;0.0
-2;2100;VEV_6000;0;17;;;;;1;17;;;;;0.5;0.0
-2;2100;VEV_6500;0;15;;;;;1;15;;;;;0.5;0.0
-2;2200;HYDROGEL_PACK;9963;12;9961;23;;;9979;12;9982;23;;;9971.0;0.0
-2;2200;VELVETFRUIT_EXTRACT;5264;69;;;;;5270;68;;;;;5267.0;0.0
-2;2200;VEV_4000;1244;8;1242;30;;;1265;8;1268;30;;;1254.5;0.0
-2;2200;VEV_4500;756;6;754;23;;;772;6;774;23;;;764.0;0.0
-2;2200;VEV_5000;265;9;264;28;;;271;9;272;19;;;268.0;0.0
-2;2200;VEV_5100;175;31;;;;;179;9;180;13;;;177.0;0.0
-2;2200;VEV_5200;98;33;97;18;;;100;24;;;;;99.0;0.0
-2;2200;VEV_5300;51;9;50;25;;;53;30;53;22;;;52.0;0.0
-2;2200;VEV_5400;15;19;;;;;17;22;;;;;16.0;0.0
-2;2200;VEV_5500;6;23;;;;;7;19;;;;;6.5;0.0
-2;2200;VEV_6000;0;19;;;;;1;19;;;;;0.5;0.0
-2;2200;VEV_6500;0;13;;;;;1;13;;;;;0.5;0.0
-2;2300;HYDROGEL_PACK;9962;12;9960;27;;;9978;12;9981;27;;;9970.0;0.0
-2;2300;VELVETFRUIT_EXTRACT;5264;18;5263;59;;;5269;20;;;;;5266.5;0.0
-2;2300;VEV_4000;1245;8;1242;26;;;1266;8;1268;26;;;1255.5;0.0
-2;2300;VEV_4500;757;12;755;19;;;773;12;775;19;;;765.0;0.0
-2;2300;VEV_5000;264;12;;;;;271;6;272;22;;;267.5;0.0
-2;2300;VEV_5100;175;9;174;20;;;179;11;180;17;;;177.0;0.0
-2;2300;VEV_5200;97;17;;;;;101;30;;;;;99.0;0.0
-2;2300;VEV_5300;51;20;;;;;53;18;;;;;52.0;0.0
-2;2300;VEV_5400;16;28;;;;;18;27;;;;;17.0;0.0
-2;2300;VEV_5500;6;20;;;;;7;19;;;;;6.5;0.0
-2;2300;VEV_6000;0;19;;;;;1;19;;;;;0.5;0.0
-2;2300;VEV_6500;0;14;;;;;1;14;;;;;0.5;0.0
-2;2400;HYDROGEL_PACK;9963;12;9961;27;;;9979;12;9982;27;;;9971.0;0.0
-2;2400;VELVETFRUIT_EXTRACT;5261;47;;;;;5267;32;;;;;5264.0;0.0
-2;2400;VEV_4000;1245;10;1243;26;;;1267;10;1269;26;;;1256.0;0.0
-2;2400;VEV_4500;756;9;754;19;;;772;9;774;19;;;764.0;0.0
-2;2400;VEV_5000;265;12;264;21;;;271;8;;;;;268.0;0.0
-2;2400;VEV_5100;175;17;;;;;180;7;181;23;;;177.5;0.0
-2;2400;VEV_5200;98;12;97;18;;;100;34;101;21;;;99.0;0.0
-2;2400;VEV_5300;;;;;;;53;21;;;;;53.0;0.0
-2;2400;VEV_5400;16;23;16;24;;;18;28;;;;;17.0;0.0
-2;2400;VEV_5500;6;26;;;;;7;18;;;;;6.5;0.0
-2;2400;VEV_6000;0;22;;;;;1;22;;;;;0.5;0.0
-2;2400;VEV_6500;0;16;;;;;1;16;;;;;0.5;0.0
-2;2500;HYDROGEL_PACK;9966;12;9964;27;;;9982;12;9985;27;;;9974.0;0.0
-2;2500;VELVETFRUIT_EXTRACT;5262;34;5262;17;;;5268;32;;;;;5265.0;0.0
-2;2500;VEV_4000;1245;12;1242;27;;;1266;12;1269;27;;;1255.5;0.0
-2;2500;VEV_4500;756;7;754;13;;;772;7;774;13;;;764.0;0.0
-2;2500;VEV_5000;266;12;265;13;;;272;9;273;21;;;269.0;0.0
-2;2500;VEV_5100;175;10;174;13;;;179;27;;;;;177.0;0.0
-2;2500;VEV_5200;97;18;;;;;101;16;;;;;99.0;0.0
-2;2500;VEV_5300;51;29;50;11;;;53;20;;;;;52.0;0.0
-2;2500;VEV_5400;16;25;;;;;17;20;18;21;;;16.5;0.0
-2;2500;VEV_5500;6;30;;;;;7;17;;;;;6.5;0.0
-2;2500;VEV_6000;0;16;;;;;1;16;;;;;0.5;0.0
-2;2500;VEV_6500;0;16;;;;;1;16;;;;;0.5;0.0
-2;2600;HYDROGEL_PACK;9965;10;9963;20;;;9981;10;9984;20;;;9973.0;0.0
-2;2600;VELVETFRUIT_EXTRACT;5263;22;5262;39;;;5268;45;;;;;5265.5;0.0
-2;2600;VEV_4000;1243;10;1241;26;;;1264;10;1267;26;;;1253.5;0.0
-2;2600;VEV_4500;757;8;755;19;;;773;8;775;19;;;765.0;0.0
-2;2600;VEV_5000;266;10;265;29;;;272;11;273;28;;;269.0;0.0
-2;2600;VEV_5100;175;28;;;;;179;22;180;25;;;177.0;0.0
-2;2600;VEV_5200;97;23;;;;;101;16;;;;;99.0;0.0
-2;2600;VEV_5300;51;27;50;11;;;53;18;;;;;52.0;0.0
-2;2600;VEV_5400;16;20;16;18;;;18;28;;;;;17.0;0.0
-2;2600;VEV_5500;6;20;;;;;7;28;;;;;6.5;0.0
-2;2600;VEV_6000;0;30;;;;;1;30;;;;;0.5;0.0
-2;2600;VEV_6500;0;17;;;;;1;17;;;;;0.5;0.0
-2;2700;HYDROGEL_PACK;9967;13;9964;21;;;9983;13;9985;21;;;9975.0;0.0
-2;2700;VELVETFRUIT_EXTRACT;5262;36;;;;;5268;46;;;;;5265.0;0.0
-2;2700;VEV_4000;1243;10;1240;22;;;1264;10;1267;22;;;1253.5;0.0
-2;2700;VEV_4500;757;11;755;18;;;773;11;775;18;;;765.0;0.0
-2;2700;VEV_5000;265;13;;;;;272;7;273;36;;;268.5;0.0
-2;2700;VEV_5100;175;24;174;12;;;179;6;180;17;;;177.0;0.0
-2;2700;VEV_5200;97;10;96;16;;;;;;;;;97.0;0.0
-2;2700;VEV_5300;51;21;;;;;53;22;;;;;52.0;0.0
-2;2700;VEV_5400;16;22;;;;;18;22;;;;;17.0;0.0
-2;2700;VEV_5500;6;20;;;;;7;21;;;;;6.5;0.0
-2;2700;VEV_6000;0;20;;;;;1;20;;;;;0.5;0.0
-2;2700;VEV_6500;0;15;;;;;1;15;;;;;0.5;0.0
-2;2800;HYDROGEL_PACK;9963;13;9960;30;;;9979;13;9981;30;;;9971.0;0.0
-2;2800;VELVETFRUIT_EXTRACT;5261;16;;;;;5267;61;;;;;5264.0;0.0
-2;2800;VEV_4000;1243;12;1241;18;;;1264;12;1267;18;;;1253.5;0.0
-2;2800;VEV_4500;758;12;756;13;;;774;12;776;13;;;766.0;0.0
-2;2800;VEV_5000;266;23;265;21;;;272;9;273;20;;;269.0;0.0
-2;2800;VEV_5100;176;21;;;;;180;10;181;27;;;178.0;0.0
-2;2800;VEV_5200;97;24;96;19;;;99;7;;;;;98.0;0.0
-2;2800;VEV_5300;51;23;;;;;53;25;;;;;52.0;0.0
-2;2800;VEV_5400;17;24;16;22;;;18;21;;;;;17.5;0.0
-2;2800;VEV_5500;6;25;;;;;7;24;;;;;6.5;0.0
-2;2800;VEV_6000;0;21;;;;;1;21;;;;;0.5;0.0
-2;2800;VEV_6500;0;15;;;;;1;15;;;;;0.5;0.0
-2;2900;HYDROGEL_PACK;9959;10;9957;27;;;9975;10;9978;27;;;9967.0;0.0
-2;2900;VELVETFRUIT_EXTRACT;5262;20;;;;;5268;71;;;;;5265.0;0.0
-2;2900;VEV_4000;1242;7;1240;23;;;1263;7;1266;23;;;1252.5;0.0
-2;2900;VEV_4500;759;8;757;21;;;775;8;777;21;;;767.0;0.0
-2;2900;VEV_5000;265;10;264;19;;;271;24;;;;;268.0;0.0
-2;2900;VEV_5100;176;30;175;32;;;;;;;;;176.0;0.0
-2;2900;VEV_5200;97;32;96;12;;;100;24;;;;;98.5;0.0
-2;2900;VEV_5300;51;18;;;;;53;25;;;;;52.0;0.0
-2;2900;VEV_5400;16;18;;;;;;;;;;;16.0;0.0
-2;2900;VEV_5500;6;23;;;;;7;24;;;;;6.5;0.0
-2;2900;VEV_6000;0;21;;;;;1;21;;;;;0.5;0.0
-2;2900;VEV_6500;0;11;;;;;1;11;;;;;0.5;0.0
-2;3000;HYDROGEL_PACK;9960;13;9957;26;;;9976;13;9978;26;;;9968.0;0.0
-2;3000;VELVETFRUIT_EXTRACT;5264;41;5264;48;;;5269;20;5270;47;;;5266.5;0.0
-2;3000;VEV_4000;1244;10;1241;16;;;1265;10;1267;16;;;1254.5;0.0
-2;3000;VEV_4500;759;11;757;17;;;775;11;776;7;777;17;767.0;0.0
-2;3000;VEV_5000;264;8;263;17;;;270;8;271;18;;;267.0;0.0
-2;3000;VEV_5100;176;21;175;24;;;180;10;;;;;178.0;0.0
-2;3000;VEV_5200;97;24;;;;;100;13;;;;;98.5;0.0
-2;3000;VEV_5300;50;22;49;25;;;52;22;;;;;51.0;0.0
-2;3000;VEV_5400;17;7;16;25;;;;;;;;;17.0;0.0
-2;3000;VEV_5500;6;25;;;;;7;26;;;;;6.5;0.0
-2;3000;VEV_6000;0;23;;;;;1;23;;;;;0.5;0.0
-2;3000;VEV_6500;0;21;;;;;1;21;;;;;0.5;0.0
-2;3100;HYDROGEL_PACK;9958;11;9955;23;;;9974;11;9976;23;;;9966.0;0.0
-2;3100;VELVETFRUIT_EXTRACT;5263;30;;;;;5268;20;5269;54;;;5265.5;0.0
-2;3100;VEV_4000;1244;13;1241;26;;;1265;13;1268;26;;;1254.5;0.0
-2;3100;VEV_4500;758;12;757;10;756;14;774;12;775;11;776;14;766.0;0.0
-2;3100;VEV_5000;264;13;;;;;271;11;272;21;;;267.5;0.0
-2;3100;VEV_5100;177;8;;;;;182;12;;;;;179.5;0.0
-2;3100;VEV_5200;95;24;;;;;98;6;99;22;;;96.5;0.0
-2;3100;VEV_5300;50;19;;;;;52;21;53;10;;;51.0;0.0
-2;3100;VEV_5400;16;19;;;;;18;20;;;;;17.0;0.0
-2;3100;VEV_5500;6;22;;;;;7;26;;;;;6.5;0.0
-2;3100;VEV_6000;0;22;;;;;1;22;;;;;0.5;0.0
-2;3100;VEV_6500;0;18;;;;;1;18;;;;;0.5;0.0
-2;3200;HYDROGEL_PACK;9957;15;9954;21;;;9973;15;9975;21;;;9965.0;0.0
-2;3200;VELVETFRUIT_EXTRACT;5264;21;5263;58;;;5269;44;5270;38;;;5266.5;0.0
-2;3200;VEV_4000;1242;8;1239;16;;;1263;8;1265;16;;;1252.5;0.0
-2;3200;VEV_4500;757;7;756;6;;;775;22;;;;;766.0;0.0
-2;3200;VEV_5000;;;;;;;273;11;274;17;;;273.0;0.0
-2;3200;VEV_5100;176;25;;;;;180;6;;;;;178.0;0.0
-2;3200;VEV_5200;96;23;;;;;99;19;;;;;97.5;0.0
-2;3200;VEV_5300;51;10;;;;;53;24;;;;;52.0;0.0
-2;3200;VEV_5400;16;17;;;;;17;26;18;26;;;16.5;0.0
-2;3200;VEV_5500;6;10;;;;;7;21;;;;;6.5;0.0
-2;3200;VEV_6000;0;26;;;;;1;26;;;;;0.5;0.0
-2;3200;VEV_6500;0;15;;;;;1;15;;;;;0.5;0.0
-2;3300;HYDROGEL_PACK;9960;13;9958;20;;;9976;13;9979;20;;;9968.0;0.0
-2;3300;VELVETFRUIT_EXTRACT;5265;19;5264;53;;;5270;68;;;;;5267.5;0.0
-2;3300;VEV_4000;1242;13;1240;25;;;1263;13;1266;25;;;1252.5;0.0
-2;3300;VEV_4500;756;8;754;19;;;772;8;775;19;;;764.0;0.0
-2;3300;VEV_5000;;;;;;;274;8;275;23;;;274.0;0.0
-2;3300;VEV_5100;176;33;175;21;;;181;28;;;;;178.5;0.0
-2;3300;VEV_5200;96;12;95;29;;;98;22;99;13;;;97.0;0.0
-2;3300;VEV_5300;50;20;;;;;52;26;;;;;51.0;0.0
-2;3300;VEV_5400;17;24;;;;;18;20;19;25;;;17.5;0.0
-2;3300;VEV_5500;6;23;;;;;7;16;;;;;6.5;0.0
-2;3300;VEV_6000;0;17;;;;;1;17;;;;;0.5;0.0
-2;3300;VEV_6500;0;20;;;;;1;20;;;;;0.5;0.0
-2;3400;HYDROGEL_PACK;9958;14;9956;30;;;9974;14;9977;30;;;9966.0;0.0
-2;3400;VELVETFRUIT_EXTRACT;5265;30;;;;;5270;17;5271;49;;;5267.5;0.0
-2;3400;VEV_4000;1243;10;1241;24;;;1264;10;1267;24;;;1253.5;0.0
-2;3400;VEV_4500;756;6;754;21;;;772;6;775;21;;;764.0;0.0
-2;3400;VEV_5000;269;31;268;16;;;275;11;276;17;;;272.0;0.0
-2;3400;VEV_5100;174;14;;;;;179;33;180;23;;;176.5;0.0
-2;3400;VEV_5200;96;21;;;;;100;22;;;;;98.0;0.0
-2;3400;VEV_5300;50;24;;;;;52;18;;;;;51.0;0.0
-2;3400;VEV_5400;17;27;;;;;19;22;;;;;18.0;0.0
-2;3400;VEV_5500;6;23;;;;;7;16;;;;;6.5;0.0
-2;3400;VEV_6000;0;22;;;;;1;22;;;;;0.5;0.0
-2;3400;VEV_6500;0;16;;;;;1;16;;;;;0.5;0.0
-2;3500;HYDROGEL_PACK;9960;13;9957;22;;;9976;13;9978;22;;;9968.0;0.0
-2;3500;VELVETFRUIT_EXTRACT;5266;40;;;;;5271;23;5272;54;;;5268.5;0.0
-2;3500;VEV_4000;1243;10;1241;22;;;1264;10;1267;22;;;1253.5;0.0
-2;3500;VEV_4500;758;7;756;24;;;776;24;;;;;767.0;0.0
-2;3500;VEV_5000;268;8;;;;;274;23;275;16;;;271.0;0.0
-2;3500;VEV_5100;175;12;174;16;;;179;11;;;;;177.0;0.0
-2;3500;VEV_5200;;;;;;;100;23;101;26;;;100.0;0.0
-2;3500;VEV_5300;50;20;;;;;52;23;;;;;51.0;0.0
-2;3500;VEV_5400;18;7;;;;;19;27;;;;;18.5;0.0
-2;3500;VEV_5500;6;25;;;;;7;21;;;;;6.5;0.0
-2;3500;VEV_6000;0;18;;;;;1;18;;;;;0.5;0.0
-2;3500;VEV_6500;0;18;;;;;1;18;;;;;0.5;0.0
-2;3600;HYDROGEL_PACK;9959;10;9957;24;;;9975;10;9978;24;;;9967.0;0.0
-2;3600;VELVETFRUIT_EXTRACT;5267;73;;;;;5273;20;;;;;5270.0;0.0
-2;3600;VEV_4000;1243;15;1241;30;;;1264;15;1267;30;;;1253.5;0.0
-2;3600;VEV_4500;756;11;755;10;754;13;772;11;774;13;;;764.0;0.0
-2;3600;VEV_5000;268;10;267;16;;;274;7;;;;;271.0;0.0
-2;3600;VEV_5100;174;13;;;;;180;23;;;;;177.0;0.0
-2;3600;VEV_5200;98;22;97;15;;;101;27;;;;;99.5;0.0
-2;3600;VEV_5300;50;7;;;;;52;20;53;21;;;51.0;0.0
-2;3600;VEV_5400;;;;;;;18;21;19;26;;;18.0;0.0
-2;3600;VEV_5500;6;22;;;;;7;21;;;;;6.5;0.0
-2;3600;VEV_6000;0;19;;;;;1;19;;;;;0.5;0.0
-2;3600;VEV_6500;0;15;;;;;1;15;;;;;0.5;0.0
-2;3700;HYDROGEL_PACK;9956;14;9954;22;;;9972;14;9975;22;;;9964.0;0.0
-2;3700;VELVETFRUIT_EXTRACT;5268;50;5268;18;;;5273;18;5274;34;;;5270.5;0.0
-2;3700;VEV_4000;1243;8;1241;19;;;1264;8;1267;19;;;1253.5;0.0
-2;3700;VEV_4500;757;6;755;22;;;773;6;775;22;;;765.0;0.0
-2;3700;VEV_5000;267;8;266;21;;;273;12;274;24;;;270.0;0.0
-2;3700;VEV_5100;176;31;175;25;;;180;9;181;24;;;178.0;0.0
-2;3700;VEV_5200;98;8;;;;;101;26;;;;;99.5;0.0
-2;3700;VEV_5300;50;24;;;;;52;25;;;;;51.0;0.0
-2;3700;VEV_5400;17;18;;;;;19;17;;;;;18.0;0.0
-2;3700;VEV_5500;6;22;;;;;7;28;;;;;6.5;0.0
-2;3700;VEV_6000;0;20;;;;;1;20;;;;;0.5;0.0
-2;3700;VEV_6500;0;16;;;;;1;16;;;;;0.5;0.0
-2;3800;HYDROGEL_PACK;9957;14;9955;29;;;9973;14;9976;29;;;9965.0;0.0
-2;3800;VELVETFRUIT_EXTRACT;5268;60;;;;;5273;16;5274;46;;;5270.5;0.0
-2;3800;VEV_4000;1243;12;1241;30;;;1264;12;1267;30;;;1253.5;0.0
-2;3800;VEV_4500;757;10;755;16;;;773;10;775;16;;;765.0;0.0
-2;3800;VEV_5000;267;12;266;15;;;273;24;274;12;;;270.0;0.0
-2;3800;VEV_5100;176;25;175;24;;;180;7;;;;;178.0;0.0
-2;3800;VEV_5200;98;35;;;;;100;33;101;24;;;99.0;0.0
-2;3800;VEV_5300;50;29;;;;;52;21;;;;;51.0;0.0
-2;3800;VEV_5400;17;24;17;19;;;19;23;;;;;18.0;0.0
-2;3800;VEV_5500;6;23;;;;;7;9;;;;;6.5;0.0
-2;3800;VEV_6000;0;22;;;;;1;22;;;;;0.5;0.0
-2;3800;VEV_6500;0;15;;;;;1;15;;;;;0.5;0.0
-2;3900;HYDROGEL_PACK;9956;11;9954;29;;;9972;11;9975;29;;;9964.0;0.0
-2;3900;VELVETFRUIT_EXTRACT;5268;50;5268;58;;;5274;32;;;;;5271.0;0.0
-2;3900;VEV_4000;1243;8;1241;19;;;1264;8;1267;19;;;1253.5;0.0
-2;3900;VEV_4500;758;9;756;14;;;774;9;776;14;;;766.0;0.0
-2;3900;VEV_5000;268;27;267;23;;;274;7;275;15;;;271.0;0.0
-2;3900;VEV_5100;176;10;;;;;180;11;181;20;;;178.0;0.0
-2;3900;VEV_5200;96;21;;;;;99;12;100;23;;;97.5;0.0
-2;3900;VEV_5300;51;26;;;;;53;29;;;;;52.0;0.0
-2;3900;VEV_5400;;;;;;;18;10;19;25;;;18.0;0.0
-2;3900;VEV_5500;6;26;;;;;7;28;;;;;6.5;0.0
-2;3900;VEV_6000;0;18;;;;;1;18;;;;;0.5;0.0
-2;3900;VEV_6500;0;18;;;;;1;18;;;;;0.5;0.0
-2;4000;HYDROGEL_PACK;9955;11;9953;28;;;9971;11;9974;28;;;9963.0;0.0
-2;4000;VELVETFRUIT_EXTRACT;5268;39;5267;45;;;5274;34;;;;;5271.0;0.0
-2;4000;VEV_4000;1243;10;1240;23;;;1264;10;1266;23;;;1253.5;0.0
-2;4000;VEV_4500;757;10;755;23;;;773;10;775;23;;;765.0;0.0
-2;4000;VEV_5000;267;9;266;21;;;273;9;274;31;;;270.0;0.0
-2;4000;VEV_5100;177;23;176;14;;;182;22;;;;;179.5;0.0
-2;4000;VEV_5200;96;24;;;;;100;29;;;;;98.0;0.0
-2;4000;VEV_5300;51;25;;;;;53;21;;;;;52.0;0.0
-2;4000;VEV_5400;18;20;17;20;;;19;23;;;;;18.5;0.0
-2;4000;VEV_5500;6;25;;;;;7;19;;;;;6.5;0.0
-2;4000;VEV_6000;0;27;;;;;1;27;;;;;0.5;0.0
-2;4000;VEV_6500;0;17;;;;;1;17;;;;;0.5;0.0
-2;4100;HYDROGEL_PACK;9957;13;9954;29;;;9973;13;9975;29;;;9965.0;0.0
-2;4100;VELVETFRUIT_EXTRACT;5270;22;5270;15;;;5276;60;;;;;5273.0;0.0
-2;4100;VEV_4000;1243;8;1240;17;;;1264;8;1266;17;;;1253.5;0.0
-2;4100;VEV_4500;756;7;754;13;;;772;7;774;13;;;764.0;0.0
-2;4100;VEV_5000;267;8;;;;;273;6;274;20;;;270.0;0.0
-2;4100;VEV_5100;175;19;;;;;180;27;181;21;;;177.5;0.0
-2;4100;VEV_5200;;;;;;;100;8;;;;;100.0;0.0
-2;4100;VEV_5300;51;19;;;;;53;20;;;;;52.0;0.0
-2;4100;VEV_5400;18;20;17;23;;;18;20;19;13;;;18.0;0.0
-2;4100;VEV_5500;6;21;;;;;7;23;;;;;6.5;0.0
-2;4100;VEV_6000;0;26;;;;;1;26;;;;;0.5;0.0
-2;4100;VEV_6500;0;20;;;;;1;20;;;;;0.5;0.0
-2;4200;HYDROGEL_PACK;9956;10;9954;30;;;9972;10;9975;30;;;9964.0;0.0
-2;4200;VELVETFRUIT_EXTRACT;5272;23;5271;56;;;5276;23;5277;37;;;5274.0;0.0
-2;4200;VEV_4000;1242;7;1239;22;;;1263;7;1265;22;;;1252.5;0.0
-2;4200;VEV_4500;757;12;755;16;;;773;12;775;16;;;765.0;0.0
-2;4200;VEV_5000;267;8;266;14;;;273;6;;;;;270.0;0.0
-2;4200;VEV_5100;174;8;;;;;178;27;179;20;;;176.0;0.0
-2;4200;VEV_5200;97;12;96;29;;;100;27;;;;;98.5;0.0
-2;4200;VEV_5300;51;22;;;;;53;9;;;;;52.0;0.0
-2;4200;VEV_5400;17;21;;;;;18;18;19;20;;;17.5;0.0
-2;4200;VEV_5500;6;17;;;;;7;20;;;;;6.5;0.0
-2;4200;VEV_6000;0;25;;;;;1;25;;;;;0.5;0.0
-2;4200;VEV_6500;0;13;;;;;1;13;;;;;0.5;0.0
-2;4300;HYDROGEL_PACK;9955;12;9952;25;;;9971;12;9973;25;;;9963.0;0.0
-2;4300;VELVETFRUIT_EXTRACT;5271;70;;;;;5277;31;5278;45;;;5274.0;0.0
-2;4300;VEV_4000;1239;14;1237;23;;;1260;14;1263;23;;;1249.5;0.0
-2;4300;VEV_4500;756;8;755;15;754;13;772;8;774;13;;;764.0;0.0
-2;4300;VEV_5000;266;18;265;21;;;272;6;273;22;;;269.0;0.0
-2;4300;VEV_5100;175;12;;;;;179;31;180;17;;;177.0;0.0
-2;4300;VEV_5200;98;11;;;;;;;;;;;98.0;0.0
-2;4300;VEV_5300;52;6;;;;;54;26;;;;;53.0;0.0
-2;4300;VEV_5400;18;3;17;25;;;19;28;;;;;18.5;0.0
-2;4300;VEV_5500;6;19;;;;;7;18;;;;;6.5;0.0
-2;4300;VEV_6000;0;27;;;;;1;27;;;;;0.5;0.0
-2;4300;VEV_6500;0;15;;;;;1;15;;;;;0.5;0.0
-2;4400;HYDROGEL_PACK;9954;10;9951;30;;;9970;10;9972;30;;;9962.0;0.0
-2;4400;VELVETFRUIT_EXTRACT;5272;68;5272;20;;;5278;49;;;;;5275.0;0.0
-2;4400;VEV_4000;1239;13;1237;15;;;1260;13;1263;15;;;1249.5;0.0
-2;4400;VEV_4500;754;20;;;;;774;20;;;;;764.0;0.0
-2;4400;VEV_5000;267;8;266;29;;;273;20;274;25;;;270.0;0.0
-2;4400;VEV_5100;175;6;;;;;179;8;;;;;177.0;0.0
-2;4400;VEV_5200;98;30;;;;;101;10;102;28;;;99.5;0.0
-2;4400;VEV_5300;51;17;;;;;53;19;54;20;;;52.0;0.0
-2;4400;VEV_5400;18;21;;;;;19;23;;;;;18.5;0.0
-2;4400;VEV_5500;6;19;;;;;7;26;;;;;6.5;0.0
-2;4400;VEV_6000;0;29;;;;;1;29;;;;;0.5;0.0
-2;4400;VEV_6500;0;16;;;;;1;16;;;;;0.5;0.0
-2;4500;HYDROGEL_PACK;9956;15;9953;30;;;9972;15;9974;30;;;9964.0;0.0
-2;4500;VELVETFRUIT_EXTRACT;5272;56;;;;;5278;64;;;;;5275.0;0.0
-2;4500;VEV_4000;1239;11;1236;24;;;1260;11;1262;24;;;1249.5;0.0
-2;4500;VEV_4500;752;17;;;;;770;9;772;17;;;761.0;0.0
-2;4500;VEV_5000;266;11;265;19;;;272;27;273;23;;;269.0;0.0
-2;4500;VEV_5100;;;;;;;179;7;180;25;;;179.0;0.0
-2;4500;VEV_5200;96;22;;;;;100;21;;;;;98.0;0.0
-2;4500;VEV_5300;51;25;;;;;53;21;54;19;;;52.0;0.0
-2;4500;VEV_5400;18;18;;;;;18;21;19;26;;;18.0;0.0
-2;4500;VEV_5500;6;24;;;;;7;20;;;;;6.5;0.0
-2;4500;VEV_6000;0;21;;;;;1;21;;;;;0.5;0.0
-2;4500;VEV_6500;0;14;;;;;1;14;;;;;0.5;0.0
-2;4600;HYDROGEL_PACK;9958;10;9955;30;;;9974;10;9976;30;;;9966.0;0.0
-2;4600;VELVETFRUIT_EXTRACT;5272;46;;;;;5278;45;;;;;5275.0;0.0
-2;4600;VEV_4000;1239;8;1236;15;;;1260;8;1262;15;;;1249.5;0.0
-2;4600;VEV_4500;753;10;751;18;;;769;10;771;18;;;761.0;0.0
-2;4600;VEV_5000;266;11;;;;;272;30;273;17;;;269.0;0.0
-2;4600;VEV_5100;176;9;175;31;;;180;35;;;;;178.0;0.0
-2;4600;VEV_5200;97;17;;;;;100;22;101;17;;;98.5;0.0
-2;4600;VEV_5300;51;16;;;;;53;7;;;;;52.0;0.0
-2;4600;VEV_5400;;;;;;;20;23;;;;;20.0;0.0
-2;4600;VEV_5500;6;19;;;;;7;27;;;;;6.5;0.0
-2;4600;VEV_6000;0;21;;;;;1;21;;;;;0.5;0.0
-2;4600;VEV_6500;0;10;;;;;1;10;;;;;0.5;0.0
-2;4700;HYDROGEL_PACK;9957;15;9954;25;;;9973;15;9975;25;;;9965.0;0.0
-2;4700;VELVETFRUIT_EXTRACT;5272;43;;;;;5278;40;;;;;5275.0;0.0
-2;4700;VEV_4000;1238;10;1235;18;;;1259;10;1261;18;;;1248.5;0.0
-2;4700;VEV_4500;752;9;750;18;;;768;9;770;18;;;760.0;0.0
-2;4700;VEV_5000;266;8;;;;;273;16;;;;;269.5;0.0
-2;4700;VEV_5100;175;7;174;18;;;179;18;;;;;177.0;0.0
-2;4700;VEV_5200;97;31;;;;;100;10;101;16;;;98.5;0.0
-2;4700;VEV_5300;51;24;;;;;53;25;;;;;52.0;0.0
-2;4700;VEV_5400;18;23;;;;;19;24;20;24;;;18.5;0.0
-2;4700;VEV_5500;6;23;;;;;7;25;;;;;6.5;0.0
-2;4700;VEV_6000;0;23;;;;;1;23;;;;;0.5;0.0
-2;4700;VEV_6500;0;14;;;;;1;14;;;;;0.5;0.0
-2;4800;HYDROGEL_PACK;9956;14;9953;22;;;9972;14;9974;22;;;9964.0;0.0
-2;4800;VELVETFRUIT_EXTRACT;5272;17;;;;;5277;21;5278;67;;;5274.5;0.0
-2;4800;VEV_4000;1238;8;1236;29;;;1259;8;1262;29;;;1248.5;0.0
-2;4800;VEV_4500;751;21;;;;;771;21;;;;;761.0;0.0
-2;4800;VEV_5000;265;9;264;32;;;271;6;272;20;;;268.0;0.0
-2;4800;VEV_5100;175;9;;;;;179;21;;;;;177.0;0.0
-2;4800;VEV_5200;98;29;;;;;102;22;;;;;100.0;0.0
-2;4800;VEV_5300;51;27;;;;;53;26;;;;;52.0;0.0
-2;4800;VEV_5400;19;28;18;21;;;20;17;;;;;19.5;0.0
-2;4800;VEV_5500;6;29;;;;;7;25;;;;;6.5;0.0
-2;4800;VEV_6000;0;22;;;;;1;22;;;;;0.5;0.0
-2;4800;VEV_6500;0;13;;;;;1;13;;;;;0.5;0.0
-2;4900;HYDROGEL_PACK;9954;10;9952;29;;;9973;29;;;;;9963.5;0.0
-2;4900;VELVETFRUIT_EXTRACT;5274;24;5273;34;;;5279;41;;;;;5276.5;0.0
-2;4900;VEV_4000;1238;13;1236;20;;;1259;13;1262;20;;;1248.5;0.0
-2;4900;VEV_4500;755;8;753;15;;;771;8;773;15;;;763.0;0.0
-2;4900;VEV_5000;263;19;;;;;270;11;271;17;;;266.5;0.0
-2;4900;VEV_5100;176;10;175;20;;;181;13;;;;;178.5;0.0
-2;4900;VEV_5200;100;28;99;14;;;103;26;;;;;101.5;0.0
-2;4900;VEV_5300;51;21;;;;;53;5;54;19;;;52.0;0.0
-2;4900;VEV_5400;18;22;;;;;;;;;;;18.0;0.0
-2;4900;VEV_5500;6;10;;;;;7;20;;;;;6.5;0.0
-2;4900;VEV_6000;0;25;;;;;1;25;;;;;0.5;0.0
-2;4900;VEV_6500;0;17;;;;;1;17;;;;;0.5;0.0
-2;5000;HYDROGEL_PACK;9953;10;9950;24;;;9969;10;9971;24;;;9961.0;0.0
-2;5000;VELVETFRUIT_EXTRACT;5272;42;;;;;5277;25;5278;50;;;5274.5;0.0
-2;5000;VEV_4000;1238;11;1235;22;;;1259;11;1261;22;;;1248.5;0.0
-2;5000;VEV_4500;755;11;754;12;;;772;10;774;12;;;763.5;0.0
-2;5000;VEV_5000;265;6;264;17;;;272;12;;;;;268.5;0.0
-2;5000;VEV_5100;176;8;175;20;;;180;25;181;16;;;178.0;0.0
-2;5000;VEV_5200;98;21;;;;;101;6;102;28;;;99.5;0.0
-2;5000;VEV_5300;51;20;;;;;53;20;;;;;52.0;0.0
-2;5000;VEV_5400;19;19;;;;;20;21;;;;;19.5;0.0
-2;5000;VEV_5500;6;26;;;;;7;26;;;;;6.5;0.0
-2;5000;VEV_6000;0;23;;;;;1;23;;;;;0.5;0.0
-2;5000;VEV_6500;0;18;;;;;1;18;;;;;0.5;0.0
-2;5100;HYDROGEL_PACK;9955;11;9953;27;;;9971;11;9973;27;;;9963.0;0.0
-2;5100;VELVETFRUIT_EXTRACT;5274;15;5273;49;;;5279;37;5280;40;;;5276.5;0.0
-2;5100;VEV_4000;1238;7;1235;24;;;1259;7;1261;24;;;1248.5;0.0
-2;5100;VEV_4500;757;11;755;22;;;773;11;774;12;775;22;765.0;0.0
-2;5100;VEV_5000;265;10;264;21;;;271;6;272;22;;;268.0;0.0
-2;5100;VEV_5100;176;9;;;;;180;30;;;;;178.0;0.0
-2;5100;VEV_5200;99;30;;;;;103;12;;;;;101.0;0.0
-2;5100;VEV_5300;51;26;50;24;;;53;18;;;;;52.0;0.0
-2;5100;VEV_5400;;;;;;;19;19;20;24;;;19.0;0.0
-2;5100;VEV_5500;6;17;;;;;7;23;;;;;6.5;0.0
-2;5100;VEV_6000;0;29;;;;;1;29;;;;;0.5;0.0
-2;5100;VEV_6500;0;13;;;;;1;13;;;;;0.5;0.0
-2;5200;HYDROGEL_PACK;9953;11;9951;20;;;9969;11;9972;20;;;9961.0;0.0
-2;5200;VELVETFRUIT_EXTRACT;5274;56;5274;21;;;5280;65;;;;;5277.0;0.0
-2;5200;VEV_4000;1237;8;1235;24;;;1258;8;1260;24;;;1247.5;0.0
-2;5200;VEV_4500;756;9;754;22;;;772;9;774;22;;;764.0;0.0
-2;5200;VEV_5000;265;15;;;;;272;22;273;23;;;268.5;0.0
-2;5200;VEV_5100;176;13;;;;;181;11;182;17;;;178.5;0.0
-2;5200;VEV_5200;99;21;;;;;101;22;102;25;;;100.0;0.0
-2;5200;VEV_5300;51;24;50;12;;;53;20;53;28;;;52.0;0.0
-2;5200;VEV_5400;18;30;18;23;;;;;;;;;18.0;0.0
-2;5200;VEV_5500;6;27;;;;;7;23;;;;;6.5;0.0
-2;5200;VEV_6000;0;23;;;;;1;23;;;;;0.5;0.0
-2;5200;VEV_6500;0;17;;;;;1;17;;;;;0.5;0.0
-2;5300;HYDROGEL_PACK;9948;14;9945;28;;;9964;14;9966;28;;;9956.0;0.0
-2;5300;VELVETFRUIT_EXTRACT;5274;51;;;;;5280;33;;;;;5277.0;0.0
-2;5300;VEV_4000;1237;7;1234;15;;;1258;7;1260;15;;;1247.5;0.0
-2;5300;VEV_4500;757;8;755;17;;;773;8;774;10;775;17;765.0;0.0
-2;5300;VEV_5000;267;11;266;23;;;273;8;274;15;;;270.0;0.0
-2;5300;VEV_5100;177;32;176;32;;;181;32;182;21;;;179.0;0.0
-2;5300;VEV_5200;;;;;;;100;28;101;13;;;100.0;0.0
-2;5300;VEV_5300;50;26;49;18;;;52;23;;;;;51.0;0.0
-2;5300;VEV_5400;;;;;;;20;24;;;;;20.0;0.0
-2;5300;VEV_5500;6;29;;;;;7;20;;;;;6.5;0.0
-2;5300;VEV_6000;0;25;;;;;1;25;;;;;0.5;0.0
-2;5300;VEV_6500;0;13;;;;;1;13;;;;;0.5;0.0
-2;5400;HYDROGEL_PACK;9950;10;9948;30;;;9966;10;9968;30;;;9958.0;0.0
-2;5400;VELVETFRUIT_EXTRACT;5274;31;;;;;5280;72;;;;;5277.0;0.0
-2;5400;VEV_4000;1237;7;1235;25;;;1258;7;1261;25;;;1247.5;0.0
-2;5400;VEV_4500;758;7;;;;;774;7;776;20;;;766.0;0.0
-2;5400;VEV_5000;265;31;264;15;;;271;11;272;14;;;268.0;0.0
-2;5400;VEV_5100;175;31;174;18;;;179;12;;;;;177.0;0.0
-2;5400;VEV_5200;98;14;;;;;101;8;102;25;;;99.5;0.0
-2;5400;VEV_5300;51;21;;;;;53;9;;;;;52.0;0.0
-2;5400;VEV_5400;18;20;18;29;;;19;16;;;;;18.5;0.0
-2;5400;VEV_5500;6;22;;;;;7;20;;;;;6.5;0.0
-2;5400;VEV_6000;0;27;;;;;1;27;;;;;0.5;0.0
-2;5400;VEV_6500;0;10;;;;;1;10;;;;;0.5;0.0
-2;5500;HYDROGEL_PACK;9948;10;9946;21;;;9964;10;9966;21;;;9956.0;0.0
-2;5500;VELVETFRUIT_EXTRACT;5274;22;5273;66;;;5278;22;5279;66;;;5276.0;0.0
-2;5500;VEV_4000;1237;15;1234;25;;;1258;15;1260;25;;;1247.5;0.0
-2;5500;VEV_4500;758;7;756;17;;;775;6;776;17;;;766.5;0.0
-2;5500;VEV_5000;267;9;266;15;;;273;10;274;14;;;270.0;0.0
-2;5500;VEV_5100;173;9;172;20;;;178;32;;;;;175.5;0.0
-2;5500;VEV_5200;98;20;;;;;;;;;;;98.0;0.0
-2;5500;VEV_5300;51;17;;;;;53;9;54;18;;;52.0;0.0
-2;5500;VEV_5400;;;;;;;20;15;;;;;20.0;0.0
-2;5500;VEV_5500;6;17;;;;;7;23;;;;;6.5;0.0
-2;5500;VEV_6000;0;26;;;;;1;26;;;;;0.5;0.0
-2;5500;VEV_6500;0;17;;;;;1;17;;;;;0.5;0.0
-2;5600;HYDROGEL_PACK;9947;10;9945;29;;;9963;10;9966;29;;;9955.0;0.0
-2;5600;VELVETFRUIT_EXTRACT;5274;21;5273;53;;;5278;21;5279;44;;;5276.0;0.0
-2;5600;VEV_4000;1238;10;1236;21;;;1259;10;1262;21;;;1248.5;0.0
-2;5600;VEV_4500;758;11;756;24;;;774;11;776;24;;;766.0;0.0
-2;5600;VEV_5000;268;9;267;12;;;274;7;275;12;;;271.0;0.0
-2;5600;VEV_5100;173;30;172;15;;;177;7;178;25;;;175.0;0.0
-2;5600;VEV_5200;98;21;;;;;102;19;;;;;100.0;0.0
-2;5600;VEV_5300;51;6;;;;;53;25;;;;;52.0;0.0
-2;5600;VEV_5400;;;;;;;19;21;;;;;19.0;0.0
-2;5600;VEV_5500;6;24;;;;;7;11;;;;;6.5;0.0
-2;5600;VEV_6000;0;26;;;;;1;26;;;;;0.5;0.0
-2;5600;VEV_6500;0;16;;;;;1;16;;;;;0.5;0.0
-2;5700;HYDROGEL_PACK;9951;11;9948;21;;;9967;11;9969;21;;;9959.0;0.0
-2;5700;VELVETFRUIT_EXTRACT;5274;36;5274;56;;;5279;25;5280;33;5281;36;5276.5;0.0
-2;5700;VEV_4000;1237;15;1235;17;;;1258;15;1261;17;;;1247.5;0.0
-2;5700;VEV_4500;757;6;755;13;;;773;6;775;13;;;765.0;0.0
-2;5700;VEV_5000;269;11;268;24;;;275;7;;;;;272.0;0.0
-2;5700;VEV_5100;173;8;172;16;;;177;7;;;;;175.0;0.0
-2;5700;VEV_5200;97;19;;;;;101;30;;;;;99.0;0.0
-2;5700;VEV_5300;51;28;;;;;53;6;54;18;;;52.0;0.0
-2;5700;VEV_5400;18;22;18;20;;;;;;;;;18.0;0.0
-2;5700;VEV_5500;6;19;;;;;7;28;;;;;6.5;0.0
-2;5700;VEV_6000;0;16;;;;;1;16;;;;;0.5;0.0
-2;5700;VEV_6500;0;12;;;;;1;12;;;;;0.5;0.0
-2;5800;HYDROGEL_PACK;9948;12;9946;21;;;9964;12;9967;21;;;9956.0;0.0
-2;5800;VELVETFRUIT_EXTRACT;5276;24;5275;31;;;5280;24;5281;46;5282;36;5278.0;0.0
-2;5800;VEV_4000;1238;7;1235;25;;;1259;7;1261;25;;;1248.5;0.0
-2;5800;VEV_4500;757;8;755;14;;;773;8;774;24;775;14;765.0;0.0
-2;5800;VEV_5000;268;8;267;19;;;274;25;275;24;;;271.0;0.0
-2;5800;VEV_5100;171;27;170;23;;;175;7;;;;;173.0;0.0
-2;5800;VEV_5200;99;26;;;;;102;26;;;;;100.5;0.0
-2;5800;VEV_5300;51;26;50;15;;;53;25;;;;;52.0;0.0
-2;5800;VEV_5400;18;17;;;;;20;24;;;;;19.0;0.0
-2;5800;VEV_5500;6;23;;;;;7;26;;;;;6.5;0.0
-2;5800;VEV_6000;0;28;;;;;1;28;;;;;0.5;0.0
-2;5800;VEV_6500;0;18;;;;;1;18;;;;;0.5;0.0
-2;5900;HYDROGEL_PACK;9949;12;9947;30;;;9965;12;9968;30;;;9957.0;0.0
-2;5900;VELVETFRUIT_EXTRACT;5275;36;;;;;5281;25;;;;;5278.0;0.0
-2;5900;VEV_4000;1239;8;1237;29;;;1260;8;1263;29;;;1249.5;0.0
-2;5900;VEV_4500;757;10;;;;;773;10;774;6;775;20;765.0;0.0
-2;5900;VEV_5000;269;10;268;23;;;275;12;276;15;;;272.0;0.0
-2;5900;VEV_5100;172;10;171;24;;;176;8;177;29;;;174.0;0.0
-2;5900;VEV_5200;;;;;;;102;22;103;24;;;102.0;0.0
-2;5900;VEV_5300;51;29;50;19;;;53;16;;;;;52.0;0.0
-2;5900;VEV_5400;19;20;18;16;;;20;29;;;;;19.5;0.0
-2;5900;VEV_5500;6;25;;;;;7;25;;;;;6.5;0.0
-2;5900;VEV_6000;0;24;;;;;1;24;;;;;0.5;0.0
-2;5900;VEV_6500;0;17;;;;;1;17;;;;;0.5;0.0
-2;6000;HYDROGEL_PACK;9946;13;9944;26;;;9962;13;9965;26;;;9954.0;0.0
-2;6000;VELVETFRUIT_EXTRACT;5275;33;;;;;5280;23;5281;32;5282;48;5277.5;0.0
-2;6000;VEV_4000;1239;10;1236;28;;;1260;10;1262;28;;;1249.5;0.0
-2;6000;VEV_4500;755;12;;;;;775;12;;;;;765.0;0.0
-2;6000;VEV_5000;269;8;268;25;;;275;25;;;;;272.0;0.0
-2;6000;VEV_5100;171;21;;;;;176;10;177;12;;;173.5;0.0
-2;6000;VEV_5200;99;15;;;;;103;22;;;;;101.0;0.0
-2;6000;VEV_5300;51;26;50;10;;;53;24;;;;;52.0;0.0
-2;6000;VEV_5400;19;10;18;28;;;20;25;;;;;19.5;0.0
-2;6000;VEV_5500;6;19;;;;;7;20;;;;;6.5;0.0
-2;6000;VEV_6000;0;15;;;;;1;15;;;;;0.5;0.0
-2;6000;VEV_6500;0;14;;;;;1;14;;;;;0.5;0.0
-2;6100;HYDROGEL_PACK;9945;11;9943;23;;;9961;11;9964;23;;;9953.0;0.0
-2;6100;VELVETFRUIT_EXTRACT;5274;30;;;;;5280;56;;;;;5277.0;0.0
-2;6100;VEV_4000;1238;13;1236;27;;;1259;13;1262;27;;;1248.5;0.0
-2;6100;VEV_4500;757;9;755;15;;;773;9;775;15;;;765.0;0.0
-2;6100;VEV_5000;270;6;269;25;;;276;8;;;;;273.0;0.0
-2;6100;VEV_5100;172;26;171;17;;;177;16;;;;;174.5;0.0
-2;6100;VEV_5200;99;22;98;20;;;101;31;102;19;;;100.0;0.0
-2;6100;VEV_5300;51;22;50;20;;;53;30;;;;;52.0;0.0
-2;6100;VEV_5400;;;;;;;20;16;;;;;20.0;0.0
-2;6100;VEV_5500;6;20;;;;;7;29;;;;;6.5;0.0
-2;6100;VEV_6000;0;16;;;;;1;16;;;;;0.5;0.0
-2;6100;VEV_6500;0;14;;;;;1;14;;;;;0.5;0.0
-2;6200;HYDROGEL_PACK;9947;13;9944;29;;;9963;13;9965;29;;;9955.0;0.0
-2;6200;VELVETFRUIT_EXTRACT;5276;21;5275;53;;;5281;25;;;;;5278.5;0.0
-2;6200;VEV_4000;1238;10;1236;20;;;1259;10;1262;20;;;1248.5;0.0
-2;6200;VEV_4500;758;8;756;23;;;774;8;;;;;766.0;0.0
-2;6200;VEV_5000;269;19;;;;;276;34;277;12;;;272.5;0.0
-2;6200;VEV_5100;171;9;170;16;;;175;12;176;23;;;173.0;0.0
-2;6200;VEV_5200;100;7;99;21;;;103;22;;;;;101.5;0.0
-2;6200;VEV_5300;51;29;;;;;53;5;;;;;52.0;0.0
-2;6200;VEV_5400;19;22;18;23;;;;;;;;;19.0;0.0
-2;6200;VEV_5500;6;30;;;;;7;24;;;;;6.5;0.0
-2;6200;VEV_6000;0;21;;;;;1;21;;;;;0.5;0.0
-2;6200;VEV_6500;0;14;;;;;1;14;;;;;0.5;0.0
-2;6300;HYDROGEL_PACK;9945;11;9943;24;;;9961;11;9964;24;;;9953.0;0.0
-2;6300;VELVETFRUIT_EXTRACT;5275;70;;;;;5280;25;5281;45;;;5277.5;0.0
-2;6300;VEV_4000;1237;12;1235;23;;;1258;12;1261;23;;;1247.5;0.0
-2;6300;VEV_4500;757;10;756;6;755;24;773;10;775;24;;;765.0;0.0
-2;6300;VEV_5000;;;;;;;278;12;279;22;;;278.0;0.0
-2;6300;VEV_5100;169;13;;;;;175;22;;;;;172.0;0.0
-2;6300;VEV_5200;100;8;;;;;103;34;;;;;101.5;0.0
-2;6300;VEV_5300;51;24;;;;;53;6;;;;;52.0;0.0
-2;6300;VEV_5400;18;23;;;;;;;;;;;18.0;0.0
-2;6300;VEV_5500;6;18;;;;;7;19;;;;;6.5;0.0
-2;6300;VEV_6000;0;22;;;;;1;22;;;;;0.5;0.0
-2;6300;VEV_6500;0;11;;;;;1;11;;;;;0.5;0.0
-2;6400;HYDROGEL_PACK;9943;11;9940;20;;;9959;11;9961;20;;;9951.0;0.0
-2;6400;VELVETFRUIT_EXTRACT;5276;16;5275;63;;;5281;37;;;;;5278.5;0.0
-2;6400;VEV_4000;1236;12;1234;30;;;1257;12;1260;30;;;1246.5;0.0
-2;6400;VEV_4500;757;7;755;12;;;773;7;776;12;;;765.0;0.0
-2;6400;VEV_5000;272;24;271;15;;;279;23;;;;;275.5;0.0
-2;6400;VEV_5100;170;8;169;12;;;174;21;175;21;;;172.0;0.0
-2;6400;VEV_5200;97;24;;;;;101;28;;;;;99.0;0.0
-2;6400;VEV_5300;51;16;;;;;53;5;;;;;52.0;0.0
-2;6400;VEV_5400;19;24;18;15;;;20;28;;;;;19.5;0.0
-2;6400;VEV_5500;6;21;;;;;7;12;;;;;6.5;0.0
-2;6400;VEV_6000;0;21;;;;;1;21;;;;;0.5;0.0
-2;6400;VEV_6500;0;16;;;;;1;16;;;;;0.5;0.0
-2;6500;HYDROGEL_PACK;9943;10;9941;28;;;9959;10;9962;28;;;9951.0;0.0
-2;6500;VELVETFRUIT_EXTRACT;5274;25;;;;;5279;21;5280;20;;;5276.5;0.0
-2;6500;VEV_4000;1237;10;1234;27;;;1258;10;1260;27;;;1247.5;0.0
-2;6500;VEV_4500;754;22;;;;;772;6;;;;;763.0;0.0
-2;6500;VEV_5000;270;26;;;;;277;10;278;14;;;273.5;0.0
-2;6500;VEV_5100;168;31;;;;;172;10;173;22;;;170.0;0.0
-2;6500;VEV_5200;97;9;;;;;;;;;;;97.0;0.0
-2;6500;VEV_5300;;;;;;;53;19;;;;;53.0;0.0
-2;6500;VEV_5400;;;;;;;;;;;;;0.0;0.0
-2;6500;VEV_5500;6;18;;;;;7;5;;;;;6.5;0.0
-2;6500;VEV_6000;0;26;;;;;1;26;;;;;0.5;0.0
-2;6500;VEV_6500;0;15;;;;;1;15;;;;;0.5;0.0
-2;6600;HYDROGEL_PACK;9946;11;9943;28;;;9962;11;9964;28;;;9954.0;0.0
-2;6600;VELVETFRUIT_EXTRACT;5274;25;;;;;5279;20;5280;34;;;5276.5;0.0
-2;6600;VEV_4000;1237;7;1235;29;;;1258;7;1261;29;;;1247.5;0.0
-2;6600;VEV_4500;757;7;755;19;;;773;7;774;6;775;19;765.0;0.0
-2;6600;VEV_5000;271;13;;;;;278;7;279;16;;;274.5;0.0
-2;6600;VEV_5100;169;23;168;22;;;173;8;174;22;;;171.0;0.0
-2;6600;VEV_5200;97;12;96;18;;;100;24;;;;;98.5;0.0
-2;6600;VEV_5300;51;28;;;;;53;21;;;;;52.0;0.0
-2;6600;VEV_5400;19;15;;;;;20;19;;;;;19.5;0.0
-2;6600;VEV_5500;6;23;;;;;7;16;;;;;6.5;0.0
-2;6600;VEV_6000;0;22;;;;;1;22;;;;;0.5;0.0
-2;6600;VEV_6500;0;18;;;;;1;18;;;;;0.5;0.0
-2;6700;HYDROGEL_PACK;9946;10;9943;20;;;9962;10;9964;20;;;9954.0;0.0
-2;6700;VELVETFRUIT_EXTRACT;5273;70;;;;;5278;15;5279;49;;;5275.5;0.0
-2;6700;VEV_4000;1237;11;1234;28;;;1258;11;1260;28;;;1247.5;0.0
-2;6700;VEV_4500;754;16;;;;;772;11;774;16;;;763.0;0.0
-2;6700;VEV_5000;273;12;;;;;;;;;;;273.0;0.0
-2;6700;VEV_5100;169;24;168;24;;;173;21;;;;;171.0;0.0
-2;6700;VEV_5200;98;7;97;24;;;100;27;;;;;99.0;0.0
-2;6700;VEV_5300;51;30;;;;;53;9;;;;;52.0;0.0
-2;6700;VEV_5400;19;22;;;;;19;25;20;26;;;19.0;0.0
-2;6700;VEV_5500;6;10;;;;;7;22;;;;;6.5;0.0
-2;6700;VEV_6000;0;24;;;;;1;24;;;;;0.5;0.0
-2;6700;VEV_6500;0;19;;;;;1;19;;;;;0.5;0.0
-2;6800;HYDROGEL_PACK;9945;10;9943;27;;;9961;10;9964;27;;;9953.0;0.0
-2;6800;VELVETFRUIT_EXTRACT;5272;24;;;;;5277;23;5278;55;;;5274.5;0.0
-2;6800;VEV_4000;1239;11;1237;18;;;1260;11;1263;18;;;1249.5;0.0
-2;6800;VEV_4500;755;9;753;24;;;771;9;772;8;774;24;763.0;0.0
-2;6800;VEV_5000;272;6;271;20;;;278;27;279;21;;;275.0;0.0
-2;6800;VEV_5100;169;24;168;13;;;173;10;174;19;;;171.0;0.0
-2;6800;VEV_5200;97;24;;;;;100;18;101;20;;;98.5;0.0
-2;6800;VEV_5300;51;20;;;;;53;23;;;;;52.0;0.0
-2;6800;VEV_5400;19;22;18;22;;;20;21;;;;;19.5;0.0
-2;6800;VEV_5500;6;19;;;;;7;28;;;;;6.5;0.0
-2;6800;VEV_6000;0;22;;;;;1;22;;;;;0.5;0.0
-2;6800;VEV_6500;0;18;;;;;1;18;;;;;0.5;0.0
-2;6900;HYDROGEL_PACK;9946;10;9944;22;;;9962;10;9965;22;;;9954.0;0.0
-2;6900;VELVETFRUIT_EXTRACT;5273;36;5273;49;;;5278;22;5279;64;;;5275.5;0.0
-2;6900;VEV_4000;1239;10;1236;21;;;1260;10;1262;21;;;1249.5;0.0
-2;6900;VEV_4500;756;9;754;23;;;772;9;774;23;;;764.0;0.0
-2;6900;VEV_5000;273;10;272;19;;;279;8;280;16;;;276.0;0.0
-2;6900;VEV_5100;168;11;;;;;172;11;173;23;;;170.0;0.0
-2;6900;VEV_5200;99;20;98;19;;;101;11;;;;;100.0;0.0
-2;6900;VEV_5300;51;22;50;20;;;53;25;;;;;52.0;0.0
-2;6900;VEV_5400;19;22;;;;;;;;;;;19.0;0.0
-2;6900;VEV_5500;6;20;;;;;7;22;;;;;6.5;0.0
-2;6900;VEV_6000;0;22;;;;;1;22;;;;;0.5;0.0
-2;6900;VEV_6500;0;13;;;;;1;13;;;;;0.5;0.0
-2;7000;HYDROGEL_PACK;9948;11;9945;21;;;9964;11;9966;21;;;9956.0;0.0
-2;7000;VELVETFRUIT_EXTRACT;5273;56;;;;;5278;23;5279;49;;;5275.5;0.0
-2;7000;VEV_4000;1239;12;1237;25;;;1260;12;1263;25;;;1249.5;0.0
-2;7000;VEV_4500;755;9;753;24;;;771;9;772;8;774;24;763.0;0.0
-2;7000;VEV_5000;274;34;273;14;;;280;29;281;15;;;277.0;0.0
-2;7000;VEV_5100;168;11;;;;;173;20;;;;;170.5;0.0
-2;7000;VEV_5200;;;;;;;;;;;;;0.0;0.0
-2;7000;VEV_5300;51;25;;;;;53;28;;;;;52.0;0.0
-2;7000;VEV_5400;18;24;;;;;20;17;;;;;19.0;0.0
-2;7000;VEV_5500;6;15;;;;;7;25;;;;;6.5;0.0
-2;7000;VEV_6000;0;30;;;;;1;30;;;;;0.5;0.0
-2;7000;VEV_6500;0;12;;;;;1;12;;;;;0.5;0.0
-2;7100;HYDROGEL_PACK;9948;12;9945;24;;;9964;12;9966;24;;;9956.0;0.0
-2;7100;VELVETFRUIT_EXTRACT;5272;54;;;;;5278;56;;;;;5275.0;0.0
-2;7100;VEV_4000;1239;14;1236;20;;;1260;14;1262;20;;;1249.5;0.0
-2;7100;VEV_4500;756;9;754;17;;;772;9;773;8;774;17;764.0;0.0
-2;7100;VEV_5000;274;6;273;12;;;280;8;281;23;;;277.0;0.0
-2;7100;VEV_5100;168;22;167;21;;;172;27;173;21;;;170.0;0.0
-2;7100;VEV_5200;99;19;;;;;103;32;;;;;101.0;0.0
-2;7100;VEV_5300;50;15;;;;;53;22;;;;;51.5;0.0
-2;7100;VEV_5400;18;16;;;;;19;24;20;27;;;18.5;0.0
-2;7100;VEV_5500;6;26;;;;;7;30;;;;;6.5;0.0
-2;7100;VEV_6000;0;25;;;;;1;25;;;;;0.5;0.0
-2;7100;VEV_6500;0;14;;;;;1;14;;;;;0.5;0.0
-2;7200;HYDROGEL_PACK;9949;11;9946;29;;;9965;11;9967;29;;;9957.0;0.0
-2;7200;VELVETFRUIT_EXTRACT;5270;25;5269;56;;;5275;60;;;;;5272.5;0.0
-2;7200;VEV_4000;1240;14;1237;25;;;1261;14;1263;25;;;1250.5;0.0
-2;7200;VEV_4500;756;8;754;22;;;772;8;773;12;774;22;764.0;0.0
-2;7200;VEV_5000;274;7;273;13;;;280;8;;;;;277.0;0.0
-2;7200;VEV_5100;166;22;;;;;171;23;172;27;;;168.5;0.0
-2;7200;VEV_5200;99;15;;;;;103;18;;;;;101.0;0.0
-2;7200;VEV_5300;51;22;;;;;53;24;;;;;52.0;0.0
-2;7200;VEV_5400;19;20;;;;;20;21;21;19;;;19.5;0.0
-2;7200;VEV_5500;6;30;;;;;7;20;;;;;6.5;0.0
-2;7200;VEV_6000;0;23;;;;;1;23;;;;;0.5;0.0
-2;7200;VEV_6500;0;16;;;;;1;16;;;;;0.5;0.0
-2;7300;HYDROGEL_PACK;9948;14;9945;22;;;9964;14;9966;22;;;9956.0;0.0
-2;7300;VELVETFRUIT_EXTRACT;5268;37;;;;;5274;51;5275;45;;;5271.0;0.0
-2;7300;VEV_4000;1240;11;1237;30;;;1261;11;1263;30;;;1250.5;0.0
-2;7300;VEV_4500;755;8;754;10;753;19;771;8;773;19;;;763.0;0.0
-2;7300;VEV_5000;273;7;;;;;;;;;;;273.0;0.0
-2;7300;VEV_5100;165;16;;;;;170;12;;;;;167.5;0.0
-2;7300;VEV_5200;99;30;;;;;102;24;103;19;;;100.5;0.0
-2;7300;VEV_5300;51;25;;;;;53;23;54;18;;;52.0;0.0
-2;7300;VEV_5400;19;16;;;;;;;;;;;19.0;0.0
-2;7300;VEV_5500;6;12;;;;;7;23;;;;;6.5;0.0
-2;7300;VEV_6000;0;20;;;;;1;20;;;;;0.5;0.0
-2;7300;VEV_6500;0;17;;;;;1;17;;;;;0.5;0.0
-2;7400;HYDROGEL_PACK;9949;20;;;;;9967;15;9969;20;;;9958.0;0.0
-2;7400;VELVETFRUIT_EXTRACT;5269;44;;;;;5275;38;;;;;5272.0;0.0
-2;7400;VEV_4000;1241;7;1239;19;;;1262;7;1265;19;;;1251.5;0.0
-2;7400;VEV_4500;756;11;;;;;772;11;774;16;;;764.0;0.0
-2;7400;VEV_5000;274;6;273;18;;;280;7;281;19;;;277.0;0.0
-2;7400;VEV_5100;164;27;;;;;170;15;;;;;167.0;0.0
-2;7400;VEV_5200;;;;;;;103;22;;;;;103.0;0.0
-2;7400;VEV_5300;51;16;;;;;53;7;;;;;52.0;0.0
-2;7400;VEV_5400;;;;;;;;;;;;;0.0;0.0
-2;7400;VEV_5500;6;19;;;;;7;20;;;;;6.5;0.0
-2;7400;VEV_6000;0;30;;;;;1;30;;;;;0.5;0.0
-2;7400;VEV_6500;0;16;;;;;1;16;;;;;0.5;0.0
-2;7500;HYDROGEL_PACK;9950;15;9947;23;;;9966;15;9968;23;;;9958.0;0.0
-2;7500;VELVETFRUIT_EXTRACT;5271;60;;;;;5277;37;;;;;5274.0;0.0
-2;7500;VEV_4000;1240;15;1237;18;;;1261;15;1263;18;;;1250.5;0.0
-2;7500;VEV_4500;757;23;;;;;777;23;;;;;767.0;0.0
-2;7500;VEV_5000;274;12;273;16;;;280;6;281;14;;;277.0;0.0
-2;7500;VEV_5100;164;23;;;;;168;35;169;17;;;166.0;0.0
-2;7500;VEV_5200;99;34;;;;;102;8;;;;;100.5;0.0
-2;7500;VEV_5300;52;19;;;;;54;19;;;;;53.0;0.0
-2;7500;VEV_5400;;;;;;;20;21;;;;;20.0;0.0
-2;7500;VEV_5500;6;23;;;;;7;21;;;;;6.5;0.0
-2;7500;VEV_6000;0;25;;;;;1;25;;;;;0.5;0.0
-2;7500;VEV_6500;0;15;;;;;1;15;;;;;0.5;0.0
-2;7600;HYDROGEL_PACK;9949;11;9947;24;;;9965;11;9968;24;;;9957.0;0.0
-2;7600;VELVETFRUIT_EXTRACT;5272;17;5271;39;;;5277;23;5278;68;;;5274.5;0.0
-2;7600;VEV_4000;1239;8;1237;20;;;1260;8;1263;20;;;1249.5;0.0
-2;7600;VEV_4500;760;10;758;21;;;776;10;778;21;;;768.0;0.0
-2;7600;VEV_5000;273;12;;;;;280;12;281;31;;;276.5;0.0
-2;7600;VEV_5100;164;25;;;;;169;22;170;24;;;166.5;0.0
-2;7600;VEV_5200;99;26;98;19;;;101;24;;;;;100.0;0.0
-2;7600;VEV_5300;52;8;;;;;54;14;;;;;53.0;0.0
-2;7600;VEV_5400;19;20;19;24;;;;;;;;;19.0;0.0
-2;7600;VEV_5500;6;25;;;;;7;19;;;;;6.5;0.0
-2;7600;VEV_6000;0;23;;;;;1;23;;;;;0.5;0.0
-2;7600;VEV_6500;0;19;;;;;1;19;;;;;0.5;0.0
-2;7700;HYDROGEL_PACK;9947;13;9945;29;;;9963;13;9966;29;;;9955.0;0.0
-2;7700;VELVETFRUIT_EXTRACT;5273;44;;;;;5279;48;;;;;5276.0;0.0
-2;7700;VEV_4000;1239;11;1237;27;;;1260;11;1263;27;;;1249.5;0.0
-2;7700;VEV_4500;761;12;759;17;;;777;12;778;6;779;17;769.0;0.0
-2;7700;VEV_5000;273;14;;;;;280;12;281;29;;;276.5;0.0
-2;7700;VEV_5100;165;9;164;22;;;169;19;170;20;;;167.0;0.0
-2;7700;VEV_5200;99;26;98;34;;;101;9;102;23;;;100.0;0.0
-2;7700;VEV_5300;53;20;52;19;;;55;6;;;;;54.0;0.0
-2;7700;VEV_5400;;;;;;;21;26;;;;;21.0;0.0
-2;7700;VEV_5500;5;25;;;;;7;25;;;;;6.0;0.0
-2;7700;VEV_6000;0;21;;;;;1;21;;;;;0.5;0.0
-2;7700;VEV_6500;0;20;;;;;1;20;;;;;0.5;0.0
-2;7800;HYDROGEL_PACK;9946;15;9944;23;;;9962;15;9965;23;;;9954.0;0.0
-2;7800;VELVETFRUIT_EXTRACT;5273;25;5272;60;;;5278;56;;;;;5275.5;0.0
-2;7800;VEV_4000;1241;7;1239;16;;;1262;7;1265;16;;;1251.5;0.0
-2;7800;VEV_4500;762;9;760;22;;;780;22;;;;;771.0;0.0
-2;7800;VEV_5000;274;12;273;21;;;280;7;281;13;;;277.0;0.0
-2;7800;VEV_5100;165;6;164;19;;;169;31;170;24;;;167.0;0.0
-2;7800;VEV_5200;;;;;;;100;6;101;23;;;100.0;0.0
-2;7800;VEV_5300;53;24;;;;;55;23;;;;;54.0;0.0
-2;7800;VEV_5400;19;21;19;21;;;21;17;;;;;20.0;0.0
-2;7800;VEV_5500;5;17;;;;;6;25;;;;;5.5;0.0
-2;7800;VEV_6000;0;26;;;;;1;26;;;;;0.5;0.0
-2;7800;VEV_6500;0;15;;;;;1;15;;;;;0.5;0.0
-2;7900;HYDROGEL_PACK;9946;13;9944;23;;;9962;13;9964;23;;;9954.0;0.0
-2;7900;VELVETFRUIT_EXTRACT;5273;25;5272;64;;;5278;58;5279;42;;;5275.5;0.0
-2;7900;VEV_4000;1242;9;1240;17;;;1263;9;1266;17;;;1252.5;0.0
-2;7900;VEV_4500;763;9;761;19;;;779;9;781;19;;;771.0;0.0
-2;7900;VEV_5000;272;15;;;;;279;10;280;19;;;275.5;0.0
-2;7900;VEV_5100;165;20;164;18;;;170;13;;;;;167.5;0.0
-2;7900;VEV_5200;;;;;;;102;24;;;;;102.0;0.0
-2;7900;VEV_5300;53;9;;;;;55;18;;;;;54.0;0.0
-2;7900;VEV_5400;19;17;;;;;21;15;;;;;20.0;0.0
-2;7900;VEV_5500;5;23;;;;;7;23;;;;;6.0;0.0
-2;7900;VEV_6000;0;20;;;;;1;20;;;;;0.5;0.0
-2;7900;VEV_6500;0;17;;;;;1;17;;;;;0.5;0.0
-2;8000;HYDROGEL_PACK;9947;12;9945;27;;;9963;12;9966;27;;;9955.0;0.0
-2;8000;VELVETFRUIT_EXTRACT;5274;38;5273;47;;;5279;17;5280;37;;;5276.5;0.0
-2;8000;VEV_4000;1242;14;1240;25;;;1263;14;1266;25;;;1252.5;0.0
-2;8000;VEV_4500;761;12;760;21;;;;;;;;;761.0;0.0
-2;8000;VEV_5000;274;8;273;23;;;280;28;;;;;277.0;0.0
-2;8000;VEV_5100;165;24;164;26;;;170;19;;;;;167.5;0.0
-2;8000;VEV_5200;;;;;;;103;19;;;;;103.0;0.0
-2;8000;VEV_5300;53;22;;;;;55;24;;;;;54.0;0.0
-2;8000;VEV_5400;19;18;;;;;20;19;21;27;;;19.5;0.0
-2;8000;VEV_5500;5;25;;;;;7;18;;;;;6.0;0.0
-2;8000;VEV_6000;0;22;;;;;1;22;;;;;0.5;0.0
-2;8000;VEV_6500;0;17;;;;;1;17;;;;;0.5;0.0
-2;8100;HYDROGEL_PACK;9948;10;9946;28;;;9964;10;9967;28;;;9956.0;0.0
-2;8100;VELVETFRUIT_EXTRACT;5274;19;5273;36;5273;44;5279;61;;;;;5276.5;0.0
-2;8100;VEV_4000;1241;12;1238;22;;;1262;12;1264;22;;;1251.5;0.0
-2;8100;VEV_4500;763;11;761;21;;;779;11;781;21;;;771.0;0.0
-2;8100;VEV_5000;274;12;;;;;281;11;282;24;;;277.5;0.0
-2;8100;VEV_5100;;;;;;;168;31;169;24;;;168.0;0.0
-2;8100;VEV_5200;98;32;;;;;101;21;;;;;99.5;0.0
-2;8100;VEV_5300;53;24;;;;;55;27;;;;;54.0;0.0
-2;8100;VEV_5400;19;24;;;;;20;20;21;21;;;19.5;0.0
-2;8100;VEV_5500;5;19;;;;;7;19;;;;;6.0;0.0
-2;8100;VEV_6000;0;19;;;;;1;19;;;;;0.5;0.0
-2;8100;VEV_6500;0;18;;;;;1;18;;;;;0.5;0.0
-2;8200;HYDROGEL_PACK;9949;12;9947;24;;;9965;12;9967;24;;;9957.0;0.0
-2;8200;VELVETFRUIT_EXTRACT;5273;19;;;;;5279;63;;;;;5276.0;0.0
-2;8200;VEV_4000;1238;15;1236;22;;;1259;15;1262;22;;;1248.5;0.0
-2;8200;VEV_4500;763;11;762;22;761;15;782;15;;;;;772.5;0.0
-2;8200;VEV_5000;275;7;274;21;;;281;11;282;26;;;278.0;0.0
-2;8200;VEV_5100;164;12;163;16;;;169;15;;;;;166.5;0.0
-2;8200;VEV_5200;;;;;;;103;32;;;;;103.0;0.0
-2;8200;VEV_5300;53;27;52;13;;;55;28;56;21;;;54.0;0.0
-2;8200;VEV_5400;19;26;18;23;;;19;6;;;;;19.0;0.0
-2;8200;VEV_5500;5;26;;;;;7;23;;;;;6.0;0.0
-2;8200;VEV_6000;0;19;;;;;1;19;;;;;0.5;0.0
-2;8200;VEV_6500;0;20;;;;;1;20;;;;;0.5;0.0
-2;8300;HYDROGEL_PACK;9954;11;9951;27;;;9970;11;9972;27;;;9962.0;0.0
-2;8300;VELVETFRUIT_EXTRACT;5272;16;5271;56;;;5277;37;;;;;5274.5;0.0
-2;8300;VEV_4000;1239;11;1236;20;;;1260;11;1262;20;;;1249.5;0.0
-2;8300;VEV_4500;763;11;761;15;;;779;11;781;15;;;771.0;0.0
-2;8300;VEV_5000;275;29;;;;;283;15;;;;;279.0;0.0
-2;8300;VEV_5100;165;23;164;17;;;169;8;170;24;;;167.0;0.0
-2;8300;VEV_5200;100;34;;;;;104;14;;;;;102.0;0.0
-2;8300;VEV_5300;;;;;;;55;27;;;;;55.0;0.0
-2;8300;VEV_5400;19;14;19;24;;;21;24;;;;;20.0;0.0
-2;8300;VEV_5500;6;20;;;;;7;25;;;;;6.5;0.0
-2;8300;VEV_6000;0;27;;;;;1;27;;;;;0.5;0.0
-2;8300;VEV_6500;0;15;;;;;1;15;;;;;0.5;0.0
-2;8400;HYDROGEL_PACK;9949;15;9946;27;;;9965;15;9967;27;;;9957.0;0.0
-2;8400;VELVETFRUIT_EXTRACT;5273;25;5272;30;5272;56;5278;32;;;;;5275.5;0.0
-2;8400;VEV_4000;1238;12;1236;22;;;1259;12;1262;22;;;1248.5;0.0
-2;8400;VEV_4500;763;11;762;11;761;24;779;11;781;24;;;771.0;0.0
-2;8400;VEV_5000;276;14;;;;;284;25;;;;;280.0;0.0
-2;8400;VEV_5100;162;13;;;;;167;7;168;16;;;164.5;0.0
-2;8400;VEV_5200;100;11;99;17;;;102;35;103;27;;;101.0;0.0
-2;8400;VEV_5300;53;19;;;;;55;19;56;17;;;54.0;0.0
-2;8400;VEV_5400;18;27;;;;;20;18;;;;;19.0;0.0
-2;8400;VEV_5500;6;24;;;;;7;20;;;;;6.5;0.0
-2;8400;VEV_6000;0;25;;;;;1;25;;;;;0.5;0.0
-2;8400;VEV_6500;0;20;;;;;1;20;;;;;0.5;0.0
-2;8500;HYDROGEL_PACK;9952;14;9949;25;;;9968;14;9970;25;;;9960.0;0.0
-2;8500;VELVETFRUIT_EXTRACT;5273;19;5272;35;5272;65;5278;67;;;;;5275.5;0.0
-2;8500;VEV_4000;1237;10;1234;29;;;1258;10;1260;29;;;1247.5;0.0
-2;8500;VEV_4500;764;7;762;20;;;780;7;782;20;;;772.0;0.0
-2;8500;VEV_5000;275;12;;;;;281;11;282;15;;;278.0;0.0
-2;8500;VEV_5100;163;23;;;;;168;18;;;;;165.5;0.0
-2;8500;VEV_5200;101;9;;;;;104;17;;;;;102.5;0.0
-2;8500;VEV_5300;52;16;;;;;55;27;55;25;;;53.5;0.0
-2;8500;VEV_5400;;;;;;;21;21;;;;;21.0;0.0
-2;8500;VEV_5500;6;24;;;;;7;25;;;;;6.5;0.0
-2;8500;VEV_6000;0;25;;;;;1;25;;;;;0.5;0.0
-2;8500;VEV_6500;0;14;;;;;1;14;;;;;0.5;0.0
-2;8600;HYDROGEL_PACK;9955;14;9952;20;;;9971;14;9973;20;;;9963.0;0.0
-2;8600;VELVETFRUIT_EXTRACT;5275;68;;;;;5281;32;;;;;5278.0;0.0
-2;8600;VEV_4000;1235;14;1233;22;;;1256;14;1259;22;;;1245.5;0.0
-2;8600;VEV_4500;764;11;762;15;;;780;11;782;15;;;772.0;0.0
-2;8600;VEV_5000;276;12;275;22;;;282;33;283;19;;;279.0;0.0
-2;8600;VEV_5100;163;23;162;31;;;167;11;168;15;;;165.0;0.0
-2;8600;VEV_5200;;;;;;;102;21;103;14;;;102.0;0.0
-2;8600;VEV_5300;53;20;;;;;55;25;56;20;;;54.0;0.0
-2;8600;VEV_5400;;;;;;;19;15;20;19;;;19.0;0.0
-2;8600;VEV_5500;6;21;;;;;7;19;;;;;6.5;0.0
-2;8600;VEV_6000;0;28;;;;;1;28;;;;;0.5;0.0
-2;8600;VEV_6500;0;13;;;;;1;13;;;;;0.5;0.0
-2;8700;HYDROGEL_PACK;9959;10;9956;29;;;9975;10;9977;29;;;9967.0;0.0
-2;8700;VELVETFRUIT_EXTRACT;5276;23;5275;57;;;5281;22;;;;;5278.5;0.0
-2;8700;VEV_4000;1235;14;1233;17;;;1256;14;1259;17;;;1245.5;0.0
-2;8700;VEV_4500;765;8;763;23;;;781;8;783;23;;;773.0;0.0
-2;8700;VEV_5000;278;10;277;13;;;284;24;285;22;;;281.0;0.0
-2;8700;VEV_5100;164;11;163;21;;;169;15;;;;;166.5;0.0
-2;8700;VEV_5200;;;;;;;104;21;;;;;104.0;0.0
-2;8700;VEV_5300;52;18;;;;;54;16;;;;;53.0;0.0
-2;8700;VEV_5400;;;;;;;;;;;;;0.0;0.0
-2;8700;VEV_5500;6;24;;;;;7;16;;;;;6.5;0.0
-2;8700;VEV_6000;0;24;;;;;1;24;;;;;0.5;0.0
-2;8700;VEV_6500;0;15;;;;;1;15;;;;;0.5;0.0
-2;8800;HYDROGEL_PACK;9958;14;9955;30;;;9974;14;9976;30;;;9966.0;0.0
-2;8800;VELVETFRUIT_EXTRACT;5276;21;5275;56;;;5281;70;;;;;5278.5;0.0
-2;8800;VEV_4000;1236;10;1234;15;;;1257;10;1259;15;;;1246.5;0.0
-2;8800;VEV_4500;763;9;761;13;;;781;13;;;;;772.0;0.0
-2;8800;VEV_5000;280;8;279;17;;;286;12;287;22;;;283.0;0.0
-2;8800;VEV_5100;164;26;163;20;;;168;12;169;31;;;166.0;0.0
-2;8800;VEV_5200;100;2;99;24;;;103;12;;;;;101.5;0.0
-2;8800;VEV_5300;52;24;;;;;54;9;;;;;53.0;0.0
-2;8800;VEV_5400;19;23;19;22;;;21;28;;;;;20.0;0.0
-2;8800;VEV_5500;6;29;;;;;7;27;;;;;6.5;0.0
-2;8800;VEV_6000;0;24;;;;;1;24;;;;;0.5;0.0
-2;8800;VEV_6500;0;12;;;;;1;12;;;;;0.5;0.0
-2;8900;HYDROGEL_PACK;9955;13;9953;30;;;9971;13;9973;30;;;9963.0;0.0
-2;8900;VELVETFRUIT_EXTRACT;5274;44;5274;15;;;5280;43;;;;;5277.0;0.0
-2;8900;VEV_4000;1237;13;1234;27;;;1258;13;1260;27;;;1247.5;0.0
-2;8900;VEV_4500;763;9;761;17;;;779;9;782;17;;;771.0;0.0
-2;8900;VEV_5000;279;10;278;17;;;286;16;;;;;282.5;0.0
-2;8900;VEV_5100;;;;;;;168;12;;;;;168.0;0.0
-2;8900;VEV_5200;98;25;;;;;102;21;;;;;100.0;0.0
-2;8900;VEV_5300;53;20;52;14;;;55;29;;;;;54.0;0.0
-2;8900;VEV_5400;19;23;;;;;20;8;21;19;;;19.5;0.0
-2;8900;VEV_5500;6;21;;;;;7;20;;;;;6.5;0.0
-2;8900;VEV_6000;0;21;;;;;1;21;;;;;0.5;0.0
-2;8900;VEV_6500;0;19;;;;;1;19;;;;;0.5;0.0
-2;9000;HYDROGEL_PACK;9955;14;9953;24;;;9971;14;9974;24;;;9963.0;0.0
-2;9000;VELVETFRUIT_EXTRACT;5274;19;5273;70;;;5279;66;;;;;5276.5;0.0
-2;9000;VEV_4000;1236;10;1233;24;;;1257;10;1259;24;;;1246.5;0.0
-2;9000;VEV_4500;759;16;;;;;780;16;;;;;769.5;0.0
-2;9000;VEV_5000;278;12;277;16;;;284;9;285;16;;;281.0;0.0
-2;9000;VEV_5100;164;26;163;12;;;168;6;169;15;;;166.0;0.0
-2;9000;VEV_5200;98;28;97;23;;;101;26;;;;;99.5;0.0
-2;9000;VEV_5300;52;5;;;;;54;25;55;21;;;53.0;0.0
-2;9000;VEV_5400;19;30;;;;;20;5;21;18;;;19.5;0.0
-2;9000;VEV_5500;6;10;;;;;7;24;;;;;6.5;0.0
-2;9000;VEV_6000;0;30;;;;;1;30;;;;;0.5;0.0
-2;9000;VEV_6500;0;18;;;;;1;18;;;;;0.5;0.0
-2;9100;HYDROGEL_PACK;9954;12;9952;28;;;9970;12;9973;28;;;9962.0;0.0
-2;9100;VELVETFRUIT_EXTRACT;5273;22;;;;;5279;62;;;;;5276.0;0.0
-2;9100;VEV_4000;1234;14;1231;19;;;1255;14;1257;19;;;1244.5;0.0
-2;9100;VEV_4500;761;6;759;21;;;780;21;;;;;770.5;0.0
-2;9100;VEV_5000;278;31;277;12;;;284;11;;;;;281.0;0.0
-2;9100;VEV_5100;164;12;;;;;168;31;;;;;166.0;0.0
-2;9100;VEV_5200;98;25;97;17;;;;;;;;;98.0;0.0
-2;9100;VEV_5300;53;27;;;;;55;23;56;10;;;54.0;0.0
-2;9100;VEV_5400;19;24;;;;;21;23;;;;;20.0;0.0
-2;9100;VEV_5500;6;30;;;;;7;28;;;;;6.5;0.0
-2;9100;VEV_6000;0;26;;;;;1;26;;;;;0.5;0.0
-2;9100;VEV_6500;0;14;;;;;1;14;;;;;0.5;0.0
-2;9200;HYDROGEL_PACK;9954;10;9952;20;;;9970;10;9973;20;;;9962.0;0.0
-2;9200;VELVETFRUIT_EXTRACT;5274;70;;;;;5279;22;5280;45;;;5276.5;0.0
-2;9200;VEV_4000;1232;14;1230;27;;;1253;14;1256;27;;;1242.5;0.0
-2;9200;VEV_4500;761;12;759;20;;;777;12;779;20;;;769.0;0.0
-2;9200;VEV_5000;279;8;;;;;285;22;286;17;;;282.0;0.0
-2;9200;VEV_5100;;;;;;;169;9;170;33;;;169.0;0.0
-2;9200;VEV_5200;98;30;97;31;;;100;12;101;18;;;99.0;0.0
-2;9200;VEV_5300;53;26;;;;;55;5;;;;;54.0;0.0
-2;9200;VEV_5400;19;16;19;21;;;;;;;;;19.0;0.0
-2;9200;VEV_5500;6;25;;;;;7;15;;;;;6.5;0.0
-2;9200;VEV_6000;0;21;;;;;1;21;;;;;0.5;0.0
-2;9200;VEV_6500;0;11;;;;;1;11;;;;;0.5;0.0
-2;9300;HYDROGEL_PACK;9953;10;9951;29;;;9969;10;9972;29;;;9961.0;0.0
-2;9300;VELVETFRUIT_EXTRACT;5274;60;;;;;5280;59;;;;;5277.0;0.0
-2;9300;VEV_4000;1233;14;1231;24;;;1254;14;1257;24;;;1243.5;0.0
-2;9300;VEV_4500;760;16;;;;;778;9;780;16;;;769.0;0.0
-2;9300;VEV_5000;279;12;278;22;;;286;21;;;;;282.5;0.0
-2;9300;VEV_5100;164;32;;;;;170;17;;;;;167.0;0.0
-2;9300;VEV_5200;98;6;;;;;101;25;;;;;99.5;0.0
-2;9300;VEV_5300;53;21;52;22;;;55;21;;;;;54.0;0.0
-2;9300;VEV_5400;19;17;;;;;21;25;;;;;20.0;0.0
-2;9300;VEV_5500;6;26;;;;;7;26;;;;;6.5;0.0
-2;9300;VEV_6000;0;22;;;;;1;22;;;;;0.5;0.0
-2;9300;VEV_6500;0;19;;;;;1;19;;;;;0.5;0.0
-2;9400;HYDROGEL_PACK;9955;10;9953;22;;;9971;10;9974;22;;;9963.0;0.0
-2;9400;VELVETFRUIT_EXTRACT;5273;33;;;;;5278;23;5279;72;;;5275.5;0.0
-2;9400;VEV_4000;1233;9;1231;21;;;1254;9;1257;21;;;1243.5;0.0
-2;9400;VEV_4500;762;11;760;22;;;778;11;780;22;;;770.0;0.0
-2;9400;VEV_5000;281;8;280;19;;;287;27;288;18;;;284.0;0.0
-2;9400;VEV_5100;164;10;;;;;168;8;;;;;166.0;0.0
-2;9400;VEV_5200;98;26;97;31;;;100;7;101;33;;;99.0;0.0
-2;9400;VEV_5300;53;28;;;;;55;23;56;11;;;54.0;0.0
-2;9400;VEV_5400;19;27;;;;;21;19;;;;;20.0;0.0
-2;9400;VEV_5500;6;26;;;;;7;19;;;;;6.5;0.0
-2;9400;VEV_6000;0;25;;;;;1;25;;;;;0.5;0.0
-2;9400;VEV_6500;0;15;;;;;1;15;;;;;0.5;0.0
-2;9500;HYDROGEL_PACK;9955;14;9953;21;;;9971;14;9974;21;;;9963.0;0.0
-2;9500;VELVETFRUIT_EXTRACT;5273;65;;;;;5279;68;;;;;5276.0;0.0
-2;9500;VEV_4000;1231;12;1229;26;;;1252;12;1255;26;;;1241.5;0.0
-2;9500;VEV_4500;762;8;760;15;;;778;8;779;11;780;15;770.0;0.0
-2;9500;VEV_5000;281;7;280;19;;;287;10;288;15;;;284.0;0.0
-2;9500;VEV_5100;163;29;162;12;;;167;8;168;21;;;165.0;0.0
-2;9500;VEV_5200;98;6;97;28;;;100;6;101;19;;;99.0;0.0
-2;9500;VEV_5300;54;20;;;;;;;;;;;54.0;0.0
-2;9500;VEV_5400;;;;;;;20;26;21;28;;;20.0;0.0
-2;9500;VEV_5500;6;21;;;;;7;21;;;;;6.5;0.0
-2;9500;VEV_6000;0;29;;;;;1;29;;;;;0.5;0.0
-2;9500;VEV_6500;0;14;;;;;1;14;;;;;0.5;0.0
-2;9600;HYDROGEL_PACK;9953;15;9951;27;;;9969;15;9972;27;;;9961.0;0.0
-2;9600;VELVETFRUIT_EXTRACT;5274;19;5273;50;;;5278;19;5279;47;;;5276.0;0.0
-2;9600;VEV_4000;1233;7;1231;27;;;1254;7;1256;27;;;1243.5;0.0
-2;9600;VEV_4500;761;12;759;16;;;777;12;780;16;;;769.0;0.0
-2;9600;VEV_5000;281;8;280;22;;;287;8;288;21;;;284.0;0.0
-2;9600;VEV_5100;161;27;;;;;166;9;167;28;;;163.5;0.0
-2;9600;VEV_5200;98;12;97;16;;;100;22;101;17;;;99.0;0.0
-2;9600;VEV_5300;54;24;;;;;56;17;;;;;55.0;0.0
-2;9600;VEV_5400;19;22;;;;;21;20;;;;;20.0;0.0
-2;9600;VEV_5500;6;17;;;;;7;25;;;;;6.5;0.0
-2;9600;VEV_6000;0;21;;;;;1;21;;;;;0.5;0.0
-2;9600;VEV_6500;0;13;;;;;1;13;;;;;0.5;0.0
-2;9700;HYDROGEL_PACK;9955;15;9952;26;;;9971;15;9973;26;;;9963.0;0.0
-2;9700;VELVETFRUIT_EXTRACT;5273;21;5272;18;;;5278;57;;;;;5275.5;0.0
-2;9700;VEV_4000;1232;7;1230;30;;;1253;7;1256;30;;;1242.5;0.0
-2;9700;VEV_4500;762;6;760;24;;;778;6;780;24;;;770.0;0.0
-2;9700;VEV_5000;281;25;280;22;;;287;8;288;18;;;284.0;0.0
-2;9700;VEV_5100;;;;;;;167;6;168;12;;;167.0;0.0
-2;9700;VEV_5200;99;26;;;;;101;27;102;30;;;100.0;0.0
-2;9700;VEV_5300;54;10;;;;;;;;;;;54.0;0.0
-2;9700;VEV_5400;19;21;19;10;;;20;20;21;30;;;19.5;0.0
-2;9700;VEV_5500;6;19;;;;;7;26;;;;;6.5;0.0
-2;9700;VEV_6000;0;27;;;;;1;27;;;;;0.5;0.0
-2;9700;VEV_6500;0;11;;;;;1;11;;;;;0.5;0.0
-2;9800;HYDROGEL_PACK;9954;15;9951;21;;;9970;15;9972;21;;;9962.0;0.0
-2;9800;VELVETFRUIT_EXTRACT;5273;22;5272;39;;;5278;35;;;;;5275.5;0.0
-2;9800;VEV_4000;1233;8;1231;24;;;1254;8;1256;24;;;1243.5;0.0
-2;9800;VEV_4500;760;6;;;;;778;16;;;;;769.0;0.0
-2;9800;VEV_5000;279;11;278;17;;;285;7;286;19;;;282.0;0.0
-2;9800;VEV_5100;163;7;162;14;;;168;21;;;;;165.5;0.0
-2;9800;VEV_5200;;;;;;;103;18;;;;;103.0;0.0
-2;9800;VEV_5300;54;22;;;;;56;19;;;;;55.0;0.0
-2;9800;VEV_5400;;;;;;;21;25;;;;;21.0;0.0
-2;9800;VEV_5500;5;28;;;;;7;29;;;;;6.0;0.0
-2;9800;VEV_6000;0;25;;;;;1;25;;;;;0.5;0.0
-2;9800;VEV_6500;0;19;;;;;1;19;;;;;0.5;0.0
-2;9900;HYDROGEL_PACK;9954;15;9951;28;;;9970;15;9972;28;;;9962.0;0.0
-2;9900;VELVETFRUIT_EXTRACT;5272;39;;;;;5277;25;5278;66;;;5274.5;0.0
-2;9900;VEV_4000;1233;12;1231;24;;;1254;12;1257;24;;;1243.5;0.0
-2;9900;VEV_4500;760;12;758;14;;;776;12;777;6;778;14;768.0;0.0
-2;9900;VEV_5000;280;12;279;19;;;286;6;287;13;;;283.0;0.0
-2;9900;VEV_5100;164;18;;;;;169;20;170;21;;;166.5;0.0
-2;9900;VEV_5200;100;8;99;28;;;;;;;;;100.0;0.0
-2;9900;VEV_5300;54;18;;;;;56;7;57;18;;;55.0;0.0
-2;9900;VEV_5400;19;22;;;;;21;26;;;;;20.0;0.0
-2;9900;VEV_5500;5;24;;;;;7;26;;;;;6.0;0.0
-2;9900;VEV_6000;0;27;;;;;1;27;;;;;0.5;0.0
-2;9900;VEV_6500;0;13;;;;;1;13;;;;;0.5;0.0
-2;10000;HYDROGEL_PACK;9955;14;9953;29;;;9971;14;9974;29;;;9963.0;0.0
-2;10000;VELVETFRUIT_EXTRACT;5271;64;;;;;5276;24;5277;66;;;5273.5;0.0
-2;10000;VEV_4000;1234;9;1231;28;;;1255;9;1257;28;;;1244.5;0.0
-2;10000;VEV_4500;761;16;;;;;779;8;781;16;;;770.0;0.0
-2;10000;VEV_5000;279;14;;;;;287;22;;;;;283.0;0.0
-2;10000;VEV_5100;166;10;;;;;170;8;;;;;168.0;0.0
-2;10000;VEV_5200;99;24;;;;;103;31;;;;;101.0;0.0
-2;10000;VEV_5300;54;17;53;25;;;56;20;;;;;55.0;0.0
-2;10000;VEV_5400;;;;;;;;;;;;;0.0;0.0
-2;10000;VEV_5500;5;23;;;;;6;22;;;;;5.5;0.0
-2;10000;VEV_6000;0;21;;;;;1;21;;;;;0.5;0.0
-2;10000;VEV_6500;0;13;;;;;1;13;;;;;0.5;0.0
-2;10100;HYDROGEL_PACK;9957;10;9955;24;;;9973;10;9976;24;;;9965.0;0.0
-2;10100;VELVETFRUIT_EXTRACT;5273;31;;;;;5279;50;5279;60;;;5276.0;0.0
-2;10100;VEV_4000;1233;9;1230;26;;;1254;9;1256;26;;;1243.5;0.0
-2;10100;VEV_4500;759;22;;;;;777;8;779;22;;;768.0;0.0
-2;10100;VEV_5000;281;8;280;19;;;288;22;;;;;284.5;0.0
-2;10100;VEV_5100;;;;;;;171;29;172;14;;;171.0;0.0
-2;10100;VEV_5200;101;28;100;26;;;104;24;;;;;102.5;0.0
-2;10100;VEV_5300;54;29;;;;;56;24;;;;;55.0;0.0
-2;10100;VEV_5400;19;24;;;;;21;26;;;;;20.0;0.0
-2;10100;VEV_5500;5;27;;;;;7;24;;;;;6.0;0.0
-2;10100;VEV_6000;0;20;;;;;1;20;;;;;0.5;0.0
-2;10100;VEV_6500;0;17;;;;;1;17;;;;;0.5;0.0
-2;10200;HYDROGEL_PACK;9959;10;9957;28;;;9975;10;9977;28;;;9967.0;0.0
-2;10200;VELVETFRUIT_EXTRACT;5273;61;5273;22;;;5278;22;5279;41;;;5275.5;0.0
-2;10200;VEV_4000;1232;11;1230;29;;;1253;11;1255;29;;;1242.5;0.0
-2;10200;VEV_4500;760;10;758;22;;;776;10;777;6;778;22;768.0;0.0
-2;10200;VEV_5000;279;22;;;;;285;8;;;;;282.0;0.0
-2;10200;VEV_5100;166;25;;;;;171;28;;;;;168.5;0.0
-2;10200;VEV_5200;100;21;;;;;104;30;;;;;102.0;0.0
-2;10200;VEV_5300;55;26;;;;;57;26;;;;;56.0;0.0
-2;10200;VEV_5400;19;20;19;23;;;20;20;21;28;;;19.5;0.0
-2;10200;VEV_5500;5;23;;;;;7;18;;;;;6.0;0.0
-2;10200;VEV_6000;0;27;;;;;1;27;;;;;0.5;0.0
-2;10200;VEV_6500;0;17;;;;;1;17;;;;;0.5;0.0
-2;10300;HYDROGEL_PACK;9959;11;9956;25;;;9975;11;9977;25;;;9967.0;0.0
-2;10300;VELVETFRUIT_EXTRACT;5275;24;5274;55;;;5280;39;;;;;5277.5;0.0
-2;10300;VEV_4000;1233;10;1231;28;;;1254;10;1256;28;;;1243.5;0.0
-2;10300;VEV_4500;760;7;758;14;;;776;7;778;14;;;768.0;0.0
-2;10300;VEV_5000;278;11;277;14;;;284;32;285;13;;;281.0;0.0
-2;10300;VEV_5100;165;16;;;;;170;20;171;12;;;167.5;0.0
-2;10300;VEV_5200;100;23;;;;;103;10;;;;;101.5;0.0
-2;10300;VEV_5300;55;25;;;;;57;27;;;;;56.0;0.0
-2;10300;VEV_5400;19;19;19;10;;;21;19;;;;;20.0;0.0
-2;10300;VEV_5500;5;28;;;;;6;22;;;;;5.5;0.0
-2;10300;VEV_6000;0;24;;;;;1;24;;;;;0.5;0.0
-2;10300;VEV_6500;0;16;;;;;1;16;;;;;0.5;0.0
-2;10400;HYDROGEL_PACK;9961;10;9958;30;;;9977;10;9979;30;;;9969.0;0.0
-2;10400;VELVETFRUIT_EXTRACT;5275;23;;;;;5281;30;;;;;5278.0;0.0
-2;10400;VEV_4000;1233;9;1230;16;;;1254;9;1256;16;;;1243.5;0.0
-2;10400;VEV_4500;757;22;;;;;775;10;777;22;;;766.0;0.0
-2;10400;VEV_5000;279;27;278;21;;;285;8;286;13;;;282.0;0.0
-2;10400;VEV_5100;165;10;;;;;169;12;170;15;;;167.0;0.0
-2;10400;VEV_5200;99;17;;;;;;;;;;;99.0;0.0
-2;10400;VEV_5300;55;24;;;;;57;19;;;;;56.0;0.0
-2;10400;VEV_5400;19;20;;;;;;;;;;;19.0;0.0
-2;10400;VEV_5500;5;19;;;;;6;20;;;;;5.5;0.0
-2;10400;VEV_6000;0;25;;;;;1;25;;;;;0.5;0.0
-2;10400;VEV_6500;0;19;;;;;1;19;;;;;0.5;0.0
-2;10500;HYDROGEL_PACK;9960;20;;;;;9979;14;9981;20;;;9969.5;0.0
-2;10500;VELVETFRUIT_EXTRACT;5275;43;5275;34;;;5281;24;;;;;5278.0;0.0
-2;10500;VEV_4000;1232;8;1230;30;;;1253;8;1255;30;;;1242.5;0.0
-2;10500;VEV_4500;758;8;756;20;;;774;8;777;20;;;766.0;0.0
-2;10500;VEV_5000;278;6;277;14;;;284;10;285;21;;;281.0;0.0
-2;10500;VEV_5100;165;14;;;;;171;22;;;;;168.0;0.0
-2;10500;VEV_5200;99;24;;;;;102;22;103;26;;;100.5;0.0
-2;10500;VEV_5300;55;19;54;22;;;57;22;;;;;56.0;0.0
-2;10500;VEV_5400;19;24;;;;;20;19;;;;;19.5;0.0
-2;10500;VEV_5500;6;23;;;;;7;20;;;;;6.5;0.0
-2;10500;VEV_6000;0;20;;;;;1;20;;;;;0.5;0.0
-2;10500;VEV_6500;0;14;;;;;1;14;;;;;0.5;0.0
-2;10600;HYDROGEL_PACK;9966;10;9963;21;;;9982;10;9984;21;;;9974.0;0.0
-2;10600;VELVETFRUIT_EXTRACT;5275;30;;;;;5281;70;;;;;5278.0;0.0
-2;10600;VEV_4000;1232;14;1229;29;;;1253;14;1255;29;;;1242.5;0.0
-2;10600;VEV_4500;757;14;;;;;777;14;;;;;767.0;0.0
-2;10600;VEV_5000;279;8;278;13;;;285;6;286;14;;;282.0;0.0
-2;10600;VEV_5100;166;33;;;;;172;22;;;;;169.0;0.0
-2;10600;VEV_5200;101;8;100;32;;;104;25;;;;;102.5;0.0
-2;10600;VEV_5300;;;;;;;56;5;;;;;56.0;0.0
-2;10600;VEV_5400;19;23;;;;;20;28;21;24;;;19.5;0.0
-2;10600;VEV_5500;5;29;;;;;7;19;;;;;6.0;0.0
-2;10600;VEV_6000;0;20;;;;;1;20;;;;;0.5;0.0
-2;10600;VEV_6500;0;17;;;;;1;17;;;;;0.5;0.0
-2;10700;HYDROGEL_PACK;9965;14;9962;26;;;9981;14;9983;26;;;9973.0;0.0
-2;10700;VELVETFRUIT_EXTRACT;5275;19;5274;65;;;5280;75;;;;;5277.5;0.0
-2;10700;VEV_4000;1232;8;1229;28;;;1253;8;1255;28;;;1242.5;0.0
-2;10700;VEV_4500;758;19;;;;;776;11;778;19;;;767.0;0.0
-2;10700;VEV_5000;280;25;;;;;286;11;287;12;;;283.0;0.0
-2;10700;VEV_5100;165;25;164;22;;;169;32;170;22;;;167.0;0.0
-2;10700;VEV_5200;101;12;100;30;;;;;;;;;101.0;0.0
-2;10700;VEV_5300;54;5;;;;;56;19;;;;;55.0;0.0
-2;10700;VEV_5400;19;22;;;;;20;20;21;14;;;19.5;0.0
-2;10700;VEV_5500;5;22;;;;;7;20;;;;;6.0;0.0
-2;10700;VEV_6000;0;21;;;;;1;21;;;;;0.5;0.0
-2;10700;VEV_6500;0;15;;;;;1;15;;;;;0.5;0.0
-2;10800;HYDROGEL_PACK;9960;15;9958;28;;;9976;15;9979;28;;;9968.0;0.0
-2;10800;VELVETFRUIT_EXTRACT;5274;19;;;;;5280;53;;;;;5277.0;0.0
-2;10800;VEV_4000;1230;14;1227;19;;;1251;14;1253;19;;;1240.5;0.0
-2;10800;VEV_4500;758;12;756;20;;;774;12;777;20;;;766.0;0.0
-2;10800;VEV_5000;279;21;;;;;286;18;287;14;;;282.5;0.0
-2;10800;VEV_5100;165;20;;;;;169;7;;;;;167.0;0.0
-2;10800;VEV_5200;102;11;;;;;104;9;105;27;;;103.0;0.0
-2;10800;VEV_5300;54;20;53;23;;;56;18;;;;;55.0;0.0
-2;10800;VEV_5400;19;18;;;;;;;;;;;19.0;0.0
-2;10800;VEV_5500;5;18;;;;;7;24;;;;;6.0;0.0
-2;10800;VEV_6000;0;26;;;;;1;26;;;;;0.5;0.0
-2;10800;VEV_6500;0;11;;;;;1;11;;;;;0.5;0.0
-2;10900;HYDROGEL_PACK;9956;29;;;;;9975;12;9977;29;;;9965.5;0.0
-2;10900;VELVETFRUIT_EXTRACT;5273;54;;;;;5279;60;;;;;5276.0;0.0
-2;10900;VEV_4000;1229;8;1227;24;;;1250;8;1253;24;;;1239.5;0.0
-2;10900;VEV_4500;756;15;;;;;774;12;776;15;;;765.0;0.0
-2;10900;VEV_5000;278;7;;;;;284;6;285;28;;;281.0;0.0
-2;10900;VEV_5100;164;32;;;;;169;23;;;;;166.5;0.0
-2;10900;VEV_5200;104;12;103;26;;;106;27;;;;;105.0;0.0
-2;10900;VEV_5300;54;21;;;;;56;18;;;;;55.0;0.0
-2;10900;VEV_5400;19;26;;;;;21;21;;;;;20.0;0.0
-2;10900;VEV_5500;5;19;;;;;7;23;;;;;6.0;0.0
-2;10900;VEV_6000;0;23;;;;;1;23;;;;;0.5;0.0
-2;10900;VEV_6500;0;16;;;;;1;16;;;;;0.5;0.0
-2;11000;HYDROGEL_PACK;9957;11;9955;25;;;9973;11;9976;25;;;9965.0;0.0
-2;11000;VELVETFRUIT_EXTRACT;5273;25;;;;;5279;25;;;;;5276.0;0.0
-2;11000;VEV_4000;1231;8;1228;15;;;1251;8;1254;15;;;1241.0;0.0
-2;11000;VEV_4500;757;10;756;11;755;20;773;10;775;20;;;765.0;0.0
-2;11000;VEV_5000;277;6;276;14;;;283;8;284;17;;;280.0;0.0
-2;11000;VEV_5100;165;12;;;;;169;31;;;;;167.0;0.0
-2;11000;VEV_5200;103;25;102;12;;;106;32;;;;;104.5;0.0
-2;11000;VEV_5300;54;24;;;;;56;9;;;;;55.0;0.0
-2;11000;VEV_5400;19;15;19;22;;;21;24;;;;;20.0;0.0
-2;11000;VEV_5500;6;23;;;;;7;23;;;;;6.5;0.0
-2;11000;VEV_6000;0;23;;;;;1;23;;;;;0.5;0.0
-2;11000;VEV_6500;0;17;;;;;1;17;;;;;0.5;0.0
-2;11100;HYDROGEL_PACK;9956;10;9953;27;;;9972;10;9974;27;;;9964.0;0.0
-2;11100;VELVETFRUIT_EXTRACT;5274;65;5274;16;;;5279;16;5280;49;5280;43;5276.5;0.0
-2;11100;VEV_4000;1230;12;1227;27;;;1250;12;1253;27;;;1240.0;0.0
-2;11100;VEV_4500;757;11;755;17;;;773;11;775;17;;;765.0;0.0
-2;11100;VEV_5000;279;9;278;12;;;285;9;286;14;;;282.0;0.0
-2;11100;VEV_5100;165;33;164;16;;;169;8;170;14;;;167.0;0.0
-2;11100;VEV_5200;102;12;;;;;106;26;;;;;104.0;0.0
-2;11100;VEV_5300;54;9;;;;;56;26;;;;;55.0;0.0
-2;11100;VEV_5400;19;28;;;;;21;18;;;;;20.0;0.0
-2;11100;VEV_5500;6;19;;;;;7;23;;;;;6.5;0.0
-2;11100;VEV_6000;0;26;;;;;1;26;;;;;0.5;0.0
-2;11100;VEV_6500;0;15;;;;;1;15;;;;;0.5;0.0
-2;11200;HYDROGEL_PACK;9954;13;9952;30;;;9970;13;9973;30;;;9962.0;0.0
-2;11200;VELVETFRUIT_EXTRACT;5273;58;;;;;5279;74;;;;;5276.0;0.0
-2;11200;VEV_4000;1229;10;1227;25;;;1250;10;1253;25;;;1239.5;0.0
-2;11200;VEV_4500;757;8;755;16;;;773;8;774;12;775;16;765.0;0.0
-2;11200;VEV_5000;280;11;279;20;;;286;19;287;14;;;283.0;0.0
-2;11200;VEV_5100;164;21;;;;;;;;;;;164.0;0.0
-2;11200;VEV_5200;;;;;;;103;20;104;24;;;103.0;0.0
-2;11200;VEV_5300;54;24;;;;;56;23;;;;;55.0;0.0
-2;11200;VEV_5400;19;23;;;;;21;21;;;;;20.0;0.0
-2;11200;VEV_5500;6;26;;;;;7;20;;;;;6.5;0.0
-2;11200;VEV_6000;0;26;;;;;1;26;;;;;0.5;0.0
-2;11200;VEV_6500;0;14;;;;;1;14;;;;;0.5;0.0
-2;11300;HYDROGEL_PACK;9950;14;9948;28;;;9966;14;9969;28;;;9958.0;0.0
-2;11300;VELVETFRUIT_EXTRACT;5273;60;;;;;5279;52;;;;;5276.0;0.0
-2;11300;VEV_4000;1229;7;1226;16;;;1250;7;1252;16;;;1239.5;0.0
-2;11300;VEV_4500;757;8;756;11;755;21;773;8;775;21;;;765.0;0.0
-2;11300;VEV_5000;281;11;280;22;;;287;6;288;21;;;284.0;0.0
-2;11300;VEV_5100;164;11;163;12;;;168;22;169;32;;;166.0;0.0
-2;11300;VEV_5200;100;9;99;15;;;;;;;;;100.0;0.0
-2;11300;VEV_5300;54;16;;;;;56;18;57;14;;;55.0;0.0
-2;11300;VEV_5400;18;17;;;;;20;29;;;;;19.0;0.0
-2;11300;VEV_5500;5;19;;;;;7;16;;;;;6.0;0.0
-2;11300;VEV_6000;0;23;;;;;1;23;;;;;0.5;0.0
-2;11300;VEV_6500;0;20;;;;;1;20;;;;;0.5;0.0
-2;11400;HYDROGEL_PACK;9949;11;9947;27;;;9965;11;9968;27;;;9957.0;0.0
-2;11400;VELVETFRUIT_EXTRACT;5274;53;5274;16;;;5280;59;;;;;5277.0;0.0
-2;11400;VEV_4000;1228;12;1226;25;;;1249;12;1251;25;;;1238.5;0.0
-2;11400;VEV_4500;757;6;755;14;;;773;6;775;14;;;765.0;0.0
-2;11400;VEV_5000;281;10;280;16;;;287;25;288;14;;;284.0;0.0
-2;11400;VEV_5100;164;24;163;14;;;168;21;169;25;;;166.0;0.0
-2;11400;VEV_5200;99;28;;;;;101;8;102;14;;;100.0;0.0
-2;11400;VEV_5300;;;;;;;57;7;;;;;57.0;0.0
-2;11400;VEV_5400;19;7;;;;;21;17;;;;;20.0;0.0
-2;11400;VEV_5500;6;27;;;;;7;28;;;;;6.5;0.0
-2;11400;VEV_6000;0;22;;;;;1;22;;;;;0.5;0.0
-2;11400;VEV_6500;0;19;;;;;1;19;;;;;0.5;0.0
-2;11500;HYDROGEL_PACK;9951;10;9948;28;;;9967;10;9969;28;;;9959.0;0.0
-2;11500;VELVETFRUIT_EXTRACT;5272;17;;;;;5277;19;5278;40;;;5274.5;0.0
-2;11500;VEV_4000;1229;12;1226;26;;;1250;12;1252;26;;;1239.5;0.0
-2;11500;VEV_4500;755;9;;;;;773;22;;;;;764.0;0.0
-2;11500;VEV_5000;280;27;;;;;287;10;288;15;;;283.5;0.0
-2;11500;VEV_5100;164;32;163;29;;;168;32;;;;;166.0;0.0
-2;11500;VEV_5200;99;14;;;;;103;17;;;;;101.0;0.0
-2;11500;VEV_5300;55;18;;;;;57;17;;;;;56.0;0.0
-2;11500;VEV_5400;19;28;18;26;;;;;;;;;19.0;0.0
-2;11500;VEV_5500;6;23;;;;;7;19;;;;;6.5;0.0
-2;11500;VEV_6000;0;27;;;;;1;27;;;;;0.5;0.0
-2;11500;VEV_6500;0;16;;;;;1;16;;;;;0.5;0.0
-2;11600;HYDROGEL_PACK;9951;11;9949;20;;;9967;11;9970;20;;;9959.0;0.0
-2;11600;VELVETFRUIT_EXTRACT;5274;23;5273;39;;;5279;54;;;;;5276.5;0.0
-2;11600;VEV_4000;1230;14;1227;30;;;1250;14;1253;30;;;1240.0;0.0
-2;11600;VEV_4500;755;10;753;15;;;771;10;773;15;;;763.0;0.0
-2;11600;VEV_5000;280;7;279;17;;;286;34;287;12;;;283.0;0.0
-2;11600;VEV_5100;164;31;;;;;168;31;;;;;166.0;0.0
-2;11600;VEV_5200;100;10;99;24;;;102;12;103;22;;;101.0;0.0
-2;11600;VEV_5300;55;26;54;18;;;57;22;;;;;56.0;0.0
-2;11600;VEV_5400;18;25;;;;;20;25;;;;;19.0;0.0
-2;11600;VEV_5500;6;23;;;;;7;23;;;;;6.5;0.0
-2;11600;VEV_6000;0;28;;;;;1;28;;;;;0.5;0.0
-2;11600;VEV_6500;0;14;;;;;1;14;;;;;0.5;0.0
-2;11700;HYDROGEL_PACK;9953;13;9951;24;;;9969;13;9972;24;;;9961.0;0.0
-2;11700;VELVETFRUIT_EXTRACT;5274;56;;;;;5280;57;;;;;5277.0;0.0
-2;11700;VEV_4000;1229;15;1226;19;;;1249;15;1252;19;;;1239.0;0.0
-2;11700;VEV_4500;755;7;;;;;771;7;773;12;;;763.0;0.0
-2;11700;VEV_5000;281;22;280;15;;;287;11;288;18;;;284.0;0.0
-2;11700;VEV_5100;;;;;;;168;31;169;27;;;168.0;0.0
-2;11700;VEV_5200;;;;;;;101;30;102;20;;;101.0;0.0
-2;11700;VEV_5300;55;10;;;;;57;28;;;;;56.0;0.0
-2;11700;VEV_5400;19;20;;;;;21;27;;;;;20.0;0.0
-2;11700;VEV_5500;6;22;;;;;7;19;;;;;6.5;0.0
-2;11700;VEV_6000;0;18;;;;;1;18;;;;;0.5;0.0
-2;11700;VEV_6500;0;14;;;;;1;14;;;;;0.5;0.0
-2;11800;HYDROGEL_PACK;9954;13;9952;21;;;9970;13;9973;21;;;9962.0;0.0
-2;11800;VELVETFRUIT_EXTRACT;5275;50;;;;;5281;56;;;;;5278.0;0.0
-2;11800;VEV_4000;1228;8;1226;27;;;1249;8;1252;27;;;1238.5;0.0
-2;11800;VEV_4500;755;10;753;12;;;773;12;;;;;764.0;0.0
-2;11800;VEV_5000;280;9;;;;;286;8;;;;;283.0;0.0
-2;11800;VEV_5100;164;31;;;;;168;12;169;18;;;166.0;0.0
-2;11800;VEV_5200;98;12;97;28;;;100;27;101;22;;;99.0;0.0
-2;11800;VEV_5300;55;21;;;;;57;25;58;25;;;56.0;0.0
-2;11800;VEV_5400;;;;;;;20;21;21;20;;;20.0;0.0
-2;11800;VEV_5500;6;25;;;;;7;21;;;;;6.5;0.0
-2;11800;VEV_6000;0;25;;;;;1;25;;;;;0.5;0.0
-2;11800;VEV_6500;0;16;;;;;1;16;;;;;0.5;0.0
-2;11900;HYDROGEL_PACK;9957;14;9955;21;;;9973;14;9976;21;;;9965.0;0.0
-2;11900;VELVETFRUIT_EXTRACT;5275;46;;;;;5280;15;5281;62;;;5277.5;0.0
-2;11900;VEV_4000;1228;10;1226;29;;;1249;10;1251;29;;;1238.5;0.0
-2;11900;VEV_4500;754;10;753;6;752;16;770;10;772;16;;;762.0;0.0
-2;11900;VEV_5000;281;11;;;;;287;9;288;19;;;284.0;0.0
-2;11900;VEV_5100;164;7;;;;;168;12;169;15;;;166.0;0.0
-2;11900;VEV_5200;;;;;;;101;29;;;;;101.0;0.0
-2;11900;VEV_5300;56;24;;;;;58;26;59;25;;;57.0;0.0
-2;11900;VEV_5400;20;27;19;20;;;21;24;;;;;20.5;0.0
-2;11900;VEV_5500;6;23;;;;;7;21;;;;;6.5;0.0
-2;11900;VEV_6000;0;20;;;;;1;20;;;;;0.5;0.0
-2;11900;VEV_6500;0;12;;;;;1;12;;;;;0.5;0.0
-2;12000;HYDROGEL_PACK;9957;12;9955;30;;;9973;12;9976;30;;;9965.0;0.0
-2;12000;VELVETFRUIT_EXTRACT;5275;32;;;;;5281;40;;;;;5278.0;0.0
-2;12000;VEV_4000;1227;11;1225;27;;;1248;11;1251;27;;;1237.5;0.0
-2;12000;VEV_4500;754;7;752;12;;;772;12;;;;;763.0;0.0
-2;12000;VEV_5000;281;10;280;16;;;287;7;288;26;;;284.0;0.0
-2;12000;VEV_5100;164;11;;;;;168;36;;;;;166.0;0.0
-2;12000;VEV_5200;97;12;96;27;;;99;27;100;16;;;98.0;0.0
-2;12000;VEV_5300;56;10;55;12;;;58;24;;;;;57.0;0.0
-2;12000;VEV_5400;19;22;;;;;21;26;;;;;20.0;0.0
-2;12000;VEV_5500;6;25;;;;;7;24;;;;;6.5;0.0
-2;12000;VEV_6000;0;29;;;;;1;29;;;;;0.5;0.0
-2;12000;VEV_6500;0;12;;;;;1;12;;;;;0.5;0.0
-2;12100;HYDROGEL_PACK;9959;10;9957;20;;;9975;10;9978;20;;;9967.0;0.0
-2;12100;VELVETFRUIT_EXTRACT;5275;59;;;;;5281;30;;;;;5278.0;0.0
-2;12100;VEV_4000;1226;15;1224;15;;;1247;15;1249;15;;;1236.5;0.0
-2;12100;VEV_4500;755;12;;;;;771;12;773;21;;;763.0;0.0
-2;12100;VEV_5000;281;8;280;19;;;287;10;288;14;;;284.0;0.0
-2;12100;VEV_5100;163;13;;;;;168;11;;;;;165.5;0.0
-2;12100;VEV_5200;97;15;;;;;100;31;101;21;;;98.5;0.0
-2;12100;VEV_5300;56;22;55;12;;;58;23;;;;;57.0;0.0
-2;12100;VEV_5400;19;23;;;;;21;21;;;;;20.0;0.0
-2;12100;VEV_5500;6;26;;;;;7;21;;;;;6.5;0.0
-2;12100;VEV_6000;0;23;;;;;1;23;;;;;0.5;0.0
-2;12100;VEV_6500;0;19;;;;;1;19;;;;;0.5;0.0
-2;12200;HYDROGEL_PACK;9960;10;9958;22;;;9976;10;9979;22;;;9968.0;0.0
-2;12200;VELVETFRUIT_EXTRACT;5276;23;5275;48;5275;63;5281;46;;;;;5278.5;0.0
-2;12200;VEV_4000;1225;11;1223;16;;;1246;11;1249;16;;;1235.5;0.0
-2;12200;VEV_4500;755;7;753;20;;;771;7;773;20;;;763.0;0.0
-2;12200;VEV_5000;281;30;280;13;;;287;11;288;24;;;284.0;0.0
-2;12200;VEV_5100;163;8;162;27;;;167;6;168;12;;;165.0;0.0
-2;12200;VEV_5200;98;22;;;;;100;27;101;12;;;99.0;0.0
-2;12200;VEV_5300;56;18;;;;;58;25;59;23;;;57.0;0.0
-2;12200;VEV_5400;20;17;;;;;21;20;;;;;20.5;0.0
-2;12200;VEV_5500;6;19;;;;;7;24;;;;;6.5;0.0
-2;12200;VEV_6000;0;22;;;;;1;22;;;;;0.5;0.0
-2;12200;VEV_6500;0;14;;;;;1;14;;;;;0.5;0.0
-2;12300;HYDROGEL_PACK;9960;12;9957;21;;;9976;12;9978;21;;;9968.0;0.0
-2;12300;VELVETFRUIT_EXTRACT;5274;60;;;;;5280;32;;;;;5277.0;0.0
-2;12300;VEV_4000;1226;12;1223;29;;;1247;12;1249;29;;;1236.5;0.0
-2;12300;VEV_4500;754;6;753;13;752;20;770;6;;;;;762.0;0.0
-2;12300;VEV_5000;280;9;279;14;;;286;6;287;17;;;283.0;0.0
-2;12300;VEV_5100;165;31;164;12;;;169;11;170;19;;;167.0;0.0
-2;12300;VEV_5200;98;25;97;28;;;101;27;;;;;99.5;0.0
-2;12300;VEV_5300;56;23;;;;;58;24;;;;;57.0;0.0
-2;12300;VEV_5400;19;25;;;;;;;;;;;19.0;0.0
-2;12300;VEV_5500;6;16;;;;;7;17;;;;;6.5;0.0
-2;12300;VEV_6000;0;25;;;;;1;25;;;;;0.5;0.0
-2;12300;VEV_6500;0;13;;;;;1;13;;;;;0.5;0.0
-2;12400;HYDROGEL_PACK;9961;11;9958;25;;;9977;11;9979;25;;;9969.0;0.0
-2;12400;VELVETFRUIT_EXTRACT;5275;17;5274;50;5274;62;5279;17;5280;74;;;5277.0;0.0
-2;12400;VEV_4000;1225;9;1223;16;;;1246;9;1248;16;;;1235.5;0.0
-2;12400;VEV_4500;754;7;;;;;770;7;772;14;;;762.0;0.0
-2;12400;VEV_5000;279;12;;;;;285;11;;;;;282.0;0.0
-2;12400;VEV_5100;165;7;164;24;;;169;8;170;15;;;167.0;0.0
-2;12400;VEV_5200;96;24;;;;;99;27;100;24;;;97.5;0.0
-2;12400;VEV_5300;57;22;;;;;59;29;;;;;58.0;0.0
-2;12400;VEV_5400;19;30;;;;;21;26;;;;;20.0;0.0
-2;12400;VEV_5500;6;26;;;;;7;25;;;;;6.5;0.0
-2;12400;VEV_6000;0;28;;;;;1;28;;;;;0.5;0.0
-2;12400;VEV_6500;0;13;;;;;1;13;;;;;0.5;0.0
-2;12500;HYDROGEL_PACK;9966;12;9964;23;;;9982;12;9985;23;;;9974.0;0.0
-2;12500;VELVETFRUIT_EXTRACT;5274;30;;;;;5279;21;5280;55;;;5276.5;0.0
-2;12500;VEV_4000;1223;13;1221;17;;;1244;13;1247;17;;;1233.5;0.0
-2;12500;VEV_4500;755;12;753;14;;;772;6;773;14;;;763.5;0.0
-2;12500;VEV_5000;278;7;277;16;;;284;11;285;23;;;281.0;0.0
-2;12500;VEV_5100;164;25;163;29;;;169;16;;;;;166.5;0.0
-2;12500;VEV_5200;97;28;96;31;;;99;18;100;25;;;98.0;0.0
-2;12500;VEV_5300;56;7;;;;;58;26;;;;;57.0;0.0
-2;12500;VEV_5400;;;;;;;21;22;;;;;21.0;0.0
-2;12500;VEV_5500;6;22;;;;;7;20;;;;;6.5;0.0
-2;12500;VEV_6000;0;21;;;;;1;21;;;;;0.5;0.0
-2;12500;VEV_6500;0;11;;;;;1;11;;;;;0.5;0.0
-2;12600;HYDROGEL_PACK;9967;12;9964;30;;;9983;12;9985;30;;;9975.0;0.0
-2;12600;VELVETFRUIT_EXTRACT;5276;53;5276;19;;;5281;19;5282;60;;;5278.5;0.0
-2;12600;VEV_4000;1224;12;1222;16;;;1245;12;1248;16;;;1234.5;0.0
-2;12600;VEV_4500;755;8;754;21;753;23;771;8;773;23;;;763.0;0.0
-2;12600;VEV_5000;278;9;277;16;;;284;31;285;21;;;281.0;0.0
-2;12600;VEV_5100;163;11;;;;;167;26;168;25;;;165.0;0.0
-2;12600;VEV_5200;96;24;;;;;99;9;100;15;;;97.5;0.0
-2;12600;VEV_5300;;;;;;;58;20;58;21;;;58.0;0.0
-2;12600;VEV_5400;19;25;;;;;21;17;;;;;20.0;0.0
-2;12600;VEV_5500;6;19;;;;;7;24;;;;;6.5;0.0
-2;12600;VEV_6000;0;27;;;;;1;27;;;;;0.5;0.0
-2;12600;VEV_6500;0;14;;;;;1;14;;;;;0.5;0.0
-2;12700;HYDROGEL_PACK;9968;14;9965;25;;;9984;14;9986;25;;;9976.0;0.0
-2;12700;VELVETFRUIT_EXTRACT;5276;21;5275;40;5275;66;5281;22;;;;;5278.5;0.0
-2;12700;VEV_4000;1223;14;1220;27;;;1244;14;1246;27;;;1233.5;0.0
-2;12700;VEV_4500;755;11;753;12;;;771;11;773;12;;;763.0;0.0
-2;12700;VEV_5000;279;8;278;13;;;285;9;286;24;;;282.0;0.0
-2;12700;VEV_5100;161;22;;;;;167;13;;;;;164.0;0.0
-2;12700;VEV_5200;96;21;;;;;99;10;100;22;;;97.5;0.0
-2;12700;VEV_5300;56;22;;;;;58;21;;;;;57.0;0.0
-2;12700;VEV_5400;19;18;;;;;21;16;;;;;20.0;0.0
-2;12700;VEV_5500;6;25;;;;;7;16;;;;;6.5;0.0
-2;12700;VEV_6000;0;27;;;;;1;27;;;;;0.5;0.0
-2;12700;VEV_6500;0;11;;;;;1;11;;;;;0.5;0.0
-2;12800;HYDROGEL_PACK;9968;11;9965;23;;;9984;11;9986;23;;;9976.0;0.0
-2;12800;VELVETFRUIT_EXTRACT;5274;55;;;;;5280;15;;;;;5277.0;0.0
-2;12800;VEV_4000;1222;13;1220;16;;;1243;13;1246;16;;;1232.5;0.0
-2;12800;VEV_4500;757;11;756;12;755;16;773;11;775;16;;;765.0;0.0
-2;12800;VEV_5000;;;;;;;285;15;;;;;285.0;0.0
-2;12800;VEV_5100;163;6;162;29;;;167;29;168;29;;;165.0;0.0
-2;12800;VEV_5200;96;29;;;;;100;25;;;;;98.0;0.0
-2;12800;VEV_5300;56;7;;;;;58;24;;;;;57.0;0.0
-2;12800;VEV_5400;20;25;20;19;;;21;21;22;17;;;20.5;0.0
-2;12800;VEV_5500;6;21;;;;;7;24;;;;;6.5;0.0
-2;12800;VEV_6000;0;27;;;;;1;27;;;;;0.5;0.0
-2;12800;VEV_6500;0;19;;;;;1;19;;;;;0.5;0.0
-2;12900;HYDROGEL_PACK;9967;12;9964;21;;;9983;12;9985;21;;;9975.0;0.0
-2;12900;VELVETFRUIT_EXTRACT;5275;66;;;;;5280;25;5281;40;5282;39;5277.5;0.0
-2;12900;VEV_4000;1224;15;1221;24;;;1245;15;1247;24;;;1234.5;0.0
-2;12900;VEV_4500;756;12;754;15;;;772;12;774;15;;;764.0;0.0
-2;12900;VEV_5000;276;12;;;;;283;15;;;;;279.5;0.0
-2;12900;VEV_5100;163;9;162;21;;;167;27;168;21;;;165.0;0.0
-2;12900;VEV_5200;97;23;;;;;100;11;101;22;;;98.5;0.0
-2;12900;VEV_5300;55;19;;;;;;;;;;;55.0;0.0
-2;12900;VEV_5400;20;27;19;28;;;21;20;;;;;20.5;0.0
-2;12900;VEV_5500;6;20;;;;;7;18;;;;;6.5;0.0
-2;12900;VEV_6000;0;20;;;;;1;20;;;;;0.5;0.0
-2;12900;VEV_6500;0;13;;;;;1;13;;;;;0.5;0.0
-2;13000;HYDROGEL_PACK;9968;13;9966;20;;;9984;13;9987;20;;;9976.0;0.0
-2;13000;VELVETFRUIT_EXTRACT;5275;72;;;;;5280;20;5281;46;;;5277.5;0.0
-2;13000;VEV_4000;1224;9;1222;24;;;1245;9;1248;24;;;1234.5;0.0
-2;13000;VEV_4500;758;6;756;24;;;776;24;;;;;767.0;0.0
-2;13000;VEV_5000;277;7;276;20;;;283;6;284;24;;;280.0;0.0
-2;13000;VEV_5100;163;6;162;15;;;167;12;;;;;165.0;0.0
-2;13000;VEV_5200;97;8;96;23;;;;;;;;;97.0;0.0
-2;13000;VEV_5300;55;26;54;11;;;;;;;;;55.0;0.0
-2;13000;VEV_5400;;;;;;;21;20;;;;;21.0;0.0
-2;13000;VEV_5500;6;29;;;;;7;20;;;;;6.5;0.0
-2;13000;VEV_6000;0;25;;;;;1;25;;;;;0.5;0.0
-2;13000;VEV_6500;0;21;;;;;1;21;;;;;0.5;0.0
-2;13100;HYDROGEL_PACK;9970;14;9968;30;;;9986;14;9989;30;;;9978.0;0.0
-2;13100;VELVETFRUIT_EXTRACT;5275;62;;;;;5281;50;;;;;5278.0;0.0
-2;13100;VEV_4000;1225;7;1223;17;;;1246;7;1248;17;;;1235.5;0.0
-2;13100;VEV_4500;759;7;757;16;;;775;7;777;16;;;767.0;0.0
-2;13100;VEV_5000;275;10;;;;;281;10;282;24;;;278.0;0.0
-2;13100;VEV_5100;164;10;;;;;168;21;169;14;;;166.0;0.0
-2;13100;VEV_5200;97;29;;;;;101;21;;;;;99.0;0.0
-2;13100;VEV_5300;55;6;;;;;57;20;;;;;56.0;0.0
-2;13100;VEV_5400;;;;;;;20;19;21;22;;;20.0;0.0
-2;13100;VEV_5500;6;20;;;;;7;25;;;;;6.5;0.0
-2;13100;VEV_6000;0;22;;;;;1;22;;;;;0.5;0.0
-2;13100;VEV_6500;0;16;;;;;1;16;;;;;0.5;0.0
-2;13200;HYDROGEL_PACK;9968;10;9965;25;;;9984;10;9986;25;;;9976.0;0.0
-2;13200;VELVETFRUIT_EXTRACT;5276;42;;;;;5282;23;;;;;5279.0;0.0
-2;13200;VEV_4000;1226;14;1223;15;;;1246;14;1249;15;;;1236.0;0.0
-2;13200;VEV_4500;756;20;;;;;774;7;775;7;776;20;765.0;0.0
-2;13200;VEV_5000;275;8;274;14;;;281;6;282;22;;;278.0;0.0
-2;13200;VEV_5100;164;28;;;;;169;23;170;21;;;166.5;0.0
-2;13200;VEV_5200;;;;;;;100;8;101;31;;;100.0;0.0
-2;13200;VEV_5300;55;23;;;;;57;27;;;;;56.0;0.0
-2;13200;VEV_5400;20;24;20;27;;;22;21;;;;;21.0;0.0
-2;13200;VEV_5500;6;19;;;;;7;17;;;;;6.5;0.0
-2;13200;VEV_6000;0;26;;;;;1;26;;;;;0.5;0.0
-2;13200;VEV_6500;0;14;;;;;1;14;;;;;0.5;0.0
-2;13300;HYDROGEL_PACK;9965;14;9962;24;;;9981;14;9983;24;;;9973.0;0.0
-2;13300;VELVETFRUIT_EXTRACT;5275;15;5274;61;;;5279;15;5280;38;5281;46;5277.0;0.0
-2;13300;VEV_4000;1228;15;1225;16;;;1249;15;1251;16;;;1238.5;0.0
-2;13300;VEV_4500;758;21;;;;;776;8;778;21;;;767.0;0.0
-2;13300;VEV_5000;274;9;;;;;281;24;;;;;277.5;0.0
-2;13300;VEV_5100;164;12;;;;;168;22;;;;;166.0;0.0
-2;13300;VEV_5200;97;31;;;;;101;28;;;;;99.0;0.0
-2;13300;VEV_5300;;;;;;;56;7;;;;;56.0;0.0
-2;13300;VEV_5400;20;10;;;;;22;29;;;;;21.0;0.0
-2;13300;VEV_5500;6;18;;;;;7;23;;;;;6.5;0.0
-2;13300;VEV_6000;0;22;;;;;1;22;;;;;0.5;0.0
-2;13300;VEV_6500;0;15;;;;;1;15;;;;;0.5;0.0
-2;13400;HYDROGEL_PACK;9964;11;9962;29;;;9980;11;9983;29;;;9972.0;0.0
-2;13400;VELVETFRUIT_EXTRACT;5274;51;;;;;5279;20;5280;37;;;5276.5;0.0
-2;13400;VEV_4000;1228;14;1226;26;;;1249;14;1252;26;;;1238.5;0.0
-2;13400;VEV_4500;761;12;759;13;;;777;12;779;13;;;769.0;0.0
-2;13400;VEV_5000;274;11;273;18;;;280;8;;;;;277.0;0.0
-2;13400;VEV_5100;165;28;;;;;170;18;;;;;167.5;0.0
-2;13400;VEV_5200;100;9;99;32;;;103;29;;;;;101.5;0.0
-2;13400;VEV_5300;54;18;;;;;56;23;;;;;55.0;0.0
-2;13400;VEV_5400;20;23;;;;;22;17;;;;;21.0;0.0
-2;13400;VEV_5500;6;26;;;;;7;19;;;;;6.5;0.0
-2;13400;VEV_6000;0;25;;;;;1;25;;;;;0.5;0.0
-2;13400;VEV_6500;0;15;;;;;1;15;;;;;0.5;0.0
-2;13500;HYDROGEL_PACK;9962;11;9960;25;;;9978;11;9981;25;;;9970.0;0.0
-2;13500;VELVETFRUIT_EXTRACT;5274;52;5274;17;;;5280;49;;;;;5277.0;0.0
-2;13500;VEV_4000;1228;15;1225;30;;;1249;15;1251;30;;;1238.5;0.0
-2;13500;VEV_4500;759;6;757;22;;;777;22;;;;;768.0;0.0
-2;13500;VEV_5000;274;8;273;19;;;280;7;281;23;;;277.0;0.0
-2;13500;VEV_5100;165;19;164;29;;;169;24;170;17;;;167.0;0.0
-2;13500;VEV_5200;99;25;98;27;;;101;34;;;;;100.0;0.0
-2;13500;VEV_5300;55;18;;;;;57;23;58;18;;;56.0;0.0
-2;13500;VEV_5400;20;29;;;;;21;5;22;25;;;20.5;0.0
-2;13500;VEV_5500;6;27;;;;;7;28;;;;;6.5;0.0
-2;13500;VEV_6000;0;18;;;;;1;18;;;;;0.5;0.0
-2;13500;VEV_6500;0;15;;;;;1;15;;;;;0.5;0.0
-2;13600;HYDROGEL_PACK;9964;11;9961;25;;;9980;11;9982;25;;;9972.0;0.0
-2;13600;VELVETFRUIT_EXTRACT;5274;42;;;;;5280;44;;;;;5277.0;0.0
-2;13600;VEV_4000;1228;9;1225;29;;;1248;9;1251;29;;;1238.0;0.0
-2;13600;VEV_4500;760;7;758;15;;;778;15;;;;;769.0;0.0
-2;13600;VEV_5000;275;6;274;20;;;281;9;282;12;;;278.0;0.0
-2;13600;VEV_5100;164;25;;;;;168;8;;;;;166.0;0.0
-2;13600;VEV_5200;99;24;;;;;101;9;102;24;;;100.0;0.0
-2;13600;VEV_5300;55;17;;;;;57;6;;;;;56.0;0.0
-2;13600;VEV_5400;20;24;;;;;22;24;;;;;21.0;0.0
-2;13600;VEV_5500;5;22;;;;;7;20;;;;;6.0;0.0
-2;13600;VEV_6000;0;25;;;;;1;25;;;;;0.5;0.0
-2;13600;VEV_6500;0;13;;;;;1;13;;;;;0.5;0.0
-2;13700;HYDROGEL_PACK;9966;12;9964;30;;;9982;12;9984;30;;;9974.0;0.0
-2;13700;VELVETFRUIT_EXTRACT;5275;19;5274;48;;;5280;33;;;;;5277.5;0.0
-2;13700;VEV_4000;1227;13;1225;20;;;1248;13;1251;20;;;1237.5;0.0
-2;13700;VEV_4500;759;8;757;21;;;775;8;777;21;;;767.0;0.0
-2;13700;VEV_5000;276;9;275;19;;;282;11;;;;;279.0;0.0
-2;13700;VEV_5100;163;22;162;20;;;167;32;168;21;;;165.0;0.0
-2;13700;VEV_5200;98;7;97;14;;;100;32;101;16;;;99.0;0.0
-2;13700;VEV_5300;55;20;;;;;57;10;;;;;56.0;0.0
-2;13700;VEV_5400;20;27;;;;;22;20;;;;;21.0;0.0
-2;13700;VEV_5500;5;23;;;;;7;18;;;;;6.0;0.0
-2;13700;VEV_6000;0;17;;;;;1;17;;;;;0.5;0.0
-2;13700;VEV_6500;0;15;;;;;1;15;;;;;0.5;0.0
-2;13800;HYDROGEL_PACK;9969;15;9967;24;;;9985;15;9988;24;;;9977.0;0.0
-2;13800;VELVETFRUIT_EXTRACT;5273;18;5272;59;;;5277;18;5278;63;5279;34;5275.0;0.0
-2;13800;VEV_4000;1227;12;1225;15;;;1248;12;1251;15;;;1237.5;0.0
-2;13800;VEV_4500;759;10;;;;;775;10;777;21;;;767.0;0.0
-2;13800;VEV_5000;276;8;275;14;;;283;12;;;;;279.5;0.0
-2;13800;VEV_5100;163;27;162;29;;;167;12;;;;;165.0;0.0
-2;13800;VEV_5200;;;;;;;101;26;102;25;;;101.0;0.0
-2;13800;VEV_5300;54;25;;;;;56;18;57;29;;;55.0;0.0
-2;13800;VEV_5400;20;20;;;;;22;24;;;;;21.0;0.0
-2;13800;VEV_5500;5;17;;;;;7;17;;;;;6.0;0.0
-2;13800;VEV_6000;0;20;;;;;1;20;;;;;0.5;0.0
-2;13800;VEV_6500;0;19;;;;;1;19;;;;;0.5;0.0
-2;13900;HYDROGEL_PACK;9971;14;9968;23;;;9987;14;9989;23;;;9979.0;0.0
-2;13900;VELVETFRUIT_EXTRACT;5273;20;5272;46;;;5278;24;5279;43;;;5275.5;0.0
-2;13900;VEV_4000;1226;10;1223;15;;;1247;10;1249;15;;;1236.5;0.0
-2;13900;VEV_4500;759;10;758;8;757;24;777;24;;;;;768.0;0.0
-2;13900;VEV_5000;278;12;277;16;;;285;26;;;;;281.5;0.0
-2;13900;VEV_5100;162;32;161;33;;;;;;;;;162.0;0.0
-2;13900;VEV_5200;98;9;;;;;101;32;;;;;99.5;0.0
-2;13900;VEV_5300;54;5;;;;;56;25;;;;;55.0;0.0
-2;13900;VEV_5400;21;20;;;;;;;;;;;21.0;0.0
-2;13900;VEV_5500;5;19;;;;;7;22;;;;;6.0;0.0
-2;13900;VEV_6000;0;19;;;;;1;19;;;;;0.5;0.0
-2;13900;VEV_6500;0;15;;;;;1;15;;;;;0.5;0.0
-2;14000;HYDROGEL_PACK;9969;14;9966;27;;;9985;14;9987;27;;;9977.0;0.0
-2;14000;VELVETFRUIT_EXTRACT;5274;61;;;;;5279;25;5280;60;;;5276.5;0.0
-2;14000;VEV_4000;1227;10;1224;26;;;1248;10;1250;26;;;1237.5;0.0
-2;14000;VEV_4500;760;9;759;6;758;17;776;9;779;17;;;768.0;0.0
-2;14000;VEV_5000;277;21;276;12;;;284;15;;;;;280.5;0.0
-2;14000;VEV_5100;162;8;161;15;;;166;7;167;23;;;164.0;0.0
-2;14000;VEV_5200;97;30;96;12;;;99;31;;;;;98.0;0.0
-2;14000;VEV_5300;54;25;;;;;56;16;;;;;55.0;0.0
-2;14000;VEV_5400;20;20;;;;;22;18;;;;;21.0;0.0
-2;14000;VEV_5500;6;21;;;;;7;17;;;;;6.5;0.0
-2;14000;VEV_6000;0;25;;;;;1;25;;;;;0.5;0.0
-2;14000;VEV_6500;0;15;;;;;1;15;;;;;0.5;0.0
-2;14100;HYDROGEL_PACK;9971;11;9969;20;;;9987;11;9990;20;;;9979.0;0.0
-2;14100;VELVETFRUIT_EXTRACT;5273;25;5272;56;;;5278;45;;;;;5275.5;0.0
-2;14100;VEV_4000;1226;10;1223;15;;;1247;10;1249;15;;;1236.5;0.0
-2;14100;VEV_4500;761;10;759;23;;;777;10;779;23;;;769.0;0.0
-2;14100;VEV_5000;275;20;;;;;;;;;;;275.0;0.0
-2;14100;VEV_5100;163;28;;;;;168;30;;;;;165.5;0.0
-2;14100;VEV_5200;96;23;;;;;100;27;;;;;98.0;0.0
-2;14100;VEV_5300;54;25;;;;;56;19;;;;;55.0;0.0
-2;14100;VEV_5400;21;22;20;17;;;21;28;22;27;;;21.0;0.0
-2;14100;VEV_5500;6;27;;;;;7;25;;;;;6.5;0.0
-2;14100;VEV_6000;0;24;;;;;1;24;;;;;0.5;0.0
-2;14100;VEV_6500;0;16;;;;;1;16;;;;;0.5;0.0
-2;14200;HYDROGEL_PACK;9972;15;9969;30;;;9988;15;9990;30;;;9980.0;0.0
-2;14200;VELVETFRUIT_EXTRACT;5275;44;;;;;5281;47;5281;49;;;5278.0;0.0
-2;14200;VEV_4000;1225;15;1223;30;;;1246;15;1249;30;;;1235.5;0.0
-2;14200;VEV_4500;761;12;759;24;;;777;12;778;11;780;24;769.0;0.0
-2;14200;VEV_5000;276;25;275;12;;;282;11;283;14;;;279.0;0.0
-2;14200;VEV_5100;162;22;;;;;167;8;168;18;;;164.5;0.0
-2;14200;VEV_5200;98;10;97;19;;;101;20;;;;;99.5;0.0
-2;14200;VEV_5300;54;25;;;;;;;;;;;54.0;0.0
-2;14200;VEV_5400;;;;;;;22;26;;;;;22.0;0.0
-2;14200;VEV_5500;5;19;;;;;7;20;;;;;6.0;0.0
-2;14200;VEV_6000;0;20;;;;;1;20;;;;;0.5;0.0
-2;14200;VEV_6500;0;12;;;;;1;12;;;;;0.5;0.0
-2;14300;HYDROGEL_PACK;9973;13;9971;30;;;9989;13;9992;30;;;9981.0;0.0
-2;14300;VELVETFRUIT_EXTRACT;5273;34;;;;;5279;37;;;;;5276.0;0.0
-2;14300;VEV_4000;1224;7;1222;18;;;1245;7;1248;18;;;1234.5;0.0
-2;14300;VEV_4500;761;8;759;15;;;777;8;779;15;;;769.0;0.0
-2;14300;VEV_5000;276;29;275;22;;;283;14;;;;;279.5;0.0
-2;14300;VEV_5100;163;6;;;;;167;9;168;19;;;165.0;0.0
-2;14300;VEV_5200;98;29;97;20;;;100;7;101;20;;;99.0;0.0
-2;14300;VEV_5300;54;18;;;;;56;12;;;;;55.0;0.0
-2;14300;VEV_5400;21;10;20;21;;;22;20;;;;;21.5;0.0
-2;14300;VEV_5500;5;23;;;;;6;21;;;;;5.5;0.0
-2;14300;VEV_6000;0;27;;;;;1;27;;;;;0.5;0.0
-2;14300;VEV_6500;0;17;;;;;1;17;;;;;0.5;0.0
-2;14400;HYDROGEL_PACK;9975;13;9972;21;;;9991;13;9993;21;;;9983.0;0.0
-2;14400;VELVETFRUIT_EXTRACT;5273;38;5273;45;;;5278;16;5279;66;;;5275.5;0.0
-2;14400;VEV_4000;1223;8;1221;17;;;1244;8;1247;17;;;1233.5;0.0
-2;14400;VEV_4500;761;10;759;17;;;777;10;780;17;;;769.0;0.0
-2;14400;VEV_5000;276;12;275;21;;;282;8;283;21;;;279.0;0.0
-2;14400;VEV_5100;163;8;;;;;167;11;;;;;165.0;0.0
-2;14400;VEV_5200;96;17;;;;;100;19;;;;;98.0;0.0
-2;14400;VEV_5300;;;;;;;55;28;56;21;;;55.0;0.0
-2;14400;VEV_5400;20;24;;;;;21;23;22;23;;;20.5;0.0
-2;14400;VEV_5500;5;23;;;;;;;;;;;5.0;0.0
-2;14400;VEV_6000;0;22;;;;;1;22;;;;;0.5;0.0
-2;14400;VEV_6500;0;17;;;;;1;17;;;;;0.5;0.0
-2;14500;HYDROGEL_PACK;9972;10;9970;29;;;9988;10;9991;29;;;9980.0;0.0
-2;14500;VELVETFRUIT_EXTRACT;5272;53;;;;;5278;30;;;;;5275.0;0.0
-2;14500;VEV_4000;1221;15;1219;19;;;1242;15;1245;19;;;1231.5;0.0
-2;14500;VEV_4500;763;8;761;24;;;779;8;781;24;;;771.0;0.0
-2;14500;VEV_5000;276;9;;;;;282;6;283;19;;;279.0;0.0
-2;14500;VEV_5100;164;21;163;17;;;;;;;;;164.0;0.0
-2;14500;VEV_5200;;;;;;;;;;;;;0.0;0.0
-2;14500;VEV_5300;53;22;;;;;55;18;56;15;;;54.0;0.0
-2;14500;VEV_5400;21;23;20;23;;;;;;;;;21.0;0.0
-2;14500;VEV_5500;5;27;;;;;6;20;;;;;5.5;0.0
-2;14500;VEV_6000;0;25;;;;;1;25;;;;;0.5;0.0
-2;14500;VEV_6500;0;14;;;;;1;14;;;;;0.5;0.0
-2;14600;HYDROGEL_PACK;9970;12;9968;20;;;9986;12;9989;20;;;9978.0;0.0
-2;14600;VELVETFRUIT_EXTRACT;5274;18;5273;44;;;5279;24;;;;;5276.5;0.0
-2;14600;VEV_4000;1220;8;1218;27;;;1241;8;1243;27;;;1230.5;0.0
-2;14600;VEV_4500;762;8;760;20;;;778;8;780;20;;;770.0;0.0
-2;14600;VEV_5000;275;7;274;20;;;281;12;282;13;;;278.0;0.0
-2;14600;VEV_5100;164;9;163;31;;;168;6;169;14;;;166.0;0.0
-2;14600;VEV_5200;100;7;99;22;;;103;32;;;;;101.5;0.0
-2;14600;VEV_5300;54;7;53;14;;;56;26;;;;;55.0;0.0
-2;14600;VEV_5400;21;23;20;23;;;21;15;22;23;;;21.0;0.0
-2;14600;VEV_5500;5;24;;;;;6;28;;;;;5.5;0.0
-2;14600;VEV_6000;0;22;;;;;1;22;;;;;0.5;0.0
-2;14600;VEV_6500;0;14;;;;;1;14;;;;;0.5;0.0
-2;14700;HYDROGEL_PACK;9969;14;9967;26;;;9985;14;9988;26;;;9977.0;0.0
-2;14700;VELVETFRUIT_EXTRACT;5274;15;5273;61;;;5279;31;5280;47;;;5276.5;0.0
-2;14700;VEV_4000;1221;14;1218;23;;;1241;14;1244;23;;;1231.0;0.0
-2;14700;VEV_4500;763;11;762;10;761;17;779;11;781;17;;;771.0;0.0
-2;14700;VEV_5000;275;7;274;19;;;282;23;;;;;278.5;0.0
-2;14700;VEV_5100;164;35;163;18;;;168;9;169;15;;;166.0;0.0
-2;14700;VEV_5200;99;19;;;;;102;21;103;21;;;100.5;0.0
-2;14700;VEV_5300;54;21;;;;;56;28;;;;;55.0;0.0
-2;14700;VEV_5400;21;28;;;;;22;19;;;;;21.5;0.0
-2;14700;VEV_5500;5;20;;;;;6;28;;;;;5.5;0.0
-2;14700;VEV_6000;0;25;;;;;1;25;;;;;0.5;0.0
-2;14700;VEV_6500;0;14;;;;;1;14;;;;;0.5;0.0
-2;14800;HYDROGEL_PACK;9967;15;9965;27;;;9983;15;9986;27;;;9975.0;0.0
-2;14800;VELVETFRUIT_EXTRACT;5273;16;5272;32;5272;40;5278;56;;;;;5275.5;0.0
-2;14800;VEV_4000;1221;7;1219;19;;;1242;7;1244;19;;;1231.5;0.0
-2;14800;VEV_4500;763;11;;;;;779;11;781;14;;;771.0;0.0
-2;14800;VEV_5000;274;30;;;;;280;8;281;20;;;277.0;0.0
-2;14800;VEV_5100;163;12;;;;;168;22;169;18;;;165.5;0.0
-2;14800;VEV_5200;101;6;;;;;104;13;;;;;102.5;0.0
-2;14800;VEV_5300;53;6;52;10;;;55;28;56;13;;;54.0;0.0
-2;14800;VEV_5400;;;;;;;;;;;;;0.0;0.0
-2;14800;VEV_5500;5;29;;;;;6;18;;;;;5.5;0.0
-2;14800;VEV_6000;0;20;;;;;1;20;;;;;0.5;0.0
-2;14800;VEV_6500;0;14;;;;;1;14;;;;;0.5;0.0
-2;14900;HYDROGEL_PACK;9967;14;9965;22;;;9983;14;9986;22;;;9975.0;0.0
-2;14900;VELVETFRUIT_EXTRACT;5273;32;;;;;5278;18;5279;69;;;5275.5;0.0
-2;14900;VEV_4000;1221;11;1218;17;;;1241;11;1244;17;;;1231.0;0.0
-2;14900;VEV_4500;762;11;760;16;;;778;11;780;16;;;770.0;0.0
-2;14900;VEV_5000;275;11;274;30;;;281;18;282;22;;;278.0;0.0
-2;14900;VEV_5100;164;32;163;12;;;168;6;;;;;166.0;0.0
-2;14900;VEV_5200;100;9;;;;;;;;;;;100.0;0.0
-2;14900;VEV_5300;53;5;52;18;;;55;18;56;11;;;54.0;0.0
-2;14900;VEV_5400;21;30;;;;;23;30;;;;;22.0;0.0
-2;14900;VEV_5500;5;27;;;;;6;30;;;;;5.5;0.0
-2;14900;VEV_6000;0;21;;;;;1;21;;;;;0.5;0.0
-2;14900;VEV_6500;0;15;;;;;1;15;;;;;0.5;0.0
-2;15000;HYDROGEL_PACK;9967;14;9965;29;;;9983;14;9986;29;;;9975.0;0.0
-2;15000;VELVETFRUIT_EXTRACT;5272;33;5272;38;;;5277;24;5278;25;;;5274.5;0.0
-2;15000;VEV_4000;1221;11;1218;19;;;1241;11;1244;19;;;1231.0;0.0
-2;15000;VEV_4500;763;10;761;19;;;779;10;781;19;;;771.0;0.0
-2;15000;VEV_5000;274;12;;;;;280;12;281;14;;;277.0;0.0
-2;15000;VEV_5100;;;;;;;;;;;;;0.0;0.0
-2;15000;VEV_5200;100;12;99;27;;;;;;;;;100.0;0.0
-2;15000;VEV_5300;53;21;52;30;;;55;23;;;;;54.0;0.0
-2;15000;VEV_5400;;;;;;;;;;;;;0.0;0.0
-2;15000;VEV_5500;5;22;;;;;7;23;;;;;6.0;0.0
-2;15000;VEV_6000;0;23;;;;;1;23;;;;;0.5;0.0
-2;15000;VEV_6500;0;11;;;;;1;11;;;;;0.5;0.0
-2;15100;HYDROGEL_PACK;9965;13;9963;21;;;9981;13;9984;21;;;9973.0;0.0
-2;15100;VELVETFRUIT_EXTRACT;5273;66;;;;;5278;18;5279;71;;;5275.5;0.0
-2;15100;VEV_4000;1221;12;1218;25;;;1241;12;1244;25;;;1231.0;0.0
-2;15100;VEV_4500;765;8;763;21;;;781;8;783;21;;;773.0;0.0
-2;15100;VEV_5000;274;12;273;16;;;280;11;281;17;;;277.0;0.0
-2;15100;VEV_5100;163;12;162;18;;;168;18;;;;;165.5;0.0
-2;15100;VEV_5200;100;6;99;25;;;102;22;103;19;;;101.0;0.0
-2;15100;VEV_5300;54;20;;;;;56;9;;;;;55.0;0.0
-2;15100;VEV_5400;21;23;21;25;;;22;6;23;27;;;21.5;0.0
-2;15100;VEV_5500;5;27;;;;;7;19;;;;;6.0;0.0
-2;15100;VEV_6000;0;20;;;;;1;20;;;;;0.5;0.0
-2;15100;VEV_6500;0;14;;;;;1;14;;;;;0.5;0.0
-2;15200;HYDROGEL_PACK;9966;13;9964;24;;;9982;13;9985;24;;;9974.0;0.0
-2;15200;VELVETFRUIT_EXTRACT;5273;45;;;;;5278;19;5279;60;;;5275.5;0.0
-2;15200;VEV_4000;1222;13;1219;18;;;1242;13;1245;18;;;1232.0;0.0
-2;15200;VEV_4500;762;14;;;;;780;10;;;;;771.0;0.0
-2;15200;VEV_5000;274;12;273;21;;;280;25;;;;;277.0;0.0
-2;15200;VEV_5100;162;9;161;13;;;;;;;;;162.0;0.0
-2;15200;VEV_5200;99;21;;;;;103;22;;;;;101.0;0.0
-2;15200;VEV_5300;54;30;;;;;56;29;;;;;55.0;0.0
-2;15200;VEV_5400;;;;;;;22;27;23;16;;;22.0;0.0
-2;15200;VEV_5500;5;21;;;;;6;27;;;;;5.5;0.0
-2;15200;VEV_6000;0;21;;;;;1;21;;;;;0.5;0.0
-2;15200;VEV_6500;0;16;;;;;1;16;;;;;0.5;0.0
-2;15300;HYDROGEL_PACK;9964;21;;;;;9983;14;9985;21;;;9973.5;0.0
-2;15300;VELVETFRUIT_EXTRACT;5274;15;5273;49;;;5279;30;5280;31;;;5276.5;0.0
-2;15300;VEV_4000;1223;9;1220;30;;;1243;9;1246;30;;;1233.0;0.0
-2;15300;VEV_4500;762;13;;;;;780;11;782;13;;;771.0;0.0
-2;15300;VEV_5000;272;11;271;14;;;279;15;;;;;275.5;0.0
-2;15300;VEV_5100;162;26;161;34;;;166;10;;;;;164.0;0.0
-2;15300;VEV_5200;101;22;100;35;;;;;;;;;101.0;0.0
-2;15300;VEV_5300;54;6;;;;;56;20;;;;;55.0;0.0
-2;15300;VEV_5400;21;27;;;;;23;20;;;;;22.0;0.0
-2;15300;VEV_5500;5;22;;;;;6;17;;;;;5.5;0.0
-2;15300;VEV_6000;0;25;;;;;1;25;;;;;0.5;0.0
-2;15300;VEV_6500;0;14;;;;;1;14;;;;;0.5;0.0
-2;15400;HYDROGEL_PACK;9964;15;9962;30;;;9980;15;9983;30;;;9972.0;0.0
-2;15400;VELVETFRUIT_EXTRACT;5274;23;5273;50;;;5279;60;;;;;5276.5;0.0
-2;15400;VEV_4000;1223;7;1221;16;;;1244;7;1246;16;;;1233.5;0.0
-2;15400;VEV_4500;763;8;761;21;;;779;8;780;10;781;21;771.0;0.0
-2;15400;VEV_5000;272;12;271;24;;;278;11;279;24;;;275.0;0.0
-2;15400;VEV_5100;162;31;161;12;;;166;11;167;32;;;164.0;0.0
-2;15400;VEV_5200;;;;;;;104;8;105;12;;;104.0;0.0
-2;15400;VEV_5300;53;15;;;;;56;19;;;;;54.5;0.0
-2;15400;VEV_5400;;;;;;;23;20;;;;;23.0;0.0
-2;15400;VEV_5500;5;25;;;;;6;23;;;;;5.5;0.0
-2;15400;VEV_6000;0;26;;;;;1;26;;;;;0.5;0.0
-2;15400;VEV_6500;0;17;;;;;1;17;;;;;0.5;0.0
-2;15500;HYDROGEL_PACK;9964;11;9962;21;;;9980;11;9983;21;;;9972.0;0.0
-2;15500;VELVETFRUIT_EXTRACT;5273;34;5273;19;;;5278;19;5279;39;;;5275.5;0.0
-2;15500;VEV_4000;1222;11;1220;20;;;1243;11;1245;20;;;1232.5;0.0
-2;15500;VEV_4500;763;8;761;22;;;779;8;781;22;;;771.0;0.0
-2;15500;VEV_5000;272;6;271;30;;;278;10;;;;;275.0;0.0
-2;15500;VEV_5100;162;29;;;;;167;36;;;;;164.5;0.0
