timestamp;buyer;seller;symbol;currency;price;quantity
0;BOT_TAKER;BOT_MAKER;VEV_4000;XIRECS;1273.0;1
100;BOT_TAKER;BOT_MAKER;HYDROGEL_PACK;XIRECS;9986.0;4
100;BOT_MAKER;BOT_TAKER;VELVETFRUIT_EXTRACT;XIRECS;5260.0;4
100;BOT_MAKER;BOT_TAKER;VEV_4000;XIRECS;1253.0;3
100;BOT_MAKER;BOT_TAKER;VEV_4000;XIRECS;1253.0;1
200;BOT_MAKER;BOT_TAKER;HYDROGEL_PACK;XIRECS;9972.0;6
200;BOT_MAKER;BOT_TAKER;VEV_5500;XIRECS;6.0;2
300;BOT_MAKER;BOT_TAKER;HYDROGEL_PACK;XIRECS;9968.0;3
300;BOT_MAKER;BOT_TAKER;VEV_4000;XIRECS;1252.0;3
400;BOT_TAKER;BOT_MAKER;HYDROGEL_PACK;XIRECS;9984.0;3
400;BOT_MAKER;BOT_TAKER;VELVETFRUIT_EXTRACT;XIRECS;5261.0;12
500;BOT_MAKER;BOT_TAKER;HYDROGEL_PACK;XIRECS;9971.0;4
500;BOT_MAKER;BOT_TAKER;VEV_6000;XIRECS;0.0;3
700;BOT_TAKER;BOT_MAKER;VEV_5400;XIRECS;18.0;2
700;BOT_TAKER;BOT_MAKER;VEV_6500;XIRECS;1.0;5
800;BOT_TAKER;BOT_MAKER;HYDROGEL_PACK;XIRECS;9987.0;5
900;BOT_MAKER;BOT_TAKER;VELVETFRUIT_EXTRACT;XIRECS;5261.0;6
900;BOT_MAKER;BOT_TAKER;VEV_6000;XIRECS;0.0;2
1000;BOT_TAKER;BOT_MAKER;HYDROGEL_PACK;XIRECS;9990.0;3
1000;BOT_MAKER;BOT_TAKER;VELVETFRUIT_EXTRACT;XIRECS;5261.0;5
1100;BOT_MAKER;BOT_TAKER;VEV_5500;XIRECS;6.0;4
1200;BOT_TAKER;BOT_MAKER;HYDROGEL_PACK;XIRECS;9986.0;2
1200;BOT_MAKER;BOT_TAKER;VELVETFRUIT_EXTRACT;XIRECS;5264.0;6
1200;BOT_TAKER;BOT_MAKER;VEV_4000;XIRECS;1269.0;1
1200;SUBMISSION;BOT_TAKER;HYDROGEL_PACK;XIRECS;9971.0;2
1300;BOT_TAKER;BOT_MAKER;VEV_4000;XIRECS;1269.0;2
1400;BOT_TAKER;BOT_MAKER;HYDROGEL_PACK;XIRECS;9984.0;2
1500;BOT_MAKER;BOT_TAKER;HYDROGEL_PACK;XIRECS;9965.0;3
1500;BOT_TAKER;BOT_MAKER;VELVETFRUIT_EXTRACT;XIRECS;5268.0;5
1500;BOT_MAKER;BOT_TAKER;VEV_4000;XIRECS;1247.0;1
1500;BOT_TAKER;BOT_MAKER;VEV_5500;XIRECS;7.0;2
1600;BOT_TAKER;BOT_MAKER;HYDROGEL_PACK;XIRECS;9981.0;4
1700;BOT_MAKER;BOT_TAKER;VEV_4000;XIRECS;1247.0;3
1900;BOT_TAKER;BOT_MAKER;VELVETFRUIT_EXTRACT;XIRECS;5270.0;6
2000;BOT_TAKER;BOT_MAKER;HYDROGEL_PACK;XIRECS;9983.0;3
2000;SUBMISSION;BOT_TAKER;VELVETFRUIT_EXTRACT;XIRECS;5264.0;5
2100;BOT_TAKER;BOT_MAKER;HYDROGEL_PACK;XIRECS;9982.0;4
2200;BOT_TAKER;BOT_MAKER;VELVETFRUIT_EXTRACT;XIRECS;5270.0;7
2300;BOT_MAKER;BOT_TAKER;VEV_6500;XIRECS;0.0;4
2300;BOT_TAKER;SUBMISSION;VELVETFRUIT_EXTRACT;XIRECS;5268.0;5
2300;BOT_TAKER;BOT_MAKER;VELVETFRUIT_EXTRACT;XIRECS;5269.0;1
2400;BOT_MAKER;BOT_TAKER;VEV_4000;XIRECS;1245.0;3
2500;BOT_MAKER;BOT_TAKER;VEV_6000;XIRECS;0.0;3
2600;BOT_TAKER;BOT_MAKER;VELVETFRUIT_EXTRACT;XIRECS;5268.0;6
2600;BOT_MAKER;BOT_TAKER;VEV_4000;XIRECS;1243.0;1
2600;BOT_MAKER;BOT_TAKER;VEV_6000;XIRECS;0.0;4
2700;BOT_TAKER;SUBMISSION;VELVETFRUIT_EXTRACT;XIRECS;5267.0;5
2700;BOT_TAKER;BOT_MAKER;VELVETFRUIT_EXTRACT;XIRECS;5268.0;1
2800;BOT_TAKER;BOT_MAKER;HYDROGEL_PACK;XIRECS;9979.0;3
2800;BOT_TAKER;BOT_MAKER;VELVETFRUIT_EXTRACT;XIRECS;5267.0;4
2800;BOT_TAKER;BOT_MAKER;VEV_6500;XIRECS;1.0;4
2900;BOT_MAKER;BOT_TAKER;HYDROGEL_PACK;XIRECS;9959.0;2
3000;BOT_TAKER;BOT_MAKER;VELVETFRUIT_EXTRACT;XIRECS;5269.0;5
3000;BOT_MAKER;BOT_TAKER;VELVETFRUIT_EXTRACT;XIRECS;5264.0;4
3300;BOT_TAKER;BOT_MAKER;VEV_4000;XIRECS;1263.0;3
3400;SUBMISSION;BOT_TAKER;HYDROGEL_PACK;XIRECS;9959.0;3
3500;BOT_MAKER;BOT_TAKER;VELVETFRUIT_EXTRACT;XIRECS;5266.0;6
3500;BOT_TAKER;BOT_MAKER;VEV_4000;XIRECS;1264.0;1
3600;BOT_MAKER;BOT_TAKER;HYDROGEL_PACK;XIRECS;9959.0;6
3600;BOT_MAKER;BOT_TAKER;VELVETFRUIT_EXTRACT;XIRECS;5267.0;8
3700;BOT_TAKER;BOT_MAKER;HYDROGEL_PACK;XIRECS;9972.0;6
3800;BOT_MAKER;BOT_TAKER;VEV_5000;XIRECS;267.0;1
3800;BOT_TAKER;BOT_MAKER;VEV_5200;XIRECS;100.0;2
3900;BOT_TAKER;SUBMISSION;VEV_4000;XIRECS;1263.0;3
4000;BOT_MAKER;BOT_TAKER;HYDROGEL_PACK;XIRECS;9955.0;3
4000;BOT_TAKER;BOT_MAKER;VEV_5300;XIRECS;53.0;5
4200;BOT_TAKER;BOT_MAKER;VEV_6000;XIRECS;1.0;4
4300;BOT_TAKER;BOT_MAKER;HYDROGEL_PACK;XIRECS;9971.0;5
4300;BOT_TAKER;BOT_MAKER;HYDROGEL_PACK;XIRECS;9971.0;2
4300;BOT_MAKER;BOT_TAKER;VEV_5500;XIRECS;6.0;2
4400;BOT_TAKER;BOT_MAKER;VELVETFRUIT_EXTRACT;XIRECS;5278.0;7
4400;BOT_MAKER;BOT_TAKER;VEV_5300;XIRECS;51.0;2
4500;BOT_TAKER;BOT_MAKER;VELVETFRUIT_EXTRACT;XIRECS;5278.0;3
4500;BOT_TAKER;BOT_MAKER;VELVETFRUIT_EXTRACT;XIRECS;5278.0;8
4700;BOT_TAKER;BOT_MAKER;HYDROGEL_PACK;XIRECS;9973.0;5
4800;BOT_TAKER;BOT_MAKER;VEV_6000;XIRECS;1.0;3
4900;BOT_MAKER;BOT_TAKER;HYDROGEL_PACK;XIRECS;9954.0;3
5000;BOT_TAKER;BOT_MAKER;VELVETFRUIT_EXTRACT;XIRECS;5277.0;8
5100;BOT_TAKER;SUBMISSION;VELVETFRUIT_EXTRACT;XIRECS;5278.0;4
5200;BOT_MAKER;BOT_TAKER;VEV_4000;XIRECS;1237.0;2
5200;BOT_MAKER;BOT_TAKER;VEV_6500;XIRECS;0.0;3
5300;BOT_MAKER;BOT_TAKER;HYDROGEL_PACK;XIRECS;9948.0;5
5400;BOT_TAKER;BOT_MAKER;VELVETFRUIT_EXTRACT;XIRECS;5280.0;8
5400;BOT_MAKER;BOT_TAKER;VEV_6500;XIRECS;0.0;2
5500;BOT_TAKER;BOT_MAKER;VEV_6500;XIRECS;1.0;3
5600;BOT_MAKER;BOT_TAKER;VELVETFRUIT_EXTRACT;XIRECS;5274.0;8
5700;BOT_MAKER;BOT_TAKER;VELVETFRUIT_EXTRACT;XIRECS;5274.0;11
5700;BOT_MAKER;BOT_TAKER;VEV_4000;XIRECS;1237.0;3
5800;BOT_TAKER;BOT_MAKER;HYDROGEL_PACK;XIRECS;9964.0;4
5900;BOT_TAKER;BOT_MAKER;VELVETFRUIT_EXTRACT;XIRECS;5281.0;8
5900;SUBMISSION;BOT_TAKER;VELVETFRUIT_EXTRACT;XIRECS;5276.0;3
6000;BOT_TAKER;BOT_MAKER;VELVETFRUIT_EXTRACT;XIRECS;5280.0;3
6000;BOT_TAKER;BOT_MAKER;VEV_5300;XIRECS;53.0;3
6000;SUBMISSION;BOT_TAKER;HYDROGEL_PACK;XIRECS;9947.0;4
6100;BOT_MAKER;BOT_TAKER;HYDROGEL_PACK;XIRECS;9945.0;2
6100;BOT_TAKER;BOT_MAKER;VEV_4000;XIRECS;1259.0;3
6100;BOT_TAKER;SUBMISSION;HYDROGEL_PACK;XIRECS;9960.0;5
6100;BOT_TAKER;BOT_MAKER;HYDROGEL_PACK;XIRECS;9961.0;1
6200;BOT_MAKER;BOT_TAKER;HYDROGEL_PACK;XIRECS;9947.0;6
6200;BOT_TAKER;BOT_MAKER;VEV_5300;XIRECS;53.0;4
6200;BOT_TAKER;BOT_MAKER;VEV_5500;XIRECS;7.0;2
6400;BOT_MAKER;BOT_TAKER;VELVETFRUIT_EXTRACT;XIRECS;5276.0;4
6400;BOT_TAKER;BOT_MAKER;VEV_6000;XIRECS;1.0;2
6500;BOT_MAKER;BOT_TAKER;VELVETFRUIT_EXTRACT;XIRECS;5274.0;5
6500;BOT_TAKER;BOT_MAKER;VEV_6000;XIRECS;1.0;4
6500;BOT_TAKER;BOT_MAKER;VEV_6500;XIRECS;1.0;5
6600;BOT_MAKER;BOT_TAKER;HYDROGEL_PACK;XIRECS;9946.0;4
6600;BOT_MAKER;BOT_TAKER;VELVETFRUIT_EXTRACT;XIRECS;5274.0;7
6600;BOT_MAKER;BOT_TAKER;VELVETFRUIT_EXTRACT;XIRECS;5274.0;7
6600;BOT_MAKER;BOT_TAKER;VEV_5500;XIRECS;6.0;3
6700;BOT_MAKER;BOT_TAKER;VELVETFRUIT_EXTRACT;XIRECS;5273.0;5
6700;BOT_MAKER;BOT_TAKER;VEV_6000;XIRECS;0.0;2
6700;SUBMISSION;BOT_TAKER;HYDROGEL_PACK;XIRECS;9947.0;5
6700;BOT_MAKER;BOT_TAKER;HYDROGEL_PACK;XIRECS;9946.0;1
6800;BOT_MAKER;BOT_TAKER;VEV_5400;XIRECS;19.0;4
6800;BOT_MAKER;BOT_TAKER;VEV_6000;XIRECS;0.0;5
6800;BOT_TAKER;SUBMISSION;HYDROGEL_PACK;XIRECS;9960.0;5
6800;BOT_TAKER;SUBMISSION;VELVETFRUIT_EXTRACT;XIRECS;5276.0;5
6800;BOT_TAKER;BOT_MAKER;VELVETFRUIT_EXTRACT;XIRECS;5277.0;2
6900;BOT_TAKER;BOT_MAKER;VEV_4000;XIRECS;1260.0;1
6900;BOT_MAKER;BOT_TAKER;VEV_5500;XIRECS;6.0;5
6900;BOT_MAKER;BOT_TAKER;VEV_6000;XIRECS;0.0;2
7000;BOT_TAKER;BOT_MAKER;HYDROGEL_PACK;XIRECS;9964.0;6
7000;BOT_TAKER;BOT_MAKER;VELVETFRUIT_EXTRACT;XIRECS;5278.0;10
7000;BOT_MAKER;BOT_TAKER;VEV_6000;XIRECS;0.0;3
7000;BOT_MAKER;BOT_TAKER;VEV_6500;XIRECS;0.0;5
7000;BOT_TAKER;SUBMISSION;HYDROGEL_PACK;XIRECS;9963.0;5
7000;BOT_TAKER;BOT_MAKER;HYDROGEL_PACK;XIRECS;9964.0;1
7100;BOT_TAKER;BOT_MAKER;HYDROGEL_PACK;XIRECS;9964.0;2
7100;BOT_TAKER;BOT_MAKER;VELVETFRUIT_EXTRACT;XIRECS;5278.0;7
7100;BOT_TAKER;SUBMISSION;HYDROGEL_PACK;XIRECS;9963.0;2
7200;BOT_MAKER;BOT_TAKER;HYDROGEL_PACK;XIRECS;9949.0;6
7200;BOT_MAKER;BOT_TAKER;VEV_4000;XIRECS;1240.0;3
7200;BOT_TAKER;BOT_MAKER;VEV_5300;XIRECS;53.0;5
7300;BOT_TAKER;BOT_MAKER;VEV_4000;XIRECS;1261.0;2
7400;BOT_MAKER;BOT_TAKER;VEV_5500;XIRECS;6.0;5
7500;BOT_MAKER;BOT_TAKER;HYDROGEL_PACK;XIRECS;9950.0;3
7500;BOT_TAKER;BOT_MAKER;VELVETFRUIT_EXTRACT;XIRECS;5277.0;3
7600;BOT_MAKER;BOT_TAKER;HYDROGEL_PACK;XIRECS;9949.0;5
7600;BOT_MAKER;BOT_TAKER;VELVETFRUIT_EXTRACT;XIRECS;5272.0;5
7600;BOT_MAKER;BOT_TAKER;VELVETFRUIT_EXTRACT;XIRECS;5272.0;7
7600;BOT_MAKER;BOT_TAKER;VEV_5500;XIRECS;6.0;2
7700;BOT_TAKER;BOT_MAKER;HYDROGEL_PACK;XIRECS;9963.0;5
7700;BOT_TAKER;BOT_MAKER;VELVETFRUIT_EXTRACT;XIRECS;5279.0;5
7800;BOT_TAKER;BOT_MAKER;HYDROGEL_PACK;XIRECS;9962.0;3
7800;BOT_TAKER;BOT_MAKER;VELVETFRUIT_EXTRACT;XIRECS;5278.0;6
8000;BOT_MAKER;BOT_TAKER;HYDROGEL_PACK;XIRECS;9947.0;6
8100;BOT_MAKER;BOT_TAKER;HYDROGEL_PACK;XIRECS;9948.0;6
8100;BOT_TAKER;BOT_MAKER;VELVETFRUIT_EXTRACT;XIRECS;5279.0;7
8100;BOT_TAKER;BOT_MAKER;VEV_6000;XIRECS;1.0;5
8200;BOT_MAKER;BOT_TAKER;VELVETFRUIT_EXTRACT;XIRECS;5273.0;7
8200;BOT_MAKER;BOT_TAKER;VEV_5400;XIRECS;19.0;5
8300;BOT_TAKER;BOT_MAKER;VELVETFRUIT_EXTRACT;XIRECS;5277.0;3
8300;SUBMISSION;BOT_TAKER;VELVETFRUIT_EXTRACT;XIRECS;5273.0;4
8400;BOT_TAKER;BOT_MAKER;HYDROGEL_PACK;XIRECS;9965.0;3
8400;BOT_MAKER;BOT_TAKER;VEV_4000;XIRECS;1238.0;1
8400;BOT_TAKER;BOT_MAKER;VEV_6500;XIRECS;1.0;4
8500;BOT_TAKER;BOT_MAKER;HYDROGEL_PACK;XIRECS;9968.0;2
8500;BOT_MAKER;BOT_TAKER;VEV_4000;XIRECS;1237.0;2
8700;BOT_TAKER;BOT_MAKER;VELVETFRUIT_EXTRACT;XIRECS;5281.0;3
8800;BOT_MAKER;BOT_TAKER;VELVETFRUIT_EXTRACT;XIRECS;5276.0;8
8800;BOT_TAKER;BOT_MAKER;VEV_4000;XIRECS;1257.0;3
8800;BOT_TAKER;BOT_MAKER;VEV_5300;XIRECS;54.0;3
8900;BOT_MAKER;BOT_TAKER;VELVETFRUIT_EXTRACT;XIRECS;5274.0;4
9000;BOT_MAKER;BOT_TAKER;HYDROGEL_PACK;XIRECS;9955.0;4
9000;BOT_MAKER;BOT_TAKER;VEV_5500;XIRECS;6.0;5
9100;BOT_MAKER;BOT_TAKER;HYDROGEL_PACK;XIRECS;9954.0;4
9200;BOT_TAKER;BOT_MAKER;HYDROGEL_PACK;XIRECS;9970.0;2
9200;BOT_TAKER;BOT_MAKER;VEV_5300;XIRECS;55.0;2
9300;BOT_MAKER;BOT_TAKER;VELVETFRUIT_EXTRACT;XIRECS;5274.0;10
9300;BOT_MAKER;BOT_TAKER;VEV_6500;XIRECS;0.0;3
9400;BOT_MAKER;BOT_TAKER;VEV_5300;XIRECS;53.0;3
9400;BOT_TAKER;BOT_MAKER;VEV_5400;XIRECS;21.0;2
9400;BOT_MAKER;BOT_TAKER;VEV_5500;XIRECS;6.0;2
9500;BOT_MAKER;BOT_TAKER;VEV_4000;XIRECS;1231.0;2
9600;BOT_TAKER;BOT_MAKER;VELVETFRUIT_EXTRACT;XIRECS;5278.0;13
9700;BOT_MAKER;BOT_TAKER;HYDROGEL_PACK;XIRECS;9955.0;4
9700;BOT_TAKER;BOT_MAKER;HYDROGEL_PACK;XIRECS;9971.0;5
9800;BOT_MAKER;BOT_TAKER;VELVETFRUIT_EXTRACT;XIRECS;5273.0;7
9800;BOT_MAKER;BOT_TAKER;VEV_4000;XIRECS;1233.0;3
9800;BOT_TAKER;BOT_MAKER;VEV_5500;XIRECS;7.0;2
9800;BOT_TAKER;BOT_MAKER;VEV_6500;XIRECS;1.0;5
9900;BOT_MAKER;BOT_TAKER;HYDROGEL_PACK;XIRECS;9954.0;2
10000;BOT_MAKER;BOT_TAKER;HYDROGEL_PACK;XIRECS;9955.0;5
10000;BOT_MAKER;BOT_TAKER;VELVETFRUIT_EXTRACT;XIRECS;5271.0;5
10100;BOT_TAKER;BOT_MAKER;HYDROGEL_PACK;XIRECS;9973.0;5
10100;BOT_MAKER;BOT_TAKER;VELVETFRUIT_EXTRACT;XIRECS;5273.0;5
10100;BOT_TAKER;BOT_MAKER;VELVETFRUIT_EXTRACT;XIRECS;5279.0;7
10100;BOT_TAKER;BOT_MAKER;VEV_5500;XIRECS;7.0;4
10100;BOT_TAKER;SUBMISSION;VELVETFRUIT_EXTRACT;XIRECS;5278.0;5
10100;BOT_TAKER;BOT_MAKER;VELVETFRUIT_EXTRACT;XIRECS;5279.0;3
10200;BOT_MAKER;BOT_TAKER;VELVETFRUIT_EXTRACT;XIRECS;5273.0;3
10300;BOT_TAKER;BOT_MAKER;VELVETFRUIT_EXTRACT;XIRECS;5280.0;11
10300;BOT_TAKER;BOT_MAKER;VEV_6000;XIRECS;1.0;5
10500;BOT_MAKER;BOT_TAKER;VELVETFRUIT_EXTRACT;XIRECS;5275.0;6
10500;BOT_MAKER;BOT_TAKER;VEV_6500;XIRECS;0.0;5
10600;BOT_TAKER;BOT_MAKER;HYDROGEL_PACK;XIRECS;9982.0;2
10700;BOT_TAKER;BOT_MAKER;HYDROGEL_PACK;XIRECS;9981.0;6
10700;BOT_MAKER;BOT_TAKER;VELVETFRUIT_EXTRACT;XIRECS;5275.0;7
10700;BOT_MAKER;BOT_TAKER;VEV_5500;XIRECS;5.0;2
10800;BOT_TAKER;BOT_MAKER;VELVETFRUIT_EXTRACT;XIRECS;5280.0;4
10800;BOT_MAKER;BOT_TAKER;VEV_6000;XIRECS;0.0;2
10800;BOT_TAKER;SUBMISSION;VEV_4000;XIRECS;1250.0;1
10900;BOT_MAKER;BOT_TAKER;HYDROGEL_PACK;XIRECS;9956.0;5
10900;BOT_TAKER;BOT_MAKER;HYDROGEL_PACK;XIRECS;9975.0;3
11100;BOT_MAKER;BOT_TAKER;VELVETFRUIT_EXTRACT;XIRECS;5274.0;4
11100;BOT_MAKER;BOT_TAKER;VEV_5300;XIRECS;54.0;2
11100;BOT_TAKER;BOT_MAKER;VEV_5500;XIRECS;7.0;3
11100;BOT_TAKER;SUBMISSION;VELVETFRUIT_EXTRACT;XIRECS;5278.0;5
11100;BOT_TAKER;BOT_MAKER;VELVETFRUIT_EXTRACT;XIRECS;5279.0;4
11200;BOT_TAKER;BOT_MAKER;HYDROGEL_PACK;XIRECS;9970.0;5
11200;BOT_MAKER;BOT_TAKER;VELVETFRUIT_EXTRACT;XIRECS;5273.0;6
11300;BOT_MAKER;BOT_TAKER;HYDROGEL_PACK;XIRECS;9950.0;5
11300;BOT_TAKER;SUBMISSION;VELVETFRUIT_EXTRACT;XIRECS;5278.0;3
11400;BOT_TAKER;BOT_MAKER;HYDROGEL_PACK;XIRECS;9965.0;5
11400;BOT_MAKER;BOT_TAKER;VELVETFRUIT_EXTRACT;XIRECS;5274.0;8
11400;BOT_TAKER;BOT_MAKER;VEV_4000;XIRECS;1249.0;2
11500;BOT_TAKER;SUBMISSION;VELVETFRUIT_EXTRACT;XIRECS;5276.0;5
11500;BOT_TAKER;BOT_MAKER;VELVETFRUIT_EXTRACT;XIRECS;5277.0;2
11600;BOT_TAKER;BOT_MAKER;VELVETFRUIT_EXTRACT;XIRECS;5279.0;3
11600;BOT_MAKER;BOT_TAKER;VEV_4000;XIRECS;1230.0;3
11700;BOT_TAKER;BOT_MAKER;HYDROGEL_PACK;XIRECS;9969.0;5
11800;BOT_MAKER;BOT_TAKER;HYDROGEL_PACK;XIRECS;9954.0;5
11800;BOT_MAKER;BOT_TAKER;VELVETFRUIT_EXTRACT;XIRECS;5275.0;8
11800;BOT_TAKER;BOT_MAKER;VEV_5300;XIRECS;57.0;2
12000;BOT_TAKER;BOT_MAKER;HYDROGEL_PACK;XIRECS;9973.0;2
12000;BOT_MAKER;BOT_TAKER;VELVETFRUIT_EXTRACT;XIRECS;5275.0;8
12100;BOT_TAKER;BOT_MAKER;VELVETFRUIT_EXTRACT;XIRECS;5281.0;5
12100;BOT_TAKER;BOT_MAKER;VELVETFRUIT_EXTRACT;XIRECS;5281.0;3
12100;BOT_MAKER;BOT_TAKER;VEV_5400;XIRECS;19.0;2
12300;BOT_TAKER;BOT_MAKER;VELVETFRUIT_EXTRACT;XIRECS;5280.0;8
12300;BOT_TAKER;BOT_MAKER;VEV_6000;XIRECS;1.0;2
12400;BOT_MAKER;BOT_TAKER;HYDROGEL_PACK;XIRECS;9961.0;3
12400;BOT_TAKER;BOT_MAKER;VEV_4000;XIRECS;1246.0;3
12700;BOT_MAKER;BOT_TAKER;HYDROGEL_PACK;XIRECS;9968.0;4
12700;BOT_TAKER;BOT_MAKER;VEV_4000;XIRECS;1244.0;3
12900;BOT_MAKER;BOT_TAKER;HYDROGEL_PACK;XIRECS;9967.0;2
12900;BOT_MAKER;BOT_TAKER;VELVETFRUIT_EXTRACT;XIRECS;5275.0;5
13000;BOT_MAKER;BOT_TAKER;VELVETFRUIT_EXTRACT;XIRECS;5275.0;4
13000;BOT_TAKER;BOT_MAKER;VEV_4000;XIRECS;1245.0;1
13000;BOT_TAKER;BOT_MAKER;VEV_6500;XIRECS;1.0;4
13100;BOT_TAKER;BOT_MAKER;HYDROGEL_PACK;XIRECS;9986.0;3
13100;BOT_TAKER;BOT_MAKER;VEV_4000;XIRECS;1246.0;3
13200;BOT_TAKER;BOT_MAKER;VELVETFRUIT_EXTRACT;XIRECS;5282.0;8
13200;BOT_MAKER;BOT_TAKER;VEV_5500;XIRECS;6.0;5
13300;BOT_TAKER;BOT_MAKER;VEV_6000;XIRECS;1.0;4
13400;BOT_TAKER;BOT_MAKER;VELVETFRUIT_EXTRACT;XIRECS;5279.0;4
13500;BOT_TAKER;BOT_MAKER;VEV_5500;XIRECS;7.0;2
13700;BOT_TAKER;BOT_MAKER;VELVETFRUIT_EXTRACT;XIRECS;5280.0;10
13700;SUBMISSION;BOT_TAKER;VELVETFRUIT_EXTRACT;XIRECS;5276.0;5
13700;BOT_MAKER;BOT_TAKER;VELVETFRUIT_EXTRACT;XIRECS;5275.0;2
13800;BOT_TAKER;BOT_MAKER;VELVETFRUIT_EXTRACT;XIRECS;5277.0;7
13800;BOT_TAKER;BOT_MAKER;VELVETFRUIT_EXTRACT;XIRECS;5277.0;8
13800;SUBMISSION;BOT_TAKER;VELVETFRUIT_EXTRACT;XIRECS;5274.0;5
13800;BOT_MAKER;BOT_TAKER;VELVETFRUIT_EXTRACT;XIRECS;5273.0;1
14000;BOT_MAKER;BOT_TAKER;VELVETFRUIT_EXTRACT;XIRECS;5274.0;4
14000;BOT_TAKER;BOT_MAKER;VEV_5300;XIRECS;56.0;4
14100;BOT_MAKER;BOT_TAKER;HYDROGEL_PACK;XIRECS;9971.0;5
14100;BOT_MAKER;BOT_TAKER;VELVETFRUIT_EXTRACT;XIRECS;5273.0;7
14200;BOT_MAKER;BOT_TAKER;HYDROGEL_PACK;XIRECS;9972.0;2
14200;BOT_TAKER;BOT_MAKER;VELVETFRUIT_EXTRACT;XIRECS;5281.0;6
14200;BOT_TAKER;BOT_MAKER;VELVETFRUIT_EXTRACT;XIRECS;5281.0;5
14200;BOT_MAKER;BOT_TAKER;VEV_6500;XIRECS;0.0;5
14200;BOT_TAKER;SUBMISSION;HYDROGEL_PACK;XIRECS;9987.0;4
14300;BOT_TAKER;BOT_MAKER;VELVETFRUIT_EXTRACT;XIRECS;5279.0;5
14400;BOT_TAKER;BOT_MAKER;VELVETFRUIT_EXTRACT;XIRECS;5278.0;4
14500;BOT_TAKER;BOT_MAKER;VELVETFRUIT_EXTRACT;XIRECS;5278.0;7
14500;SUBMISSION;BOT_TAKER;VELVETFRUIT_EXTRACT;XIRECS;5273.0;5
14500;BOT_MAKER;BOT_TAKER;VELVETFRUIT_EXTRACT;XIRECS;5272.0;2
14800;BOT_TAKER;BOT_MAKER;VELVETFRUIT_EXTRACT;XIRECS;5278.0;5
14800;BOT_TAKER;SUBMISSION;VEV_4000;XIRECS;1241.0;3
14900;SUBMISSION;BOT_TAKER;VEV_4000;XIRECS;1222.0;3
15000;BOT_MAKER;BOT_TAKER;HYDROGEL_PACK;XIRECS;9967.0;5
15000;BOT_MAKER;BOT_TAKER;VELVETFRUIT_EXTRACT;XIRECS;5272.0;10
15100;BOT_TAKER;BOT_MAKER;HYDROGEL_PACK;XIRECS;9981.0;3
15100;BOT_TAKER;BOT_MAKER;VELVETFRUIT_EXTRACT;XIRECS;5278.0;3
15100;BOT_TAKER;BOT_MAKER;VEV_5500;XIRECS;7.0;4
15100;BOT_TAKER;BOT_MAKER;VEV_6500;XIRECS;1.0;5
15200;BOT_TAKER;BOT_MAKER;VEV_5500;XIRECS;6.0;3
15200;BOT_TAKER;SUBMISSION;HYDROGEL_PACK;XIRECS;9981.0;2
15300;BOT_MAKER;BOT_TAKER;VELVETFRUIT_EXTRACT;XIRECS;5274.0;7
15400;BOT_TAKER;BOT_MAKER;VELVETFRUIT_EXTRACT;XIRECS;5279.0;5
15500;BOT_MAKER;BOT_TAKER;VELVETFRUIT_EXTRACT;XIRECS;5273.0;8
15500;BOT_TAKER;BOT_MAKER;VEV_5400;XIRECS;23.0;5
15500;BOT_MAKER;BOT_TAKER;VEV_5400;XIRECS;21.0;4
15500;BOT_TAKER;BOT_MAKER;VEV_5500;XIRECS;6.0;2
15600;BOT_TAKER;BOT_MAKER;HYDROGEL_PACK;XIRECS;9981.0;3
15600;BOT_MAKER;BOT_TAKER;VEV_4000;XIRECS;1221.0;3
15700;BOT_TAKER;SUBMISSION;VEV_4000;XIRECS;1242.0;2
15800;BOT_MAKER;BOT_TAKER;HYDROGEL_PACK;XIRECS;9966.0;6
15800;BOT_TAKER;BOT_MAKER;VELVETFRUIT_EXTRACT;XIRECS;5273.0;5
15900;BOT_TAKER;BOT_MAKER;VEV_5500;XIRECS;6.0;4
16000;BOT_MAKER;BOT_TAKER;VEV_5400;XIRECS;22.0;3
16100;BOT_TAKER;BOT_MAKER;VEV_6500;XIRECS;1.0;4
16200;BOT_TAKER;BOT_MAKER;HYDROGEL_PACK;XIRECS;9987.0;2
16200;BOT_TAKER;BOT_MAKER;VELVETFRUIT_EXTRACT;XIRECS;5275.0;6
16200;BOT_TAKER;BOT_MAKER;VEV_6000;XIRECS;1.0;3
16300;BOT_TAKER;BOT_MAKER;HYDROGEL_PACK;XIRECS;9987.0;2
16300;BOT_MAKER;BOT_TAKER;VELVETFRUIT_EXTRACT;XIRECS;5269.0;6
16400;BOT_MAKER;BOT_TAKER;VELVETFRUIT_EXTRACT;XIRECS;5270.0;6
16400;BOT_TAKER;BOT_MAKER;VEV_6000;XIRECS;1.0;2
16500;BOT_TAKER;BOT_MAKER;VEV_6000;XIRECS;1.0;3
16600;BOT_MAKER;BOT_TAKER;HYDROGEL_PACK;XIRECS;9966.0;5
16600;BOT_TAKER;BOT_MAKER;VEV_4000;XIRECS;1243.0;2
16700;BOT_TAKER;BOT_MAKER;HYDROGEL_PACK;XIRECS;9983.0;5
16700;BOT_MAKER;BOT_TAKER;VEV_6500;XIRECS;0.0;3
16800;BOT_TAKER;BOT_MAKER;VELVETFRUIT_EXTRACT;XIRECS;5276.0;8
16900;BOT_MAKER;BOT_TAKER;VELVETFRUIT_EXTRACT;XIRECS;5270.0;4
17000;BOT_TAKER;BOT_MAKER;HYDROGEL_PACK;XIRECS;9983.0;6
17000;BOT_TAKER;BOT_MAKER;VELVETFRUIT_EXTRACT;XIRECS;5276.0;3
17200;BOT_TAKER;BOT_MAKER;VELVETFRUIT_EXTRACT;XIRECS;5277.0;8
17300;BOT_TAKER;SUBMISSION;VELVETFRUIT_EXTRACT;XIRECS;5277.0;5
17300;BOT_TAKER;BOT_MAKER;VELVETFRUIT_EXTRACT;XIRECS;5278.0;3
17500;BOT_TAKER;BOT_MAKER;HYDROGEL_PACK;XIRECS;9979.0;6
17500;BOT_TAKER;BOT_MAKER;VELVETFRUIT_EXTRACT;XIRECS;5278.0;4
17700;BOT_MAKER;BOT_TAKER;HYDROGEL_PACK;XIRECS;9962.0;4
17700;BOT_TAKER;BOT_MAKER;VEV_5500;XIRECS;6.0;5
17800;BOT_MAKER;BOT_TAKER;VELVETFRUIT_EXTRACT;XIRECS;5270.0;5
17800;BOT_TAKER;BOT_MAKER;VEV_5500;XIRECS;6.0;5
17900;BOT_TAKER;BOT_MAKER;VELVETFRUIT_EXTRACT;XIRECS;5276.0;8
17900;BOT_TAKER;BOT_MAKER;VEV_6000;XIRECS;1.0;5
18000;BOT_MAKER;BOT_TAKER;VELVETFRUIT_EXTRACT;XIRECS;5272.0;10
18100;BOT_TAKER;BOT_MAKER;VEV_6000;XIRECS;1.0;2
18200;BOT_TAKER;BOT_MAKER;HYDROGEL_PACK;XIRECS;9984.0;2
18200;BOT_MAKER;BOT_TAKER;VEV_6500;XIRECS;0.0;3
18300;BOT_MAKER;BOT_TAKER;VELVETFRUIT_EXTRACT;XIRECS;5274.0;5
18400;BOT_MAKER;BOT_TAKER;HYDROGEL_PACK;XIRECS;9969.0;5
18400;BOT_TAKER;BOT_MAKER;VELVETFRUIT_EXTRACT;XIRECS;5278.0;5
18500;BOT_MAKER;BOT_TAKER;VEV_4000;XIRECS;1224.0;1
18600;BOT_MAKER;BOT_TAKER;VELVETFRUIT_EXTRACT;XIRECS;5272.0;8
18600;BOT_MAKER;BOT_TAKER;VEV_4000;XIRECS;1224.0;3
18700;BOT_TAKER;BOT_MAKER;VEV_6000;XIRECS;1.0;5
18800;BOT_TAKER;SUBMISSION;VELVETFRUIT_EXTRACT;XIRECS;5274.0;3
18900;BOT_MAKER;BOT_TAKER;VEV_4000;XIRECS;1223.0;2
19000;BOT_TAKER;BOT_MAKER;VELVETFRUIT_EXTRACT;XIRECS;5278.0;4
19000;BOT_MAKER;BOT_TAKER;VEV_5300;XIRECS;58.0;2
19200;BOT_MAKER;BOT_TAKER;HYDROGEL_PACK;XIRECS;9966.0;2
19200;BOT_TAKER;BOT_MAKER;VEV_5400;XIRECS;25.0;4
19300;BOT_TAKER;BOT_MAKER;VELVETFRUIT_EXTRACT;XIRECS;5279.0;9
19500;BOT_TAKER;BOT_MAKER;HYDROGEL_PACK;XIRECS;9982.0;6
19500;BOT_MAKER;BOT_TAKER;VELVETFRUIT_EXTRACT;XIRECS;5272.0;4
19500;BOT_MAKER;BOT_TAKER;VEV_4000;XIRECS;1226.0;2
19700;BOT_TAKER;BOT_MAKER;HYDROGEL_PACK;XIRECS;9982.0;2
19700;BOT_TAKER;BOT_MAKER;VEV_6500;XIRECS;1.0;4
19800;BOT_TAKER;BOT_MAKER;HYDROGEL_PACK;XIRECS;9984.0;5
19800;BOT_TAKER;BOT_MAKER;VEV_4000;XIRECS;1246.0;2
19900;BOT_MAKER;BOT_TAKER;HYDROGEL_PACK;XIRECS;9969.0;5
20000;BOT_TAKER;BOT_MAKER;VELVETFRUIT_EXTRACT;XIRECS;5278.0;5
20000;SUBMISSION;BOT_TAKER;VELVETFRUIT_EXTRACT;XIRECS;5274.0;5
20000;BOT_MAKER;BOT_TAKER;VELVETFRUIT_EXTRACT;XIRECS;5273.0;1
20000;SUBMISSION;BOT_TAKER;VEV_4000;XIRECS;1228.0;3
20100;BOT_TAKER;BOT_MAKER;VELVETFRUIT_EXTRACT;XIRECS;5278.0;7
20200;BOT_MAKER;BOT_TAKER;HYDROGEL_PACK;XIRECS;9965.0;5
20200;BOT_TAKER;BOT_MAKER;VEV_4000;XIRECS;1246.0;1
20200;BOT_TAKER;BOT_MAKER;VEV_6000;XIRECS;1.0;3
20300;BOT_MAKER;BOT_TAKER;HYDROGEL_PACK;XIRECS;9965.0;6
20300;BOT_MAKER;BOT_TAKER;VELVETFRUIT_EXTRACT;XIRECS;5273.0;6
20300;BOT_MAKER;BOT_TAKER;VEV_6500;XIRECS;0.0;4
20400;BOT_TAKER;BOT_MAKER;HYDROGEL_PACK;XIRECS;9979.0;2
20500;BOT_MAKER;BOT_TAKER;HYDROGEL_PACK;XIRECS;9963.0;6
20700;BOT_TAKER;BOT_MAKER;VELVETFRUIT_EXTRACT;XIRECS;5278.0;6
20700;BOT_MAKER;BOT_TAKER;VEV_4000;XIRECS;1225.0;2
20800;BOT_TAKER;BOT_MAKER;HYDROGEL_PACK;XIRECS;9978.0;6
20800;BOT_MAKER;BOT_TAKER;VEV_5400;XIRECS;21.0;3
20900;BOT_TAKER;BOT_MAKER;HYDROGEL_PACK;XIRECS;9978.0;5
20900;BOT_MAKER;BOT_TAKER;VELVETFRUIT_EXTRACT;XIRECS;5277.0;8
21000;BOT_MAKER;BOT_TAKER;VELVETFRUIT_EXTRACT;XIRECS;5274.0;3
21100;BOT_MAKER;BOT_TAKER;HYDROGEL_PACK;XIRECS;9958.0;6
21100;BOT_TAKER;BOT_MAKER;VEV_4000;XIRECS;1247.0;3
21100;BOT_TAKER;BOT_MAKER;VEV_6500;XIRECS;1.0;4
21200;BOT_MAKER;BOT_TAKER;VEV_6000;XIRECS;0.0;2
21200;BOT_MAKER;BOT_TAKER;VEV_6500;XIRECS;0.0;3
21300;BOT_TAKER;BOT_MAKER;HYDROGEL_PACK;XIRECS;9970.0;6
21500;BOT_MAKER;BOT_TAKER;VELVETFRUIT_EXTRACT;XIRECS;5273.0;6
21500;BOT_TAKER;BOT_MAKER;VEV_4000;XIRECS;1246.0;3
21900;BOT_MAKER;BOT_TAKER;VELVETFRUIT_EXTRACT;XIRECS;5276.0;4
22000;BOT_TAKER;BOT_MAKER;HYDROGEL_PACK;XIRECS;9976.0;2
22000;BOT_TAKER;BOT_MAKER;VELVETFRUIT_EXTRACT;XIRECS;5282.0;8
22000;BOT_MAKER;BOT_TAKER;VEV_6000;XIRECS;0.0;3
22100;BOT_MAKER;BOT_TAKER;VELVETFRUIT_EXTRACT;XIRECS;5277.0;8
22100;SUBMISSION;BOT_TAKER;VELVETFRUIT_EXTRACT;XIRECS;5278.0;5
22100;BOT_MAKER;BOT_TAKER;VELVETFRUIT_EXTRACT;XIRECS;5277.0;2
22200;BOT_TAKER;BOT_MAKER;VELVETFRUIT_EXTRACT;XIRECS;5281.0;3
22200;BOT_MAKER;BOT_TAKER;VEV_4000;XIRECS;1223.0;1
22300;BOT_MAKER;BOT_TAKER;HYDROGEL_PACK;XIRECS;9954.0;6
22400;BOT_MAKER;BOT_TAKER;HYDROGEL_PACK;XIRECS;9953.0;2
22400;BOT_MAKER;BOT_TAKER;VELVETFRUIT_EXTRACT;XIRECS;5275.0;8
22400;BOT_MAKER;BOT_TAKER;VEV_4000;XIRECS;1221.0;3
22400;BOT_MAKER;BOT_TAKER;VEV_6000;XIRECS;0.0;2
22400;BOT_MAKER;BOT_TAKER;VEV_6000;XIRECS;0.0;4
22800;BOT_MAKER;BOT_TAKER;VEV_4000;XIRECS;1225.0;3
22900;BOT_MAKER;BOT_TAKER;VELVETFRUIT_EXTRACT;XIRECS;5272.0;3
22900;BOT_MAKER;BOT_TAKER;VELVETFRUIT_EXTRACT;XIRECS;5272.0;11
22900;BOT_MAKER;BOT_TAKER;VEV_6000;XIRECS;0.0;5
23000;BOT_TAKER;BOT_MAKER;HYDROGEL_PACK;XIRECS;9967.0;3
23000;BOT_TAKER;BOT_MAKER;VELVETFRUIT_EXTRACT;XIRECS;5276.0;7
23100;BOT_TAKER;BOT_MAKER;VELVETFRUIT_EXTRACT;XIRECS;5275.0;4
23100;BOT_MAKER;BOT_TAKER;VELVETFRUIT_EXTRACT;XIRECS;5270.0;8
23100;BOT_MAKER;BOT_TAKER;VEV_5500;XIRECS;5.0;4
23200;BOT_TAKER;BOT_MAKER;HYDROGEL_PACK;XIRECS;9970.0;2
23200;BOT_TAKER;BOT_MAKER;VELVETFRUIT_EXTRACT;XIRECS;5275.0;8
23300;BOT_MAKER;BOT_TAKER;VELVETFRUIT_EXTRACT;XIRECS;5270.0;8
23300;BOT_TAKER;BOT_MAKER;VEV_5500;XIRECS;7.0;4
23300;BOT_MAKER;BOT_TAKER;VEV_6500;XIRECS;0.0;3
23500;BOT_TAKER;SUBMISSION;VEV_4000;XIRECS;1242.0;2
23600;BOT_MAKER;BOT_TAKER;VEV_6500;XIRECS;0.0;2
23700;BOT_TAKER;BOT_MAKER;VELVETFRUIT_EXTRACT;XIRECS;5276.0;14
23800;BOT_TAKER;BOT_MAKER;HYDROGEL_PACK;XIRECS;9968.0;5
23900;BOT_MAKER;BOT_TAKER;HYDROGEL_PACK;XIRECS;9950.0;5
24100;BOT_MAKER;BOT_TAKER;VEV_4000;XIRECS;1224.0;2
24200;BOT_TAKER;BOT_MAKER;VELVETFRUIT_EXTRACT;XIRECS;5277.0;8
24200;BOT_TAKER;BOT_MAKER;VELVETFRUIT_EXTRACT;XIRECS;5277.0;4
24300;BOT_TAKER;BOT_MAKER;HYDROGEL_PACK;XIRECS;9963.0;2
24300;BOT_TAKER;BOT_MAKER;VELVETFRUIT_EXTRACT;XIRECS;5277.0;3
24300;SUBMISSION;BOT_TAKER;VEV_4000;XIRECS;1225.0;2
24400;BOT_MAKER;BOT_TAKER;VEV_5500;XIRECS;5.0;5
24400;BOT_MAKER;BOT_TAKER;VEV_6500;XIRECS;0.0;2
24500;BOT_TAKER;BOT_MAKER;VELVETFRUIT_EXTRACT;XIRECS;5279.0;6
24500;BOT_TAKER;BOT_MAKER;VEV_4000;XIRECS;1245.0;1
24700;BOT_MAKER;BOT_TAKER;VELVETFRUIT_EXTRACT;XIRECS;5271.0;7
24700;BOT_MAKER;BOT_TAKER;VELVETFRUIT_EXTRACT;XIRECS;5271.0;8
24800;BOT_TAKER;BOT_MAKER;HYDROGEL_PACK;XIRECS;9964.0;3
24800;BOT_MAKER;BOT_TAKER;VELVETFRUIT_EXTRACT;XIRECS;5271.0;6
24900;BOT_MAKER;BOT_TAKER;VEV_5500;XIRECS;5.0;3
25000;BOT_TAKER;BOT_MAKER;VEV_5500;XIRECS;6.0;4
25100;BOT_MAKER;BOT_TAKER;HYDROGEL_PACK;XIRECS;9945.0;4
25100;BOT_TAKER;BOT_MAKER;VELVETFRUIT_EXTRACT;XIRECS;5276.0;5
25100;BOT_MAKER;BOT_TAKER;VEV_6500;XIRECS;0.0;4
25200;BOT_MAKER;BOT_TAKER;HYDROGEL_PACK;XIRECS;9944.0;5
25200;BOT_TAKER;BOT_MAKER;VELVETFRUIT_EXTRACT;XIRECS;5277.0;5
25300;BOT_MAKER;BOT_TAKER;VELVETFRUIT_EXTRACT;XIRECS;5271.0;8
25300;SUBMISSION;BOT_TAKER;VELVETFRUIT_EXTRACT;XIRECS;5272.0;5
25300;BOT_MAKER;BOT_TAKER;VELVETFRUIT_EXTRACT;XIRECS;5271.0;3
25400;BOT_MAKER;BOT_TAKER;HYDROGEL_PACK;XIRECS;9944.0;2
25400;SUBMISSION;BOT_TAKER;HYDROGEL_PACK;XIRECS;9945.0;5
25500;BOT_TAKER;BOT_MAKER;HYDROGEL_PACK;XIRECS;9966.0;4
25500;BOT_MAKER;BOT_TAKER;VELVETFRUIT_EXTRACT;XIRECS;5272.0;3
25500;SUBMISSION;BOT_TAKER;VELVETFRUIT_EXTRACT;XIRECS;5273.0;4
25600;BOT_MAKER;BOT_TAKER;VELVETFRUIT_EXTRACT;XIRECS;5273.0;3
25700;BOT_MAKER;BOT_TAKER;HYDROGEL_PACK;XIRECS;9945.0;5
25700;BOT_MAKER;BOT_TAKER;VEV_6000;XIRECS;0.0;2
25900;BOT_MAKER;BOT_TAKER;VEV_4000;XIRECS;1231.0;1
26000;BOT_MAKER;BOT_TAKER;HYDROGEL_PACK;XIRECS;9941.0;2
26100;BOT_MAKER;BOT_TAKER;VELVETFRUIT_EXTRACT;XIRECS;5272.0;5
26100;BOT_TAKER;BOT_MAKER;VEV_4000;XIRECS;1251.0;3
26100;BOT_MAKER;BOT_TAKER;VEV_6500;XIRECS;0.0;2
26200;BOT_TAKER;BOT_MAKER;HYDROGEL_PACK;XIRECS;9958.0;6
26200;BOT_TAKER;BOT_MAKER;VELVETFRUIT_EXTRACT;XIRECS;5279.0;3
26200;BOT_TAKER;BOT_MAKER;VEV_5400;XIRECS;24.0;5
26200;SUBMISSION;BOT_TAKER;VELVETFRUIT_EXTRACT;XIRECS;5275.0;5
26200;BOT_MAKER;BOT_TAKER;VELVETFRUIT_EXTRACT;XIRECS;5274.0;4
26300;BOT_MAKER;BOT_TAKER;VEV_4000;XIRECS;1231.0;1
26300;SUBMISSION;BOT_TAKER;HYDROGEL_PACK;XIRECS;9943.0;4
26500;BOT_TAKER;BOT_MAKER;HYDROGEL_PACK;XIRECS;9960.0;2
26500;BOT_MAKER;BOT_TAKER;VEV_6500;XIRECS;0.0;2
26600;BOT_TAKER;BOT_MAKER;HYDROGEL_PACK;XIRECS;9958.0;2
26600;BOT_MAKER;BOT_TAKER;VEV_5300;XIRECS;55.0;4
26600;BOT_TAKER;BOT_MAKER;VEV_5400;XIRECS;25.0;4
26600;BOT_MAKER;BOT_TAKER;VEV_6000;XIRECS;0.0;2
26700;BOT_TAKER;SUBMISSION;VELVETFRUIT_EXTRACT;XIRECS;5279.0;5
26700;BOT_TAKER;BOT_MAKER;VELVETFRUIT_EXTRACT;XIRECS;5280.0;1
26800;BOT_MAKER;BOT_TAKER;HYDROGEL_PACK;XIRECS;9946.0;6
26800;BOT_MAKER;BOT_TAKER;VEV_5300;XIRECS;56.0;5
26900;BOT_MAKER;BOT_TAKER;HYDROGEL_PACK;XIRECS;9945.0;6
26900;BOT_MAKER;BOT_TAKER;VEV_4000;XIRECS;1234.0;2
26900;BOT_MAKER;BOT_TAKER;VEV_5500;XIRECS;5.0;4
27000;BOT_MAKER;BOT_TAKER;VELVETFRUIT_EXTRACT;XIRECS;5277.0;5
27000;BOT_TAKER;BOT_MAKER;VELVETFRUIT_EXTRACT;XIRECS;5283.0;6
27000;BOT_MAKER;BOT_TAKER;VEV_5500;XIRECS;5.0;4
27200;BOT_TAKER;BOT_MAKER;VELVETFRUIT_EXTRACT;XIRECS;5281.0;8
27500;BOT_TAKER;BOT_MAKER;HYDROGEL_PACK;XIRECS;9962.0;4
27500;BOT_MAKER;BOT_TAKER;VELVETFRUIT_EXTRACT;XIRECS;5274.0;8
27600;BOT_TAKER;BOT_MAKER;VELVETFRUIT_EXTRACT;XIRECS;5279.0;8
27600;BOT_TAKER;BOT_MAKER;VEV_4000;XIRECS;1250.0;3
27700;BOT_MAKER;BOT_TAKER;HYDROGEL_PACK;XIRECS;9947.0;4
27700;BOT_MAKER;BOT_TAKER;VELVETFRUIT_EXTRACT;XIRECS;5275.0;3
27700;BOT_MAKER;BOT_TAKER;VEV_5400;XIRECS;23.0;3
27800;BOT_TAKER;BOT_MAKER;VELVETFRUIT_EXTRACT;XIRECS;5280.0;8
27900;BOT_TAKER;BOT_MAKER;VELVETFRUIT_EXTRACT;XIRECS;5279.0;7
28100;BOT_MAKER;BOT_TAKER;HYDROGEL_PACK;XIRECS;9949.0;5
28100;BOT_TAKER;BOT_MAKER;VELVETFRUIT_EXTRACT;XIRECS;5277.0;7
28100;BOT_MAKER;BOT_TAKER;VEV_5300;XIRECS;58.0;3
28100;BOT_MAKER;BOT_TAKER;VEV_6000;XIRECS;0.0;5
28200;BOT_TAKER;BOT_MAKER;HYDROGEL_PACK;XIRECS;9964.0;3
28200;BOT_MAKER;BOT_TAKER;VELVETFRUIT_EXTRACT;XIRECS;5273.0;5
28200;BOT_MAKER;BOT_TAKER;VEV_6500;XIRECS;0.0;5
28400;BOT_MAKER;BOT_TAKER;VEV_4000;XIRECS;1228.0;2
28500;BOT_MAKER;BOT_TAKER;HYDROGEL_PACK;XIRECS;9947.0;4
28500;BOT_MAKER;BOT_TAKER;VELVETFRUIT_EXTRACT;XIRECS;5276.0;4
28600;BOT_MAKER;BOT_TAKER;VEV_4000;XIRECS;1229.0;2
28700;BOT_MAKER;BOT_TAKER;HYDROGEL_PACK;XIRECS;9953.0;2
28700;BOT_MAKER;BOT_TAKER;VELVETFRUIT_EXTRACT;XIRECS;5277.0;3
28800;BOT_TAKER;BOT_MAKER;VEV_6500;XIRECS;1.0;5
28900;BOT_TAKER;BOT_MAKER;VELVETFRUIT_EXTRACT;XIRECS;5282.0;5
28900;BOT_MAKER;BOT_TAKER;VEV_5500;XIRECS;5.0;2
28900;SUBMISSION;BOT_TAKER;HYDROGEL_PACK;XIRECS;9954.0;5
29000;BOT_TAKER;BOT_MAKER;HYDROGEL_PACK;XIRECS;9970.0;2
29000;BOT_TAKER;BOT_MAKER;VELVETFRUIT_EXTRACT;XIRECS;5284.0;6
29000;BOT_TAKER;BOT_MAKER;VEV_5300;XIRECS;59.0;5
29100;BOT_TAKER;BOT_MAKER;VELVETFRUIT_EXTRACT;XIRECS;5282.0;6
29100;BOT_TAKER;BOT_MAKER;VEV_5400;XIRECS;24.0;3
29100;BOT_MAKER;BOT_TAKER;VEV_5500;XIRECS;5.0;2
29300;BOT_MAKER;BOT_TAKER;VELVETFRUIT_EXTRACT;XIRECS;5277.0;6
29300;BOT_TAKER;BOT_MAKER;VEV_6000;XIRECS;1.0;3
29500;BOT_MAKER;BOT_TAKER;HYDROGEL_PACK;XIRECS;9952.0;5
29700;BOT_MAKER;BOT_TAKER;VELVETFRUIT_EXTRACT;XIRECS;5277.0;7
29700;BOT_MAKER;BOT_TAKER;VEV_4000;XIRECS;1237.0;2
29800;BOT_TAKER;BOT_MAKER;HYDROGEL_PACK;XIRECS;9966.0;4
29800;BOT_MAKER;BOT_TAKER;VELVETFRUIT_EXTRACT;XIRECS;5278.0;5
29800;BOT_TAKER;BOT_MAKER;VEV_6500;XIRECS;1.0;3
29800;BOT_TAKER;SUBMISSION;VELVETFRUIT_EXTRACT;XIRECS;5283.0;5
29800;BOT_TAKER;BOT_MAKER;VELVETFRUIT_EXTRACT;XIRECS;5284.0;1
30000;BOT_TAKER;BOT_MAKER;VELVETFRUIT_EXTRACT;XIRECS;5284.0;9
30100;BOT_MAKER;BOT_TAKER;HYDROGEL_PACK;XIRECS;9945.0;5
30100;BOT_MAKER;BOT_TAKER;VELVETFRUIT_EXTRACT;XIRECS;5281.0;3
30200;BOT_TAKER;BOT_MAKER;HYDROGEL_PACK;XIRECS;9964.0;2
30200;BOT_MAKER;BOT_TAKER;VELVETFRUIT_EXTRACT;XIRECS;5281.0;14
30300;BOT_MAKER;BOT_TAKER;VELVETFRUIT_EXTRACT;XIRECS;5281.0;8
30500;BOT_MAKER;BOT_TAKER;VELVETFRUIT_EXTRACT;XIRECS;5280.0;15
30500;BOT_MAKER;BOT_TAKER;VELVETFRUIT_EXTRACT;XIRECS;5280.0;2
30500;BOT_MAKER;BOT_TAKER;VELVETFRUIT_EXTRACT;XIRECS;5279.0;4
30600;BOT_TAKER;BOT_MAKER;HYDROGEL_PACK;XIRECS;9958.0;2
30600;BOT_TAKER;BOT_MAKER;VELVETFRUIT_EXTRACT;XIRECS;5287.0;8
30700;BOT_MAKER;BOT_TAKER;HYDROGEL_PACK;XIRECS;9941.0;4
30700;BOT_TAKER;BOT_MAKER;VELVETFRUIT_EXTRACT;XIRECS;5286.0;6
30700;BOT_TAKER;BOT_MAKER;VEV_5300;XIRECS;60.0;4
30700;BOT_TAKER;BOT_MAKER;VEV_6500;XIRECS;1.0;5
30700;SUBMISSION;BOT_TAKER;HYDROGEL_PACK;XIRECS;9942.0;5
30800;BOT_TAKER;BOT_MAKER;HYDROGEL_PACK;XIRECS;9953.0;5
30800;BOT_TAKER;BOT_MAKER;VELVETFRUIT_EXTRACT;XIRECS;5286.0;6
30800;BOT_MAKER;BOT_TAKER;VEV_6500;XIRECS;0.0;4
30900;BOT_TAKER;SUBMISSION;VEV_4000;XIRECS;1257.0;2
31100;BOT_MAKER;BOT_TAKER;VELVETFRUIT_EXTRACT;XIRECS;5282.0;3
31200;BOT_MAKER;BOT_TAKER;VELVETFRUIT_EXTRACT;XIRECS;5282.0;4
31300;BOT_MAKER;BOT_TAKER;HYDROGEL_PACK;XIRECS;9939.0;2
31300;BOT_TAKER;BOT_MAKER;VELVETFRUIT_EXTRACT;XIRECS;5287.0;5
31400;BOT_MAKER;BOT_TAKER;VELVETFRUIT_EXTRACT;XIRECS;5280.0;6
31500;BOT_MAKER;BOT_TAKER;VEV_4000;XIRECS;1238.0;1
31600;BOT_MAKER;BOT_TAKER;VELVETFRUIT_EXTRACT;XIRECS;5281.0;8
31700;BOT_MAKER;BOT_TAKER;HYDROGEL_PACK;XIRECS;9937.0;3
31700;BOT_TAKER;BOT_MAKER;VELVETFRUIT_EXTRACT;XIRECS;5286.0;6
31700;BOT_TAKER;BOT_MAKER;VEV_4000;XIRECS;1259.0;3
31700;BOT_TAKER;BOT_MAKER;VEV_5300;XIRECS;61.0;5
31700;BOT_TAKER;BOT_MAKER;VEV_5500;XIRECS;6.0;3
31800;BOT_MAKER;BOT_TAKER;VELVETFRUIT_EXTRACT;XIRECS;5281.0;7
31900;BOT_MAKER;BOT_TAKER;VELVETFRUIT_EXTRACT;XIRECS;5280.0;7
31900;BOT_TAKER;BOT_MAKER;VEV_5500;XIRECS;6.0;2
32100;BOT_MAKER;BOT_TAKER;HYDROGEL_PACK;XIRECS;9932.0;3
32200;BOT_TAKER;BOT_MAKER;VELVETFRUIT_EXTRACT;XIRECS;5287.0;7
32200;BOT_TAKER;SUBMISSION;VELVETFRUIT_EXTRACT;XIRECS;5286.0;5
32200;BOT_TAKER;BOT_MAKER;VELVETFRUIT_EXTRACT;XIRECS;5287.0;8
32500;BOT_MAKER;BOT_TAKER;VELVETFRUIT_EXTRACT;XIRECS;5281.0;4
32500;BOT_TAKER;BOT_MAKER;VEV_6500;XIRECS;1.0;5
32600;BOT_MAKER;BOT_TAKER;VELVETFRUIT_EXTRACT;XIRECS;5282.0;3
32600;BOT_TAKER;BOT_MAKER;VEV_6000;XIRECS;1.0;2
32700;BOT_MAKER;BOT_TAKER;VELVETFRUIT_EXTRACT;XIRECS;5281.0;11
32800;BOT_MAKER;BOT_TAKER;VELVETFRUIT_EXTRACT;XIRECS;5281.0;6
33200;BOT_MAKER;BOT_TAKER;HYDROGEL_PACK;XIRECS;9928.0;6
33200;BOT_TAKER;BOT_MAKER;VEV_5500;XIRECS;6.0;2
33200;BOT_TAKER;SUBMISSION;VELVETFRUIT_EXTRACT;XIRECS;5284.0;5
33200;BOT_TAKER;BOT_MAKER;VELVETFRUIT_EXTRACT;XIRECS;5285.0;2
33400;BOT_MAKER;BOT_TAKER;VELVETFRUIT_EXTRACT;XIRECS;5280.0;8
33500;BOT_TAKER;BOT_MAKER;HYDROGEL_PACK;XIRECS;9948.0;3
33500;BOT_TAKER;BOT_MAKER;VEV_4000;XIRECS;1249.0;2
33700;BOT_TAKER;BOT_MAKER;VEV_6500;XIRECS;1.0;2
33800;BOT_TAKER;BOT_MAKER;VEV_4000;XIRECS;1247.0;3
33800;SUBMISSION;BOT_TAKER;HYDROGEL_PACK;XIRECS;9942.0;2
33900;BOT_MAKER;BOT_TAKER;HYDROGEL_PACK;XIRECS;9941.0;3
34100;BOT_MAKER;BOT_TAKER;HYDROGEL_PACK;XIRECS;9937.0;2
34100;BOT_TAKER;BOT_MAKER;VEV_6000;XIRECS;1.0;4
34200;BOT_TAKER;BOT_MAKER;HYDROGEL_PACK;XIRECS;9954.0;4
34200;BOT_TAKER;BOT_MAKER;VELVETFRUIT_EXTRACT;XIRECS;5283.0;7
34200;BOT_MAKER;BOT_TAKER;VEV_5400;XIRECS;24.0;5
34300;BOT_MAKER;BOT_TAKER;HYDROGEL_PACK;XIRECS;9938.0;3
34300;BOT_MAKER;BOT_TAKER;VEV_5500;XIRECS;5.0;3
34400;BOT_TAKER;BOT_MAKER;HYDROGEL_PACK;XIRECS;9956.0;5
34400;BOT_TAKER;BOT_MAKER;VELVETFRUIT_EXTRACT;XIRECS;5280.0;4
34600;BOT_MAKER;BOT_TAKER;HYDROGEL_PACK;XIRECS;9940.0;4
34700;BOT_MAKER;BOT_TAKER;VEV_6500;XIRECS;0.0;4
34900;BOT_TAKER;BOT_MAKER;VELVETFRUIT_EXTRACT;XIRECS;5278.0;3
34900;BOT_TAKER;BOT_MAKER;VEV_4000;XIRECS;1245.0;2
35000;BOT_TAKER;BOT_MAKER;VELVETFRUIT_EXTRACT;XIRECS;5278.0;6
35000;BOT_TAKER;SUBMISSION;HYDROGEL_PACK;XIRECS;9952.0;5
35100;BOT_MAKER;BOT_TAKER;VEV_5400;XIRECS;24.0;4
35200;BOT_MAKER;BOT_TAKER;HYDROGEL_PACK;XIRECS;9939.0;6
35200;BOT_TAKER;BOT_MAKER;VELVETFRUIT_EXTRACT;XIRECS;5278.0;6
35200;SUBMISSION;BOT_TAKER;VELVETFRUIT_EXTRACT;XIRECS;5273.0;4
35300;BOT_MAKER;BOT_TAKER;HYDROGEL_PACK;XIRECS;9936.0;6
35400;BOT_MAKER;BOT_TAKER;VELVETFRUIT_EXTRACT;XIRECS;5274.0;6
35500;BOT_MAKER;BOT_TAKER;VEV_6000;XIRECS;0.0;2
35500;BOT_MAKER;BOT_TAKER;VEV_6500;XIRECS;0.0;3
35600;BOT_TAKER;BOT_MAKER;VELVETFRUIT_EXTRACT;XIRECS;5281.0;5
35700;BOT_MAKER;BOT_TAKER;VEV_6000;XIRECS;0.0;3
35700;BOT_TAKER;SUBMISSION;VELVETFRUIT_EXTRACT;XIRECS;5279.0;5
35700;BOT_TAKER;BOT_MAKER;VELVETFRUIT_EXTRACT;XIRECS;5280.0;1
35800;BOT_MAKER;BOT_TAKER;VELVETFRUIT_EXTRACT;XIRECS;5275.0;5
35800;BOT_TAKER;BOT_MAKER;VEV_6000;XIRECS;1.0;4
35800;SUBMISSION;BOT_TAKER;VELVETFRUIT_EXTRACT;XIRECS;5276.0;3
35900;BOT_MAKER;BOT_TAKER;HYDROGEL_PACK;XIRECS;9929.0;4
35900;BOT_TAKER;BOT_MAKER;VEV_6500;XIRECS;1.0;5
36000;BOT_MAKER;BOT_TAKER;VELVETFRUIT_EXTRACT;XIRECS;5273.0;7
36000;BOT_TAKER;BOT_MAKER;VEV_4000;XIRECS;1246.0;1
36100;BOT_MAKER;BOT_TAKER;HYDROGEL_PACK;XIRECS;9931.0;3
36100;BOT_MAKER;BOT_TAKER;VEV_5300;XIRECS;58.0;4
36100;BOT_MAKER;BOT_TAKER;VEV_6000;XIRECS;0.0;2
36100;BOT_TAKER;BOT_MAKER;VEV_6500;XIRECS;1.0;3
36200;BOT_TAKER;BOT_MAKER;VELVETFRUIT_EXTRACT;XIRECS;5279.0;4
36200;BOT_MAKER;BOT_TAKER;VEV_4000;XIRECS;1227.0;2
36300;BOT_TAKER;BOT_MAKER;VEV_4000;XIRECS;1248.0;2
36400;BOT_MAKER;BOT_TAKER;HYDROGEL_PACK;XIRECS;9924.0;5
36400;BOT_MAKER;BOT_TAKER;VELVETFRUIT_EXTRACT;XIRECS;5274.0;3
36500;BOT_MAKER;BOT_TAKER;VEV_5400;XIRECS;25.0;4
36600;BOT_MAKER;BOT_TAKER;VELVETFRUIT_EXTRACT;XIRECS;5274.0;11
36600;BOT_MAKER;BOT_TAKER;VEV_4000;XIRECS;1227.0;2
36800;BOT_MAKER;BOT_TAKER;HYDROGEL_PACK;XIRECS;9929.0;5
36800;BOT_TAKER;BOT_MAKER;VELVETFRUIT_EXTRACT;XIRECS;5280.0;5
37000;BOT_TAKER;BOT_MAKER;HYDROGEL_PACK;XIRECS;9944.0;4
37000;BOT_TAKER;BOT_MAKER;VELVETFRUIT_EXTRACT;XIRECS;5281.0;4
37100;BOT_TAKER;BOT_MAKER;VEV_6000;XIRECS;1.0;4
37200;BOT_TAKER;BOT_MAKER;VELVETFRUIT_EXTRACT;XIRECS;5285.0;9
37200;BOT_TAKER;SUBMISSION;VELVETFRUIT_EXTRACT;XIRECS;5284.0;3
37300;BOT_TAKER;BOT_MAKER;VELVETFRUIT_EXTRACT;XIRECS;5285.0;7
37300;BOT_MAKER;BOT_TAKER;VEV_5500;XIRECS;5.0;4
37300;SUBMISSION;BOT_TAKER;HYDROGEL_PACK;XIRECS;9937.0;5
37400;BOT_TAKER;BOT_MAKER;HYDROGEL_PACK;XIRECS;9951.0;5
37400;BOT_MAKER;BOT_TAKER;VEV_6500;XIRECS;0.0;2
37400;BOT_TAKER;SUBMISSION;VELVETFRUIT_EXTRACT;XIRECS;5285.0;5
37400;BOT_TAKER;BOT_MAKER;VELVETFRUIT_EXTRACT;XIRECS;5286.0;2
37600;BOT_MAKER;BOT_TAKER;HYDROGEL_PACK;XIRECS;9931.0;3
37600;BOT_MAKER;BOT_TAKER;VEV_4000;XIRECS;1228.0;2
37600;BOT_TAKER;BOT_MAKER;VEV_5300;XIRECS;58.0;4
37700;BOT_MAKER;BOT_TAKER;VELVETFRUIT_EXTRACT;XIRECS;5282.0;6
37800;BOT_TAKER;BOT_MAKER;HYDROGEL_PACK;XIRECS;9943.0;5
37800;BOT_TAKER;BOT_MAKER;VELVETFRUIT_EXTRACT;XIRECS;5287.0;5
37900;BOT_TAKER;BOT_MAKER;VELVETFRUIT_EXTRACT;XIRECS;5288.0;6
38000;BOT_MAKER;BOT_TAKER;HYDROGEL_PACK;XIRECS;9929.0;5
38100;BOT_TAKER;BOT_MAKER;VELVETFRUIT_EXTRACT;XIRECS;5287.0;3
38100;BOT_TAKER;SUBMISSION;HYDROGEL_PACK;XIRECS;9945.0;3
38100;SUBMISSION;BOT_TAKER;VELVETFRUIT_EXTRACT;XIRECS;5282.0;5
38100;BOT_MAKER;BOT_TAKER;VELVETFRUIT_EXTRACT;XIRECS;5281.0;3
38300;BOT_TAKER;BOT_MAKER;VELVETFRUIT_EXTRACT;XIRECS;5287.0;3
38300;BOT_TAKER;BOT_MAKER;VELVETFRUIT_EXTRACT;XIRECS;5287.0;3
38300;BOT_TAKER;BOT_MAKER;VEV_4000;XIRECS;1247.0;3
38400;BOT_TAKER;BOT_MAKER;HYDROGEL_PACK;XIRECS;9946.0;5
38500;BOT_TAKER;BOT_MAKER;VEV_4000;XIRECS;1246.0;3
38600;BOT_TAKER;BOT_MAKER;VEV_5300;XIRECS;59.0;2
38700;BOT_TAKER;BOT_MAKER;VELVETFRUIT_EXTRACT;XIRECS;5284.0;5
38800;BOT_TAKER;BOT_MAKER;HYDROGEL_PACK;XIRECS;9940.0;3
38800;BOT_TAKER;BOT_MAKER;VELVETFRUIT_EXTRACT;XIRECS;5283.0;6
39000;BOT_TAKER;BOT_MAKER;VEV_4000;XIRECS;1248.0;1
39100;BOT_MAKER;BOT_TAKER;HYDROGEL_PACK;XIRECS;9924.0;3
39100;BOT_MAKER;BOT_TAKER;VELVETFRUIT_EXTRACT;XIRECS;5280.0;7
39200;BOT_TAKER;BOT_MAKER;HYDROGEL_PACK;XIRECS;9942.0;3
39200;BOT_MAKER;BOT_TAKER;VEV_5300;XIRECS;55.0;3
39400;BOT_MAKER;BOT_TAKER;HYDROGEL_PACK;XIRECS;9925.0;3
39400;BOT_MAKER;BOT_TAKER;VEV_4000;XIRECS;1228.0;2
39400;BOT_TAKER;BOT_MAKER;VEV_5400;XIRECS;27.0;4
39400;SUBMISSION;BOT_TAKER;VELVETFRUIT_EXTRACT;XIRECS;5282.0;5
39500;BOT_MAKER;BOT_TAKER;VEV_4000;XIRECS;1230.0;2
39500;BOT_MAKER;BOT_TAKER;VEV_6500;XIRECS;0.0;5
39600;BOT_MAKER;BOT_TAKER;HYDROGEL_PACK;XIRECS;9925.0;5
39600;BOT_TAKER;SUBMISSION;VELVETFRUIT_EXTRACT;XIRECS;5284.0;5
39600;BOT_TAKER;BOT_MAKER;VELVETFRUIT_EXTRACT;XIRECS;5285.0;1
39700;BOT_TAKER;BOT_MAKER;VEV_4000;XIRECS;1252.0;3
39800;BOT_TAKER;BOT_MAKER;VEV_6500;XIRECS;1.0;4
39900;BOT_MAKER;BOT_TAKER;VELVETFRUIT_EXTRACT;XIRECS;5281.0;8
39900;BOT_TAKER;SUBMISSION;VELVETFRUIT_EXTRACT;XIRECS;5285.0;5
40100;BOT_TAKER;BOT_MAKER;VEV_5400;XIRECS;27.0;5
40200;BOT_MAKER;BOT_TAKER;VELVETFRUIT_EXTRACT;XIRECS;5283.0;6
40200;BOT_TAKER;BOT_MAKER;VEV_6000;XIRECS;1.0;5
40300;BOT_TAKER;BOT_MAKER;VELVETFRUIT_EXTRACT;XIRECS;5289.0;8
40400;BOT_TAKER;BOT_MAKER;VEV_4000;XIRECS;1251.0;2
40500;BOT_TAKER;BOT_MAKER;VELVETFRUIT_EXTRACT;XIRECS;5287.0;7
40500;BOT_MAKER;BOT_TAKER;VEV_6000;XIRECS;0.0;4
40600;BOT_TAKER;BOT_MAKER;VEV_6500;XIRECS;1.0;2
40700;BOT_TAKER;BOT_MAKER;VELVETFRUIT_EXTRACT;XIRECS;5288.0;7
40700;BOT_TAKER;SUBMISSION;HYDROGEL_PACK;XIRECS;9953.0;5
40800;BOT_MAKER;BOT_TAKER;HYDROGEL_PACK;XIRECS;9935.0;3
40900;BOT_MAKER;BOT_TAKER;VEV_6000;XIRECS;0.0;5
41200;BOT_MAKER;BOT_TAKER;HYDROGEL_PACK;XIRECS;9932.0;4
41200;BOT_MAKER;BOT_TAKER;VELVETFRUIT_EXTRACT;XIRECS;5281.0;8
41200;BOT_MAKER;BOT_TAKER;VEV_5500;XIRECS;5.0;3
41200;BOT_TAKER;BOT_MAKER;VEV_6000;XIRECS;1.0;5
41400;BOT_MAKER;BOT_TAKER;VELVETFRUIT_EXTRACT;XIRECS;5281.0;5
41400;BOT_MAKER;BOT_TAKER;VEV_5400;XIRECS;25.0;5
41400;BOT_TAKER;BOT_MAKER;VEV_5400;XIRECS;27.0;5
41500;BOT_TAKER;BOT_MAKER;VELVETFRUIT_EXTRACT;XIRECS;5287.0;7
41500;BOT_MAKER;BOT_TAKER;VEV_5300;XIRECS;56.0;4
41600;BOT_MAKER;BOT_TAKER;HYDROGEL_PACK;XIRECS;9938.0;2
41600;BOT_TAKER;BOT_MAKER;VELVETFRUIT_EXTRACT;XIRECS;5288.0;5
41700;BOT_TAKER;BOT_MAKER;VEV_5500;XIRECS;6.0;3
41800;BOT_TAKER;BOT_MAKER;VEV_6000;XIRECS;1.0;3
41900;BOT_MAKER;BOT_TAKER;VELVETFRUIT_EXTRACT;XIRECS;5286.0;8
42000;BOT_TAKER;BOT_MAKER;VELVETFRUIT_EXTRACT;XIRECS;5290.0;6
42000;BOT_TAKER;BOT_MAKER;VEV_5500;XIRECS;6.0;2
42100;BOT_MAKER;BOT_TAKER;VEV_4000;XIRECS;1229.0;3
42100;BOT_MAKER;BOT_TAKER;VEV_5400;XIRECS;25.0;4
42100;BOT_TAKER;BOT_MAKER;VEV_6500;XIRECS;1.0;4
42200;BOT_TAKER;BOT_MAKER;VEV_5400;XIRECS;27.0;5
42400;BOT_TAKER;BOT_MAKER;HYDROGEL_PACK;XIRECS;9941.0;6
42400;BOT_TAKER;BOT_MAKER;VELVETFRUIT_EXTRACT;XIRECS;5291.0;5
42400;BOT_TAKER;SUBMISSION;VELVETFRUIT_EXTRACT;XIRECS;5290.0;5
42400;BOT_TAKER;BOT_MAKER;VELVETFRUIT_EXTRACT;XIRECS;5291.0;3
42500;BOT_MAKER;BOT_TAKER;VELVETFRUIT_EXTRACT;XIRECS;5285.0;8
42700;BOT_TAKER;BOT_MAKER;VEV_6000;XIRECS;1.0;4
42800;BOT_MAKER;BOT_TAKER;VELVETFRUIT_EXTRACT;XIRECS;5282.0;8
42800;BOT_MAKER;BOT_TAKER;VEV_4000;XIRECS;1232.0;2
42800;BOT_TAKER;SUBMISSION;VELVETFRUIT_EXTRACT;XIRECS;5286.0;5
42900;BOT_TAKER;BOT_MAKER;VEV_5000;XIRECS;282.0;1
43000;BOT_MAKER;BOT_TAKER;VEV_4000;XIRECS;1234.0;2
43200;BOT_TAKER;BOT_MAKER;VEV_4000;XIRECS;1255.0;2
43200;BOT_TAKER;BOT_MAKER;VEV_6000;XIRECS;1.0;2
43300;BOT_MAKER;BOT_TAKER;VELVETFRUIT_EXTRACT;XIRECS;5283.0;5
43300;BOT_MAKER;BOT_TAKER;VEV_6000;XIRECS;0.0;3
43400;BOT_TAKER;BOT_MAKER;HYDROGEL_PACK;XIRECS;9946.0;4
43400;BOT_MAKER;BOT_TAKER;VEV_6500;XIRECS;0.0;3
43400;BOT_TAKER;SUBMISSION;HYDROGEL_PACK;XIRECS;9945.0;3
43500;BOT_TAKER;BOT_MAKER;VELVETFRUIT_EXTRACT;XIRECS;5286.0;8
43500;BOT_TAKER;SUBMISSION;HYDROGEL_PACK;XIRECS;9948.0;5
43500;BOT_TAKER;BOT_MAKER;HYDROGEL_PACK;XIRECS;9949.0;1
43600;BOT_MAKER;BOT_TAKER;HYDROGEL_PACK;XIRECS;9934.0;5
43700;BOT_TAKER;BOT_MAKER;HYDROGEL_PACK;XIRECS;9949.0;4
43700;BOT_MAKER;BOT_TAKER;VELVETFRUIT_EXTRACT;XIRECS;5280.0;4
43800;BOT_MAKER;BOT_TAKER;VELVETFRUIT_EXTRACT;XIRECS;5280.0;8
43800;BOT_TAKER;BOT_MAKER;VEV_6000;XIRECS;1.0;4
43900;BOT_TAKER;BOT_MAKER;VEV_4000;XIRECS;1255.0;3
44100;BOT_TAKER;SUBMISSION;VEV_5200;XIRECS;99.0;1
44200;BOT_MAKER;BOT_TAKER;HYDROGEL_PACK;XIRECS;9934.0;5
44200;BOT_MAKER;BOT_TAKER;VEV_5300;XIRECS;53.0;4
44200;BOT_TAKER;SUBMISSION;HYDROGEL_PACK;XIRECS;9949.0;3
44300;BOT_TAKER;BOT_MAKER;VELVETFRUIT_EXTRACT;XIRECS;5284.0;3
44300;BOT_MAKER;BOT_TAKER;VEV_6500;XIRECS;0.0;2
44500;BOT_MAKER;BOT_TAKER;VEV_5500;XIRECS;6.0;2
44500;BOT_TAKER;BOT_MAKER;VEV_6000;XIRECS;1.0;3
44500;BOT_TAKER;BOT_MAKER;VEV_6500;XIRECS;1.0;2
44600;BOT_MAKER;BOT_TAKER;HYDROGEL_PACK;XIRECS;9939.0;2
44600;BOT_TAKER;BOT_MAKER;VELVETFRUIT_EXTRACT;XIRECS;5286.0;6
44600;BOT_TAKER;BOT_MAKER;VELVETFRUIT_EXTRACT;XIRECS;5286.0;4
44700;BOT_MAKER;BOT_TAKER;HYDROGEL_PACK;XIRECS;9938.0;5
44700;BOT_MAKER;BOT_TAKER;VEV_6000;XIRECS;0.0;5
44800;BOT_TAKER;BOT_MAKER;VELVETFRUIT_EXTRACT;XIRECS;5287.0;6
45000;BOT_MAKER;BOT_TAKER;VELVETFRUIT_EXTRACT;XIRECS;5280.0;11
45100;BOT_MAKER;BOT_TAKER;VELVETFRUIT_EXTRACT;XIRECS;5279.0;8
45300;BOT_MAKER;BOT_TAKER;VEV_5500;XIRECS;6.0;2
45300;BOT_TAKER;BOT_MAKER;VEV_6500;XIRECS;1.0;4
45500;BOT_TAKER;BOT_MAKER;VEV_4000;XIRECS;1254.0;2
45600;BOT_MAKER;BOT_TAKER;HYDROGEL_PACK;XIRECS;9937.0;2
45700;BOT_MAKER;BOT_TAKER;HYDROGEL_PACK;XIRECS;9936.0;6
45700;BOT_TAKER;BOT_MAKER;VELVETFRUIT_EXTRACT;XIRECS;5283.0;8
45700;BOT_MAKER;BOT_TAKER;VEV_6500;XIRECS;0.0;3
45800;BOT_TAKER;BOT_MAKER;HYDROGEL_PACK;XIRECS;9952.0;4
45900;BOT_MAKER;BOT_TAKER;VEV_4000;XIRECS;1237.0;2
45900;BOT_TAKER;BOT_MAKER;VEV_6500;XIRECS;1.0;5
46100;BOT_MAKER;BOT_TAKER;HYDROGEL_PACK;XIRECS;9932.0;4
46100;BOT_MAKER;BOT_TAKER;VELVETFRUIT_EXTRACT;XIRECS;5276.0;8
46300;BOT_MAKER;BOT_TAKER;VEV_6500;XIRECS;0.0;2
46400;BOT_MAKER;BOT_TAKER;VEV_6000;XIRECS;0.0;4
46500;BOT_TAKER;BOT_MAKER;HYDROGEL_PACK;XIRECS;9943.0;3
46700;BOT_MAKER;BOT_TAKER;VEV_6500;XIRECS;0.0;2
46800;BOT_TAKER;BOT_MAKER;VEV_5400;XIRECS;28.0;2
46900;BOT_MAKER;BOT_TAKER;VELVETFRUIT_EXTRACT;XIRECS;5281.0;11
47000;BOT_MAKER;BOT_TAKER;VEV_5500;XIRECS;6.0;4
47100;BOT_TAKER;BOT_MAKER;HYDROGEL_PACK;XIRECS;9950.0;6
47100;BOT_MAKER;BOT_TAKER;VELVETFRUIT_EXTRACT;XIRECS;5283.0;4
47300;BOT_MAKER;BOT_TAKER;HYDROGEL_PACK;XIRECS;9938.0;2
47400;BOT_MAKER;BOT_TAKER;VELVETFRUIT_EXTRACT;XIRECS;5281.0;4
47400;BOT_TAKER;BOT_MAKER;VEV_4000;XIRECS;1256.0;3
47400;BOT_TAKER;BOT_MAKER;VEV_6000;XIRECS;1.0;2
47600;BOT_MAKER;BOT_TAKER;VELVETFRUIT_EXTRACT;XIRECS;5282.0;10
47700;BOT_MAKER;BOT_TAKER;HYDROGEL_PACK;XIRECS;9934.0;2
47700;BOT_TAKER;BOT_MAKER;VELVETFRUIT_EXTRACT;XIRECS;5286.0;8
47800;BOT_TAKER;BOT_MAKER;VELVETFRUIT_EXTRACT;XIRECS;5288.0;7
47800;BOT_TAKER;BOT_MAKER;VEV_4000;XIRECS;1255.0;2
47900;BOT_TAKER;BOT_MAKER;VELVETFRUIT_EXTRACT;XIRECS;5287.0;5
47900;BOT_MAKER;BOT_TAKER;VELVETFRUIT_EXTRACT;XIRECS;5281.0;5
48000;BOT_MAKER;BOT_TAKER;VELVETFRUIT_EXTRACT;XIRECS;5281.0;4
48100;BOT_TAKER;BOT_MAKER;HYDROGEL_PACK;XIRECS;9946.0;4
48100;BOT_MAKER;BOT_TAKER;VEV_4000;XIRECS;1236.0;1
48200;BOT_MAKER;BOT_TAKER;HYDROGEL_PACK;XIRECS;9928.0;3
48200;BOT_TAKER;BOT_MAKER;VELVETFRUIT_EXTRACT;XIRECS;5287.0;5
48200;BOT_TAKER;SUBMISSION;VELVETFRUIT_EXTRACT;XIRECS;5286.0;4
48300;BOT_TAKER;BOT_MAKER;VELVETFRUIT_EXTRACT;XIRECS;5287.0;6
48400;BOT_TAKER;BOT_MAKER;VELVETFRUIT_EXTRACT;XIRECS;5286.0;6
48500;BOT_TAKER;BOT_MAKER;VELVETFRUIT_EXTRACT;XIRECS;5287.0;3
48600;BOT_MAKER;BOT_TAKER;VEV_6500;XIRECS;0.0;3
48700;BOT_MAKER;BOT_TAKER;VEV_6000;XIRECS;0.0;2
48700;BOT_MAKER;BOT_TAKER;VEV_6500;XIRECS;0.0;3
48800;BOT_MAKER;BOT_TAKER;HYDROGEL_PACK;XIRECS;9934.0;6
48800;BOT_TAKER;BOT_MAKER;VELVETFRUIT_EXTRACT;XIRECS;5286.0;3
48800;BOT_TAKER;BOT_MAKER;VEV_4000;XIRECS;1259.0;3
48800;BOT_TAKER;SUBMISSION;VELVETFRUIT_EXTRACT;XIRECS;5285.0;5
48800;BOT_TAKER;BOT_MAKER;VELVETFRUIT_EXTRACT;XIRECS;5286.0;1
48900;BOT_TAKER;BOT_MAKER;HYDROGEL_PACK;XIRECS;9952.0;4
48900;BOT_TAKER;BOT_MAKER;VELVETFRUIT_EXTRACT;XIRECS;5286.0;3
49000;BOT_MAKER;BOT_TAKER;HYDROGEL_PACK;XIRECS;9937.0;4
49000;BOT_TAKER;SUBMISSION;VELVETFRUIT_EXTRACT;XIRECS;5286.0;5
49000;BOT_TAKER;BOT_MAKER;VELVETFRUIT_EXTRACT;XIRECS;5287.0;3
49100;BOT_MAKER;BOT_TAKER;HYDROGEL_PACK;XIRECS;9934.0;6
49100;BOT_MAKER;BOT_TAKER;VELVETFRUIT_EXTRACT;XIRECS;5280.0;4
49200;BOT_MAKER;BOT_TAKER;VELVETFRUIT_EXTRACT;XIRECS;5281.0;3
49300;BOT_TAKER;BOT_MAKER;VEV_6500;XIRECS;1.0;5
49400;BOT_TAKER;BOT_MAKER;VEV_5400;XIRECS;28.0;4
49500;BOT_MAKER;BOT_TAKER;VEV_5500;XIRECS;6.0;4
49600;BOT_MAKER;BOT_TAKER;VELVETFRUIT_EXTRACT;XIRECS;5283.0;3
49600;BOT_TAKER;BOT_MAKER;VEV_6500;XIRECS;1.0;5
49700;BOT_MAKER;BOT_TAKER;HYDROGEL_PACK;XIRECS;9939.0;2
49800;SUBMISSION;BOT_TAKER;VEV_4000;XIRECS;1236.0;2
50000;BOT_MAKER;BOT_TAKER;VELVETFRUIT_EXTRACT;XIRECS;5285.0;8
50000;BOT_TAKER;SUBMISSION;VELVETFRUIT_EXTRACT;XIRECS;5289.0;5
50000;BOT_TAKER;BOT_MAKER;VELVETFRUIT_EXTRACT;XIRECS;5290.0;1
50100;BOT_TAKER;BOT_MAKER;HYDROGEL_PACK;XIRECS;9950.0;3
50100;BOT_MAKER;BOT_TAKER;VEV_6000;XIRECS;0.0;5
50100;BOT_TAKER;SUBMISSION;HYDROGEL_PACK;XIRECS;9949.0;5
50100;BOT_TAKER;BOT_MAKER;HYDROGEL_PACK;XIRECS;9950.0;1
50300;BOT_TAKER;BOT_MAKER;VELVETFRUIT_EXTRACT;XIRECS;5290.0;3
50300;BOT_TAKER;BOT_MAKER;VEV_5300;XIRECS;58.0;4
50300;BOT_MAKER;BOT_TAKER;VEV_6500;XIRECS;0.0;5
50400;BOT_MAKER;BOT_TAKER;HYDROGEL_PACK;XIRECS;9931.0;4
50500;BOT_TAKER;BOT_MAKER;VELVETFRUIT_EXTRACT;XIRECS;5293.0;7
50500;BOT_TAKER;BOT_MAKER;VEV_4000;XIRECS;1255.0;2
50500;BOT_MAKER;BOT_TAKER;VEV_5400;XIRECS;27.0;2
50700;BOT_MAKER;BOT_TAKER;HYDROGEL_PACK;XIRECS;9929.0;2
50700;BOT_MAKER;BOT_TAKER;VEV_4000;XIRECS;1234.0;3
50700;SUBMISSION;BOT_TAKER;VELVETFRUIT_EXTRACT;XIRECS;5288.0;5
50700;BOT_MAKER;BOT_TAKER;VELVETFRUIT_EXTRACT;XIRECS;5287.0;2
50800;BOT_TAKER;BOT_MAKER;VELVETFRUIT_EXTRACT;XIRECS;5292.0;7
50800;BOT_TAKER;BOT_MAKER;VEV_5500;XIRECS;7.0;5
50900;BOT_TAKER;BOT_MAKER;VELVETFRUIT_EXTRACT;XIRECS;5291.0;8
51000;BOT_MAKER;BOT_TAKER;HYDROGEL_PACK;XIRECS;9933.0;6
51000;BOT_MAKER;BOT_TAKER;VEV_5500;XIRECS;6.0;5
51200;BOT_MAKER;BOT_TAKER;VEV_5500;XIRECS;6.0;5
51300;BOT_TAKER;BOT_MAKER;VELVETFRUIT_EXTRACT;XIRECS;5296.0;3
51300;SUBMISSION;BOT_TAKER;VELVETFRUIT_EXTRACT;XIRECS;5291.0;5
51300;BOT_MAKER;BOT_TAKER;VELVETFRUIT_EXTRACT;XIRECS;5290.0;1
51400;BOT_MAKER;BOT_TAKER;VELVETFRUIT_EXTRACT;XIRECS;5290.0;5
51400;BOT_TAKER;BOT_MAKER;VEV_5500;XIRECS;7.0;4
51500;BOT_TAKER;BOT_MAKER;VELVETFRUIT_EXTRACT;XIRECS;5295.0;4
51600;BOT_TAKER;BOT_MAKER;HYDROGEL_PACK;XIRECS;9943.0;3
51600;BOT_TAKER;BOT_MAKER;VELVETFRUIT_EXTRACT;XIRECS;5294.0;6
51600;BOT_TAKER;SUBMISSION;VEV_4000;XIRECS;1250.0;2
51700;SUBMISSION;BOT_TAKER;VELVETFRUIT_EXTRACT;XIRECS;5289.0;3
51800;BOT_TAKER;BOT_MAKER;HYDROGEL_PACK;XIRECS;9949.0;5
51800;BOT_TAKER;SUBMISSION;VELVETFRUIT_EXTRACT;XIRECS;5290.0;5
51800;BOT_TAKER;BOT_MAKER;VELVETFRUIT_EXTRACT;XIRECS;5291.0;2
52000;BOT_TAKER;BOT_MAKER;VELVETFRUIT_EXTRACT;XIRECS;5292.0;4
52200;BOT_MAKER;BOT_TAKER;HYDROGEL_PACK;XIRECS;9926.0;3
52200;BOT_MAKER;BOT_TAKER;VELVETFRUIT_EXTRACT;XIRECS;5287.0;8
52300;BOT_TAKER;BOT_MAKER;VELVETFRUIT_EXTRACT;XIRECS;5293.0;3
52300;BOT_MAKER;BOT_TAKER;VEV_4000;XIRECS;1229.0;3
52300;BOT_MAKER;BOT_TAKER;VEV_5400;XIRECS;28.0;4
52400;BOT_MAKER;BOT_TAKER;HYDROGEL_PACK;XIRECS;9925.0;2
52400;BOT_TAKER;BOT_MAKER;VEV_4000;XIRECS;1250.0;1
52400;BOT_TAKER;SUBMISSION;HYDROGEL_PACK;XIRECS;9940.0;5
52400;BOT_TAKER;BOT_MAKER;HYDROGEL_PACK;XIRECS;9941.0;1
52500;BOT_MAKER;BOT_TAKER;HYDROGEL_PACK;XIRECS;9926.0;4
52600;BOT_MAKER;BOT_TAKER;VEV_4000;XIRECS;1227.0;1
52600;BOT_MAKER;BOT_TAKER;VEV_5400;XIRECS;27.0;4
52600;BOT_MAKER;BOT_TAKER;VEV_5500;XIRECS;5.0;5
52700;BOT_TAKER;BOT_MAKER;HYDROGEL_PACK;XIRECS;9946.0;2
52800;BOT_MAKER;BOT_TAKER;HYDROGEL_PACK;XIRECS;9929.0;4
52800;BOT_TAKER;BOT_MAKER;VELVETFRUIT_EXTRACT;XIRECS;5290.0;4
52800;BOT_MAKER;BOT_TAKER;VEV_5300;XIRECS;56.0;3
52800;BOT_TAKER;BOT_MAKER;VEV_6500;XIRECS;1.0;4
52800;SUBMISSION;BOT_TAKER;HYDROGEL_PACK;XIRECS;9930.0;3
53100;BOT_MAKER;BOT_TAKER;HYDROGEL_PACK;XIRECS;9930.0;4
53100;BOT_MAKER;BOT_TAKER;VELVETFRUIT_EXTRACT;XIRECS;5284.0;5
53200;BOT_MAKER;BOT_TAKER;HYDROGEL_PACK;XIRECS;9928.0;6
53200;BOT_MAKER;BOT_TAKER;VELVETFRUIT_EXTRACT;XIRECS;5282.0;3
53200;BOT_MAKER;BOT_TAKER;VEV_5300;XIRECS;56.0;2
53200;BOT_TAKER;BOT_MAKER;VEV_6000;XIRECS;1.0;3
53300;BOT_TAKER;BOT_MAKER;VELVETFRUIT_EXTRACT;XIRECS;5287.0;8
53300;BOT_TAKER;BOT_MAKER;VEV_6500;XIRECS;1.0;5
53400;BOT_MAKER;BOT_TAKER;HYDROGEL_PACK;XIRECS;9925.0;2
53500;BOT_TAKER;BOT_MAKER;VEV_5500;XIRECS;6.0;5
53600;BOT_TAKER;BOT_MAKER;HYDROGEL_PACK;XIRECS;9945.0;4
53600;BOT_TAKER;BOT_MAKER;HYDROGEL_PACK;XIRECS;9945.0;3
53600;BOT_MAKER;BOT_TAKER;VELVETFRUIT_EXTRACT;XIRECS;5281.0;5
53700;BOT_MAKER;BOT_TAKER;VELVETFRUIT_EXTRACT;XIRECS;5281.0;7
53700;BOT_TAKER;BOT_MAKER;VEV_5300;XIRECS;59.0;3
53800;BOT_MAKER;BOT_TAKER;HYDROGEL_PACK;XIRECS;9930.0;4
54000;BOT_TAKER;BOT_MAKER;HYDROGEL_PACK;XIRECS;9948.0;3
54000;BOT_TAKER;BOT_MAKER;VELVETFRUIT_EXTRACT;XIRECS;5285.0;6
54000;BOT_TAKER;SUBMISSION;VELVETFRUIT_EXTRACT;XIRECS;5284.0;3
54100;BOT_TAKER;BOT_MAKER;VEV_5400;XIRECS;29.0;4
54200;BOT_TAKER;BOT_MAKER;HYDROGEL_PACK;XIRECS;9952.0;3
54200;BOT_TAKER;SUBMISSION;VELVETFRUIT_EXTRACT;XIRECS;5284.0;5
54200;BOT_TAKER;BOT_MAKER;VELVETFRUIT_EXTRACT;XIRECS;5285.0;2
54300;BOT_MAKER;BOT_TAKER;VELVETFRUIT_EXTRACT;XIRECS;5279.0;3
54300;BOT_TAKER;BOT_MAKER;VEV_6500;XIRECS;1.0;4
54300;SUBMISSION;BOT_TAKER;VELVETFRUIT_EXTRACT;XIRECS;5280.0;4
54300;SUBMISSION;BOT_TAKER;VEV_4000;XIRECS;1229.0;3
54400;BOT_TAKER;BOT_MAKER;VELVETFRUIT_EXTRACT;XIRECS;5285.0;4
54500;BOT_MAKER;BOT_TAKER;HYDROGEL_PACK;XIRECS;9931.0;2
54500;BOT_MAKER;BOT_TAKER;VELVETFRUIT_EXTRACT;XIRECS;5279.0;7
54700;BOT_TAKER;BOT_MAKER;VELVETFRUIT_EXTRACT;XIRECS;5283.0;5
54700;BOT_TAKER;BOT_MAKER;VEV_6000;XIRECS;1.0;2
54800;BOT_TAKER;BOT_MAKER;HYDROGEL_PACK;XIRECS;9949.0;6
54800;BOT_MAKER;BOT_TAKER;VEV_6500;XIRECS;0.0;3
54800;BOT_MAKER;BOT_TAKER;VEV_6500;XIRECS;0.0;5
54900;BOT_MAKER;BOT_TAKER;HYDROGEL_PACK;XIRECS;9932.0;5
54900;BOT_TAKER;BOT_MAKER;VEV_6000;XIRECS;1.0;3
55000;BOT_MAKER;BOT_TAKER;HYDROGEL_PACK;XIRECS;9930.0;5
55000;BOT_TAKER;BOT_MAKER;VEV_6000;XIRECS;1.0;2
55100;BOT_MAKER;BOT_TAKER;HYDROGEL_PACK;XIRECS;9931.0;6
55100;BOT_MAKER;BOT_TAKER;VELVETFRUIT_EXTRACT;XIRECS;5276.0;3
55100;BOT_TAKER;BOT_MAKER;VEV_4000;XIRECS;1250.0;2
55200;BOT_MAKER;BOT_TAKER;VELVETFRUIT_EXTRACT;XIRECS;5274.0;6
55400;BOT_MAKER;BOT_TAKER;VEV_5400;XIRECS;27.0;4
55500;BOT_TAKER;BOT_MAKER;VELVETFRUIT_EXTRACT;XIRECS;5279.0;3
55500;BOT_MAKER;BOT_TAKER;VEV_6000;XIRECS;0.0;5
55500;BOT_MAKER;BOT_TAKER;VEV_6500;XIRECS;0.0;5
55600;BOT_MAKER;BOT_TAKER;HYDROGEL_PACK;XIRECS;9935.0;4
55800;BOT_MAKER;BOT_TAKER;VEV_6000;XIRECS;0.0;2
56100;BOT_MAKER;BOT_TAKER;VEV_6500;XIRECS;0.0;5
56100;SUBMISSION;BOT_TAKER;HYDROGEL_PACK;XIRECS;9934.0;5
56200;BOT_MAKER;BOT_TAKER;HYDROGEL_PACK;XIRECS;9931.0;3
56200;BOT_TAKER;BOT_MAKER;VEV_4000;XIRECS;1252.0;3
56300;BOT_MAKER;BOT_TAKER;HYDROGEL_PACK;XIRECS;9934.0;3
56400;BOT_MAKER;BOT_TAKER;VEV_4000;XIRECS;1230.0;2
56500;BOT_MAKER;BOT_TAKER;VELVETFRUIT_EXTRACT;XIRECS;5276.0;4
56500;BOT_TAKER;BOT_MAKER;VELVETFRUIT_EXTRACT;XIRECS;5280.0;9
56500;BOT_TAKER;BOT_MAKER;VEV_4000;XIRECS;1252.0;2
56600;BOT_TAKER;BOT_MAKER;VEV_4000;XIRECS;1253.0;3
56700;BOT_TAKER;BOT_MAKER;VELVETFRUIT_EXTRACT;XIRECS;5281.0;6
57000;BOT_MAKER;BOT_TAKER;VELVETFRUIT_EXTRACT;XIRECS;5275.0;7
57300;BOT_TAKER;BOT_MAKER;VELVETFRUIT_EXTRACT;XIRECS;5284.0;8
57300;BOT_TAKER;SUBMISSION;VELVETFRUIT_EXTRACT;XIRECS;5283.0;3
57400;BOT_TAKER;BOT_MAKER;VELVETFRUIT_EXTRACT;XIRECS;5285.0;4
57500;BOT_MAKER;BOT_TAKER;HYDROGEL_PACK;XIRECS;9938.0;4
57500;BOT_MAKER;BOT_TAKER;VELVETFRUIT_EXTRACT;XIRECS;5280.0;4
57600;BOT_MAKER;BOT_TAKER;HYDROGEL_PACK;XIRECS;9934.0;3
57600;BOT_MAKER;BOT_TAKER;VEV_6000;XIRECS;0.0;2
57900;BOT_TAKER;BOT_MAKER;VELVETFRUIT_EXTRACT;XIRECS;5287.0;5
58000;BOT_TAKER;BOT_MAKER;HYDROGEL_PACK;XIRECS;9956.0;3
58000;BOT_MAKER;BOT_TAKER;VELVETFRUIT_EXTRACT;XIRECS;5281.0;6
58100;BOT_TAKER;BOT_MAKER;VEV_5500;XIRECS;6.0;4
58200;BOT_MAKER;BOT_TAKER;VEV_4000;XIRECS;1225.0;3
58200;BOT_TAKER;BOT_MAKER;VEV_5500;XIRECS;6.0;4
58300;BOT_TAKER;BOT_MAKER;VELVETFRUIT_EXTRACT;XIRECS;5285.0;8
58300;BOT_MAKER;BOT_TAKER;VEV_5500;XIRECS;5.0;2
58400;BOT_MAKER;BOT_TAKER;VEV_5300;XIRECS;58.0;4
58400;BOT_TAKER;SUBMISSION;VELVETFRUIT_EXTRACT;XIRECS;5283.0;5
58400;BOT_TAKER;BOT_MAKER;VELVETFRUIT_EXTRACT;XIRECS;5284.0;3
58600;BOT_TAKER;BOT_MAKER;VELVETFRUIT_EXTRACT;XIRECS;5283.0;5
58700;BOT_TAKER;BOT_MAKER;HYDROGEL_PACK;XIRECS;9958.0;3
58700;BOT_MAKER;BOT_TAKER;VELVETFRUIT_EXTRACT;XIRECS;5278.0;3
58800;BOT_TAKER;BOT_MAKER;HYDROGEL_PACK;XIRECS;9951.0;4
59200;BOT_TAKER;BOT_MAKER;HYDROGEL_PACK;XIRECS;9947.0;4
59300;BOT_TAKER;BOT_MAKER;VELVETFRUIT_EXTRACT;XIRECS;5281.0;6
59300;BOT_MAKER;BOT_TAKER;VEV_4000;XIRECS;1223.0;1
59400;BOT_TAKER;BOT_MAKER;VELVETFRUIT_EXTRACT;XIRECS;5283.0;7
59400;BOT_MAKER;BOT_TAKER;VEV_4000;XIRECS;1223.0;1
59500;BOT_MAKER;BOT_TAKER;VELVETFRUIT_EXTRACT;XIRECS;5277.0;8
59600;BOT_TAKER;BOT_MAKER;HYDROGEL_PACK;XIRECS;9942.0;2
59600;BOT_TAKER;BOT_MAKER;VEV_5400;XIRECS;27.0;3
59600;SUBMISSION;BOT_TAKER;HYDROGEL_PACK;XIRECS;9927.0;4
59600;SUBMISSION;BOT_TAKER;VEV_4000;XIRECS;1225.0;1
59700;BOT_MAKER;BOT_TAKER;HYDROGEL_PACK;XIRECS;9924.0;4
59700;BOT_TAKER;BOT_MAKER;VEV_4000;XIRECS;1245.0;1
59700;BOT_TAKER;BOT_MAKER;VEV_5500;XIRECS;6.0;2
59800;BOT_MAKER;BOT_TAKER;VEV_4000;XIRECS;1226.0;2
59900;BOT_TAKER;BOT_MAKER;VELVETFRUIT_EXTRACT;XIRECS;5284.0;4
59900;BOT_MAKER;BOT_TAKER;VEV_6000;XIRECS;0.0;5
60000;BOT_TAKER;BOT_MAKER;VELVETFRUIT_EXTRACT;XIRECS;5285.0;3
60000;BOT_MAKER;BOT_TAKER;VEV_4000;XIRECS;1226.0;2
60100;BOT_MAKER;BOT_TAKER;HYDROGEL_PACK;XIRECS;9921.0;3
60100;BOT_TAKER;BOT_MAKER;VEV_6000;XIRECS;1.0;3
60100;SUBMISSION;BOT_TAKER;VELVETFRUIT_EXTRACT;XIRECS;5280.0;4
60200;BOT_MAKER;BOT_TAKER;HYDROGEL_PACK;XIRECS;9920.0;6
60200;BOT_TAKER;BOT_MAKER;VELVETFRUIT_EXTRACT;XIRECS;5284.0;4
60300;BOT_MAKER;BOT_TAKER;HYDROGEL_PACK;XIRECS;9918.0;6
60300;BOT_MAKER;BOT_TAKER;VELVETFRUIT_EXTRACT;XIRECS;5280.0;6
60300;BOT_MAKER;BOT_TAKER;VEV_6000;XIRECS;0.0;3
60400;BOT_MAKER;BOT_TAKER;HYDROGEL_PACK;XIRECS;9919.0;2
60400;BOT_MAKER;BOT_TAKER;VELVETFRUIT_EXTRACT;XIRECS;5279.0;8
60400;BOT_MAKER;BOT_TAKER;VEV_4000;XIRECS;1225.0;1
60500;BOT_TAKER;BOT_MAKER;HYDROGEL_PACK;XIRECS;9935.0;2
60500;BOT_MAKER;BOT_TAKER;VELVETFRUIT_EXTRACT;XIRECS;5280.0;3
60600;BOT_MAKER;BOT_TAKER;VELVETFRUIT_EXTRACT;XIRECS;5278.0;8
60600;BOT_TAKER;SUBMISSION;VELVETFRUIT_EXTRACT;XIRECS;5283.0;5
60600;BOT_TAKER;BOT_MAKER;VELVETFRUIT_EXTRACT;XIRECS;5284.0;3
60700;BOT_MAKER;BOT_TAKER;VELVETFRUIT_EXTRACT;XIRECS;5278.0;7
60700;SUBMISSION;BOT_TAKER;VELVETFRUIT_EXTRACT;XIRECS;5279.0;4
60800;BOT_MAKER;BOT_TAKER;VELVETFRUIT_EXTRACT;XIRECS;5279.0;6
60900;BOT_TAKER;BOT_MAKER;HYDROGEL_PACK;XIRECS;9937.0;4
60900;SUBMISSION;BOT_TAKER;VELVETFRUIT_EXTRACT;XIRECS;5277.0;5
61000;BOT_TAKER;BOT_MAKER;VEV_6500;XIRECS;1.0;4
61100;BOT_MAKER;BOT_TAKER;VELVETFRUIT_EXTRACT;XIRECS;5275.0;5
61200;BOT_TAKER;BOT_MAKER;HYDROGEL_PACK;XIRECS;9940.0;2
61400;BOT_MAKER;BOT_TAKER;VELVETFRUIT_EXTRACT;XIRECS;5278.0;4
61500;BOT_TAKER;BOT_MAKER;VELVETFRUIT_EXTRACT;XIRECS;5282.0;3
61500;BOT_MAKER;BOT_TAKER;VEV_5400;XIRECS;25.0;4
61600;BOT_MAKER;BOT_TAKER;VEV_4000;XIRECS;1221.0;3
61600;BOT_MAKER;BOT_TAKER;VEV_5500;XIRECS;5.0;3
61600;SUBMISSION;BOT_TAKER;VELVETFRUIT_EXTRACT;XIRECS;5278.0;5
61600;BOT_MAKER;BOT_TAKER;VELVETFRUIT_EXTRACT;XIRECS;5277.0;2
62000;BOT_TAKER;BOT_MAKER;VELVETFRUIT_EXTRACT;XIRECS;5284.0;5
62000;BOT_MAKER;BOT_TAKER;VEV_6500;XIRECS;0.0;2
62100;BOT_TAKER;BOT_MAKER;HYDROGEL_PACK;XIRECS;9942.0;5
62100;BOT_MAKER;BOT_TAKER;VELVETFRUIT_EXTRACT;XIRECS;5280.0;6
62100;BOT_TAKER;SUBMISSION;VELVETFRUIT_EXTRACT;XIRECS;5284.0;5
62100;BOT_TAKER;BOT_MAKER;VELVETFRUIT_EXTRACT;XIRECS;5285.0;1
62200;BOT_MAKER;BOT_TAKER;HYDROGEL_PACK;XIRECS;9927.0;4
62200;BOT_TAKER;BOT_MAKER;VELVETFRUIT_EXTRACT;XIRECS;5285.0;6
62200;BOT_TAKER;SUBMISSION;HYDROGEL_PACK;XIRECS;9942.0;5
62200;BOT_TAKER;BOT_MAKER;HYDROGEL_PACK;XIRECS;9943.0;1
62200;SUBMISSION;BOT_TAKER;VELVETFRUIT_EXTRACT;XIRECS;5281.0;5
62200;BOT_MAKER;BOT_TAKER;VELVETFRUIT_EXTRACT;XIRECS;5280.0;1
62500;BOT_MAKER;BOT_TAKER;VELVETFRUIT_EXTRACT;XIRECS;5279.0;8
62600;BOT_TAKER;BOT_MAKER;HYDROGEL_PACK;XIRECS;9939.0;5
62600;BOT_TAKER;BOT_MAKER;VELVETFRUIT_EXTRACT;XIRECS;5284.0;4
62700;BOT_TAKER;BOT_MAKER;VELVETFRUIT_EXTRACT;XIRECS;5285.0;4
62800;BOT_MAKER;BOT_TAKER;VELVETFRUIT_EXTRACT;XIRECS;5279.0;7
62800;SUBMISSION;BOT_TAKER;VELVETFRUIT_EXTRACT;XIRECS;5280.0;5
62800;BOT_MAKER;BOT_TAKER;VELVETFRUIT_EXTRACT;XIRECS;5279.0;2
63100;BOT_TAKER;BOT_MAKER;VELVETFRUIT_EXTRACT;XIRECS;5284.0;3
63200;BOT_MAKER;BOT_TAKER;VEV_5400;XIRECS;26.0;2
63200;BOT_TAKER;BOT_MAKER;VEV_5500;XIRECS;6.0;5
63300;BOT_MAKER;BOT_TAKER;HYDROGEL_PACK;XIRECS;9924.0;3
63300;BOT_MAKER;BOT_TAKER;VEV_5400;XIRECS;25.0;2
63300;BOT_MAKER;BOT_TAKER;VEV_5500;XIRECS;5.0;5
63300;BOT_TAKER;SUBMISSION;VEV_4000;XIRECS;1241.0;1
63400;BOT_MAKER;BOT_TAKER;VEV_5300;XIRECS;63.0;4
63500;BOT_TAKER;BOT_MAKER;HYDROGEL_PACK;XIRECS;9938.0;2
63500;BOT_TAKER;BOT_MAKER;VELVETFRUIT_EXTRACT;XIRECS;5285.0;6
63500;BOT_TAKER;BOT_MAKER;VEV_4000;XIRECS;1243.0;2
63600;BOT_TAKER;BOT_MAKER;VELVETFRUIT_EXTRACT;XIRECS;5285.0;6
63700;BOT_TAKER;BOT_MAKER;HYDROGEL_PACK;XIRECS;9937.0;4
63700;BOT_TAKER;BOT_MAKER;VELVETFRUIT_EXTRACT;XIRECS;5284.0;5
63800;BOT_TAKER;BOT_MAKER;VEV_4000;XIRECS;1243.0;3
63800;BOT_TAKER;BOT_MAKER;VEV_6000;XIRECS;1.0;5
63900;BOT_MAKER;BOT_TAKER;HYDROGEL_PACK;XIRECS;9924.0;2
63900;BOT_TAKER;BOT_MAKER;VELVETFRUIT_EXTRACT;XIRECS;5281.0;4
64000;BOT_MAKER;BOT_TAKER;HYDROGEL_PACK;XIRECS;9922.0;3
64100;BOT_TAKER;BOT_MAKER;VEV_5400;XIRECS;26.0;2
64100;SUBMISSION;BOT_TAKER;VELVETFRUIT_EXTRACT;XIRECS;5278.0;5
64100;BOT_MAKER;BOT_TAKER;VELVETFRUIT_EXTRACT;XIRECS;5277.0;3
64200;BOT_TAKER;BOT_MAKER;HYDROGEL_PACK;XIRECS;9936.0;3
64200;BOT_TAKER;SUBMISSION;HYDROGEL_PACK;XIRECS;9935.0;2
64300;SUBMISSION;BOT_TAKER;HYDROGEL_PACK;XIRECS;9919.0;5
64300;BOT_MAKER;BOT_TAKER;HYDROGEL_PACK;XIRECS;9918.0;1
64500;BOT_MAKER;BOT_TAKER;HYDROGEL_PACK;XIRECS;9918.0;3
64600;SUBMISSION;BOT_TAKER;VELVETFRUIT_EXTRACT;XIRECS;5278.0;5
64700;BOT_MAKER;BOT_TAKER;VELVETFRUIT_EXTRACT;XIRECS;5277.0;5
64800;BOT_TAKER;BOT_MAKER;VELVETFRUIT_EXTRACT;XIRECS;5281.0;8
64800;BOT_MAKER;BOT_TAKER;VEV_5500;XIRECS;6.0;2
64800;BOT_TAKER;BOT_MAKER;VEV_6500;XIRECS;1.0;5
64800;BOT_TAKER;SUBMISSION;VELVETFRUIT_EXTRACT;XIRECS;5280.0;5
64900;BOT_MAKER;BOT_TAKER;HYDROGEL_PACK;XIRECS;9924.0;2
65000;BOT_MAKER;BOT_TAKER;VELVETFRUIT_EXTRACT;XIRECS;5275.0;6
65000;BOT_TAKER;BOT_MAKER;VEV_6500;XIRECS;1.0;5
65200;BOT_TAKER;BOT_MAKER;VELVETFRUIT_EXTRACT;XIRECS;5280.0;3
65200;BOT_TAKER;BOT_MAKER;VEV_5400;XIRECS;28.0;4
65300;BOT_MAKER;BOT_TAKER;VEV_5300;XIRECS;63.0;5
65400;BOT_TAKER;BOT_MAKER;VEV_6000;XIRECS;1.0;2
65600;BOT_TAKER;BOT_MAKER;VEV_4000;XIRECS;1236.0;2
65700;BOT_MAKER;BOT_TAKER;VELVETFRUIT_EXTRACT;XIRECS;5274.0;3
65700;BOT_MAKER;BOT_TAKER;VELVETFRUIT_EXTRACT;XIRECS;5274.0;8
65800;BOT_MAKER;BOT_TAKER;HYDROGEL_PACK;XIRECS;9923.0;4
65900;BOT_TAKER;BOT_MAKER;HYDROGEL_PACK;XIRECS;9940.0;5
65900;BOT_TAKER;BOT_MAKER;VELVETFRUIT_EXTRACT;XIRECS;5280.0;8
66100;BOT_MAKER;BOT_TAKER;HYDROGEL_PACK;XIRECS;9919.0;4
66200;BOT_TAKER;BOT_MAKER;HYDROGEL_PACK;XIRECS;9934.0;4
66200;BOT_TAKER;BOT_MAKER;VEV_5500;XIRECS;8.0;4
66300;BOT_TAKER;BOT_MAKER;HYDROGEL_PACK;XIRECS;9934.0;2
66300;BOT_TAKER;BOT_MAKER;VEV_6500;XIRECS;1.0;2
66400;BOT_TAKER;BOT_MAKER;HYDROGEL_PACK;XIRECS;9937.0;6
66400;BOT_TAKER;BOT_MAKER;VEV_5300;XIRECS;65.0;2
66400;BOT_TAKER;SUBMISSION;HYDROGEL_PACK;XIRECS;9936.0;5
66400;BOT_TAKER;SUBMISSION;VELVETFRUIT_EXTRACT;XIRECS;5280.0;4
66500;BOT_MAKER;BOT_TAKER;HYDROGEL_PACK;XIRECS;9927.0;4
66600;BOT_TAKER;BOT_MAKER;HYDROGEL_PACK;XIRECS;9945.0;3
66600;BOT_MAKER;BOT_TAKER;VEV_5400;XIRECS;27.0;2
66700;BOT_MAKER;BOT_TAKER;VELVETFRUIT_EXTRACT;XIRECS;5276.0;6
66800;BOT_TAKER;BOT_MAKER;VEV_4000;XIRECS;1241.0;1
66800;BOT_MAKER;BOT_TAKER;VEV_6000;XIRECS;0.0;4
66900;BOT_TAKER;BOT_MAKER;HYDROGEL_PACK;XIRECS;9953.0;4
66900;BOT_MAKER;BOT_TAKER;VEV_5300;XIRECS;63.0;2
67000;BOT_TAKER;BOT_MAKER;HYDROGEL_PACK;XIRECS;9953.0;2
67000;BOT_MAKER;BOT_TAKER;HYDROGEL_PACK;XIRECS;9937.0;4
67000;BOT_MAKER;BOT_TAKER;VEV_6500;XIRECS;0.0;2
67100;BOT_TAKER;BOT_MAKER;VELVETFRUIT_EXTRACT;XIRECS;5283.0;3
67200;BOT_TAKER;BOT_MAKER;HYDROGEL_PACK;XIRECS;9952.0;6
67200;BOT_MAKER;BOT_TAKER;VELVETFRUIT_EXTRACT;XIRECS;5277.0;8
67300;BOT_MAKER;BOT_TAKER;HYDROGEL_PACK;XIRECS;9935.0;4
67300;BOT_MAKER;BOT_TAKER;VELVETFRUIT_EXTRACT;XIRECS;5279.0;3
67500;BOT_TAKER;BOT_MAKER;VELVETFRUIT_EXTRACT;XIRECS;5283.0;6
67500;BOT_MAKER;BOT_TAKER;VEV_6000;XIRECS;0.0;2
67500;BOT_TAKER;SUBMISSION;VEV_4000;XIRECS;1239.0;1
67600;BOT_TAKER;BOT_MAKER;VEV_4000;XIRECS;1240.0;3
67600;BOT_MAKER;BOT_TAKER;VEV_5400;XIRECS;28.0;5
67800;BOT_MAKER;BOT_TAKER;HYDROGEL_PACK;XIRECS;9935.0;5
67800;BOT_TAKER;BOT_MAKER;VEV_4000;XIRECS;1240.0;3
67800;BOT_TAKER;SUBMISSION;HYDROGEL_PACK;XIRECS;9950.0;4
67900;BOT_TAKER;BOT_MAKER;HYDROGEL_PACK;XIRECS;9948.0;6
67900;BOT_TAKER;BOT_MAKER;VELVETFRUIT_EXTRACT;XIRECS;5283.0;12
67900;SUBMISSION;BOT_TAKER;HYDROGEL_PACK;XIRECS;9933.0;5
67900;BOT_MAKER;BOT_TAKER;HYDROGEL_PACK;XIRECS;9932.0;1
68000;BOT_TAKER;BOT_MAKER;VELVETFRUIT_EXTRACT;XIRECS;5284.0;5
68100;BOT_TAKER;BOT_MAKER;VELVETFRUIT_EXTRACT;XIRECS;5283.0;3
68100;BOT_MAKER;BOT_TAKER;VELVETFRUIT_EXTRACT;XIRECS;5278.0;6
68400;BOT_TAKER;BOT_MAKER;VELVETFRUIT_EXTRACT;XIRECS;5282.0;5
68400;BOT_TAKER;BOT_MAKER;VEV_6000;XIRECS;1.0;2
68400;BOT_TAKER;SUBMISSION;VELVETFRUIT_EXTRACT;XIRECS;5281.0;5
68400;BOT_TAKER;BOT_MAKER;VELVETFRUIT_EXTRACT;XIRECS;5282.0;3
68500;BOT_MAKER;BOT_TAKER;VEV_6000;XIRECS;0.0;2
68500;BOT_TAKER;SUBMISSION;HYDROGEL_PACK;XIRECS;9944.0;4
68600;BOT_MAKER;BOT_TAKER;VELVETFRUIT_EXTRACT;XIRECS;5278.0;8
68700;BOT_TAKER;BOT_MAKER;VEV_4000;XIRECS;1235.0;3
68800;BOT_MAKER;BOT_TAKER;HYDROGEL_PACK;XIRECS;9931.0;6
68800;BOT_TAKER;BOT_MAKER;VELVETFRUIT_EXTRACT;XIRECS;5282.0;8
68800;BOT_TAKER;BOT_MAKER;VEV_4000;XIRECS;1235.0;2
68800;SUBMISSION;BOT_TAKER;VELVETFRUIT_EXTRACT;XIRECS;5278.0;5
68900;BOT_MAKER;BOT_TAKER;HYDROGEL_PACK;XIRECS;9928.0;2
68900;BOT_MAKER;BOT_TAKER;VELVETFRUIT_EXTRACT;XIRECS;5276.0;8
69000;BOT_TAKER;BOT_MAKER;VELVETFRUIT_EXTRACT;XIRECS;5281.0;4
69100;BOT_MAKER;BOT_TAKER;HYDROGEL_PACK;XIRECS;9931.0;4
69100;BOT_TAKER;BOT_MAKER;VEV_6000;XIRECS;1.0;5
69200;BOT_MAKER;BOT_TAKER;HYDROGEL_PACK;XIRECS;9927.0;4
69200;BOT_TAKER;BOT_MAKER;VELVETFRUIT_EXTRACT;XIRECS;5283.0;3
69200;BOT_TAKER;BOT_MAKER;VEV_4000;XIRECS;1232.0;1
69200;BOT_MAKER;BOT_TAKER;VEV_6000;XIRECS;0.0;4
69200;BOT_MAKER;BOT_TAKER;VEV_6500;XIRECS;0.0;3
69300;BOT_TAKER;BOT_MAKER;VELVETFRUIT_EXTRACT;XIRECS;5283.0;5
69300;BOT_TAKER;SUBMISSION;VELVETFRUIT_EXTRACT;XIRECS;5282.0;5
69300;BOT_TAKER;BOT_MAKER;VELVETFRUIT_EXTRACT;XIRECS;5283.0;3
69400;BOT_TAKER;BOT_MAKER;VELVETFRUIT_EXTRACT;XIRECS;5284.0;8
69500;BOT_MAKER;BOT_TAKER;VELVETFRUIT_EXTRACT;XIRECS;5280.0;3
69600;BOT_MAKER;BOT_TAKER;HYDROGEL_PACK;XIRECS;9927.0;5
69700;BOT_TAKER;BOT_MAKER;VEV_5300;XIRECS;64.0;5
69800;BOT_MAKER;BOT_TAKER;HYDROGEL_PACK;XIRECS;9927.0;6
69800;BOT_TAKER;BOT_MAKER;VEV_4000;XIRECS;1233.0;2
69900;BOT_MAKER;BOT_TAKER;HYDROGEL_PACK;XIRECS;9928.0;3
69900;BOT_TAKER;BOT_MAKER;VELVETFRUIT_EXTRACT;XIRECS;5286.0;4
69900;BOT_TAKER;SUBMISSION;VELVETFRUIT_EXTRACT;XIRECS;5285.0;4
70000;BOT_MAKER;BOT_TAKER;VEV_4000;XIRECS;1212.0;1
70100;BOT_MAKER;BOT_TAKER;VELVETFRUIT_EXTRACT;XIRECS;5280.0;7
70100;SUBMISSION;BOT_TAKER;VELVETFRUIT_EXTRACT;XIRECS;5281.0;5
70100;BOT_MAKER;BOT_TAKER;VELVETFRUIT_EXTRACT;XIRECS;5280.0;8
70200;BOT_TAKER;BOT_MAKER;VELVETFRUIT_EXTRACT;XIRECS;5284.0;6
70200;BOT_MAKER;BOT_TAKER;VELVETFRUIT_EXTRACT;XIRECS;5279.0;7
70300;BOT_TAKER;BOT_MAKER;VELVETFRUIT_EXTRACT;XIRECS;5284.0;3
70300;SUBMISSION;BOT_TAKER;VEV_4000;XIRECS;1212.0;2
70400;BOT_MAKER;BOT_TAKER;VELVETFRUIT_EXTRACT;XIRECS;5280.0;7
70400;BOT_MAKER;BOT_TAKER;VEV_5400;XIRECS;27.0;5
70500;BOT_TAKER;BOT_MAKER;VEV_6000;XIRECS;1.0;4
70500;BOT_TAKER;SUBMISSION;HYDROGEL_PACK;XIRECS;9947.0;4
70600;BOT_TAKER;BOT_MAKER;VELVETFRUIT_EXTRACT;XIRECS;5283.0;5
70600;BOT_TAKER;BOT_MAKER;VEV_5200;XIRECS;112.0;2
70700;BOT_MAKER;BOT_TAKER;VELVETFRUIT_EXTRACT;XIRECS;5278.0;5
70800;BOT_TAKER;BOT_MAKER;VELVETFRUIT_EXTRACT;XIRECS;5282.0;7
70900;SUBMISSION;BOT_TAKER;HYDROGEL_PACK;XIRECS;9928.0;3
71000;BOT_TAKER;BOT_MAKER;HYDROGEL_PACK;XIRECS;9943.0;3
71100;BOT_MAKER;BOT_TAKER;HYDROGEL_PACK;XIRECS;9928.0;6
71200;BOT_TAKER;BOT_MAKER;VELVETFRUIT_EXTRACT;XIRECS;5279.0;3
71300;BOT_MAKER;BOT_TAKER;HYDROGEL_PACK;XIRECS;9929.0;6
71300;BOT_TAKER;BOT_MAKER;VELVETFRUIT_EXTRACT;XIRECS;5279.0;6
71300;BOT_MAKER;BOT_TAKER;VEV_5400;XIRECS;27.0;5
71400;BOT_MAKER;BOT_TAKER;VELVETFRUIT_EXTRACT;XIRECS;5274.0;8
71400;BOT_TAKER;SUBMISSION;VEV_4000;XIRECS;1237.0;3
71600;BOT_TAKER;BOT_MAKER;VEV_6500;XIRECS;1.0;4
71600;SUBMISSION;BOT_TAKER;VELVETFRUIT_EXTRACT;XIRECS;5276.0;5
71600;BOT_MAKER;BOT_TAKER;VELVETFRUIT_EXTRACT;XIRECS;5275.0;2
71700;BOT_TAKER;BOT_MAKER;VELVETFRUIT_EXTRACT;XIRECS;5280.0;6
71700;SUBMISSION;BOT_TAKER;VEV_4000;XIRECS;1217.0;2
72200;BOT_TAKER;BOT_MAKER;VELVETFRUIT_EXTRACT;XIRECS;5281.0;3
72200;BOT_MAKER;BOT_TAKER;VEV_4000;XIRECS;1217.0;2
72300;BOT_MAKER;BOT_TAKER;VELVETFRUIT_EXTRACT;XIRECS;5276.0;6
72400;BOT_MAKER;BOT_TAKER;VELVETFRUIT_EXTRACT;XIRECS;5277.0;8
72400;BOT_TAKER;BOT_MAKER;VEV_5500;XIRECS;9.0;5
72500;BOT_MAKER;BOT_TAKER;HYDROGEL_PACK;XIRECS;9921.0;2
72600;BOT_TAKER;BOT_MAKER;VEV_5200;XIRECS;112.0;5
72800;BOT_MAKER;BOT_TAKER;VEV_4000;XIRECS;1219.0;3
72900;BOT_TAKER;BOT_MAKER;HYDROGEL_PACK;XIRECS;9939.0;5
72900;BOT_MAKER;BOT_TAKER;VEV_6000;XIRECS;0.0;2
72900;SUBMISSION;BOT_TAKER;VELVETFRUIT_EXTRACT;XIRECS;5274.0;5
72900;BOT_MAKER;BOT_TAKER;VELVETFRUIT_EXTRACT;XIRECS;5273.0;1
73000;BOT_MAKER;BOT_TAKER;VEV_4000;XIRECS;1220.0;2
73200;BOT_TAKER;BOT_MAKER;HYDROGEL_PACK;XIRECS;9935.0;2
73200;BOT_MAKER;BOT_TAKER;VELVETFRUIT_EXTRACT;XIRECS;5275.0;6
73300;BOT_TAKER;BOT_MAKER;VELVETFRUIT_EXTRACT;XIRECS;5282.0;12
73300;BOT_TAKER;BOT_MAKER;VEV_4000;XIRECS;1241.0;2
73400;BOT_MAKER;BOT_TAKER;VELVETFRUIT_EXTRACT;XIRECS;5276.0;7
73400;BOT_MAKER;BOT_TAKER;VEV_4000;XIRECS;1222.0;3
73400;BOT_MAKER;BOT_TAKER;VEV_6000;XIRECS;0.0;5
73400;BOT_MAKER;BOT_TAKER;VEV_6500;XIRECS;0.0;2
73500;BOT_MAKER;BOT_TAKER;HYDROGEL_PACK;XIRECS;9920.0;4
73500;BOT_MAKER;BOT_TAKER;VEV_6500;XIRECS;0.0;5
73600;BOT_TAKER;BOT_MAKER;VEV_5400;XIRECS;28.0;4
73600;BOT_MAKER;BOT_TAKER;VEV_6500;XIRECS;0.0;2
73800;BOT_TAKER;BOT_MAKER;HYDROGEL_PACK;XIRECS;9937.0;4
73800;BOT_MAKER;BOT_TAKER;VELVETFRUIT_EXTRACT;XIRECS;5277.0;7
73900;BOT_MAKER;BOT_TAKER;VELVETFRUIT_EXTRACT;XIRECS;5276.0;4
73900;BOT_MAKER;BOT_TAKER;VEV_4000;XIRECS;1218.0;3
74000;BOT_MAKER;BOT_TAKER;VELVETFRUIT_EXTRACT;XIRECS;5274.0;6
74000;BOT_MAKER;BOT_TAKER;VEV_6000;XIRECS;0.0;5
74000;SUBMISSION;BOT_TAKER;VELVETFRUIT_EXTRACT;XIRECS;5275.0;5
74100;BOT_MAKER;BOT_TAKER;HYDROGEL_PACK;XIRECS;9920.0;6
74100;BOT_MAKER;BOT_TAKER;VELVETFRUIT_EXTRACT;XIRECS;5273.0;6
74100;BOT_MAKER;BOT_TAKER;VEV_5400;XIRECS;26.0;3
74200;BOT_TAKER;BOT_MAKER;VELVETFRUIT_EXTRACT;XIRECS;5280.0;4
74200;BOT_TAKER;BOT_MAKER;VEV_5500;XIRECS;9.0;5
74200;SUBMISSION;BOT_TAKER;HYDROGEL_PACK;XIRECS;9925.0;5
74200;BOT_MAKER;BOT_TAKER;HYDROGEL_PACK;XIRECS;9924.0;1
74300;BOT_TAKER;BOT_MAKER;VELVETFRUIT_EXTRACT;XIRECS;5279.0;4
74400;BOT_MAKER;BOT_TAKER;VELVETFRUIT_EXTRACT;XIRECS;5272.0;7
74500;BOT_MAKER;BOT_TAKER;VELVETFRUIT_EXTRACT;XIRECS;5271.0;7
74600;BOT_MAKER;BOT_TAKER;HYDROGEL_PACK;XIRECS;9919.0;6
74700;BOT_TAKER;BOT_MAKER;HYDROGEL_PACK;XIRECS;9930.0;3
74700;BOT_TAKER;BOT_MAKER;VELVETFRUIT_EXTRACT;XIRECS;5278.0;6
74700;BOT_TAKER;BOT_MAKER;VEV_6500;XIRECS;1.0;5
74700;BOT_TAKER;SUBMISSION;HYDROGEL_PACK;XIRECS;9929.0;4
74800;BOT_MAKER;BOT_TAKER;VELVETFRUIT_EXTRACT;XIRECS;5273.0;5
74800;BOT_MAKER;BOT_TAKER;VEV_5500;XIRECS;8.0;4
74800;BOT_TAKER;BOT_MAKER;VEV_6000;XIRECS;1.0;5
74900;BOT_TAKER;BOT_MAKER;VELVETFRUIT_EXTRACT;XIRECS;5279.0;7
74900;BOT_TAKER;BOT_MAKER;VEV_6500;XIRECS;1.0;2
75000;BOT_MAKER;BOT_TAKER;HYDROGEL_PACK;XIRECS;9914.0;3
75000;BOT_MAKER;BOT_TAKER;VELVETFRUIT_EXTRACT;XIRECS;5273.0;3
75000;BOT_TAKER;BOT_MAKER;VEV_4000;XIRECS;1241.0;3
75000;BOT_TAKER;BOT_MAKER;VEV_6000;XIRECS;1.0;5
75200;BOT_TAKER;BOT_MAKER;HYDROGEL_PACK;XIRECS;9929.0;3
75200;BOT_TAKER;BOT_MAKER;VELVETFRUIT_EXTRACT;XIRECS;5279.0;6
75200;BOT_MAKER;BOT_TAKER;VEV_5400;XIRECS;27.0;5
75200;BOT_TAKER;SUBMISSION;VEV_5200;XIRECS;115.0;1
75400;BOT_TAKER;BOT_MAKER;HYDROGEL_PACK;XIRECS;9927.0;3
75400;BOT_MAKER;BOT_TAKER;VELVETFRUIT_EXTRACT;XIRECS;5276.0;5
75400;BOT_TAKER;BOT_MAKER;VELVETFRUIT_EXTRACT;XIRECS;5280.0;14
75400;BOT_TAKER;BOT_MAKER;VEV_5400;XIRECS;29.0;2
75500;BOT_TAKER;BOT_MAKER;HYDROGEL_PACK;XIRECS;9926.0;3
75500;SUBMISSION;BOT_TAKER;VEV_4000;XIRECS;1220.0;3
75600;BOT_TAKER;BOT_MAKER;VELVETFRUIT_EXTRACT;XIRECS;5281.0;5
75800;BOT_TAKER;BOT_MAKER;HYDROGEL_PACK;XIRECS;9930.0;3
75800;BOT_MAKER;BOT_TAKER;VEV_5400;XIRECS;27.0;2
75800;SUBMISSION;BOT_TAKER;VELVETFRUIT_EXTRACT;XIRECS;5274.0;5
75800;BOT_MAKER;BOT_TAKER;VELVETFRUIT_EXTRACT;XIRECS;5273.0;3
75900;BOT_TAKER;BOT_MAKER;HYDROGEL_PACK;XIRECS;9927.0;6
75900;BOT_MAKER;BOT_TAKER;VEV_6000;XIRECS;0.0;5
75900;BOT_TAKER;SUBMISSION;VEV_4000;XIRECS;1240.0;2
76000;BOT_MAKER;BOT_TAKER;VELVETFRUIT_EXTRACT;XIRECS;5273.0;7
76000;BOT_TAKER;BOT_MAKER;VEV_4000;XIRECS;1241.0;2
76000;BOT_MAKER;BOT_TAKER;VEV_5500;XIRECS;8.0;2
76100;BOT_TAKER;BOT_MAKER;VELVETFRUIT_EXTRACT;XIRECS;5279.0;7
76200;BOT_MAKER;BOT_TAKER;VEV_4000;XIRECS;1222.0;2
76300;BOT_TAKER;BOT_MAKER;HYDROGEL_PACK;XIRECS;9930.0;4
76300;BOT_MAKER;BOT_TAKER;VELVETFRUIT_EXTRACT;XIRECS;5273.0;4
76400;BOT_TAKER;BOT_MAKER;VEV_5400;XIRECS;29.0;4
76600;BOT_MAKER;BOT_TAKER;VELVETFRUIT_EXTRACT;XIRECS;5273.0;6
76600;BOT_MAKER;BOT_TAKER;VEV_6500;XIRECS;0.0;5
76700;BOT_MAKER;BOT_TAKER;VELVETFRUIT_EXTRACT;XIRECS;5272.0;3
76800;BOT_MAKER;BOT_TAKER;VELVETFRUIT_EXTRACT;XIRECS;5273.0;5
76800;BOT_MAKER;BOT_TAKER;VEV_6500;XIRECS;0.0;4
77000;BOT_MAKER;BOT_TAKER;VELVETFRUIT_EXTRACT;XIRECS;5272.0;4
77000;BOT_TAKER;SUBMISSION;HYDROGEL_PACK;XIRECS;9927.0;5
77000;BOT_TAKER;BOT_MAKER;HYDROGEL_PACK;XIRECS;9928.0;1
77100;BOT_TAKER;BOT_MAKER;VEV_4000;XIRECS;1243.0;2
77200;BOT_MAKER;BOT_TAKER;VEV_4000;XIRECS;1220.0;3
77200;BOT_MAKER;BOT_TAKER;VEV_5300;XIRECS;59.0;5
77200;BOT_TAKER;BOT_MAKER;VEV_6500;XIRECS;1.0;5
77300;BOT_TAKER;BOT_MAKER;HYDROGEL_PACK;XIRECS;9927.0;4
77400;BOT_MAKER;BOT_TAKER;HYDROGEL_PACK;XIRECS;9911.0;5
77400;BOT_MAKER;BOT_TAKER;VELVETFRUIT_EXTRACT;XIRECS;5274.0;5
77600;BOT_TAKER;BOT_MAKER;VELVETFRUIT_EXTRACT;XIRECS;5277.0;3
77700;BOT_TAKER;BOT_MAKER;VEV_4000;XIRECS;1240.0;2
77900;BOT_TAKER;BOT_MAKER;HYDROGEL_PACK;XIRECS;9926.0;3
77900;BOT_MAKER;BOT_TAKER;VELVETFRUIT_EXTRACT;XIRECS;5272.0;5
77900;BOT_MAKER;BOT_TAKER;VEV_6000;XIRECS;0.0;5
78000;BOT_TAKER;BOT_MAKER;VELVETFRUIT_EXTRACT;XIRECS;5280.0;5
78000;BOT_TAKER;SUBMISSION;HYDROGEL_PACK;XIRECS;9926.0;5
78000;BOT_TAKER;BOT_MAKER;HYDROGEL_PACK;XIRECS;9927.0;1
78100;BOT_MAKER;BOT_TAKER;HYDROGEL_PACK;XIRECS;9909.0;4
78100;BOT_MAKER;BOT_TAKER;VELVETFRUIT_EXTRACT;XIRECS;5273.0;5
78200;BOT_MAKER;BOT_TAKER;HYDROGEL_PACK;XIRECS;9912.0;6
78200;BOT_MAKER;BOT_TAKER;VEV_6000;XIRECS;0.0;5
78300;BOT_TAKER;BOT_MAKER;HYDROGEL_PACK;XIRECS;9928.0;4
78300;BOT_MAKER;BOT_TAKER;VEV_4000;XIRECS;1221.0;2
78400;BOT_MAKER;BOT_TAKER;VEV_6000;XIRECS;0.0;2
78600;BOT_TAKER;BOT_MAKER;HYDROGEL_PACK;XIRECS;9927.0;6
78600;BOT_TAKER;BOT_MAKER;VELVETFRUIT_EXTRACT;XIRECS;5275.0;11
78600;BOT_TAKER;SUBMISSION;HYDROGEL_PACK;XIRECS;9926.0;4
78800;BOT_TAKER;BOT_MAKER;HYDROGEL_PACK;XIRECS;9925.0;5
78800;BOT_MAKER;BOT_TAKER;VELVETFRUIT_EXTRACT;XIRECS;5270.0;6
78900;BOT_TAKER;BOT_MAKER;HYDROGEL_PACK;XIRECS;9928.0;4
79100;BOT_TAKER;BOT_MAKER;VEV_4000;XIRECS;1244.0;3
79300;BOT_TAKER;BOT_MAKER;VELVETFRUIT_EXTRACT;XIRECS;5276.0;6
79300;BOT_TAKER;SUBMISSION;VELVETFRUIT_EXTRACT;XIRECS;5275.0;5
79300;BOT_TAKER;BOT_MAKER;VELVETFRUIT_EXTRACT;XIRECS;5276.0;2
79400;BOT_TAKER;BOT_MAKER;VELVETFRUIT_EXTRACT;XIRECS;5277.0;6
79400;BOT_MAKER;BOT_TAKER;VEV_6500;XIRECS;0.0;3
79700;BOT_TAKER;BOT_MAKER;VELVETFRUIT_EXTRACT;XIRECS;5277.0;3
79700;BOT_TAKER;BOT_MAKER;VELVETFRUIT_EXTRACT;XIRECS;5277.0;3
79700;BOT_TAKER;BOT_MAKER;VEV_5300;XIRECS;60.0;4
79800;BOT_TAKER;BOT_MAKER;VEV_4000;XIRECS;1244.0;1
79900;BOT_MAKER;BOT_TAKER;HYDROGEL_PACK;XIRECS;9904.0;4
80300;BOT_MAKER;BOT_TAKER;VELVETFRUIT_EXTRACT;XIRECS;5272.0;6
80300;BOT_TAKER;BOT_MAKER;VEV_6500;XIRECS;1.0;2
80400;BOT_TAKER;BOT_MAKER;HYDROGEL_PACK;XIRECS;9920.0;4
80400;BOT_MAKER;BOT_TAKER;VELVETFRUIT_EXTRACT;XIRECS;5273.0;4
80400;BOT_MAKER;BOT_TAKER;VEV_4000;XIRECS;1221.0;2
80400;BOT_MAKER;BOT_TAKER;VEV_5500;XIRECS;8.0;4
80500;BOT_TAKER;BOT_MAKER;HYDROGEL_PACK;XIRECS;9917.0;4
80500;BOT_TAKER;BOT_MAKER;VELVETFRUIT_EXTRACT;XIRECS;5278.0;9
80500;BOT_TAKER;BOT_MAKER;VEV_6000;XIRECS;1.0;3
80500;BOT_TAKER;SUBMISSION;HYDROGEL_PACK;XIRECS;9916.0;4
80600;BOT_TAKER;BOT_MAKER;HYDROGEL_PACK;XIRECS;9919.0;4
80600;BOT_MAKER;BOT_TAKER;VEV_5300;XIRECS;58.0;3
80700;BOT_TAKER;BOT_MAKER;VEV_4000;XIRECS;1242.0;3
80700;BOT_MAKER;BOT_TAKER;VEV_5500;XIRECS;8.0;4
80800;BOT_TAKER;BOT_MAKER;HYDROGEL_PACK;XIRECS;9924.0;2
80800;BOT_TAKER;BOT_MAKER;VELVETFRUIT_EXTRACT;XIRECS;5279.0;4
80900;BOT_MAKER;BOT_TAKER;HYDROGEL_PACK;XIRECS;9908.0;6
81000;BOT_TAKER;BOT_MAKER;VELVETFRUIT_EXTRACT;XIRECS;5279.0;4
81100;BOT_TAKER;BOT_MAKER;HYDROGEL_PACK;XIRECS;9925.0;4
81100;BOT_MAKER;BOT_TAKER;VELVETFRUIT_EXTRACT;XIRECS;5275.0;4
81100;BOT_TAKER;BOT_MAKER;VEV_4000;XIRECS;1243.0;1
81100;BOT_TAKER;BOT_MAKER;VEV_6000;XIRECS;1.0;5
81200;BOT_MAKER;BOT_TAKER;VEV_4000;XIRECS;1222.0;1
81300;BOT_TAKER;BOT_MAKER;HYDROGEL_PACK;XIRECS;9919.0;2
81300;BOT_TAKER;SUBMISSION;VELVETFRUIT_EXTRACT;XIRECS;5279.0;5
81300;BOT_TAKER;BOT_MAKER;VELVETFRUIT_EXTRACT;XIRECS;5280.0;1
81400;BOT_TAKER;BOT_MAKER;VELVETFRUIT_EXTRACT;XIRECS;5279.0;6
81400;BOT_TAKER;BOT_MAKER;VEV_5500;XIRECS;10.0;3
81400;BOT_TAKER;BOT_MAKER;VEV_6500;XIRECS;1.0;2
81500;BOT_MAKER;BOT_TAKER;VEV_4000;XIRECS;1223.0;1
81600;BOT_MAKER;BOT_TAKER;HYDROGEL_PACK;XIRECS;9904.0;6
81700;BOT_TAKER;BOT_MAKER;VELVETFRUIT_EXTRACT;XIRECS;5277.0;4
81800;BOT_MAKER;BOT_TAKER;VELVETFRUIT_EXTRACT;XIRECS;5273.0;8
81800;BOT_MAKER;BOT_TAKER;VELVETFRUIT_EXTRACT;XIRECS;5273.0;3
81800;BOT_MAKER;BOT_TAKER;VEV_4000;XIRECS;1226.0;3
81900;BOT_TAKER;BOT_MAKER;HYDROGEL_PACK;XIRECS;9915.0;5
81900;BOT_TAKER;BOT_MAKER;VELVETFRUIT_EXTRACT;XIRECS;5279.0;3
81900;BOT_MAKER;BOT_TAKER;VEV_5500;XIRECS;8.0;4
82100;BOT_MAKER;BOT_TAKER;VELVETFRUIT_EXTRACT;XIRECS;5277.0;3
82100;SUBMISSION;BOT_TAKER;VELVETFRUIT_EXTRACT;XIRECS;5278.0;5
82100;BOT_MAKER;BOT_TAKER;VELVETFRUIT_EXTRACT;XIRECS;5277.0;8
82200;BOT_MAKER;BOT_TAKER;HYDROGEL_PACK;XIRECS;9900.0;5
82200;BOT_MAKER;BOT_TAKER;HYDROGEL_PACK;XIRECS;9900.0;2
82200;BOT_MAKER;BOT_TAKER;VELVETFRUIT_EXTRACT;XIRECS;5277.0;7
82300;BOT_MAKER;BOT_TAKER;HYDROGEL_PACK;XIRECS;9900.0;3
82400;BOT_TAKER;BOT_MAKER;HYDROGEL_PACK;XIRECS;9920.0;6
82400;BOT_TAKER;BOT_MAKER;VELVETFRUIT_EXTRACT;XIRECS;5284.0;6
82400;BOT_TAKER;BOT_MAKER;VEV_6000;XIRECS;1.0;5
82600;BOT_TAKER;BOT_MAKER;VELVETFRUIT_EXTRACT;XIRECS;5286.0;8
82600;BOT_TAKER;BOT_MAKER;VEV_6000;XIRECS;1.0;5
82700;BOT_TAKER;BOT_MAKER;VEV_5400;XIRECS;30.0;2
82800;BOT_TAKER;BOT_MAKER;VEV_6500;XIRECS;1.0;5
82900;BOT_TAKER;BOT_MAKER;HYDROGEL_PACK;XIRECS;9922.0;4
82900;BOT_MAKER;BOT_TAKER;HYDROGEL_PACK;XIRECS;9906.0;4
83000;BOT_TAKER;BOT_MAKER;HYDROGEL_PACK;XIRECS;9919.0;3
83000;BOT_TAKER;BOT_MAKER;VELVETFRUIT_EXTRACT;XIRECS;5287.0;8
83000;BOT_TAKER;BOT_MAKER;VEV_4000;XIRECS;1243.0;1
83000;BOT_TAKER;BOT_MAKER;VEV_6000;XIRECS;1.0;4
83100;BOT_TAKER;BOT_MAKER;VEV_4000;XIRECS;1243.0;1
83100;BOT_TAKER;BOT_MAKER;VEV_6500;XIRECS;1.0;3
83200;BOT_MAKER;BOT_TAKER;VEV_6500;XIRECS;0.0;2
83300;BOT_MAKER;BOT_TAKER;HYDROGEL_PACK;XIRECS;9897.0;3
83300;BOT_TAKER;BOT_MAKER;VELVETFRUIT_EXTRACT;XIRECS;5283.0;5
83400;SUBMISSION;BOT_TAKER;VELVETFRUIT_EXTRACT;XIRECS;5279.0;5
83400;BOT_MAKER;BOT_TAKER;VELVETFRUIT_EXTRACT;XIRECS;5278.0;5
83500;BOT_TAKER;BOT_MAKER;VELVETFRUIT_EXTRACT;XIRECS;5283.0;4
83700;BOT_MAKER;BOT_TAKER;VEV_5500;XIRECS;9.0;2
83800;BOT_TAKER;BOT_MAKER;HYDROGEL_PACK;XIRECS;9909.0;5
83900;BOT_MAKER;BOT_TAKER;VELVETFRUIT_EXTRACT;XIRECS;5276.0;7
83900;BOT_MAKER;BOT_TAKER;VEV_6000;XIRECS;0.0;3
84000;BOT_MAKER;BOT_TAKER;VEV_6000;XIRECS;0.0;2
84100;BOT_MAKER;BOT_TAKER;HYDROGEL_PACK;XIRECS;9896.0;2
84100;BOT_TAKER;BOT_MAKER;VELVETFRUIT_EXTRACT;XIRECS;5280.0;8
84100;BOT_MAKER;BOT_TAKER;VEV_5400;XIRECS;28.0;5
84200;BOT_MAKER;BOT_TAKER;HYDROGEL_PACK;XIRECS;9894.0;2
84300;BOT_TAKER;BOT_MAKER;VELVETFRUIT_EXTRACT;XIRECS;5281.0;5
84300;BOT_MAKER;BOT_TAKER;VEV_6000;XIRECS;0.0;5
84400;BOT_MAKER;BOT_TAKER;VELVETFRUIT_EXTRACT;XIRECS;5275.0;5
84500;BOT_MAKER;BOT_TAKER;HYDROGEL_PACK;XIRECS;9897.0;5
84500;BOT_TAKER;BOT_MAKER;VELVETFRUIT_EXTRACT;XIRECS;5280.0;7
84500;BOT_MAKER;BOT_TAKER;VEV_4000;XIRECS;1226.0;3
84500;SUBMISSION;BOT_TAKER;VELVETFRUIT_EXTRACT;XIRECS;5276.0;5
84600;BOT_TAKER;BOT_MAKER;VELVETFRUIT_EXTRACT;XIRECS;5281.0;6
84600;BOT_MAKER;BOT_TAKER;VEV_5500;XIRECS;8.0;2
84700;BOT_MAKER;BOT_TAKER;VELVETFRUIT_EXTRACT;XIRECS;5274.0;5
84800;BOT_MAKER;BOT_TAKER;VELVETFRUIT_EXTRACT;XIRECS;5275.0;5
84800;BOT_MAKER;BOT_TAKER;VEV_6500;XIRECS;0.0;5
84900;BOT_MAKER;BOT_TAKER;VEV_6000;XIRECS;0.0;5
85200;BOT_TAKER;BOT_MAKER;HYDROGEL_PACK;XIRECS;9924.0;4
85200;BOT_MAKER;BOT_TAKER;VELVETFRUIT_EXTRACT;XIRECS;5276.0;9
85300;BOT_MAKER;BOT_TAKER;VEV_5300;XIRECS;53.0;4
85300;BOT_TAKER;SUBMISSION;HYDROGEL_PACK;XIRECS;9922.0;4
85500;BOT_TAKER;BOT_MAKER;VELVETFRUIT_EXTRACT;XIRECS;5280.0;7
85500;BOT_TAKER;BOT_MAKER;VELVETFRUIT_EXTRACT;XIRECS;5280.0;7
85500;BOT_MAKER;BOT_TAKER;VEV_4000;XIRECS;1225.0;3
85600;BOT_TAKER;BOT_MAKER;HYDROGEL_PACK;XIRECS;9925.0;5
85700;BOT_TAKER;BOT_MAKER;VELVETFRUIT_EXTRACT;XIRECS;5282.0;7
85700;BOT_TAKER;BOT_MAKER;VEV_6500;XIRECS;1.0;5
85700;BOT_TAKER;SUBMISSION;VEV_4000;XIRECS;1245.0;3
86000;BOT_TAKER;BOT_MAKER;HYDROGEL_PACK;XIRECS;9920.0;4
86000;BOT_TAKER;BOT_MAKER;VELVETFRUIT_EXTRACT;XIRECS;5281.0;7
86200;BOT_MAKER;BOT_TAKER;VELVETFRUIT_EXTRACT;XIRECS;5275.0;3
86200;BOT_TAKER;BOT_MAKER;VEV_6500;XIRECS;1.0;3
86300;BOT_TAKER;BOT_MAKER;HYDROGEL_PACK;XIRECS;9920.0;3
86300;BOT_TAKER;BOT_MAKER;VELVETFRUIT_EXTRACT;XIRECS;5282.0;4
86400;BOT_MAKER;BOT_TAKER;VELVETFRUIT_EXTRACT;XIRECS;5277.0;6
86500;BOT_MAKER;BOT_TAKER;VELVETFRUIT_EXTRACT;XIRECS;5275.0;7
86600;BOT_MAKER;BOT_TAKER;VEV_4000;XIRECS;1229.0;3
86700;BOT_TAKER;BOT_MAKER;HYDROGEL_PACK;XIRECS;9927.0;5
86800;BOT_MAKER;BOT_TAKER;VELVETFRUIT_EXTRACT;XIRECS;5275.0;7
86900;BOT_TAKER;BOT_MAKER;VEV_5300;XIRECS;56.0;4
86900;BOT_TAKER;BOT_MAKER;VEV_6500;XIRECS;1.0;3
87100;BOT_TAKER;BOT_MAKER;VEV_4000;XIRECS;1248.0;1
87100;BOT_MAKER;BOT_TAKER;VEV_5500;XIRECS;8.0;3
87200;BOT_MAKER;BOT_TAKER;VELVETFRUIT_EXTRACT;XIRECS;5275.0;3
87200;SUBMISSION;BOT_TAKER;VELVETFRUIT_EXTRACT;XIRECS;5276.0;3
87300;BOT_TAKER;BOT_MAKER;VELVETFRUIT_EXTRACT;XIRECS;5281.0;6
87300;BOT_TAKER;BOT_MAKER;VEV_5500;XIRECS;9.0;4
87400;BOT_MAKER;BOT_TAKER;VEV_4000;XIRECS;1229.0;2
87400;BOT_MAKER;BOT_TAKER;VEV_5500;XIRECS;8.0;5
87500;BOT_TAKER;BOT_MAKER;VELVETFRUIT_EXTRACT;XIRECS;5280.0;3
87500;BOT_TAKER;BOT_MAKER;VEV_6000;XIRECS;1.0;5
87600;BOT_MAKER;BOT_TAKER;VELVETFRUIT_EXTRACT;XIRECS;5272.0;5
88200;BOT_MAKER;BOT_TAKER;VEV_4000;XIRECS;1231.0;3
88400;BOT_TAKER;BOT_MAKER;HYDROGEL_PACK;XIRECS;9923.0;2
88500;BOT_TAKER;BOT_MAKER;VEV_6500;XIRECS;1.0;5
88600;BOT_MAKER;BOT_TAKER;VELVETFRUIT_EXTRACT;XIRECS;5271.0;7
88600;BOT_MAKER;BOT_TAKER;VEV_5500;XIRECS;8.0;5
88700;BOT_TAKER;BOT_MAKER;HYDROGEL_PACK;XIRECS;9924.0;3
88700;SUBMISSION;BOT_TAKER;HYDROGEL_PACK;XIRECS;9909.0;5
88800;BOT_TAKER;BOT_MAKER;HYDROGEL_PACK;XIRECS;9922.0;6
88800;BOT_TAKER;SUBMISSION;VELVETFRUIT_EXTRACT;XIRECS;5275.0;3
88900;BOT_TAKER;BOT_MAKER;VELVETFRUIT_EXTRACT;XIRECS;5276.0;5
88900;BOT_MAKER;BOT_TAKER;VEV_4000;XIRECS;1230.0;2
89000;BOT_TAKER;BOT_MAKER;VEV_4000;XIRECS;1250.0;1
89200;BOT_TAKER;BOT_MAKER;VEV_4000;XIRECS;1249.0;3
89200;SUBMISSION;BOT_TAKER;VELVETFRUIT_EXTRACT;XIRECS;5268.0;5
89200;BOT_MAKER;BOT_TAKER;VELVETFRUIT_EXTRACT;XIRECS;5267.0;3
89300;BOT_TAKER;BOT_MAKER;VELVETFRUIT_EXTRACT;XIRECS;5273.0;4
89300;BOT_TAKER;BOT_MAKER;VEV_6000;XIRECS;1.0;2
89500;BOT_TAKER;BOT_MAKER;VELVETFRUIT_EXTRACT;XIRECS;5271.0;4
89600;BOT_MAKER;BOT_TAKER;HYDROGEL_PACK;XIRECS;9911.0;4
89600;BOT_MAKER;BOT_TAKER;VELVETFRUIT_EXTRACT;XIRECS;5264.0;3
89700;BOT_MAKER;BOT_TAKER;VELVETFRUIT_EXTRACT;XIRECS;5263.0;7
89700;BOT_TAKER;SUBMISSION;HYDROGEL_PACK;XIRECS;9930.0;4
89900;BOT_TAKER;BOT_MAKER;HYDROGEL_PACK;XIRECS;9930.0;5
89900;BOT_TAKER;BOT_MAKER;VEV_4000;XIRECS;1247.0;1
90000;BOT_TAKER;BOT_MAKER;VELVETFRUIT_EXTRACT;XIRECS;5267.0;7
90000;BOT_TAKER;BOT_MAKER;VEV_4000;XIRECS;1246.0;1
90100;BOT_MAKER;BOT_TAKER;HYDROGEL_PACK;XIRECS;9912.0;2
90100;BOT_TAKER;BOT_MAKER;VELVETFRUIT_EXTRACT;XIRECS;5267.0;4
90200;BOT_MAKER;BOT_TAKER;HYDROGEL_PACK;XIRECS;9913.0;6
90200;BOT_MAKER;BOT_TAKER;VEV_5400;XIRECS;28.0;2
90200;BOT_TAKER;SUBMISSION;VELVETFRUIT_EXTRACT;XIRECS;5265.0;5
90300;BOT_MAKER;BOT_TAKER;HYDROGEL_PACK;XIRECS;9909.0;5
90500;BOT_MAKER;BOT_TAKER;HYDROGEL_PACK;XIRECS;9906.0;6
90500;BOT_TAKER;BOT_MAKER;VEV_4000;XIRECS;1243.0;1
90600;BOT_TAKER;BOT_MAKER;VEV_5500;XIRECS;10.0;4
90700;BOT_MAKER;BOT_TAKER;VEV_4000;XIRECS;1223.0;3
90800;SUBMISSION;BOT_TAKER;VELVETFRUIT_EXTRACT;XIRECS;5261.0;5
90800;BOT_MAKER;BOT_TAKER;VELVETFRUIT_EXTRACT;XIRECS;5260.0;2
90900;BOT_MAKER;BOT_TAKER;VEV_6500;XIRECS;0.0;5
91000;BOT_MAKER;BOT_TAKER;HYDROGEL_PACK;XIRECS;9912.0;5
91100;BOT_TAKER;BOT_MAKER;VELVETFRUIT_EXTRACT;XIRECS;5264.0;8
91200;BOT_TAKER;BOT_MAKER;VELVETFRUIT_EXTRACT;XIRECS;5262.0;15
91200;BOT_TAKER;BOT_MAKER;VEV_4000;XIRECS;1237.0;1
91200;BOT_TAKER;BOT_MAKER;VEV_5400;XIRECS;30.0;5
91200;SUBMISSION;BOT_TAKER;HYDROGEL_PACK;XIRECS;9912.0;4
91300;BOT_TAKER;BOT_MAKER;HYDROGEL_PACK;XIRECS;9924.0;2
91300;BOT_MAKER;BOT_TAKER;VELVETFRUIT_EXTRACT;XIRECS;5258.0;15
91300;BOT_TAKER;BOT_MAKER;VEV_6000;XIRECS;1.0;5
91400;BOT_TAKER;BOT_MAKER;VEV_6500;XIRECS;1.0;5
91500;BOT_TAKER;BOT_MAKER;VELVETFRUIT_EXTRACT;XIRECS;5264.0;3
91500;BOT_TAKER;SUBMISSION;VELVETFRUIT_EXTRACT;XIRECS;5263.0;3
91700;BOT_MAKER;BOT_TAKER;HYDROGEL_PACK;XIRECS;9912.0;6
91700;BOT_MAKER;BOT_TAKER;VELVETFRUIT_EXTRACT;XIRECS;5258.0;8
91700;SUBMISSION;BOT_TAKER;VEV_4000;XIRECS;1217.0;1
91800;BOT_MAKER;BOT_TAKER;HYDROGEL_PACK;XIRECS;9910.0;4
92000;BOT_TAKER;BOT_MAKER;VEV_6500;XIRECS;1.0;2
92000;BOT_TAKER;SUBMISSION;VELVETFRUIT_EXTRACT;XIRECS;5265.0;5
92000;BOT_TAKER;BOT_MAKER;VELVETFRUIT_EXTRACT;XIRECS;5266.0;2
92100;BOT_MAKER;BOT_TAKER;HYDROGEL_PACK;XIRECS;9908.0;4
92300;BOT_MAKER;BOT_TAKER;VELVETFRUIT_EXTRACT;XIRECS;5260.0;4
92500;BOT_MAKER;BOT_TAKER;VELVETFRUIT_EXTRACT;XIRECS;5263.0;5
92500;BOT_TAKER;BOT_MAKER;VEV_5300;XIRECS;60.0;5
92600;BOT_MAKER;BOT_TAKER;HYDROGEL_PACK;XIRECS;9909.0;5
92600;BOT_MAKER;BOT_TAKER;HYDROGEL_PACK;XIRECS;9909.0;4
92600;BOT_MAKER;BOT_TAKER;VELVETFRUIT_EXTRACT;XIRECS;5264.0;4
92600;BOT_MAKER;BOT_TAKER;VEV_6500;XIRECS;0.0;3
92700;BOT_MAKER;BOT_TAKER;HYDROGEL_PACK;XIRECS;9907.0;2
92800;BOT_MAKER;BOT_TAKER;VEV_4000;XIRECS;1216.0;1
93000;BOT_MAKER;BOT_TAKER;HYDROGEL_PACK;XIRECS;9904.0;2
93000;BOT_MAKER;BOT_TAKER;VEV_4000;XIRECS;1215.0;2
93100;BOT_TAKER;BOT_MAKER;VELVETFRUIT_EXTRACT;XIRECS;5269.0;6
93100;BOT_MAKER;BOT_TAKER;VELVETFRUIT_EXTRACT;XIRECS;5264.0;3
93300;BOT_MAKER;BOT_TAKER;HYDROGEL_PACK;XIRECS;9907.0;5
93400;BOT_MAKER;BOT_TAKER;HYDROGEL_PACK;XIRECS;9907.0;2
93400;BOT_MAKER;BOT_TAKER;VELVETFRUIT_EXTRACT;XIRECS;5264.0;3
93500;BOT_TAKER;BOT_MAKER;VELVETFRUIT_EXTRACT;XIRECS;5270.0;8
93600;BOT_TAKER;BOT_MAKER;HYDROGEL_PACK;XIRECS;9921.0;6
93600;BOT_TAKER;BOT_MAKER;VELVETFRUIT_EXTRACT;XIRECS;5271.0;7
93700;BOT_MAKER;BOT_TAKER;HYDROGEL_PACK;XIRECS;9905.0;5
93700;BOT_TAKER;BOT_MAKER;VEV_5400;XIRECS;30.0;3
93700;BOT_TAKER;BOT_MAKER;VEV_6000;XIRECS;1.0;3
93800;BOT_MAKER;BOT_TAKER;VEV_5400;XIRECS;28.0;4
94000;BOT_MAKER;BOT_TAKER;VELVETFRUIT_EXTRACT;XIRECS;5269.0;5
94000;BOT_TAKER;BOT_MAKER;VEV_6500;XIRECS;1.0;4
94000;BOT_TAKER;SUBMISSION;HYDROGEL_PACK;XIRECS;9926.0;4
94200;BOT_MAKER;BOT_TAKER;HYDROGEL_PACK;XIRECS;9913.0;2
94200;BOT_MAKER;BOT_TAKER;VEV_4000;XIRECS;1210.0;1
94400;BOT_MAKER;BOT_TAKER;VELVETFRUIT_EXTRACT;XIRECS;5271.0;8
94400;BOT_TAKER;BOT_MAKER;VEV_4000;XIRECS;1229.0;2
94500;BOT_MAKER;BOT_TAKER;HYDROGEL_PACK;XIRECS;9908.0;5
94500;BOT_TAKER;BOT_MAKER;VELVETFRUIT_EXTRACT;XIRECS;5276.0;6
94500;BOT_MAKER;BOT_TAKER;VEV_4000;XIRECS;1209.0;2
94500;BOT_TAKER;SUBMISSION;VELVETFRUIT_EXTRACT;XIRECS;5275.0;5
94500;BOT_TAKER;BOT_MAKER;VELVETFRUIT_EXTRACT;XIRECS;5276.0;2
94600;BOT_MAKER;BOT_TAKER;VEV_6500;XIRECS;0.0;2
94800;SUBMISSION;BOT_TAKER;VELVETFRUIT_EXTRACT;XIRECS;5270.0;5
95000;BOT_TAKER;BOT_MAKER;HYDROGEL_PACK;XIRECS;9930.0;6
95000;BOT_MAKER;BOT_TAKER;VELVETFRUIT_EXTRACT;XIRECS;5270.0;7
95000;SUBMISSION;BOT_TAKER;HYDROGEL_PACK;XIRECS;9915.0;5
95000;BOT_MAKER;BOT_TAKER;HYDROGEL_PACK;XIRECS;9914.0;1
95100;BOT_MAKER;BOT_TAKER;HYDROGEL_PACK;XIRECS;9914.0;5
95200;BOT_TAKER;BOT_MAKER;HYDROGEL_PACK;XIRECS;9929.0;2
95300;BOT_TAKER;BOT_MAKER;VELVETFRUIT_EXTRACT;XIRECS;5277.0;8
95400;BOT_MAKER;BOT_TAKER;VELVETFRUIT_EXTRACT;XIRECS;5270.0;4
95400;BOT_MAKER;BOT_TAKER;VEV_4000;XIRECS;1210.0;2
95500;BOT_TAKER;BOT_MAKER;VEV_5300;XIRECS;57.0;5
95500;SUBMISSION;BOT_TAKER;HYDROGEL_PACK;XIRECS;9913.0;5
95600;BOT_TAKER;BOT_MAKER;VEV_6500;XIRECS;1.0;5
95700;BOT_MAKER;BOT_TAKER;HYDROGEL_PACK;XIRECS;9909.0;2
95900;BOT_MAKER;BOT_TAKER;HYDROGEL_PACK;XIRECS;9909.0;5
95900;BOT_MAKER;BOT_TAKER;VELVETFRUIT_EXTRACT;XIRECS;5268.0;3
96000;BOT_TAKER;BOT_MAKER;HYDROGEL_PACK;XIRECS;9928.0;5
96000;BOT_TAKER;BOT_MAKER;VEV_6500;XIRECS;1.0;5
96100;BOT_MAKER;BOT_TAKER;VELVETFRUIT_EXTRACT;XIRECS;5270.0;7
96300;BOT_MAKER;BOT_TAKER;HYDROGEL_PACK;XIRECS;9908.0;4
96400;BOT_MAKER;BOT_TAKER;HYDROGEL_PACK;XIRECS;9908.0;5
96400;BOT_MAKER;BOT_TAKER;VELVETFRUIT_EXTRACT;XIRECS;5271.0;8
96500;BOT_TAKER;BOT_MAKER;VEV_5400;XIRECS;29.0;5
96500;BOT_TAKER;BOT_MAKER;VEV_6500;XIRECS;1.0;2
96600;BOT_TAKER;BOT_MAKER;VEV_5500;XIRECS;10.0;4
96900;BOT_TAKER;BOT_MAKER;VELVETFRUIT_EXTRACT;XIRECS;5277.0;5
96900;SUBMISSION;BOT_TAKER;VELVETFRUIT_EXTRACT;XIRECS;5274.0;4
97100;BOT_TAKER;BOT_MAKER;VELVETFRUIT_EXTRACT;XIRECS;5277.0;7
97100;BOT_MAKER;BOT_TAKER;VEV_4000;XIRECS;1214.0;3
97200;BOT_MAKER;BOT_TAKER;VELVETFRUIT_EXTRACT;XIRECS;5272.0;6
97200;BOT_TAKER;BOT_MAKER;VEV_4000;XIRECS;1234.0;1
97300;BOT_TAKER;BOT_MAKER;VELVETFRUIT_EXTRACT;XIRECS;5277.0;8
97300;BOT_MAKER;BOT_TAKER;VEV_5400;XIRECS;28.0;4
97300;BOT_TAKER;BOT_MAKER;VEV_6500;XIRECS;1.0;2
97300;SUBMISSION;BOT_TAKER;VEV_4000;XIRECS;1215.0;1
97400;BOT_TAKER;BOT_MAKER;HYDROGEL_PACK;XIRECS;9919.0;4
97400;BOT_MAKER;BOT_TAKER;VELVETFRUIT_EXTRACT;XIRECS;5272.0;5
97400;BOT_TAKER;BOT_MAKER;VEV_5500;XIRECS;10.0;4
97500;BOT_MAKER;BOT_TAKER;HYDROGEL_PACK;XIRECS;9902.0;6
97600;BOT_MAKER;BOT_TAKER;VEV_4000;XIRECS;1217.0;1
97700;BOT_TAKER;BOT_MAKER;VEV_4000;XIRECS;1238.0;2
97700;SUBMISSION;BOT_TAKER;VELVETFRUIT_EXTRACT;XIRECS;5275.0;5
97700;BOT_MAKER;BOT_TAKER;VELVETFRUIT_EXTRACT;XIRECS;5274.0;2
97800;BOT_TAKER;BOT_MAKER;HYDROGEL_PACK;XIRECS;9920.0;2
97800;BOT_MAKER;BOT_TAKER;VELVETFRUIT_EXTRACT;XIRECS;5274.0;4
97800;BOT_MAKER;BOT_TAKER;VEV_5300;XIRECS;55.0;5
97800;BOT_TAKER;BOT_MAKER;VEV_6000;XIRECS;1.0;4
97900;BOT_TAKER;BOT_MAKER;VELVETFRUIT_EXTRACT;XIRECS;5280.0;4
98000;BOT_TAKER;BOT_MAKER;VELVETFRUIT_EXTRACT;XIRECS;5280.0;5
98000;BOT_TAKER;BOT_MAKER;VEV_4000;XIRECS;1236.0;2
98000;BOT_MAKER;BOT_TAKER;VEV_6000;XIRECS;0.0;4
98100;BOT_TAKER;BOT_MAKER;HYDROGEL_PACK;XIRECS;9916.0;2
98100;BOT_MAKER;BOT_TAKER;VELVETFRUIT_EXTRACT;XIRECS;5273.0;10
98100;BOT_TAKER;BOT_MAKER;VEV_4000;XIRECS;1238.0;3
98100;BOT_MAKER;BOT_TAKER;VEV_5500;XIRECS;9.0;3
98200;BOT_MAKER;BOT_TAKER;VEV_4000;XIRECS;1217.0;3
98400;BOT_MAKER;BOT_TAKER;VEV_4000;XIRECS;1216.0;3
98600;BOT_TAKER;BOT_MAKER;HYDROGEL_PACK;XIRECS;9918.0;6
98600;BOT_TAKER;BOT_MAKER;VEV_5400;XIRECS;30.0;5
98600;BOT_TAKER;BOT_MAKER;VEV_6000;XIRECS;1.0;4
98700;BOT_MAKER;BOT_TAKER;HYDROGEL_PACK;XIRECS;9904.0;6
98700;BOT_MAKER;BOT_TAKER;VELVETFRUIT_EXTRACT;XIRECS;5270.0;7
98700;BOT_TAKER;BOT_MAKER;VEV_5500;XIRECS;10.0;3
98700;BOT_TAKER;BOT_MAKER;VEV_6000;XIRECS;1.0;2
98800;BOT_TAKER;BOT_MAKER;VELVETFRUIT_EXTRACT;XIRECS;5276.0;4
98900;BOT_TAKER;BOT_MAKER;HYDROGEL_PACK;XIRECS;9916.0;2
98900;BOT_MAKER;BOT_TAKER;VEV_5400;XIRECS;28.0;4
99100;BOT_TAKER;BOT_MAKER;HYDROGEL_PACK;XIRECS;9917.0;2
99100;BOT_MAKER;BOT_TAKER;VELVETFRUIT_EXTRACT;XIRECS;5270.0;7
99100;BOT_TAKER;BOT_MAKER;VEV_4000;XIRECS;1236.0;3
99100;BOT_TAKER;SUBMISSION;VELVETFRUIT_EXTRACT;XIRECS;5275.0;5
99100;BOT_TAKER;BOT_MAKER;VELVETFRUIT_EXTRACT;XIRECS;5276.0;1
99300;BOT_TAKER;BOT_MAKER;VEV_4000;XIRECS;1236.0;1
99300;SUBMISSION;BOT_TAKER;VELVETFRUIT_EXTRACT;XIRECS;5271.0;5
99300;BOT_MAKER;BOT_TAKER;VELVETFRUIT_EXTRACT;XIRECS;5270.0;3
99400;BOT_MAKER;BOT_TAKER;VELVETFRUIT_EXTRACT;XIRECS;5270.0;8
99400;BOT_MAKER;BOT_TAKER;VEV_4000;XIRECS;1214.0;1
99400;BOT_TAKER;BOT_MAKER;VEV_6000;XIRECS;1.0;2
99400;SUBMISSION;BOT_TAKER;VELVETFRUIT_EXTRACT;XIRECS;5271.0;3
99500;BOT_TAKER;BOT_MAKER;VEV_4000;XIRECS;1236.0;1
99600;BOT_TAKER;BOT_MAKER;VELVETFRUIT_EXTRACT;XIRECS;5275.0;4
99600;BOT_MAKER;BOT_TAKER;VEV_5300;XIRECS;58.0;3
99700;BOT_TAKER;BOT_MAKER;VELVETFRUIT_EXTRACT;XIRECS;5276.0;8
99800;BOT_TAKER;BOT_MAKER;VELVETFRUIT_EXTRACT;XIRECS;5276.0;7
99800;BOT_TAKER;SUBMISSION;VELVETFRUIT_EXTRACT;XIRECS;5275.0;4
99900;BOT_TAKER;BOT_MAKER;VEV_4000;XIRECS;1235.0;3
